  <div class='ocr_page' id='page_1' title='image "/cluster/home/n/w/nwhite01/storage/ocr_20150623/103/hvd.32044054759691/417.png"; bbox 0 0 3958 6198; ppageno 0'>
   <div class='ocr_carea' id='block_1_1' title="bbox 451 354 555 410">
    <p class='ocr_par' dir='ltr' id='par_1_1' title="bbox 451 354 555 410">
     <span class='ocr_line' id='line_1_1' title="bbox 451 354 555 410; baseline 0 -1"><span class='ocrx_word' id='word_1_1' title='bbox 451 354 555 410; x_wconf 70' lang='grc'>825</span> 
     </span>
    </p>
   </div>
   <div class='ocr_carea' id='block_1_2' title="bbox 1501 344 2749 401">
    <p class='ocr_par' dir='ltr' id='par_1_2' title="bbox 1501 344 2749 401">
     <span class='ocr_line' id='line_1_2' title="bbox 1501 344 2749 401; baseline 0.001 -2"><span class='ocrx_word' id='word_1_2' title='bbox 1501 345 1560 399; x_wconf 89' lang='lat' dir='ltr'>S.</span> <span class='ocrx_word' id='word_1_3' title='bbox 1599 345 1957 400; x_wconf 70' lang='lat' dir='ltr'>BENEDICTI</span> <span class='ocrx_word' id='word_1_4' title='bbox 1997 345 2289 399; x_wconf 70' lang='lat' dir='ltr'>ABB-A&#39;I‘IS</span> <span class='ocrx_word' id='word_1_5' title='bbox 2326 344 2749 401; x_wconf 69' lang='lat' dir='ltr'>ANIANENSIS</span> 
     </span>
    </p>
   </div>
   <div class='ocr_carea' id='block_1_3' title="bbox 3606 352 3711 406">
    <p class='ocr_par' dir='ltr' id='par_1_3' title="bbox 3606 352 3711 406">
     <span class='ocr_line' id='line_1_3' title="bbox 3606 352 3711 406; baseline 0.029 -2"><span class='ocrx_word' id='word_1_6' title='bbox 3606 352 3711 406; x_wconf 66' lang='grc'>821</span> 
     </span>
    </p>
   </div>
   <div class='ocr_carea' id='block_1_4' title="bbox 450 458 3707 539">
    <p class='ocr_par' dir='ltr' id='par_1_4' title="bbox 450 458 3707 539">
     <span class='ocr_line' id='line_1_4' title="bbox 450 458 3707 539; baseline -0.002 -14"><span class='ocrx_word' id='word_1_7' title='bbox 450 468 724 525; x_wconf 75' lang='lat' dir='ltr'><strong>Christum</strong></span> <span class='ocrx_word' id='word_1_8' title='bbox 761 464 1081 534; x_wconf 87' lang='lat' dir='ltr'>semetipsos</span> <span class='ocrx_word' id='word_1_9' title='bbox 1122 468 1424 531; x_wconf 88' lang='lat' dir='ltr'>sequuntur</span> <span class='ocrx_word' id='word_1_10' title='bbox 1468 460 1667 521; x_wconf 80' lang='lat' dir='ltr'>Deum,</span> <span class='ocrx_word' id='word_1_11' title='bbox 1705 475 2029 531; x_wconf 86' lang='lat' dir='ltr'>quocunque</span> <span class='ocrx_word' id='word_1_12' title='bbox 2057 460 2105 519; x_wconf 81' lang='grc' dir='ltr'><strong>Α</strong></span> <span class='ocrx_word' id='word_1_13' title='bbox 2133 458 2264 513; x_wconf 82' lang='lat' dir='ltr'>dicit</span> <span class='ocrx_word' id='word_1_14' title='bbox 2303 477 2314 510; x_wconf 94' lang='lat'>:</span> <span class='ocrx_word' id='word_1_15' title='bbox 2354 459 2623 513; x_wconf 81' lang='lat' dir='ltr'>Obuuditu</span> <span class='ocrx_word' id='word_1_16' title='bbox 2670 461 2800 525; x_wconf 86' lang='lat' dir='ltr'>oris,</span> <span class='ocrx_word' id='word_1_17' title='bbox 2844 458 3107 513; x_wconf 84' lang='lat' dir='ltr'>obaudivit</span> <span class='ocrx_word' id='word_1_18' title='bbox 3149 459 3277 515; x_wconf 84' lang='lat' dir='ltr'>mihi</span> <span class='ocrx_word' id='word_1_19' title='bbox 3323 461 3494 535; x_wconf 88' lang='lat' dir='ltr'>(Psat.</span> <span class='ocrx_word' id='word_1_20' title='bbox 3545 468 3707 539; x_wconf 80' lang='lat' dir='ltr'>xvn).</span> 
     </span>
    </p>
   </div>
   <div class='ocr_carea' id='block_1_5' title="bbox 450 551 2024 630">
    <p class='ocr_par' dir='ltr' id='par_1_5' title="bbox 450 551 2024 630">
     <span class='ocr_line' id='line_1_5' title="bbox 450 551 2024 630; baseline -0.008 -16"><span class='ocrx_word' id='word_1_21' title='bbox 450 560 660 615; x_wconf 78' lang='lat' dir='ltr'>abbatis</span> <span class='ocrx_word' id='word_1_22' title='bbox 685 556 975 630; x_wconf 69' lang='lat' dir='ltr'>praeceptio</span> <span class='ocrx_word' id='word_1_23' title='bbox 1001 554 1236 609; x_wconf 75' lang='lat' dir='ltr'>duxerit.</span> <span class='ocrx_word' id='word_1_24' title='bbox 1263 552 1332 606; x_wconf 90' lang='lat' dir='ltr'>Et</span> <span class='ocrx_word' id='word_1_25' title='bbox 1359 566 1468 606; x_wconf 89' lang='lat' dir='ltr'>non</span> <span class='ocrx_word' id='word_1_26' title='bbox 1497 552 1564 606; x_wconf 92' lang='lat' dir='ltr'>de</span> <span class='ocrx_word' id='word_1_27' title='bbox 1605 551 1779 606; x_wconf 86' lang='lat' dir='ltr'>solum</span> <span class='ocrx_word' id='word_1_28' title='bbox 1819 559 2024 620; x_wconf 84' lang='lat' dir='ltr'>tempo-</span> 
     </span>
    </p>
   </div>
   <div class='ocr_carea' id='block_1_6' title="bbox 449 640 2025 709">
    <p class='ocr_par' dir='ltr' id='par_1_6' title="bbox 449 640 2025 709">
     <span class='ocr_line' id='line_1_6' title="bbox 449 640 2025 709; baseline -0.005 -6"><span class='ocrx_word' id='word_1_29' title='bbox 449 649 652 703; x_wconf 87' lang='lat' dir='ltr'>ralibus</span> <span class='ocrx_word' id='word_1_30' title='bbox 697 644 1042 709; x_wconf 81' lang='lat' dir='ltr'>necessariis,</span> <span class='ocrx_word' id='word_1_31' title='bbox 1086 643 1141 698; x_wconf 98' lang='lat' dir='ltr'>id</span> <span class='ocrx_word' id='word_1_32' title='bbox 1175 650 1279 708; x_wconf 92' lang='lat' dir='ltr'>est,</span> <span class='ocrx_word' id='word_1_33' title='bbox 1304 642 1471 706; x_wconf 91' lang='lat' dir='ltr'>victu,</span> <span class='ocrx_word' id='word_1_34' title='bbox 1501 641 1722 707; x_wconf 90' lang='lat' dir='ltr'>vestitu,</span> <span class='ocrx_word' id='word_1_35' title='bbox 1746 640 2025 705; x_wconf 87' lang='lat' dir='ltr'>calciario,</span> 
     </span>
    </p>
   </div>
   <div class='ocr_carea' id='block_1_7' title="bbox 448 731 2018 808">
    <p class='ocr_par' dir='ltr' id='par_1_7' title="bbox 448 731 2018 808">
     <span class='ocr_line' id='line_1_7' title="bbox 448 731 2018 808; baseline -0.006 -15"><span class='ocrx_word' id='word_1_36' title='bbox 448 754 553 793; x_wconf 89' lang='lat' dir='ltr'>non</span> <span class='ocrx_word' id='word_1_37' title='bbox 577 744 839 808; x_wconf 76' lang='lat' dir='ltr'>coguntur</span> <span class='ocrx_word' id='word_1_38' title='bbox 863 733 964 790; x_wconf 85' lang='lat' dir='ltr'>sibi</span> <span class='ocrx_word' id='word_1_39' title='bbox 990 734 1090 790; x_wconf 88' lang='lat' dir='ltr'>sub</span> <span class='ocrx_word' id='word_1_40' title='bbox 1113 733 1326 788; x_wconf 75' lang='lat' dir='ltr'>abbatis</span> <span class='ocrx_word' id='word_1_41' title='bbox 1354 732 1715 788; x_wconf 73' lang='lat' dir='ltr'>sollicitudine</span> <span class='ocrx_word' id='word_1_42' title='bbox 1743 731 1980 801; x_wconf 82' lang='lat' dir='ltr'>cogitare</span> <span class='ocrx_word' id='word_1_43' title='bbox 2006 748 2018 784; x_wconf 92' lang='lat'><strong>:</strong></span> 
     </span>
    </p>
   </div>
   <div class='ocr_carea' id='block_1_8' title="bbox 446 822 2023 885">
    <p class='ocr_par' dir='ltr' id='par_1_8' title="bbox 446 822 2023 885">
     <span class='ocr_line' id='line_1_8' title="bbox 446 822 2023 885; baseline -0.006 0"><span class='ocrx_word' id='word_1_44' title='bbox 446 830 539 885; x_wconf 89' lang='lat' dir='ltr'>sed</span> <span class='ocrx_word' id='word_1_45' title='bbox 580 828 728 883; x_wconf 88' lang='lat' dir='ltr'>etde</span> <span class='ocrx_word' id='word_1_46' title='bbox 768 826 965 882; x_wconf 89' lang='lat' dir='ltr'>futuris</span> <span class='ocrx_word' id='word_1_47' title='bbox 1010 841 1120 881; x_wconf 67' lang='lat' dir='ltr'>suae</span> <span class='ocrx_word' id='word_1_48' title='bbox 1161 825 1466 880; x_wconf 76' lang='lat' dir='ltr'>ratiociniis</span> <span class='ocrx_word' id='word_1_49' title='bbox 1513 824 1707 878; x_wconf 60' lang='lat' dir='ltr'>animae</span> <span class='ocrx_word' id='word_1_50' title='bbox 1751 823 1922 878; x_wconf 89' lang='lat' dir='ltr'>solam</span> <span class='ocrx_word' id='word_1_51' title='bbox 1968 822 2023 876; x_wconf 90' lang='lat' dir='ltr'>in</span> 
     </span>
    </p>
   </div>
   <div class='ocr_carea' id='block_1_9' title="bbox 444 918 2025 991">
    <p class='ocr_par' dir='ltr' id='par_1_9' title="bbox 444 918 2025 991">
     <span class='ocr_line' id='line_1_9' title="bbox 444 918 2025 991; baseline -0.003 -15"><span class='ocrx_word' id='word_1_52' title='bbox 444 921 694 976; x_wconf 90' lang='lat' dir='ltr'>omnibus</span> <span class='ocrx_word' id='word_1_53' title='bbox 741 921 1061 991; x_wconf 61' lang='lat' dir='ltr'>praeceptori</span> <span class='ocrx_word' id='word_1_54' title='bbox 1123 920 1492 976; x_wconf 83' lang='lat' dir='ltr'>obedientiam</span> <span class='ocrx_word' id='word_1_55' title='bbox 1548 918 1910 973; x_wconf 70' lang='lat' dir='ltr'>ministrando</span> <span class='ocrx_word' id='word_1_56' title='bbox 1957 918 2025 978; x_wconf 87' lang='lat' dir='ltr'>de</span> 
     </span>
    </p>
   </div>
   <div class='ocr_carea' id='block_1_10' title="bbox 444 1008 2024 1078">
    <p class='ocr_par' dir='ltr' id='par_1_10' title="bbox 444 1008 2024 1078">
     <span class='ocr_line' id='line_1_10' title="bbox 444 1008 2024 1078; baseline -0.003 -12"><span class='ocrx_word' id='word_1_57' title='bbox 444 1011 656 1067; x_wconf 72' lang='lat' dir='ltr'>caeteris</span> <span class='ocrx_word' id='word_1_58' title='bbox 691 1011 1019 1066; x_wconf 91' lang='lat' dir='ltr'>utilitatibus</span> <span class='ocrx_word' id='word_1_59' title='bbox 1055 1011 1190 1077; x_wconf 87' lang='lat' dir='ltr'>suis,</span> <span class='ocrx_word' id='word_1_60' title='bbox 1223 1019 1332 1064; x_wconf 89' lang='lat' dir='ltr'>tam</span> <span class='ocrx_word' id='word_1_61' title='bbox 1372 1009 1615 1078; x_wconf 89' lang='lat' dir='ltr'>corporis</span> <span class='ocrx_word' id='word_1_62' title='bbox 1639 1023 1801 1077; x_wconf 90' lang='lat' dir='ltr'>quam</span> <span class='ocrx_word' id='word_1_63' title='bbox 1829 1008 2024 1062; x_wconf 68' lang='lat' dir='ltr'>animae</span> 
     </span>
    </p>
   </div>
   <div class='ocr_carea' id='block_1_11' title="bbox 443 1097 2022 1168">
    <p class='ocr_par' dir='ltr' id='par_1_11' title="bbox 443 1097 2022 1168">
     <span class='ocr_line' id='line_1_11' title="bbox 443 1097 2022 1168; baseline -0.004 -11"><span class='ocrx_word' id='word_1_64' title='bbox 443 1104 741 1158; x_wconf 85' lang='lat' dir='ltr'>redduntur</span> <span class='ocrx_word' id='word_1_65' title='bbox 768 1102 965 1158; x_wconf 90' lang='lat' dir='ltr'>securi.</span> <span class='ocrx_word' id='word_1_66' title='bbox 995 1101 1129 1168; x_wconf 87' lang='lat' dir='ltr'>Quia</span> <span class='ocrx_word' id='word_1_67' title='bbox 1163 1101 1276 1157; x_wconf 90' lang='lat' dir='ltr'>sive</span> <span class='ocrx_word' id='word_1_68' title='bbox 1302 1101 1463 1165; x_wconf 84' lang='lat' dir='ltr'>bene,</span> <span class='ocrx_word' id='word_1_69' title='bbox 1495 1100 1609 1155; x_wconf 89' lang='lat' dir='ltr'>sive</span> <span class='ocrx_word' id='word_1_70' title='bbox 1629 1099 1789 1165; x_wconf 90' lang='lat' dir='ltr'>male,</span> <span class='ocrx_word' id='word_1_71' title='bbox 1817 1097 2022 1168; x_wconf 86' lang='lat' dir='ltr'>pastori</span> 
     </span>
    </p>
   </div>
   <div class='ocr_carea' id='block_1_12' title="bbox 444 1188 2024 1264">
    <p class='ocr_par' dir='ltr' id='par_1_12' title="bbox 444 1188 2024 1264">
     <span class='ocr_line' id='line_1_12' title="bbox 444 1188 2024 1264; baseline -0.003 -18"><span class='ocrx_word' id='word_1_72' title='bbox 444 1193 708 1249; x_wconf 89' lang='lat' dir='ltr'>incumbit</span> <span class='ocrx_word' id='word_1_73' title='bbox 737 1194 881 1264; x_wconf 91' lang='lat' dir='ltr'>quod</span> <span class='ocrx_word' id='word_1_74' title='bbox 908 1194 963 1247; x_wconf 92' lang='lat' dir='ltr'>in</span> <span class='ocrx_word' id='word_1_75' title='bbox 989 1194 1187 1249; x_wconf 88' lang='lat' dir='ltr'>ovibus</span> <span class='ocrx_word' id='word_1_76' title='bbox 1228 1198 1517 1247; x_wconf 79' lang='lat' dir='ltr'>exercetur</span> <span class='ocrx_word' id='word_1_77' title='bbox 1543 1208 1555 1244; x_wconf 90' lang='lat'>:</span> <span class='ocrx_word' id='word_1_78' title='bbox 1585 1198 1642 1245; x_wconf 90' lang='lat' dir='ltr'>et</span> <span class='ocrx_word' id='word_1_79' title='bbox 1672 1188 1822 1244; x_wconf 89' lang='lat' dir='ltr'>illum</span> <span class='ocrx_word' id='word_1_80' title='bbox 1852 1188 2024 1259; x_wconf 83' lang='lat' dir='ltr'>tangit</span> 
     </span>
    </p>
   </div>
   <div class='ocr_carea' id='block_1_13' title="bbox 442 1279 2023 1354">
    <p class='ocr_par' dir='ltr' id='par_1_13' title="bbox 442 1279 2023 1354">
     <span class='ocr_line' id='line_1_13' title="bbox 442 1279 2023 1354; baseline -0.006 -13"><span class='ocrx_word' id='word_1_81' title='bbox 442 1287 496 1341; x_wconf 91' lang='lat' dir='ltr'>in</span> <span class='ocrx_word' id='word_1_82' title='bbox 530 1286 882 1342; x_wconf 89' lang='lat' dir='ltr'>discussionis</span> <span class='ocrx_word' id='word_1_83' title='bbox 905 1284 1110 1354; x_wconf 82' lang='lat' dir='ltr'>judicio</span> <span class='ocrx_word' id='word_1_84' title='bbox 1153 1284 1421 1338; x_wconf 86' lang='lat' dir='ltr'>rationem</span> <span class='ocrx_word' id='word_1_85' title='bbox 1468 1282 1692 1337; x_wconf 85' lang='lat' dir='ltr'>reddere</span> <span class='ocrx_word' id='word_1_86' title='bbox 1720 1279 1815 1349; x_wconf 91' lang='lat' dir='ltr'>qui</span> <span class='ocrx_word' id='word_1_87' title='bbox 1855 1279 2023 1349; x_wconf 66' lang='lat' dir='ltr'>impe~</span> 
     </span>
    </p>
   </div>
   <div class='ocr_carea' id='block_1_14' title="bbox 443 1367 2017 1446">
    <p class='ocr_par' dir='ltr' id='par_1_14' title="bbox 443 1367 2017 1446">
     <span class='ocr_line' id='line_1_14' title="bbox 443 1367 2017 1446; baseline -0.006 -16"><span class='ocrx_word' id='word_1_88' title='bbox 443 1387 546 1441; x_wconf 85' lang='lat' dir='ltr'>rat,</span> <span class='ocrx_word' id='word_1_89' title='bbox 574 1392 679 1430; x_wconf 90' lang='lat' dir='ltr'>non</span> <span class='ocrx_word' id='word_1_90' title='bbox 707 1377 796 1446; x_wconf 92' lang='lat' dir='ltr'>qui</span> <span class='ocrx_word' id='word_1_91' title='bbox 833 1376 1097 1445; x_wconf 89' lang='lat' dir='ltr'>imperata</span> <span class='ocrx_word' id='word_1_92' title='bbox 1121 1373 1356 1446; x_wconf 82' lang='lat' dir='ltr'>perﬁcit,</span> <span class='ocrx_word' id='word_1_93' title='bbox 1382 1373 1497 1428; x_wconf 83' lang='lat' dir='ltr'>sive</span> <span class='ocrx_word' id='word_1_94' title='bbox 1518 1371 1684 1436; x_wconf 91' lang='lat' dir='ltr'>bona,</span> <span class='ocrx_word' id='word_1_95' title='bbox 1711 1370 1824 1425; x_wconf 85' lang='lat' dir='ltr'>sive</span> <span class='ocrx_word' id='word_1_96' title='bbox 1855 1367 2017 1423; x_wconf 90' lang='lat' dir='ltr'>mala.</span> 
     </span>
    </p>
   </div>
   <div class='ocr_carea' id='block_1_15' title="bbox 443 1457 2017 1534">
    <p class='ocr_par' dir='ltr' id='par_1_15' title="bbox 443 1457 2017 1534">
     <span class='ocr_line' id='line_1_15' title="bbox 443 1457 2017 1534; baseline -0.005 -15"><span class='ocrx_word' id='word_1_97' title='bbox 443 1467 563 1521; x_wconf 77' lang='lat' dir='ltr'>Ideo</span> <span class='ocrx_word' id='word_1_98' title='bbox 592 1466 736 1519; x_wconf 89' lang='lat' dir='ltr'>enim</span> <span class='ocrx_word' id='word_1_99' title='bbox 771 1464 858 1518; x_wconf 87' lang='lat' dir='ltr'>via</span> <span class='ocrx_word' id='word_1_100' title='bbox 886 1472 1115 1534; x_wconf 78' lang='lat' dir='ltr'>angusta</span> <span class='ocrx_word' id='word_1_101' title='bbox 1144 1478 1176 1518; x_wconf 86' lang='lat' dir='ltr'>a</span> <span class='ocrx_word' id='word_1_102' title='bbox 1204 1462 1406 1517; x_wconf 86' lang='lat' dir='ltr'>talibus</span> <span class='ocrx_word' id='word_1_103' title='bbox 1444 1460 1689 1516; x_wconf 86' lang='lat' dir='ltr'>creditur</span> <span class='ocrx_word' id='word_1_104' title='bbox 1728 1457 2017 1523; x_wconf 88' lang='lat' dir='ltr'>ambulari,</span> 
     </span>
    </p>
   </div>
   <div class='ocr_carea' id='block_1_16' title="bbox 438 1549 2012 1625">
    <p class='ocr_par' dir='ltr' id='par_1_16' title="bbox 438 1549 2012 1625">
     <span class='ocr_line' id='line_1_16' title="bbox 438 1549 2012 1625; baseline -0.004 -16"><span class='ocrx_word' id='word_1_105' title='bbox 438 1557 563 1624; x_wconf 90' lang='lat' dir='ltr'>quia</span> <span class='ocrx_word' id='word_1_106' title='bbox 592 1555 810 1625; x_wconf 90' lang='lat' dir='ltr'>propria</span> <span class='ocrx_word' id='word_1_107' title='bbox 839 1555 893 1609; x_wconf 92' lang='lat' dir='ltr'>in</span> <span class='ocrx_word' id='word_1_108' title='bbox 922 1555 1003 1609; x_wconf 90' lang='lat' dir='ltr'>eis</span> <span class='ocrx_word' id='word_1_109' title='bbox 1049 1552 1319 1609; x_wconf 88' lang='lat' dir='ltr'>desideria</span> <span class='ocrx_word' id='word_1_110' title='bbox 1348 1552 1574 1607; x_wconf 90' lang='lat' dir='ltr'>minime</span> <span class='ocrx_word' id='word_1_111' title='bbox 1602 1549 1971 1620; x_wconf 88' lang='lat' dir='ltr'>adimplentur</span> <span class='ocrx_word' id='word_1_112' title='bbox 1999 1567 2012 1602; x_wconf 90' lang='lat'><strong>:</strong></span> 
     </span>
    </p>
   </div>
   <div class='ocr_carea' id='block_1_17' title="bbox 439 1638 2020 1715">
    <p class='ocr_par' dir='ltr' id='par_1_17' title="bbox 439 1638 2020 1715">
     <span class='ocr_line' id='line_1_17' title="bbox 439 1638 2020 1715; baseline -0.006 -13"><span class='ocrx_word' id='word_1_113' title='bbox 439 1657 494 1702; x_wconf 89' lang='lat' dir='ltr'>et</span> <span class='ocrx_word' id='word_1_114' title='bbox 539 1662 646 1702; x_wconf 93' lang='lat' dir='ltr'>non</span> <span class='ocrx_word' id='word_1_115' title='bbox 677 1646 823 1715; x_wconf 87' lang='lat' dir='ltr'>quod</span> <span class='ocrx_word' id='word_1_116' title='bbox 849 1644 1039 1701; x_wconf 86' lang='lat' dir='ltr'>volunt</span> <span class='ocrx_word' id='word_1_117' title='bbox 1064 1642 1387 1715; x_wconf 83' lang='lat' dir='ltr'>perﬁciunt,</span> <span class='ocrx_word' id='word_1_118' title='bbox 1418 1641 1581 1696; x_wconf 89' lang='lat' dir='ltr'>alieni</span> <span class='ocrx_word' id='word_1_119' title='bbox 1603 1639 1793 1712; x_wconf 82' lang='lat' dir='ltr'>judicii</span> <span class='ocrx_word' id='word_1_120' title='bbox 1829 1638 2020 1710; x_wconf 79' lang='lat' dir='ltr'>jugum</span> 
     </span>
    </p>
   </div>
   <div class='ocr_carea' id='block_1_18' title="bbox 441 1729 2020 1806">
    <p class='ocr_par' dir='ltr' id='par_1_18' title="bbox 441 1729 2020 1806">
     <span class='ocr_line' id='line_1_18' title="bbox 441 1729 2020 1806; baseline -0.005 -15"><span class='ocrx_word' id='word_1_121' title='bbox 441 1738 740 1802; x_wconf 79' lang='lat' dir='ltr'>trahentes,</span> <span class='ocrx_word' id='word_1_122' title='bbox 768 1752 874 1806; x_wconf 89' lang='lat' dir='ltr'>quo</span> <span class='ocrx_word' id='word_1_123' title='bbox 904 1735 984 1790; x_wconf 92' lang='lat' dir='ltr'>ire</span> <span class='ocrx_word' id='word_1_124' title='bbox 1014 1733 1466 1790; x_wconf 87' lang='lat' dir='ltr'>delectationibus</span> <span class='ocrx_word' id='word_1_125' title='bbox 1491 1732 1604 1787; x_wconf 89' lang='lat' dir='ltr'>suis</span> <span class='ocrx_word' id='word_1_126' title='bbox 1639 1729 1909 1787; x_wconf 89' lang='lat' dir='ltr'>voluerint</span> <span class='ocrx_word' id='word_1_127' title='bbox 1934 1743 2020 1783; x_wconf 89' lang='lat' dir='ltr'>re—</span> 
     </span>
    </p>
   </div>
   <div class='ocr_carea' id='block_1_19' title="bbox 2123 552 3714 627">
    <p class='ocr_par' dir='ltr' id='par_1_19' title="bbox 2123 552 3714 627">
     <span class='ocr_line' id='line_1_19' title="bbox 2123 552 3714 627; baseline 0.004 -22"><span class='ocrx_word' id='word_1_128' title='bbox 2123 552 2264 622; x_wconf 78' lang='lat' dir='ltr'>Ergo</span> <span class='ocrx_word' id='word_1_129' title='bbox 2295 553 2409 622; x_wconf 90' lang='lat' dir='ltr'>ipsa</span> <span class='ocrx_word' id='word_1_130' title='bbox 2445 553 2755 609; x_wconf 87' lang='lat' dir='ltr'>obedientia</span> <span class='ocrx_word' id='word_1_131' title='bbox 2782 569 2907 609; x_wconf 91' lang='lat' dir='ltr'>cum</span> <span class='ocrx_word' id='word_1_132' title='bbox 2953 555 3097 609; x_wconf 84' lang='lat' dir='ltr'>bono</span> <span class='ocrx_word' id='word_1_133' title='bbox 3140 555 3324 610; x_wconf 89' lang='lat' dir='ltr'>animo</span> <span class='ocrx_word' id='word_1_134' title='bbox 3367 572 3399 610; x_wconf 79' lang='grc' dir='ltr'>ιι</span> <span class='ocrx_word' id='word_1_135' title='bbox 3435 556 3714 627; x_wconf 82' lang='lat' dir='ltr'>discipulis</span> 
     </span>
    </p>
   </div>
   <div class='ocr_carea' id='block_1_20' title="bbox 2121 641 3715 719">
    <p class='ocr_par' dir='ltr' id='par_1_20' title="bbox 2121 641 3715 719">
     <span class='ocr_line' id='line_1_20' title="bbox 2121 641 3715 719; baseline 0.003 -23"><span class='ocrx_word' id='word_1_136' title='bbox 2121 643 2428 711; x_wconf 72' lang='lat' dir='ltr'>pnnbeatur</span> <span class='ocrx_word' id='word_1_137' title='bbox 2463 660 2477 696; x_wconf 88' lang='lat'><strong>:</strong></span> <span class='ocrx_word' id='word_1_138' title='bbox 2530 641 2670 708; x_wconf 84' lang='lat' dir='ltr'>Quia</span> <span class='ocrx_word' id='word_1_139' title='bbox 2704 641 2928 697; x_wconf 80' lang='lat' dir='ltr'>hilarem</span> <span class='ocrx_word' id='word_1_140' title='bbox 2972 643 3206 699; x_wconf 81' lang='lat' dir='ltr'>datorem</span> <span class='ocrx_word' id='word_1_141' title='bbox 3239 643 3410 715; x_wconf 80' lang='lat' dir='ltr'>diligit</span> <span class='ocrx_word' id='word_1_142' title='bbox 3444 644 3593 700; x_wconf 96' lang='lat' dir='ltr'>Deus</span> <span class='ocrx_word' id='word_1_143' title='bbox 3632 644 3715 719; x_wconf 86' lang='lat' dir='ltr'>(II</span> 
     </span>
    </p>
   </div>
   <div class='ocr_carea' id='block_1_21' title="bbox 2123 732 3714 808">
    <p class='ocr_par' dir='ltr' id='par_1_21' title="bbox 2123 732 3714 808">
     <span class='ocr_line' id='line_1_21' title="bbox 2123 732 3714 808; baseline 0.003 -19"><span class='ocrx_word' id='word_1_144' title='bbox 2123 732 2244 789; x_wconf 88' lang='lat' dir='ltr'>Cor.</span> <span class='ocrx_word' id='word_1_145' title='bbox 2261 734 2358 808; x_wconf 78' lang='lat' dir='ltr'>ut).</span> <span class='ocrx_word' id='word_1_146' title='bbox 2388 735 2524 789; x_wconf 88' lang='lat' dir='ltr'>Nam</span> <span class='ocrx_word' id='word_1_147' title='bbox 2551 734 2597 790; x_wconf 92' lang='lat' dir='ltr'>si</span> <span class='ocrx_word' id='word_1_148' title='bbox 2618 750 2741 790; x_wconf 91' lang='lat' dir='ltr'>cum</span> <span class='ocrx_word' id='word_1_149' title='bbox 2771 735 2915 791; x_wconf 91' lang='lat' dir='ltr'>malo</span> <span class='ocrx_word' id='word_1_150' title='bbox 2945 736 3128 791; x_wconf 90' lang='lat' dir='ltr'>animo</span> <span class='ocrx_word' id='word_1_151' title='bbox 3151 736 3449 807; x_wconf 87' lang='lat' dir='ltr'>discipulus</span> <span class='ocrx_word' id='word_1_152' title='bbox 3471 738 3714 805; x_wconf 87' lang='lat' dir='ltr'>obediat,</span> 
     </span>
    </p>
   </div>
   <div class='ocr_carea' id='block_1_22' title="bbox 2123 824 3715 897">
    <p class='ocr_par' dir='ltr' id='par_1_22' title="bbox 2123 824 3715 897">
     <span class='ocr_line' id='line_1_22' title="bbox 2123 824 3715 897; baseline 0.004 -21"><span class='ocrx_word' id='word_1_153' title='bbox 2123 839 2230 877; x_wconf 89' lang='lat' dir='ltr'>non</span> <span class='ocrx_word' id='word_1_154' title='bbox 2268 824 2445 880; x_wconf 90' lang='lat' dir='ltr'>solum</span> <span class='ocrx_word' id='word_1_155' title='bbox 2469 825 2627 879; x_wconf 88' lang='lat' dir='ltr'>nobis</span> <span class='ocrx_word' id='word_1_156' title='bbox 2653 838 2770 891; x_wconf 89' lang='lat' dir='ltr'>ore,</span> <span class='ocrx_word' id='word_1_157' title='bbox 2798 824 2895 879; x_wconf 89' lang='lat' dir='ltr'>sed</span> <span class='ocrx_word' id='word_1_158' title='bbox 2930 832 2987 880; x_wconf 92' lang='lat' dir='ltr'>et</span> <span class='ocrx_word' id='word_1_159' title='bbox 3013 824 3126 880; x_wconf 89' lang='lat' dir='ltr'>Deo</span> <span class='ocrx_word' id='word_1_160' title='bbox 3158 826 3323 881; x_wconf 89' lang='lat' dir='ltr'>corde</span> <span class='ocrx_word' id='word_1_161' title='bbox 3356 826 3715 897; x_wconf 87' lang='lat' dir='ltr'>improperat,</span> 
     </span>
    </p>
   </div>
   <div class='ocr_carea' id='block_1_23' title="bbox 2123 913 3715 986">
    <p class='ocr_par' dir='ltr' id='par_1_23' title="bbox 2123 913 3715 986">
     <span class='ocr_line' id='line_1_23' title="bbox 2123 913 3715 986; baseline 0.003 -18"><span class='ocrx_word' id='word_1_162' title='bbox 2123 915 2267 984; x_wconf 89' lang='lat' dir='ltr'>quod</span> <span class='ocrx_word' id='word_1_163' title='bbox 2296 913 2439 969; x_wconf 82' lang='lat' dir='ltr'>malo</span> <span class='ocrx_word' id='word_1_164' title='bbox 2483 914 2667 969; x_wconf 89' lang='lat' dir='ltr'>animo</span> <span class='ocrx_word' id='word_1_165' title='bbox 2696 913 2847 970; x_wconf 90' lang='lat' dir='ltr'>facit.</span> <span class='ocrx_word' id='word_1_166' title='bbox 2894 913 2963 968; x_wconf 86' lang='lat' dir='ltr'>Et</span> <span class='ocrx_word' id='word_1_167' title='bbox 2990 915 3240 984; x_wconf 83' lang='lat' dir='ltr'>quamvis</span> <span class='ocrx_word' id='word_1_168' title='bbox 3287 915 3536 985; x_wconf 84' lang='lat' dir='ltr'>impleat,</span> <span class='ocrx_word' id='word_1_169' title='bbox 3569 918 3715 986; x_wconf 86' lang='lat' dir='ltr'>quod</span> 
     </span>
    </p>
   </div>
   <div class='ocr_carea' id='block_1_24' title="bbox 2123 1006 3717 1081">
    <p class='ocr_par' dir='ltr' id='par_1_24' title="bbox 2123 1006 3717 1081">
     <span class='ocr_line' id='line_1_24' title="bbox 2123 1006 3717 1081; baseline 0.004 -21"><span class='ocrx_word' id='word_1_170' title='bbox 2123 1006 2303 1062; x_wconf 81' lang='lat' dir='ltr'>fuerat</span> <span class='ocrx_word' id='word_1_171' title='bbox 2350 1006 2707 1077; x_wconf 89' lang='lat' dir='ltr'>imperatum,</span> <span class='ocrx_word' id='word_1_172' title='bbox 2742 1016 2924 1062; x_wconf 87' lang='lat' dir='ltr'>tamen</span> <span class='ocrx_word' id='word_1_173' title='bbox 2971 1018 3253 1079; x_wconf 86' lang='lat' dir='ltr'>acceptum</span> <span class='ocrx_word' id='word_1_174' title='bbox 3295 1009 3410 1081; x_wconf 88' lang='lat' dir='ltr'>jam</span> <span class='ocrx_word' id='word_1_175' title='bbox 3456 1025 3569 1065; x_wconf 89' lang='lat' dir='ltr'>non</span> <span class='ocrx_word' id='word_1_176' title='bbox 3612 1011 3717 1066; x_wconf 88' lang='lat' dir='ltr'>erit</span> 
     </span>
    </p>
   </div>
   <div class='ocr_carea' id='block_1_25' title="bbox 2122 1097 3717 1172">
    <p class='ocr_par' dir='ltr' id='par_1_25' title="bbox 2122 1097 3717 1172">
     <span class='ocr_line' id='line_1_25' title="bbox 2122 1097 3717 1172; baseline 0.004 -21"><span class='ocrx_word' id='word_1_177' title='bbox 2122 1097 2255 1163; x_wconf 88' lang='lat' dir='ltr'>Deo,</span> <span class='ocrx_word' id='word_1_178' title='bbox 2279 1097 2371 1167; x_wconf 87' lang='lat' dir='ltr'>qui</span> <span class='ocrx_word' id='word_1_179' title='bbox 2396 1113 2494 1153; x_wconf 91' lang='lat' dir='ltr'>cor</span> <span class='ocrx_word' id='word_1_180' title='bbox 2517 1098 2636 1169; x_wconf 78' lang='lat' dir='ltr'>ejus</span> <span class='ocrx_word' id='word_1_181' title='bbox 2667 1099 2891 1169; x_wconf 88' lang='lat' dir='ltr'>respicit</span> <span class='ocrx_word' id='word_1_182' title='bbox 2918 1100 3327 1156; x_wconf 86' lang='lat' dir='ltr'>murmurantis.</span> <span class='ocrx_word' id='word_1_183' title='bbox 3355 1101 3425 1155; x_wconf 87' lang='lat' dir='ltr'>Et</span> <span class='ocrx_word' id='word_1_184' title='bbox 3463 1104 3717 1172; x_wconf 85' lang='lat' dir='ltr'>quamvis</span> 
     </span>
    </p>
   </div>
   <div class='ocr_carea' id='block_1_26' title="bbox 2123 1187 3716 1261">
    <p class='ocr_par' dir='ltr' id='par_1_26' title="bbox 2123 1187 3716 1261">
     <span class='ocr_line' id='line_1_26' title="bbox 2123 1187 3716 1261; baseline 0.003 -16"><span class='ocrx_word' id='word_1_185' title='bbox 2123 1190 2287 1245; x_wconf 86' lang='lat' dir='ltr'>faciat</span> <span class='ocrx_word' id='word_1_186' title='bbox 2325 1188 2469 1261; x_wconf 88' lang='lat' dir='ltr'>quod</span> <span class='ocrx_word' id='word_1_187' title='bbox 2509 1187 2747 1259; x_wconf 85' lang='lat' dir='ltr'>iubetur,</span> <span class='ocrx_word' id='word_1_188' title='bbox 2784 1199 2987 1259; x_wconf 89' lang='lat' dir='ltr'>tamen,</span> <span class='ocrx_word' id='word_1_189' title='bbox 3025 1206 3151 1247; x_wconf 85' lang='lat' dir='ltr'>cum</span> <span class='ocrx_word' id='word_1_190' title='bbox 3191 1192 3334 1249; x_wconf 89' lang='lat' dir='ltr'>malo</span> <span class='ocrx_word' id='word_1_191' title='bbox 3375 1193 3510 1249; x_wconf 90' lang='lat' dir='ltr'>illud</span> <span class='ocrx_word' id='word_1_192' title='bbox 3550 1193 3716 1250; x_wconf 82' lang='lat' dir='ltr'>faciat</span> 
     </span>
    </p>
   </div>
   <div class='ocr_carea' id='block_1_27' title="bbox 2121 1281 3715 1353">
    <p class='ocr_par' dir='ltr' id='par_1_27' title="bbox 2121 1281 3715 1353">
     <span class='ocr_line' id='line_1_27' title="bbox 2121 1281 3715 1353; baseline 0.002 -16"><span class='ocrx_word' id='word_1_193' title='bbox 2121 1283 2321 1349; x_wconf 89' lang='lat' dir='ltr'>animo,</span> <span class='ocrx_word' id='word_1_194' title='bbox 2347 1282 2554 1338; x_wconf 90' lang='lat' dir='ltr'>nullam</span> <span class='ocrx_word' id='word_1_195' title='bbox 2577 1282 2646 1338; x_wconf 91' lang='lat' dir='ltr'>de</span> <span class='ocrx_word' id='word_1_196' title='bbox 2673 1283 2790 1353; x_wconf 92' lang='lat' dir='ltr'>ipso</span> <span class='ocrx_word' id='word_1_197' title='bbox 2817 1281 2961 1340; x_wconf 88' lang='lat' dir='ltr'>facto</span> <span class='ocrx_word' id='word_1_198' title='bbox 2986 1284 3294 1340; x_wconf 80' lang='lat' dir='ltr'>mercedem</span> <span class='ocrx_word' id='word_1_199' title='bbox 3320 1284 3591 1341; x_wconf 85' lang='lat' dir='ltr'>Dominus</span> <span class='ocrx_word' id='word_1_200' title='bbox 3618 1287 3715 1340; x_wconf 89' lang='lat' dir='ltr'>im-</span> 
     </span>
    </p>
   </div>
   <div class='ocr_carea' id='block_1_28' title="bbox 2123 1374 3714 1446">
    <p class='ocr_par' dir='ltr' id='par_1_28' title="bbox 2123 1374 3714 1446">
     <span class='ocr_line' id='line_1_28' title="bbox 2123 1374 3714 1446; baseline 0.001 -16"><span class='ocrx_word' id='word_1_201' title='bbox 2123 1374 2356 1445; x_wconf 89' lang='lat' dir='ltr'>putabit,</span> <span class='ocrx_word' id='word_1_202' title='bbox 2385 1390 2509 1430; x_wconf 88' lang='lat' dir='ltr'>cum</span> <span class='ocrx_word' id='word_1_203' title='bbox 2553 1382 2805 1431; x_wconf 87' lang='lat' dir='ltr'>scrutans</span> <span class='ocrx_word' id='word_1_204' title='bbox 2851 1391 2979 1431; x_wconf 74' lang='lat' dir='ltr'>mox.</span> <span class='ocrx_word' id='word_1_205' title='bbox 3018 1375 3164 1432; x_wconf 89' lang='lat' dir='ltr'>Deus</span> <span class='ocrx_word' id='word_1_206' title='bbox 3209 1376 3373 1431; x_wconf 89' lang='lat' dir='ltr'>corda</span> <span class='ocrx_word' id='word_1_207' title='bbox 3408 1376 3531 1446; x_wconf 86' lang='lat' dir='ltr'>ejus</span> <span class='ocrx_word' id='word_1_208' title='bbox 3562 1377 3714 1432; x_wconf 86' lang='lat' dir='ltr'>triste</span> 
     </span>
    </p>
   </div>
   <div class='ocr_carea' id='block_1_29' title="bbox 2120 1467 3067 1525">
    <p class='ocr_par' dir='ltr' id='par_1_29' title="bbox 2120 1467 3067 1525">
     <span class='ocr_line' id='line_1_29' title="bbox 2120 1467 3067 1525; baseline 0 -3"><span class='ocrx_word' id='word_1_209' title='bbox 2120 1467 2370 1524; x_wconf 75' lang='lat' dir='ltr'>facientis</span> <span class='ocrx_word' id='word_1_210' title='bbox 2391 1477 2579 1524; x_wconf 85' lang='lat' dir='ltr'>votum</span> <span class='ocrx_word' id='word_1_211' title='bbox 2604 1468 2659 1523; x_wconf 92' lang='lat' dir='ltr'>in</span> <span class='ocrx_word' id='word_1_212' title='bbox 2685 1483 2751 1523; x_wconf 93' lang='lat' dir='ltr'>eo</span> <span class='ocrx_word' id='word_1_213' title='bbox 2777 1467 3067 1525; x_wconf 85' lang='lat' dir='ltr'>invenerit.</span> 
     </span>
    </p>
   </div>
   <div class='ocr_carea' id='block_1_30' title="bbox 2211 1556 3629 1631">
    <p class='ocr_par' dir='ltr' id='par_1_30' title="bbox 2211 1556 3629 1631">
     <span class='ocr_line' id='line_1_30' title="bbox 2211 1556 3629 1631; baseline 0.001 -18"><span class='ocrx_word' id='word_1_214' title='bbox 2211 1557 2394 1630; x_wconf 80' lang='lat' dir='ltr'>§VIIL</span> <span class='ocrx_word' id='word_1_215' title='bbox 2424 1589 2496 1599; x_wconf 90' lang='lat'><strong>—</strong></span> <span class='ocrx_word' id='word_1_216' title='bbox 2522 1559 2604 1615; x_wconf 81' lang='lat' dir='ltr'><strong>Ex</strong></span> <span class='ocrx_word' id='word_1_217' title='bbox 2638 1557 2860 1614; x_wconf 76' lang='lat' dir='ltr'>Recuu</span> <span class='ocrx_word' id='word_1_218' title='bbox 2880 1573 3067 1614; x_wconf 71' lang='lat' dir='ltr'>SANC&#39;I&#39;I</span> <span class='ocrx_word' id='word_1_219' title='bbox 3096 1559 3297 1616; x_wconf 67' lang='lat' dir='ltr'>BASILII</span> <span class='ocrx_word' id='word_1_220' title='bbox 3338 1556 3479 1631; x_wconf 86' lang='lat' dir='ltr'>(cap.</span> <span class='ocrx_word' id='word_1_221' title='bbox 3515 1558 3629 1631; x_wconf 82' lang='lat' dir='ltr'>7i).</span> 
     </span>
    </p>
   </div>
   <div class='ocr_carea' id='block_1_31' title="bbox 2193 1649 3711 1723">
    <p class='ocr_par' dir='ltr' id='par_1_31' title="bbox 2193 1649 3711 1723">
     <span class='ocr_line' id='line_1_31' title="bbox 2193 1649 3711 1723; baseline -0.001 -17"><span class='ocrx_word' id='word_1_222' title='bbox 2193 1652 2458 1723; x_wconf 85' lang='lat' dir='ltr'>Interrog.</span> <span class='ocrx_word' id='word_1_223' title='bbox 2485 1650 2514 1691; x_wconf 71' lang='grc' dir='ltr'><strong><em>ἀ</em></strong></span> <span class='ocrx_word' id='word_1_224' title='bbox 2543 1650 2603 1706; x_wconf 89' lang='lat' dir='ltr'>Si</span> <span class='ocrx_word' id='word_1_225' title='bbox 2628 1658 2809 1706; x_wconf 90' lang='lat' dir='ltr'>autem</span> <span class='ocrx_word' id='word_1_226' title='bbox 2838 1649 3097 1706; x_wconf 88' lang='lat' dir='ltr'>obediens</span> <span class='ocrx_word' id='word_1_227' title='bbox 3124 1666 3248 1720; x_wconf 85' lang='lat' dir='ltr'>qnts</span> <span class='ocrx_word' id='word_1_228' title='bbox 3275 1652 3619 1707; x_wconf 86' lang='lat' dir='ltr'>murmuret?</span> <span class='ocrx_word' id='word_1_229' title='bbox 3642 1683 3711 1693; x_wconf 89' lang='lat'>-—-</span> 
     </span>
    </p>
   </div>
   <div class='ocr_carea' id='block_1_32' title="bbox 2122 1742 3707 1817">
    <p class='ocr_par' dir='ltr' id='par_1_32' title="bbox 2122 1742 3707 1817">
     <span class='ocr_line' id='line_1_32' title="bbox 2122 1742 3707 1817; baseline -0.002 -17"><span class='ocrx_word' id='word_1_230' title='bbox 2122 1745 2279 1817; x_wconf 85' lang='lat' dir='ltr'>Resp.</span> <span class='ocrx_word' id='word_1_231' title='bbox 2302 1744 2564 1815; x_wconf 83' lang='lat' dir='ltr'>Apostolo</span> <span class='ocrx_word' id='word_1_232' title='bbox 2589 1744 2844 1800; x_wconf 83' lang='lat' dir='ltr'>dicente:</span> <span class='ocrx_word' id='word_1_233' title='bbox 2888 1742 3081 1797; x_wconf 84' lang='lat' dir='ltr'>Omnia</span> <span class='ocrx_word' id='word_1_234' title='bbox 3124 1742 3281 1813; x_wconf 80' lang='lat' dir='ltr'>facite</span> <span class='ocrx_word' id='word_1_235' title='bbox 3322 1744 3436 1798; x_wconf 83' lang='lat' dir='ltr'>sine</span> <span class='ocrx_word' id='word_1_236' title='bbox 3470 1759 3707 1797; x_wconf 86' lang='lat' dir='ltr'>murmu-</span> 
     </span>
    </p>
   </div>
   <div class='ocr_carea' id='block_1_33' title="bbox 437 1819 2010 1905">
    <p class='ocr_par' dir='ltr' id='par_1_33' title="bbox 437 1819 2010 1899">
     <span class='ocr_line' id='line_1_33' title="bbox 437 1819 2010 1899; baseline -0.006 -16"><span class='ocrx_word' id='word_1_237' title='bbox 437 1828 745 1899; x_wconf 76' lang='lat' dir='ltr'>pelluntur;</span> <span class='ocrx_word' id='word_1_238' title='bbox 773 1835 828 1883; x_wconf 89' lang='lat' dir='ltr'>et</span> <span class='ocrx_word' id='word_1_239' title='bbox 855 1841 885 1880; x_wconf 90' lang='lat' dir='ltr'>a</span> <span class='ocrx_word' id='word_1_240' title='bbox 929 1825 1191 1897; x_wconf 78' lang='lat' dir='ltr'>magistro</span> <span class='ocrx_word' id='word_1_241' title='bbox 1234 1824 1317 1878; x_wconf 90' lang='lat' dir='ltr'>eis</span> <span class='ocrx_word' id='word_1_242' title='bbox 1343 1822 1475 1893; x_wconf 88' lang='lat' dir='ltr'>quid</span> <span class='ocrx_word' id='word_1_243' title='bbox 1511 1836 1674 1892; x_wconf 83' lang='lat' dir='ltr'>agere</span> <span class='ocrx_word' id='word_1_244' title='bbox 1708 1828 1804 1875; x_wconf 90' lang='lat' dir='ltr'>aut</span> <span class='ocrx_word' id='word_1_245' title='bbox 1841 1819 2010 1875; x_wconf 73' lang='lat' dir='ltr'>facere</span> 
     </span>
    </p>
   </div>
   <div class='ocr_carea' id='block_1_34' title="bbox 2115 1819 3711 1905">
    <p class='ocr_par' dir='ltr' id='par_1_34' title="bbox 2126 1829 3711 1905">
     <span class='ocr_line' id='line_1_34' title="bbox 2126 1829 3711 1905; baseline -0.003 -15"><span class='ocrx_word' id='word_1_246' title='bbox 2126 1835 2327 1890; x_wconf 84' lang='lat' dir='ltr'>ratione</span> <span class='ocrx_word' id='word_1_247' title='bbox 2349 1844 2396 1890; x_wconf 89' lang='lat' dir='ltr'>et</span> <span class='ocrx_word' id='word_1_248' title='bbox 2429 1832 2846 1889; x_wconf 68' lang='lat' dir='ltr'>haesitationibus</span> <span class='ocrx_word' id='word_1_249' title='bbox 2872 1829 3040 1905; x_wconf 84' lang='lat' dir='ltr'>(Phil.</span> <span class='ocrx_word' id='word_1_250' title='bbox 3072 1833 3136 1902; x_wconf 86' lang='grc' dir='ltr'>ι).</span> <span class='ocrx_word' id='word_1_251' title='bbox 3179 1831 3405 1887; x_wconf 81' lang='lat' dir='ltr'>Alienus</span> <span class='ocrx_word' id='word_1_252' title='bbox 3446 1835 3527 1889; x_wconf 76' lang='lat' dir='ltr'>sit</span> <span class='ocrx_word' id='word_1_253' title='bbox 3548 1847 3581 1886; x_wconf 88' lang='lat' dir='ltr'>a</span> <span class='ocrx_word' id='word_1_254' title='bbox 3606 1831 3711 1886; x_wconf 83' lang='lat' dir='ltr'>fra-</span> 
     </span>
    </p>
   </div>
   <div class='ocr_carea' id='block_1_35' title="bbox 437 1908 2020 1987">
    <p class='ocr_par' dir='ltr' id='par_1_35' title="bbox 437 1908 2020 1987">
     <span class='ocr_line' id='line_1_35' title="bbox 437 1908 2020 1987; baseline -0.006 -15"><span class='ocrx_word' id='word_1_255' title='bbox 437 1919 707 1974; x_wconf 89' lang='lat' dir='ltr'>voluerint</span> <span class='ocrx_word' id='word_1_256' title='bbox 753 1917 1069 1987; x_wconf 80' lang='lat' dir='ltr'>denegatur.</span> <span class='ocrx_word' id='word_1_257' title='bbox 1098 1926 1125 1954; x_wconf 80' lang='grc' dir='ltr'>ι</span> <span class='ocrx_word' id='word_1_258' title='bbox 1151 1913 1495 1968; x_wconf 85' lang='lat' dir='ltr'>Amaricatur</span> <span class='ocrx_word' id='word_1_259' title='bbox 1545 1910 1787 1981; x_wconf 86' lang='lat' dir='ltr'>quotidie</span> <span class='ocrx_word' id='word_1_260' title='bbox 1831 1908 2020 1965; x_wconf 88' lang='lat' dir='ltr'>volun-</span> 
     </span>
    </p>
   </div>
   <div class='ocr_carea' id='block_1_36' title="bbox 437 1999 2021 2072">
    <p class='ocr_par' dir='ltr' id='par_1_36' title="bbox 437 1999 2021 2072">
     <span class='ocr_line' id='line_1_36' title="bbox 437 1999 2021 2072; baseline -0.006 -10"><span class='ocrx_word' id='word_1_261' title='bbox 437 2008 534 2062; x_wconf 86' lang='lat' dir='ltr'>tati</span> <span class='ocrx_word' id='word_1_262' title='bbox 560 2022 749 2063; x_wconf 90' lang='lat' dir='ltr'>eorum</span> <span class='ocrx_word' id='word_1_263' title='bbox 780 2006 834 2060; x_wconf 92' lang='lat' dir='ltr'>in</span> <span class='ocrx_word' id='word_1_264' title='bbox 861 2002 1194 2059; x_wconf 87' lang='lat' dir='ltr'>monasterio</span> <span class='ocrx_word' id='word_1_265' title='bbox 1218 2015 1320 2072; x_wconf 91' lang='lat' dir='ltr'>pro</span> <span class='ocrx_word' id='word_1_266' title='bbox 1363 2000 1612 2066; x_wconf 90' lang='lat' dir='ltr'>Domino,</span> <span class='ocrx_word' id='word_1_267' title='bbox 1643 2008 1700 2055; x_wconf 90' lang='lat' dir='ltr'>et</span> <span class='ocrx_word' id='word_1_268' title='bbox 1733 1999 1799 2053; x_wconf 90' lang='lat' dir='ltr'>ad</span> <span class='ocrx_word' id='word_1_269' title='bbox 1825 1999 2021 2069; x_wconf 88' lang='lat' dir='ltr'>proba-</span> 
     </span>
    </p>
   </div>
   <div class='ocr_carea' id='block_1_37' title="bbox 437 2091 2018 2170">
    <p class='ocr_par' dir='ltr' id='par_1_37' title="bbox 437 2091 2018 2170">
     <span class='ocr_line' id='line_1_37' title="bbox 437 2091 2018 2170; baseline -0.006 -15"><span class='ocrx_word' id='word_1_270' title='bbox 437 2102 638 2155; x_wconf 89' lang='lat' dir='ltr'>tionem</span> <span class='ocrx_word' id='word_1_271' title='bbox 668 2113 894 2170; x_wconf 72' lang='lat' dir='ltr'>qumque</span> <span class='ocrx_word' id='word_1_272' title='bbox 922 2095 1160 2165; x_wconf 76' lang='lat' dir='ltr'>iniuncta</span> <span class='ocrx_word' id='word_1_273' title='bbox 1186 2092 1405 2158; x_wconf 82' lang='lat' dir='ltr'>fuerint,</span> <span class='ocrx_word' id='word_1_274' title='bbox 1437 2092 1707 2148; x_wconf 87' lang='lat' dir='ltr'>sustinent</span> <span class='ocrx_word' id='word_1_275' title='bbox 1731 2091 1759 2131; x_wconf 68' lang='grc' dir='ltr'>ι’</span> <span class='ocrx_word' id='word_1_276' title='bbox 1790 2091 1934 2146; x_wconf 91' lang='lat' dir='ltr'>velut</span> <span class='ocrx_word' id='word_1_277' title='bbox 1963 2091 2018 2146; x_wconf 89' lang='lat' dir='ltr'>in</span> 
     </span>
    </p>
   </div>
   <div class='ocr_carea' id='block_1_38' title="bbox 436 2183 2017 2263">
    <p class='ocr_par' dir='ltr' id='par_1_38' title="bbox 436 2183 2017 2263">
     <span class='ocr_line' id='line_1_38' title="bbox 436 2183 2017 2263; baseline -0.005 -19"><span class='ocrx_word' id='word_1_278' title='bbox 436 2191 696 2263; x_wconf 80' lang='lat' dir='ltr'>martyrio</span> <span class='ocrx_word' id='word_1_279' title='bbox 735 2190 1025 2261; x_wconf 88' lang='lat' dir='ltr'>patienter,</span> <span class='ocrx_word' id='word_1_280' title='bbox 1072 2187 1191 2243; x_wconf 89' lang='lat' dir='ltr'>sine</span> <span class='ocrx_word' id='word_1_281' title='bbox 1234 2185 1397 2241; x_wconf 86' lang='lat' dir='ltr'>dubio</span> <span class='ocrx_word' id='word_1_282' title='bbox 1440 2185 1572 2239; x_wconf 91' lang='lat' dir='ltr'>illud</span> <span class='ocrx_word' id='word_1_283' title='bbox 1616 2183 1845 2238; x_wconf 91' lang='lat' dir='ltr'>Domino</span> <span class='ocrx_word' id='word_1_284' title='bbox 1892 2198 2017 2238; x_wconf 90' lang='lat' dir='ltr'>cum</span> 
     </span>
    </p>
   </div>
   <div class='ocr_carea' id='block_1_39' title="bbox 435 2275 2016 2353">
    <p class='ocr_par' dir='ltr' id='par_1_39' title="bbox 435 2275 2016 2353">
     <span class='ocr_line' id='line_1_39' title="bbox 435 2275 2016 2353; baseline -0.005 -17"><span class='ocrx_word' id='word_1_285' title='bbox 435 2283 702 2353; x_wconf 81' lang='lat' dir='ltr'>Propheta</span> <span class='ocrx_word' id='word_1_286' title='bbox 739 2279 937 2337; x_wconf 89' lang='lat' dir='ltr'>dicturi</span> <span class='ocrx_word' id='word_1_287' title='bbox 971 2297 984 2334; x_wconf 89' lang='lat'><strong>:</strong></span> <span class='ocrx_word' id='word_1_288' title='bbox 1027 2276 1252 2350; x_wconf 84' lang='lat' dir='ltr'>Propter</span> <span class='ocrx_word' id='word_1_289' title='bbox 1298 2286 1347 2331; x_wconf 86' lang='lat' dir='ltr'>te</span> <span class='ocrx_word' id='word_1_290' title='bbox 1387 2285 1553 2331; x_wconf 86' lang='lat' dir='ltr'>morte</span> <span class='ocrx_word' id='word_1_291' title='bbox 1599 2275 1859 2345; x_wconf 69' lang='lat' dir='ltr'>aﬂicimur</span> <span class='ocrx_word' id='word_1_292' title='bbox 1906 2282 2016 2328; x_wconf 89' lang='lat' dir='ltr'>tota</span> 
     </span>
    </p>
   </div>
   <div class='ocr_carea' id='block_1_40' title="bbox 432 2366 2013 2440">
    <p class='ocr_par' dir='ltr' id='par_1_40' title="bbox 432 2366 2013 2440">
     <span class='ocr_line' id='line_1_40' title="bbox 432 2366 2013 2440; baseline -0.004 -12"><span class='ocrx_word' id='word_1_293' title='bbox 432 2376 535 2436; x_wconf 74' lang='lat' dir='ltr'>die.</span> <span class='ocrx_word' id='word_1_294' title='bbox 565 2373 815 2429; x_wconf 67' lang='lat' dir='ltr'>(estimati</span> <span class='ocrx_word' id='word_1_295' title='bbox 858 2388 1039 2427; x_wconf 88' lang='lat' dir='ltr'>sumus</span> <span class='ocrx_word' id='word_1_296' title='bbox 1067 2380 1124 2425; x_wconf 89' lang='lat' dir='ltr'>ut</span> <span class='ocrx_word' id='word_1_297' title='bbox 1168 2386 1283 2425; x_wconf 77' lang='lat' dir='ltr'>oves</span> <span class='ocrx_word' id='word_1_298' title='bbox 1324 2369 1599 2424; x_wconf 73' lang='lat' dir='ltr'>occisionis</span> <span class='ocrx_word' id='word_1_299' title='bbox 1633 2366 1804 2440; x_wconf 89' lang='lat' dir='ltr'>(Psal.</span> <span class='ocrx_word' id='word_1_300' title='bbox 1834 2368 2013 2439; x_wconf 71' lang='grc' dir='ltr'>ιιιιι).</span> 
     </span>
    </p>
   </div>
   <div class='ocr_carea' id='block_1_41' title="bbox 432 2458 2016 2532">
    <p class='ocr_par' dir='ltr' id='par_1_41' title="bbox 432 2458 2016 2532">
     <span class='ocr_line' id='line_1_41' title="bbox 432 2458 2016 2532; baseline -0.003 -13"><span class='ocrx_word' id='word_1_301' title='bbox 432 2467 499 2520; x_wconf 75' lang='lat' dir='ltr'>Et</span> <span class='ocrx_word' id='word_1_302' title='bbox 528 2466 662 2520; x_wconf 86' lang='lat' dir='ltr'>item</span> <span class='ocrx_word' id='word_1_303' title='bbox 690 2464 886 2520; x_wconf 88' lang='lat' dir='ltr'>dicturi</span> <span class='ocrx_word' id='word_1_304' title='bbox 928 2471 1113 2532; x_wconf 87' lang='lat' dir='ltr'>postea</span> <span class='ocrx_word' id='word_1_305' title='bbox 1142 2463 1194 2516; x_wconf 93' lang='lat' dir='ltr'>in</span> <span class='ocrx_word' id='word_1_306' title='bbox 1218 2460 1431 2530; x_wconf 74' lang='lat' dir='ltr'>judicio</span> <span class='ocrx_word' id='word_1_307' title='bbox 1459 2460 1690 2516; x_wconf 91' lang='lat' dir='ltr'>Domino</span> <span class='ocrx_word' id='word_1_308' title='bbox 1715 2478 1728 2514; x_wconf 93' lang='lat'><strong>:</strong></span> <span class='ocrx_word' id='word_1_309' title='bbox 1768 2458 2016 2515; x_wconf 84' lang='lat' dir='ltr'>Probasti</span> 
     </span>
    </p>
   </div>
   <div class='ocr_carea' id='block_1_42' title="bbox 431 2551 2017 2625">
    <p class='ocr_par' dir='ltr' id='par_1_42' title="bbox 431 2551 2017 2625">
     <span class='ocr_line' id='line_1_42' title="bbox 431 2551 2017 2625; baseline -0.004 -14"><span class='ocrx_word' id='word_1_310' title='bbox 431 2574 545 2622; x_wconf 82' lang='lat' dir='ltr'>nos,</span> <span class='ocrx_word' id='word_1_311' title='bbox 590 2556 752 2621; x_wconf 83' lang='lat' dir='ltr'>Deus,</span> <span class='ocrx_word' id='word_1_312' title='bbox 798 2556 917 2625; x_wconf 88' lang='lat' dir='ltr'>igne</span> <span class='ocrx_word' id='word_1_313' title='bbox 980 2572 1073 2609; x_wconf 82' lang='lat' dir='ltr'>nos</span> <span class='ocrx_word' id='word_1_314' title='bbox 1118 2553 1465 2619; x_wconf 75' lang='lat' dir='ltr'>examinasti,</span> <span class='ocrx_word' id='word_1_315' title='bbox 1509 2553 1643 2608; x_wconf 80' lang='lat' dir='ltr'>sicut</span> <span class='ocrx_word' id='word_1_316' title='bbox 1683 2551 2017 2606; x_wconf 66' lang='lat' dir='ltr'>examinati&quot;</span> 
     </span>
    </p>
   </div>
   <div class='ocr_carea' id='block_1_43' title="bbox 428 2641 2015 2718">
    <p class='ocr_par' dir='ltr' id='par_1_43' title="bbox 428 2641 2015 2718">
     <span class='ocr_line' id='line_1_43' title="bbox 428 2641 2015 2718; baseline -0.003 -16"><span class='ocrx_word' id='word_1_317' title='bbox 428 2659 734 2718; x_wconf 74' lang='lat' dir='ltr'>argentum;</span> <span class='ocrx_word' id='word_1_318' title='bbox 762 2647 1019 2701; x_wconf 67' lang='lat' dir='ltr'>induxisti</span> <span class='ocrx_word' id='word_1_319' title='bbox 1050 2664 1143 2700; x_wconf 86' lang='lat' dir='ltr'>nos</span> <span class='ocrx_word' id='word_1_320' title='bbox 1188 2647 1244 2700; x_wconf 89' lang='lat' dir='ltr'>in</span> <span class='ocrx_word' id='word_1_321' title='bbox 1275 2644 1553 2716; x_wconf 84' lang='lat' dir='ltr'>laqueum;</span> <span class='ocrx_word' id='word_1_322' title='bbox 1594 2644 1815 2714; x_wconf 78' lang='lat' dir='ltr'>posuisti</span> <span class='ocrx_word' id='word_1_323' title='bbox 1843 2641 2015 2697; x_wconf 81' lang='lat' dir='ltr'>tribu-</span> 
     </span>
    </p>
   </div>
   <div class='ocr_carea' id='block_1_44' title="bbox 428 2734 2017 2806">
    <p class='ocr_par' dir='ltr' id='par_1_44' title="bbox 428 2734 2017 2806">
     <span class='ocr_line' id='line_1_44' title="bbox 428 2734 2017 2806; baseline -0.003 -15"><span class='ocrx_word' id='word_1_324' title='bbox 428 2739 647 2793; x_wconf 83' lang='lat' dir='ltr'>lationes</span> <span class='ocrx_word' id='word_1_325' title='bbox 695 2740 748 2793; x_wconf 88' lang='lat' dir='ltr'>in</span> <span class='ocrx_word' id='word_1_326' title='bbox 794 2738 951 2793; x_wconf 77' lang='lat' dir='ltr'>dorso</span> <span class='ocrx_word' id='word_1_327' title='bbox 997 2746 1196 2801; x_wconf 79' lang='lat' dir='ltr'>nostro,</span> <span class='ocrx_word' id='word_1_328' title='bbox 1240 2735 1533 2806; x_wconf 78' lang='lat' dir='ltr'>imposuisti</span> <span class='ocrx_word' id='word_1_329' title='bbox 1573 2734 1808 2789; x_wconf 78' lang='lat' dir='ltr'>homines</span> <span class='ocrx_word' id='word_1_330' title='bbox 1859 2749 2017 2804; x_wconf 85' lang='lat' dir='ltr'>super</span> 
     </span>
    </p>
   </div>
   <div class='ocr_carea' id='block_1_45' title="bbox 426 2823 2014 2899">
    <p class='ocr_par' dir='ltr' id='par_1_45' title="bbox 426 2823 2014 2899">
     <span class='ocr_line' id='line_1_45' title="bbox 426 2823 2014 2899; baseline -0.004 -16"><span class='ocrx_word' id='word_1_331' title='bbox 426 2831 604 2899; x_wconf 85' lang='lat' dir='ltr'>capita</span> <span class='ocrx_word' id='word_1_332' title='bbox 628 2841 825 2883; x_wconf 85' lang='lat' dir='ltr'>nostra.</span> <span class='ocrx_word' id='word_1_333' title='bbox 852 2828 986 2883; x_wconf 90' lang='lat' dir='ltr'>Cum</span> <span class='ocrx_word' id='word_1_334' title='bbox 1014 2842 1144 2897; x_wconf 77' lang='lat' dir='ltr'>ergo</span> <span class='ocrx_word' id='word_1_335' title='bbox 1172 2826 1355 2882; x_wconf 88' lang='lat' dir='ltr'>dicent</span> <span class='ocrx_word' id='word_1_336' title='bbox 1380 2844 1394 2879; x_wconf 91' lang='lat'><strong>:</strong></span> <span class='ocrx_word' id='word_1_337' title='bbox 1428 2823 1736 2896; x_wconf 87' lang='lat' dir='ltr'>Imposuisti</span> <span class='ocrx_word' id='word_1_338' title='bbox 1776 2823 2014 2878; x_wconf 79' lang='lat' dir='ltr'>homines</span> 
     </span>
    </p>
   </div>
   <div class='ocr_carea' id='block_1_46' title="bbox 425 2916 2015 2990">
    <p class='ocr_par' dir='ltr' id='par_1_46' title="bbox 425 2916 2015 2990">
     <span class='ocr_line' id='line_1_46' title="bbox 425 2916 2015 2990; baseline -0.001 -16"><span class='ocrx_word' id='word_1_339' title='bbox 425 2936 585 2990; x_wconf 80' lang='lat' dir='ltr'>super</span> <span class='ocrx_word' id='word_1_340' title='bbox 627 2920 799 2990; x_wconf 83' lang='lat' dir='ltr'>capita</span> <span class='ocrx_word' id='word_1_341' title='bbox 828 2929 1031 2983; x_wconf 84' lang='lat' dir='ltr'>nostra,</span> <span class='ocrx_word' id='word_1_342' title='bbox 1059 2925 1361 2973; x_wconf 89' lang='lat' dir='ltr'>noscuntur</span> <span class='ocrx_word' id='word_1_343' title='bbox 1399 2916 1603 2972; x_wconf 84' lang='lat' dir='ltr'>habere</span> <span class='ocrx_word' id='word_1_344' title='bbox 1640 2931 1802 2985; x_wconf 89' lang='lat' dir='ltr'>super</span> <span class='ocrx_word' id='word_1_345' title='bbox 1833 2931 1893 2970; x_wconf 90' lang='lat' dir='ltr'>se</span> <span class='ocrx_word' id='word_1_346' title='bbox 1919 2916 2015 2972; x_wconf 87' lang='lat' dir='ltr'>de-</span> 
     </span>
    </p>
   </div>
   <div class='ocr_carea' id='block_1_47' title="bbox 427 3007 2011 3077">
    <p class='ocr_par' dir='ltr' id='par_1_47' title="bbox 427 3007 2011 3077">
     <span class='ocr_line' id='line_1_47' title="bbox 427 3007 2011 3077; baseline 0 -14"><span class='ocrx_word' id='word_1_347' title='bbox 427 3010 556 3065; x_wconf 85' lang='lat' dir='ltr'>bere</span> <span class='ocrx_word' id='word_1_348' title='bbox 582 3008 835 3077; x_wconf 83' lang='lat' dir='ltr'>Majorem</span> <span class='ocrx_word' id='word_1_349' title='bbox 858 3009 1211 3064; x_wconf 89' lang='lat' dir='ltr'>constitutum</span> <span class='ocrx_word' id='word_1_350' title='bbox 1235 3008 1353 3063; x_wconf 87' lang='lat' dir='ltr'>vice</span> <span class='ocrx_word' id='word_1_351' title='bbox 1377 3008 1490 3062; x_wconf 79' lang='lat' dir='ltr'>Dei.</span> <span class='ocrx_word' id='word_1_352' title='bbox 1520 3007 1585 3061; x_wconf 90' lang='lat' dir='ltr'>Et</span> <span class='ocrx_word' id='word_1_353' title='bbox 1613 3007 2011 3076; x_wconf 89' lang='lat' dir='ltr'>subsequentes</span> 
     </span>
    </p>
   </div>
   <div class='ocr_carea' id='block_1_48' title="bbox 427 3096 2010 3154">
    <p class='ocr_par' dir='ltr' id='par_1_48' title="bbox 427 3096 2010 3154">
     <span class='ocr_line' id='line_1_48' title="bbox 427 3096 2010 3154; baseline -0.001 -1"><span class='ocrx_word' id='word_1_354' title='bbox 427 3098 798 3153; x_wconf 87' lang='lat' dir='ltr'>testimonium</span> <span class='ocrx_word' id='word_1_355' title='bbox 843 3099 1231 3154; x_wconf 84' lang='lat' dir='ltr'>convenienter</span> <span class='ocrx_word' id='word_1_356' title='bbox 1275 3099 1402 3152; x_wconf 90' lang='lat' dir='ltr'>item</span> <span class='ocrx_word' id='word_1_357' title='bbox 1451 3096 1680 3152; x_wconf 90' lang='lat' dir='ltr'>Domino</span> <span class='ocrx_word' id='word_1_358' title='bbox 1729 3097 1913 3152; x_wconf 90' lang='lat' dir='ltr'>dicent</span> <span class='ocrx_word' id='word_1_359' title='bbox 1954 3098 2010 3153; x_wconf 93' lang='lat' dir='ltr'>in</span> 
     </span>
    </p>
   </div>
   <div class='ocr_carea' id='block_1_49' title="bbox 426 3171 2080 3260">
    <p class='ocr_par' dir='ltr' id='par_1_49' title="bbox 426 3171 2080 3260">
     <span class='ocr_line' id='line_1_49' title="bbox 426 3171 2080 3260; baseline -0.001 -16"><span class='ocrx_word' id='word_1_360' title='bbox 426 3189 519 3244; x_wconf 86' lang='lat' dir='ltr'>illo</span> <span class='ocrx_word' id='word_1_361' title='bbox 546 3189 658 3260; x_wconf 83' lang='lat' dir='ltr'>jam</span> <span class='ocrx_word' id='word_1_362' title='bbox 703 3188 938 3245; x_wconf 66' lang='lat' dir='ltr'>sarculo:</span> <span class='ocrx_word' id='word_1_363' title='bbox 970 3188 1328 3243; x_wconf 83' lang='lat' dir='ltr'>Transivimus</span> <span class='ocrx_word' id='word_1_364' title='bbox 1368 3203 1460 3256; x_wconf 87' lang='lat' dir='ltr'>per</span> <span class='ocrx_word' id='word_1_365' title='bbox 1498 3188 1668 3257; x_wconf 82' lang='lat' dir='ltr'>ignem</span> <span class='ocrx_word' id='word_1_366' title='bbox 1706 3196 1755 3240; x_wconf 90' lang='lat' dir='ltr'>et</span> <span class='ocrx_word' id='word_1_367' title='bbox 1786 3203 2002 3258; x_wconf 84' lang='lat' dir='ltr'>aquam,</span> <span class='ocrx_word' id='word_1_368' title='bbox 2035 3171 2080 3234; x_wconf 83' lang='lat' dir='ltr'>C</span> 
     </span>
    </p>
   </div>
   <div class='ocr_carea' id='block_1_50' title="bbox 424 3279 2005 3351">
    <p class='ocr_par' dir='ltr' id='par_1_50' title="bbox 424 3279 2005 3351">
     <span class='ocr_line' id='line_1_50' title="bbox 424 3279 2005 3351; baseline 0.001 -17"><span class='ocrx_word' id='word_1_369' title='bbox 424 3292 472 3334; x_wconf 80' lang='lat' dir='ltr'>et</span> <span class='ocrx_word' id='word_1_370' title='bbox 508 3281 761 3336; x_wconf 80' lang='lat' dir='ltr'>induxisti</span> <span class='ocrx_word' id='word_1_371' title='bbox 790 3297 885 3336; x_wconf 86' lang='lat' dir='ltr'>nos</span> <span class='ocrx_word' id='word_1_372' title='bbox 910 3281 965 3335; x_wconf 89' lang='lat' dir='ltr'>in</span> <span class='ocrx_word' id='word_1_373' title='bbox 991 3279 1341 3351; x_wconf 80' lang='lat' dir='ltr'>refrigerium.</span> <span class='ocrx_word' id='word_1_374' title='bbox 1370 3279 1484 3334; x_wconf 87' lang='lat' dir='ltr'>Hoc</span> <span class='ocrx_word' id='word_1_375' title='bbox 1509 3286 1616 3345; x_wconf 88' lang='lat' dir='ltr'>est,</span> <span class='ocrx_word' id='word_1_376' title='bbox 1654 3280 2005 3335; x_wconf 80' lang='lat' dir='ltr'>transivimus</span> 
     </span>
    </p>
   </div>
   <div class='ocr_carea' id='block_1_51' title="bbox 426 3370 2005 3440">
    <p class='ocr_par' dir='ltr' id='par_1_51' title="bbox 426 3370 2005 3440">
     <span class='ocr_line' id='line_1_51' title="bbox 426 3370 2005 3440; baseline -0.001 -16"><span class='ocrx_word' id='word_1_377' title='bbox 426 3387 522 3440; x_wconf 80' lang='lat' dir='ltr'>per</span> <span class='ocrx_word' id='word_1_378' title='bbox 550 3383 571 3409; x_wconf 75' lang='grc' dir='ltr'><strong>ο</strong></span> <span class='ocrx_word' id='word_1_379' title='bbox 603 3370 1022 3425; x_wconf 84' lang='lat' dir='ltr'>amaricationes</span> <span class='ocrx_word' id='word_1_380' title='bbox 1051 3370 1385 3439; x_wconf 85' lang='lat' dir='ltr'>voluptatum</span> <span class='ocrx_word' id='word_1_381' title='bbox 1431 3376 1768 3432; x_wconf 90' lang='lat' dir='ltr'>nostrarum,</span> <span class='ocrx_word' id='word_1_382' title='bbox 1809 3377 1864 3423; x_wconf 91' lang='lat' dir='ltr'>et</span> <span class='ocrx_word' id='word_1_383' title='bbox 1889 3382 2005 3424; x_wconf 89' lang='lat' dir='ltr'>ser-</span> 
     </span>
    </p>
   </div>
   <div class='ocr_carea' id='block_1_52' title="bbox 426 3461 2005 3533">
    <p class='ocr_par' dir='ltr' id='par_1_52' title="bbox 426 3461 2005 3533">
     <span class='ocr_line' id='line_1_52' title="bbox 426 3461 2005 3533; baseline 0.002 -20"><span class='ocrx_word' id='word_1_384' title='bbox 426 3463 554 3517; x_wconf 71' lang='lat' dir='ltr'>vitio</span> <span class='ocrx_word' id='word_1_385' title='bbox 580 3463 901 3518; x_wconf 75' lang='lat' dir='ltr'>obedientite</span> <span class='ocrx_word' id='word_1_386' title='bbox 923 3463 1266 3533; x_wconf 84' lang='lat' dir='ltr'>pervenimus</span> <span class='ocrx_word' id='word_1_387' title='bbox 1294 3463 1362 3517; x_wconf 86' lang='lat' dir='ltr'>ad</span> <span class='ocrx_word' id='word_1_388' title='bbox 1391 3470 1494 3516; x_wconf 74' lang='lat' dir='ltr'>tum</span> <span class='ocrx_word' id='word_1_389' title='bbox 1518 3461 1857 3531; x_wconf 79' lang='lat' dir='ltr'>refrigerium</span> <span class='ocrx_word' id='word_1_390' title='bbox 1892 3463 2005 3531; x_wconf 90' lang='lat' dir='ltr'>pie-</span> 
     </span>
    </p>
   </div>
   <div class='ocr_carea' id='block_1_53' title="bbox 427 3553 2005 3625">
    <p class='ocr_par' dir='ltr' id='par_1_53' title="bbox 427 3553 2005 3625">
     <span class='ocr_line' id='line_1_53' title="bbox 427 3553 2005 3625; baseline 0 -16"><span class='ocrx_word' id='word_1_391' title='bbox 427 3556 571 3611; x_wconf 80' lang='lat' dir='ltr'>tatis.</span> <span class='ocrx_word' id='word_1_392' title='bbox 606 3554 711 3610; x_wconf 84' lang='lat' dir='ltr'>Sed</span> <span class='ocrx_word' id='word_1_393' title='bbox 738 3556 854 3610; x_wconf 71' lang='lat' dir='ltr'>luce</span> <span class='ocrx_word' id='word_1_394' title='bbox 883 3556 997 3625; x_wconf 85' lang='lat' dir='ltr'>ipsa</span> <span class='ocrx_word' id='word_1_395' title='bbox 1024 3553 1328 3610; x_wconf 86' lang='lat' dir='ltr'>obedientia</span> <span class='ocrx_word' id='word_1_396' title='bbox 1357 3561 1484 3609; x_wconf 87' lang='lat' dir='ltr'>tunc</span> <span class='ocrx_word' id='word_1_397' title='bbox 1509 3554 1858 3623; x_wconf 86' lang='lat' dir='ltr'>acceptabilis</span> <span class='ocrx_word' id='word_1_398' title='bbox 1899 3554 2005 3609; x_wconf 91' lang='lat' dir='ltr'>erit</span> 
     </span>
    </p>
   </div>
   <div class='ocr_carea' id='block_1_54' title="bbox 424 3643 2007 3715">
    <p class='ocr_par' dir='ltr' id='par_1_54' title="bbox 424 3643 2007 3715">
     <span class='ocr_line' id='line_1_54' title="bbox 424 3643 2007 3715; baseline 0.001 -15"><span class='ocrx_word' id='word_1_399' title='bbox 424 3647 554 3712; x_wconf 89' lang='lat' dir='ltr'>Deo,</span> <span class='ocrx_word' id='word_1_400' title='bbox 588 3656 642 3701; x_wconf 87' lang='lat' dir='ltr'>et</span> <span class='ocrx_word' id='word_1_401' title='bbox 670 3647 841 3701; x_wconf 70' lang='lat' dir='ltr'>dulcis</span> <span class='ocrx_word' id='word_1_402' title='bbox 870 3647 1198 3711; x_wconf 76' lang='lat' dir='ltr'>hominibus,</span> <span class='ocrx_word' id='word_1_403' title='bbox 1227 3646 1271 3700; x_wconf 89' lang='lat' dir='ltr'>si</span> <span class='ocrx_word' id='word_1_404' title='bbox 1301 3645 1445 3715; x_wconf 87' lang='lat' dir='ltr'>quod</span> <span class='ocrx_word' id='word_1_405' title='bbox 1473 3643 1716 3714; x_wconf 85' lang='lat' dir='ltr'>jubetur,</span> <span class='ocrx_word' id='word_1_406' title='bbox 1747 3660 1854 3700; x_wconf 89' lang='lat' dir='ltr'>non</span> <span class='ocrx_word' id='word_1_407' title='bbox 1899 3653 2007 3701; x_wconf 82' lang='lat' dir='ltr'>tre-</span> 
     </span>
    </p>
   </div>
   <div class='ocr_carea' id='block_1_55' title="bbox 423 3737 2005 3809">
    <p class='ocr_par' dir='ltr' id='par_1_55' title="bbox 423 3737 2005 3809">
     <span class='ocr_line' id='line_1_55' title="bbox 423 3737 2005 3809; baseline 0.001 -17"><span class='ocrx_word' id='word_1_408' title='bbox 423 3739 565 3805; x_wconf 90' lang='lat' dir='ltr'>pide,</span> <span class='ocrx_word' id='word_1_409' title='bbox 609 3753 719 3794; x_wconf 92' lang='lat' dir='ltr'>non</span> <span class='ocrx_word' id='word_1_410' title='bbox 751 3738 948 3809; x_wconf 89' lang='lat' dir='ltr'>tepide,</span> <span class='ocrx_word' id='word_1_411' title='bbox 978 3754 1084 3794; x_wconf 90' lang='lat' dir='ltr'>non</span> <span class='ocrx_word' id='word_1_412' title='bbox 1116 3738 1288 3802; x_wconf 76' lang='lat' dir='ltr'>tarde,</span> <span class='ocrx_word' id='word_1_413' title='bbox 1316 3737 1401 3792; x_wconf 89' lang='lat' dir='ltr'>vel</span> <span class='ocrx_word' id='word_1_414' title='bbox 1426 3752 1549 3792; x_wconf 81' lang='lat' dir='ltr'>cum</span> <span class='ocrx_word' id='word_1_415' title='bbox 1577 3738 2005 3795; x_wconf 89' lang='lat' dir='ltr'>murmuratione</span> 
     </span>
    </p>
   </div>
   <div class='ocr_carea' id='block_1_56' title="bbox 423 3827 2005 3898">
    <p class='ocr_par' dir='ltr' id='par_1_56' title="bbox 423 3827 2005 3898">
     <span class='ocr_line' id='line_1_56' title="bbox 423 3827 2005 3898; baseline 0.001 -15"><span class='ocrx_word' id='word_1_416' title='bbox 423 3830 656 3885; x_wconf 90' lang='lat' dir='ltr'>nolentis</span> <span class='ocrx_word' id='word_1_417' title='bbox 699 3829 982 3885; x_wconf 81' lang='lat' dir='ltr'>etﬁciatur.</span> <span class='ocrx_word' id='word_1_418' title='bbox 1011 3830 1149 3896; x_wconf 88' lang='lat' dir='ltr'>Quia</span> <span class='ocrx_word' id='word_1_419' title='bbox 1191 3828 1517 3893; x_wconf 88' lang='lat' dir='ltr'>obedientia,</span> <span class='ocrx_word' id='word_1_420' title='bbox 1545 3844 1665 3898; x_wconf 65' lang='lat' dir='ltr'>quae</span> <span class='ocrx_word' id='word_1_421' title='bbox 1707 3827 2005 3898; x_wconf 87' lang='lat' dir='ltr'>majoribus</span> 
     </span>
    </p>
   </div>
   <div class='ocr_carea' id='block_1_57' title="bbox 423 3919 2002 3990">
    <p class='ocr_par' dir='ltr' id='par_1_57' title="bbox 423 3919 2002 3990">
     <span class='ocr_line' id='line_1_57' title="bbox 423 3919 2002 3990; baseline -0.001 -17"><span class='ocrx_word' id='word_1_422' title='bbox 423 3922 710 3990; x_wconf 59' lang='lat' dir='ltr'>praebetur,</span> <span class='ocrx_word' id='word_1_423' title='bbox 740 3923 851 3978; x_wconf 90' lang='lat' dir='ltr'>Deo</span> <span class='ocrx_word' id='word_1_424' title='bbox 886 3922 1065 3978; x_wconf 89' lang='lat' dir='ltr'>datur.</span> <span class='ocrx_word' id='word_1_425' title='bbox 1110 3920 1263 3975; x_wconf 86' lang='lat' dir='ltr'>Sicut</span> <span class='ocrx_word' id='word_1_426' title='bbox 1302 3920 1433 3974; x_wconf 89' lang='lat' dir='ltr'>dicit</span> <span class='ocrx_word' id='word_1_427' title='bbox 1477 3920 1737 3975; x_wconf 90' lang='lat' dir='ltr'>Dominus</span> <span class='ocrx_word' id='word_1_428' title='bbox 1770 3919 2002 3974; x_wconf 90' lang='lat' dir='ltr'>doctori-</span> 
     </span>
    </p>
   </div>
   <div class='ocr_carea' id='block_1_58' title="bbox 424 4009 2002 4083">
    <p class='ocr_par' dir='ltr' id='par_1_58' title="bbox 424 4009 2002 4083">
     <span class='ocr_line' id='line_1_58' title="bbox 424 4009 2002 4083; baseline -0.001 -15"><span class='ocrx_word' id='word_1_429' title='bbox 424 4021 523 4068; x_wconf 74' lang='lat' dir='ltr'>bus</span> <span class='ocrx_word' id='word_1_430' title='bbox 558 4012 709 4079; x_wconf 79' lang='lat' dir='ltr'>:Qui</span> <span class='ocrx_word' id='word_1_431' title='bbox 754 4030 841 4068; x_wconf 81' lang='lat' dir='ltr'>vos</span> <span class='ocrx_word' id='word_1_432' title='bbox 885 4013 1069 4080; x_wconf 85' lang='lat' dir='ltr'>audit,</span> <span class='ocrx_word' id='word_1_433' title='bbox 1106 4029 1186 4067; x_wconf 90' lang='lat' dir='ltr'>me</span> <span class='ocrx_word' id='word_1_434' title='bbox 1215 4010 1363 4066; x_wconf 86' lang='lat' dir='ltr'>audit</span> <span class='ocrx_word' id='word_1_435' title='bbox 1410 4009 1625 4083; x_wconf 81' lang='lat' dir='ltr'>(Matth.</span> <span class='ocrx_word' id='word_1_436' title='bbox 1653 4010 1731 4082; x_wconf 74' lang='grc' dir='ltr'>ι).</span> <span class='ocrx_word' id='word_1_437' title='bbox 1770 4010 1836 4065; x_wconf 84' lang='lat' dir='ltr'>Et</span> <span class='ocrx_word' id='word_1_438' title='bbox 1874 4010 2002 4067; x_wconf 85' lang='lat' dir='ltr'>alibi</span> 
     </span>
    </p>
   </div>
   <div class='ocr_carea' id='block_1_59' title="bbox 493 4165 2004 4235">
    <p class='ocr_par' dir='ltr' id='par_1_59' title="bbox 493 4165 2004 4235">
     <span class='ocr_line' id='line_1_59' title="bbox 493 4165 2004 4235; baseline 0.003 -17"><span class='ocrx_word' id='word_1_439' title='bbox 493 4177 518 4235; x_wconf 59' lang='lat'><strong>9</strong></span> <span class='ocrx_word' id='word_1_440' title='bbox 553 4165 888 4219; x_wconf 81' lang='lat' dir='ltr'>Amaricatur</span> <span class='ocrx_word' id='word_1_441' title='bbox 922 4166 1175 4222; x_wconf 84' lang='lat' dir='ltr'>voluntati</span> <span class='ocrx_word' id='word_1_442' title='bbox 1203 4183 1403 4221; x_wconf 86' lang='lat' dir='ltr'>eorum.</span> <span class='ocrx_word' id='word_1_443' title='bbox 1428 4166 1485 4221; x_wconf 89' lang='lat' dir='ltr'>Id</span> <span class='ocrx_word' id='word_1_444' title='bbox 1507 4175 1613 4235; x_wconf 89' lang='lat' dir='ltr'>est,</span> <span class='ocrx_word' id='word_1_445' title='bbox 1643 4167 2004 4224; x_wconf 84' lang='lat' dir='ltr'>mortificatur</span> 
     </span>
    </p>
   </div>
   <div class='ocr_carea' id='block_1_60' title="bbox 428 4234 908 4302">
    <p class='ocr_par' dir='ltr' id='par_1_60' title="bbox 428 4234 908 4302">
     <span class='ocr_line' id='line_1_60' title="bbox 428 4234 908 4302; baseline 0.01 -17"><span class='ocrx_word' id='word_1_446' title='bbox 428 4234 674 4289; x_wconf 78' lang='lat' dir='ltr'>voluntas</span> <span class='ocrx_word' id='word_1_447' title='bbox 700 4251 908 4302; x_wconf 76' lang='lat' dir='ltr'>eorum.</span> 
     </span>
    </p>
   </div>
   <div class='ocr_carea' id='block_1_61' title="bbox 492 4303 2004 4377">
    <p class='ocr_par' dir='ltr' id='par_1_61' title="bbox 492 4303 2004 4377">
     <span class='ocr_line' id='line_1_61' title="bbox 492 4303 2004 4377; baseline 0.003 -20"><span class='ocrx_word' id='word_1_448' title='bbox 492 4305 520 4377; x_wconf 49' lang='grc' dir='ltr'>ιι</span> <span class='ocrx_word' id='word_1_449' title='bbox 555 4303 706 4358; x_wconf 85' lang='lat' dir='ltr'>Velut</span> <span class='ocrx_word' id='word_1_450' title='bbox 742 4306 796 4358; x_wconf 87' lang='lat' dir='ltr'>in</span> <span class='ocrx_word' id='word_1_451' title='bbox 825 4306 1098 4377; x_wconf 75' lang='lat' dir='ltr'>martyrio.</span> <span class='ocrx_word' id='word_1_452' title='bbox 1123 4306 1437 4363; x_wconf 86' lang='lat' dir='ltr'>Obedientia</span> <span class='ocrx_word' id='word_1_453' title='bbox 1459 4315 1543 4362; x_wconf 89' lang='lat' dir='ltr'>est</span> <span class='ocrx_word' id='word_1_454' title='bbox 1567 4308 1835 4377; x_wconf 86' lang='lat' dir='ltr'>quoddam</span> <span class='ocrx_word' id='word_1_455' title='bbox 1867 4323 2004 4362; x_wconf 89' lang='lat' dir='ltr'>mar-</span> 
     </span>
    </p>
   </div>
   <div class='ocr_carea' id='block_1_62' title="bbox 422 4376 2003 4447">
    <p class='ocr_par' dir='ltr' id='par_1_62' title="bbox 422 4376 2003 4447">
     <span class='ocr_line' id='line_1_62' title="bbox 422 4376 2003 4447; baseline 0.004 -21"><span class='ocrx_word' id='word_1_456' title='bbox 422 4376 546 4443; x_wconf 72' lang='lat' dir='ltr'>tyrii</span> <span class='ocrx_word' id='word_1_457' title='bbox 596 4390 783 4447; x_wconf 80' lang='lat' dir='ltr'>genus.</span> <span class='ocrx_word' id='word_1_458' title='bbox 831 4376 907 4447; x_wconf 83' lang='lat' dir='ltr'>Ita</span> <span class='ocrx_word' id='word_1_459' title='bbox 949 4392 1070 4431; x_wconf 81' lang='lat' dir='ltr'>eam</span> <span class='ocrx_word' id='word_1_460' title='bbox 1104 4377 1336 4447; x_wconf 89' lang='lat' dir='ltr'>appellat</span> <span class='ocrx_word' id='word_1_461' title='bbox 1376 4376 1600 4431; x_wconf 78' lang='lat' dir='ltr'>sanctus</span> <span class='ocrx_word' id='word_1_462' title='bbox 1639 4377 2003 4434; x_wconf 89' lang='lat' dir='ltr'>Columbanus</span> 
     </span>
    </p>
   </div>
   <div class='ocr_carea' id='block_1_63' title="bbox 419 4446 2001 4514">
    <p class='ocr_par' dir='ltr' id='par_1_63' title="bbox 419 4446 2001 4514">
     <span class='ocr_line' id='line_1_63' title="bbox 419 4446 2001 4514; baseline 0.004 -17"><span class='ocrx_word' id='word_1_463' title='bbox 419 4447 596 4514; x_wconf 70' lang='lat' dir='ltr'>capite</span> <span class='ocrx_word' id='word_1_464' title='bbox 628 4446 815 4501; x_wconf 84' lang='lat' dir='ltr'>citato.</span> <span class='ocrx_word' id='word_1_465' title='bbox 844 4446 995 4501; x_wconf 87' lang='lat' dir='ltr'>Unde</span> <span class='ocrx_word' id='word_1_466' title='bbox 1036 4446 1254 4503; x_wconf 83' lang='lat' dir='ltr'>sanctus</span> <span class='ocrx_word' id='word_1_467' title='bbox 1290 4447 1591 4502; x_wconf 83' lang='lat' dir='ltr'>Antiochus</span> <span class='ocrx_word' id='word_1_468' title='bbox 1618 4448 1762 4501; x_wconf 90' lang='lat' dir='ltr'>hom.</span> <span class='ocrx_word' id='word_1_469' title='bbox 1795 4448 1901 4502; x_wconf 78' lang='lat'>59:</span> <span class='ocrx_word' id='word_1_470' title='bbox 1932 4451 2001 4504; x_wconf 83' lang='grc' dir='ltr'>Τὸ</span> 
     </span>
    </p>
   </div>
   <div class='ocr_carea' id='block_1_64' title="bbox 2124 1920 3709 1994">
    <p class='ocr_par' dir='ltr' id='par_1_64' title="bbox 2124 1920 3709 1994">
     <span class='ocr_line' id='line_1_64' title="bbox 2124 1920 3709 1994; baseline -0.002 -14"><span class='ocrx_word' id='word_1_471' title='bbox 2124 1934 2270 1991; x_wconf 75' lang='lat' dir='ltr'>trum</span> <span class='ocrx_word' id='word_1_472' title='bbox 2300 1925 2508 1980; x_wconf 88' lang='lat' dir='ltr'>unitate</span> <span class='ocrx_word' id='word_1_473' title='bbox 2549 1923 2641 1994; x_wconf 88' lang='lat' dir='ltr'>qui</span> <span class='ocrx_word' id='word_1_474' title='bbox 2666 1929 2989 1988; x_wconf 89' lang='lat' dir='ltr'>murmurat,</span> <span class='ocrx_word' id='word_1_475' title='bbox 3022 1931 3078 1978; x_wconf 89' lang='lat' dir='ltr'>et</span> <span class='ocrx_word' id='word_1_476' title='bbox 3118 1933 3141 1962; x_wconf 76' lang='grc' dir='ltr'><strong>ο</strong></span> <span class='ocrx_word' id='word_1_477' title='bbox 3174 1937 3310 1992; x_wconf 90' lang='lat' dir='ltr'>opus</span> <span class='ocrx_word' id='word_1_478' title='bbox 3337 1920 3455 1991; x_wconf 84' lang='lat' dir='ltr'>ejus</span> <span class='ocrx_word' id='word_1_479' title='bbox 3490 1922 3709 1994; x_wconf 80' lang='lat' dir='ltr'>abjicia-</span> 
     </span>
    </p>
   </div>
   <div class='ocr_carea' id='block_1_65' title="bbox 2124 2013 3711 2084">
    <p class='ocr_par' dir='ltr' id='par_1_65' title="bbox 2124 2013 3711 2084">
     <span class='ocr_line' id='line_1_65' title="bbox 2124 2013 3711 2084; baseline -0.001 -13"><span class='ocrx_word' id='word_1_480' title='bbox 2124 2024 2232 2071; x_wconf 90' lang='lat' dir='ltr'>tur.</span> <span class='ocrx_word' id='word_1_481' title='bbox 2284 2015 2625 2072; x_wconf 83' lang='lat' dir='ltr'>Manifestum</span> <span class='ocrx_word' id='word_1_482' title='bbox 2653 2022 2738 2070; x_wconf 87' lang='lat' dir='ltr'>est</span> <span class='ocrx_word' id='word_1_483' title='bbox 2782 2014 2886 2071; x_wconf 89' lang='lat' dir='ltr'>iste</span> <span class='ocrx_word' id='word_1_484' title='bbox 2904 2014 3081 2084; x_wconf 85' lang='lat' dir='ltr'>qualis</span> <span class='ocrx_word' id='word_1_485' title='bbox 3103 2021 3204 2077; x_wconf 91' lang='lat' dir='ltr'>est,</span> <span class='ocrx_word' id='word_1_486' title='bbox 3235 2013 3362 2083; x_wconf 90' lang='lat' dir='ltr'>quia</span> <span class='ocrx_word' id='word_1_487' title='bbox 3391 2014 3711 2070; x_wconf 73' lang='lat' dir='ltr'>inﬁdelitate</span> 
     </span>
    </p>
   </div>
   <div class='ocr_carea' id='block_1_66' title="bbox 2120 2105 3676 2178">
    <p class='ocr_par' dir='ltr' id='par_1_66' title="bbox 2120 2105 3676 2178">
     <span class='ocr_line' id='line_1_66' title="bbox 2120 2105 3676 2178; baseline -0.001 -17"><span class='ocrx_word' id='word_1_488' title='bbox 2120 2115 2370 2177; x_wconf 64' lang='lat' dir='ltr'>mgrotat,</span> <span class='ocrx_word' id='word_1_489' title='bbox 2403 2116 2460 2162; x_wconf 90' lang='lat' dir='ltr'>et</span> <span class='ocrx_word' id='word_1_490' title='bbox 2485 2115 2692 2162; x_wconf 88' lang='lat' dir='ltr'>certam</span> <span class='ocrx_word' id='word_1_491' title='bbox 2720 2105 2918 2161; x_wconf 73' lang='lat' dir='ltr'>futurae</span> <span class='ocrx_word' id='word_1_492' title='bbox 2937 2106 3055 2176; x_wconf 88' lang='lat' dir='ltr'>spei</span> <span class='ocrx_word' id='word_1_493' title='bbox 3096 2105 3352 2161; x_wconf 83' lang='lat' dir='ltr'>fiduciam</span> <span class='ocrx_word' id='word_1_494' title='bbox 3380 2120 3490 2161; x_wconf 91' lang='lat' dir='ltr'>non</span> <span class='ocrx_word' id='word_1_495' title='bbox 3511 2107 3676 2178; x_wconf 85' lang='lat' dir='ltr'>gerit.</span> 
     </span>
    </p>
   </div>
   <div class='ocr_carea' id='block_1_67' title="bbox 2088 2195 3640 2271">
    <p class='ocr_par' dir='ltr' id='par_1_67' title="bbox 2088 2195 3640 2271">
     <span class='ocr_line' id='line_1_67' title="bbox 2088 2195 3640 2271; baseline 0 -22"><span class='ocrx_word' id='word_1_496' title='bbox 2088 2242 2101 2249; x_wconf 71' lang='lat'><strong><em>,</em></strong></span> <span class='ocrx_word' id='word_1_497' title='bbox 2192 2198 2220 2271; x_wconf 63' lang='grc' dir='ltr'>ᾗ</span> <span class='ocrx_word' id='word_1_498' title='bbox 2245 2197 2493 2253; x_wconf 70' lang='lat' dir='ltr'>IX.—~Ex</span> <span class='ocrx_word' id='word_1_499' title='bbox 2522 2197 2744 2254; x_wconf 70' lang='lat' dir='ltr'>Reouu</span> <span class='ocrx_word' id='word_1_500' title='bbox 2774 2196 2792 2236; x_wconf 73' lang='grc' dir='ltr'>ί</span> <span class='ocrx_word' id='word_1_501' title='bbox 2828 2211 3017 2253; x_wconf 75' lang='lat' dir='ltr'>SANCTI</span> <span class='ocrx_word' id='word_1_502' title='bbox 3048 2195 3355 2252; x_wconf 72' lang='lat' dir='ltr'>Faucrnom</span> <span class='ocrx_word' id='word_1_503' title='bbox 3384 2195 3527 2267; x_wconf 88' lang='lat' dir='ltr'>(cap.</span> <span class='ocrx_word' id='word_1_504' title='bbox 3559 2195 3640 2266; x_wconf 86' lang='lat'>5).</span> 
     </span>
    </p>
   </div>
   <div class='ocr_carea' id='block_1_68' title="bbox 2190 2288 3711 2360">
    <p class='ocr_par' dir='ltr' id='par_1_68' title="bbox 2190 2288 3711 2360">
     <span class='ocr_line' id='line_1_68' title="bbox 2190 2288 3711 2360; baseline -0.001 -15"><span class='ocrx_word' id='word_1_505' title='bbox 2190 2290 2461 2360; x_wconf 86' lang='lat' dir='ltr'>Quidquid</span> <span class='ocrx_word' id='word_1_506' title='bbox 2485 2288 2719 2346; x_wconf 86' lang='lat' dir='ltr'>fecerint</span> <span class='ocrx_word' id='word_1_507' title='bbox 2742 2288 3018 2355; x_wconf 87' lang='lat' dir='ltr'>monachi,</span> <span class='ocrx_word' id='word_1_508' title='bbox 3043 2288 3251 2359; x_wconf 89' lang='lat' dir='ltr'>absque</span> <span class='ocrx_word' id='word_1_509' title='bbox 3272 2288 3711 2343; x_wconf 86' lang='lat' dir='ltr'>murmuratione</span> 
     </span>
    </p>
   </div>
   <div class='ocr_carea' id='block_1_69' title="bbox 2119 2382 3708 2456">
    <p class='ocr_par' dir='ltr' id='par_1_69' title="bbox 2119 2382 3708 2456">
     <span class='ocr_line' id='line_1_69' title="bbox 2119 2382 3708 2456; baseline -0.001 -18"><span class='ocrx_word' id='word_1_510' title='bbox 2119 2384 2322 2440; x_wconf 88' lang='lat' dir='ltr'>faciant</span> <span class='ocrx_word' id='word_1_511' title='bbox 2351 2402 2365 2437; x_wconf 90' lang='lat'><strong>:</strong></span> <span class='ocrx_word' id='word_1_512' title='bbox 2396 2401 2485 2451; x_wconf 91' lang='lat' dir='ltr'>ne,</span> <span class='ocrx_word' id='word_1_513' title='bbox 2516 2384 2659 2456; x_wconf 90' lang='lat' dir='ltr'>quod</span> <span class='ocrx_word' id='word_1_514' title='bbox 2702 2384 2865 2449; x_wconf 89' lang='lat' dir='ltr'>absit,</span> <span class='ocrx_word' id='word_1_515' title='bbox 2902 2382 3298 2438; x_wconf 89' lang='lat' dir='ltr'>murmurando</span> <span class='ocrx_word' id='word_1_516' title='bbox 3338 2396 3402 2437; x_wconf 87' lang='lat' dir='ltr'>ea</span> <span class='ocrx_word' id='word_1_517' title='bbox 3436 2382 3708 2437; x_wconf 88' lang='lat' dir='ltr'>sententia</span> 
     </span>
    </p>
   </div>
   <div class='ocr_carea' id='block_1_70' title="bbox 2117 2476 3709 2550">
    <p class='ocr_par' dir='ltr' id='par_1_70' title="bbox 2117 2476 3709 2550">
     <span class='ocr_line' id='line_1_70' title="bbox 2117 2476 3709 2550; baseline -0.003 -17"><span class='ocrx_word' id='word_1_518' title='bbox 2117 2488 2364 2550; x_wconf 89' lang='lat' dir='ltr'>pereant,</span> <span class='ocrx_word' id='word_1_519' title='bbox 2394 2495 2500 2550; x_wconf 87' lang='lat' dir='ltr'>qua</span> <span class='ocrx_word' id='word_1_520' title='bbox 2530 2478 2812 2548; x_wconf 86' lang='lat' dir='ltr'>perierunt</span> <span class='ocrx_word' id='word_1_521' title='bbox 2833 2477 2891 2532; x_wconf 91' lang='lat' dir='ltr'>hi</span> <span class='ocrx_word' id='word_1_522' title='bbox 2936 2476 3030 2546; x_wconf 83' lang='lat' dir='ltr'>qui</span> <span class='ocrx_word' id='word_1_523' title='bbox 3060 2476 3115 2530; x_wconf 92' lang='lat' dir='ltr'>in</span> <span class='ocrx_word' id='word_1_524' title='bbox 3146 2476 3368 2531; x_wconf 89' lang='lat' dir='ltr'>deserto</span> <span class='ocrx_word' id='word_1_525' title='bbox 3396 2490 3709 2530; x_wconf 86' lang='lat' dir='ltr'>murmura-</span> 
     </span>
    </p>
   </div>
   <div class='ocr_carea' id='block_1_71' title="bbox 2117 2566 3707 2641">
    <p class='ocr_par' dir='ltr' id='par_1_71' title="bbox 2117 2566 3707 2641">
     <span class='ocr_line' id='line_1_71' title="bbox 2117 2566 3707 2641; baseline -0.002 -17"><span class='ocrx_word' id='word_1_526' title='bbox 2117 2579 2332 2627; x_wconf 87' lang='lat' dir='ltr'>verunt.</span> <span class='ocrx_word' id='word_1_527' title='bbox 2370 2570 2451 2627; x_wconf 87' lang='grc'><strong>1111</strong></span> <span class='ocrx_word' id='word_1_528' title='bbox 2478 2572 2760 2641; x_wconf 87' lang='lat' dir='ltr'>perierunt</span> <span class='ocrx_word' id='word_1_529' title='bbox 2785 2584 2985 2624; x_wconf 88' lang='lat' dir='ltr'>manna</span> <span class='ocrx_word' id='word_1_530' title='bbox 3021 2567 3421 2632; x_wconf 85' lang='lat' dir='ltr'>manducando,</span> <span class='ocrx_word' id='word_1_531' title='bbox 3444 2575 3504 2621; x_wconf 89' lang='lat' dir='ltr'>et</span> <span class='ocrx_word' id='word_1_532' title='bbox 3542 2566 3635 2622; x_wconf 89' lang='lat' dir='ltr'>isti</span> <span class='ocrx_word' id='word_1_533' title='bbox 3657 2566 3707 2621; x_wconf 90' lang='lat' dir='ltr'>in</span> 
     </span>
    </p>
   </div>
   <div class='ocr_carea' id='block_1_72' title="bbox 2116 2656 3709 2728">
    <p class='ocr_par' dir='ltr' id='par_1_72' title="bbox 2116 2656 3709 2728">
     <span class='ocr_line' id='line_1_72' title="bbox 2116 2656 3709 2728; baseline -0.003 -11"><span class='ocrx_word' id='word_1_534' title='bbox 2116 2660 2451 2717; x_wconf 84' lang='lat' dir='ltr'>monasterio</span> <span class='ocrx_word' id='word_1_535' title='bbox 2481 2670 2914 2717; x_wconf 84' lang='lat' dir='ltr'>murmuratores</span> <span class='ocrx_word' id='word_1_536' title='bbox 2956 2656 3281 2728; x_wconf 84' lang='lat' dir='ltr'>Scripturas</span> <span class='ocrx_word' id='word_1_537' title='bbox 3301 2657 3607 2713; x_wconf 87' lang='lat' dir='ltr'>recitando.</span> <span class='ocrx_word' id='word_1_538' title='bbox 3633 2657 3709 2712; x_wconf 91' lang='grc'><strong>1111</strong></span> 
     </span>
    </p>
   </div>
   <div class='ocr_carea' id='block_1_73' title="bbox 2116 2746 3709 2819">
    <p class='ocr_par' dir='ltr' id='par_1_73' title="bbox 2116 2746 3709 2819">
     <span class='ocr_line' id='line_1_73' title="bbox 2116 2746 3709 2819; baseline 0 -16"><span class='ocrx_word' id='word_1_539' title='bbox 2116 2763 2314 2804; x_wconf 89' lang='lat' dir='ltr'>manna</span> <span class='ocrx_word' id='word_1_540' title='bbox 2339 2749 2719 2805; x_wconf 87' lang='lat' dir='ltr'>manducando</span> <span class='ocrx_word' id='word_1_541' title='bbox 2758 2748 2963 2805; x_wconf 90' lang='lat' dir='ltr'>mortui</span> <span class='ocrx_word' id='word_1_542' title='bbox 2994 2757 3143 2812; x_wconf 89' lang='lat' dir='ltr'>sunt,</span> <span class='ocrx_word' id='word_1_543' title='bbox 3172 2754 3229 2802; x_wconf 87' lang='lat' dir='ltr'>et</span> <span class='ocrx_word' id='word_1_544' title='bbox 3274 2747 3367 2803; x_wconf 89' lang='lat' dir='ltr'>isti</span> <span class='ocrx_word' id='word_1_545' title='bbox 3397 2746 3709 2819; x_wconf 71' lang='lat' dir='ltr'>Scriptura:</span> 
     </span>
    </p>
   </div>
   <div class='ocr_carea' id='block_1_74' title="bbox 2114 2838 3711 2911">
    <p class='ocr_par' dir='ltr' id='par_1_74' title="bbox 2114 2838 3711 2911">
     <span class='ocr_line' id='line_1_74' title="bbox 2114 2838 3711 2911; baseline -0.001 -16"><span class='ocrx_word' id='word_1_546' title='bbox 2114 2839 2363 2911; x_wconf 78' lang='lat' dir='ltr'>legendo,</span> <span class='ocrx_word' id='word_1_547' title='bbox 2392 2849 2447 2896; x_wconf 88' lang='lat' dir='ltr'>et</span> <span class='ocrx_word' id='word_1_548' title='bbox 2471 2840 2745 2896; x_wconf 89' lang='lat' dir='ltr'>audiendo</span> <span class='ocrx_word' id='word_1_549' title='bbox 2771 2839 3005 2910; x_wconf 88' lang='lat' dir='ltr'>spiritali</span> <span class='ocrx_word' id='word_1_550' title='bbox 3032 2838 3176 2895; x_wconf 80' lang='lat' dir='ltr'>fame</span> <span class='ocrx_word' id='word_1_551' title='bbox 3196 2838 3443 2908; x_wconf 88' lang='lat' dir='ltr'>quotidie</span> <span class='ocrx_word' id='word_1_552' title='bbox 3468 2839 3711 2894; x_wconf 87' lang='lat' dir='ltr'>moriun-</span> 
     </span>
    </p>
   </div>
   <div class='ocr_carea' id='block_1_75' title="bbox 2115 2926 3711 2998">
    <p class='ocr_par' dir='ltr' id='par_1_75' title="bbox 2115 2926 3711 2998">
     <span class='ocr_line' id='line_1_75' title="bbox 2115 2926 3711 2998; baseline -0.001 -14"><span class='ocrx_word' id='word_1_553' title='bbox 2115 2937 2223 2985; x_wconf 90' lang='lat' dir='ltr'>tur.</span> <span class='ocrx_word' id='word_1_554' title='bbox 2249 2929 2327 2984; x_wconf 91' lang='lat' dir='ltr'>llli</span> <span class='ocrx_word' id='word_1_555' title='bbox 2349 2929 2740 2984; x_wconf 87' lang='lat' dir='ltr'>murmurando</span> <span class='ocrx_word' id='word_1_556' title='bbox 2763 2938 2968 2983; x_wconf 88' lang='lat' dir='ltr'>terram</span> <span class='ocrx_word' id='word_1_557' title='bbox 2989 2926 3375 2998; x_wconf 89' lang='lat' dir='ltr'>promissionis</span> <span class='ocrx_word' id='word_1_558' title='bbox 3402 2943 3515 2983; x_wconf 90' lang='lat' dir='ltr'>non</span> <span class='ocrx_word' id='word_1_559' title='bbox 3545 2929 3711 2983; x_wconf 80' lang='lat' dir='ltr'>intra-</span> 
     </span>
    </p>
   </div>
   <div class='ocr_carea' id='block_1_76' title="bbox 2112 3016 3711 3087">
    <p class='ocr_par' dir='ltr' id='par_1_76' title="bbox 2112 3016 3711 3087">
     <span class='ocr_line' id='line_1_76' title="bbox 2112 3016 3711 3087; baseline 0 -14"><span class='ocrx_word' id='word_1_560' title='bbox 2112 3027 2328 3085; x_wconf 91' lang='lat' dir='ltr'>verunt,</span> <span class='ocrx_word' id='word_1_561' title='bbox 2359 3027 2417 3075; x_wconf 90' lang='lat' dir='ltr'>et</span> <span class='ocrx_word' id='word_1_562' title='bbox 2447 3018 2537 3074; x_wconf 87' lang='lat' dir='ltr'>isti</span> <span class='ocrx_word' id='word_1_563' title='bbox 2563 3016 2954 3074; x_wconf 87' lang='lat' dir='ltr'>murmurando</span> <span class='ocrx_word' id='word_1_564' title='bbox 2985 3016 3226 3087; x_wconf 89' lang='lat' dir='ltr'>paradisi</span> <span class='ocrx_word' id='word_1_565' title='bbox 3268 3016 3711 3087; x_wconf 86' lang='lat' dir='ltr'>repromissionis</span> 
     </span>
    </p>
   </div>
   <div class='ocr_carea' id='block_1_77' title="bbox 2112 3107 3711 3183">
    <p class='ocr_par' dir='ltr' id='par_1_77' title="bbox 2112 3107 3711 3183">
     <span class='ocr_line' id='line_1_77' title="bbox 2112 3107 3711 3183; baseline -0.001 -16"><span class='ocrx_word' id='word_1_566' title='bbox 2112 3120 2314 3168; x_wconf 89' lang='lat' dir='ltr'>terram</span> <span class='ocrx_word' id='word_1_567' title='bbox 2334 3128 2442 3168; x_wconf 92' lang='lat' dir='ltr'>non</span> <span class='ocrx_word' id='word_1_568' title='bbox 2463 3112 2861 3183; x_wconf 78' lang='lat' dir='ltr'>ingrediuntur.</span> <span class='ocrx_word' id='word_1_569' title='bbox 2892 3110 3113 3167; x_wconf 83' lang='lat' dir='ltr'>Grande</span> <span class='ocrx_word' id='word_1_570' title='bbox 3140 3108 3346 3165; x_wconf 89' lang='lat' dir='ltr'>malum</span> <span class='ocrx_word' id='word_1_571' title='bbox 3376 3109 3445 3165; x_wconf 92' lang='lat' dir='ltr'>de</span> <span class='ocrx_word' id='word_1_572' title='bbox 3474 3107 3711 3181; x_wconf 68' lang='grc' dir='ltr'>Ᾰίεγιιιθ</span> 
     </span>
    </p>
   </div>
   <div class='ocr_carea' id='block_1_78' title="bbox 2110 3197 3710 3272">
    <p class='ocr_par' dir='ltr' id='par_1_78' title="bbox 2110 3197 3710 3272">
     <span class='ocr_line' id='line_1_78' title="bbox 2110 3197 3710 3272; baseline -0.002 -15"><span class='ocrx_word' id='word_1_573' title='bbox 2110 3201 2283 3267; x_wconf 77' lang='lat' dir='ltr'>exire,</span> <span class='ocrx_word' id='word_1_574' title='bbox 2309 3215 2462 3257; x_wconf 78' lang='lat' dir='ltr'>mare</span> <span class='ocrx_word' id='word_1_575' title='bbox 2493 3201 2899 3267; x_wconf 86' lang='lat' dir='ltr'>transvadasse,</span> <span class='ocrx_word' id='word_1_576' title='bbox 2930 3207 3246 3272; x_wconf 83' lang='lat' dir='ltr'>tympanum</span> <span class='ocrx_word' id='word_1_577' title='bbox 3276 3214 3404 3254; x_wconf 92' lang='lat' dir='ltr'>cum</span> <span class='ocrx_word' id='word_1_578' title='bbox 3435 3197 3627 3270; x_wconf 74' lang='lat' dir='ltr'>Moyse</span> <span class='ocrx_word' id='word_1_579' title='bbox 3652 3208 3710 3254; x_wconf 89' lang='lat' dir='ltr'>et</span> 
     </span>
    </p>
   </div>
   <div class='ocr_carea' id='block_1_79' title="bbox 2110 3290 3706 3356">
    <p class='ocr_par' dir='ltr' id='par_1_79' title="bbox 2110 3290 3706 3356">
     <span class='ocr_line' id='line_1_79' title="bbox 2110 3290 3706 3356; baseline -0.001 -9"><span class='ocrx_word' id='word_1_580' title='bbox 2110 3292 2282 3347; x_wconf 79' lang='lat' dir='ltr'>Maria</span> <span class='ocrx_word' id='word_1_581' title='bbox 2308 3290 2591 3348; x_wconf 88' lang='lat' dir='ltr'>Pharaone</span> <span class='ocrx_word' id='word_1_582' title='bbox 2622 3292 2905 3348; x_wconf 89' lang='lat' dir='ltr'>submerso</span> <span class='ocrx_word' id='word_1_583' title='bbox 2936 3291 3199 3356; x_wconf 88' lang='lat' dir='ltr'>tenuisse,</span> <span class='ocrx_word' id='word_1_584' title='bbox 3236 3305 3437 3345; x_wconf 88' lang='lat' dir='ltr'>manna</span> <span class='ocrx_word' id='word_1_585' title='bbox 3470 3291 3706 3345; x_wconf 87' lang='lat' dir='ltr'>mandu-</span> 
     </span>
    </p>
   </div>
   <div class='ocr_carea' id='block_1_80' title="bbox 2110 3380 3705 3455">
    <p class='ocr_par' dir='ltr' id='par_1_80' title="bbox 2110 3380 3705 3455">
     <span class='ocr_line' id='line_1_80' title="bbox 2110 3380 3705 3455; baseline -0.003 -15"><span class='ocrx_word' id='word_1_586' title='bbox 2110 3398 2280 3450; x_wconf 88' lang='lat' dir='ltr'>casse,</span> <span class='ocrx_word' id='word_1_587' title='bbox 2305 3392 2363 3439; x_wconf 90' lang='lat' dir='ltr'>et</span> <span class='ocrx_word' id='word_1_588' title='bbox 2386 3393 2588 3439; x_wconf 87' lang='lat' dir='ltr'>terram</span> <span class='ocrx_word' id='word_1_589' title='bbox 2617 3383 3056 3455; x_wconf 89' lang='lat' dir='ltr'>repromissionis</span> <span class='ocrx_word' id='word_1_590' title='bbox 3090 3398 3198 3438; x_wconf 90' lang='lat' dir='ltr'>non</span> <span class='ocrx_word' id='word_1_591' title='bbox 3238 3382 3480 3437; x_wconf 82' lang='lat' dir='ltr'>intrasse</span> <span class='ocrx_word' id='word_1_592' title='bbox 3512 3380 3705 3452; x_wconf 73' lang='lat' dir='ltr'>(Nam.</span> 
     </span>
    </p>
   </div>
   <div class='ocr_carea' id='block_1_81' title="bbox 2108 3475 3709 3548">
    <p class='ocr_par' dir='ltr' id='par_1_81' title="bbox 2108 3475 3709 3548">
     <span class='ocr_line' id='line_1_81' title="bbox 2108 3475 3709 3548; baseline -0.002 -16"><span class='ocrx_word' id='word_1_593' title='bbox 2108 3494 2185 3544; x_wconf 74' lang='grc' dir='ltr'>ιι,</span> <span class='ocrx_word' id='word_1_594' title='bbox 2213 3494 2322 3543; x_wconf 79' lang='lat' dir='ltr'>xw,</span> <span class='ocrx_word' id='word_1_595' title='bbox 2354 3494 2470 3545; x_wconf 79' lang='lat' dir='ltr'>xvr,</span> <span class='ocrx_word' id='word_1_596' title='bbox 2496 3477 2612 3548; x_wconf 75' lang='lat' dir='ltr'>xx).</span> <span class='ocrx_word' id='word_1_597' title='bbox 2645 3477 2842 3531; x_wconf 85' lang='lat' dir='ltr'>Malum</span> <span class='ocrx_word' id='word_1_598' title='bbox 2873 3476 3026 3548; x_wconf 87' lang='lat' dir='ltr'>pejus</span> <span class='ocrx_word' id='word_1_599' title='bbox 3065 3476 3132 3532; x_wconf 90' lang='lat' dir='ltr'>de</span> <span class='ocrx_word' id='word_1_600' title='bbox 3156 3475 3395 3547; x_wconf 68' lang='lat' dir='ltr'>Egypto</span> <span class='ocrx_word' id='word_1_601' title='bbox 3419 3475 3587 3530; x_wconf 88' lang='lat' dir='ltr'>istius</span> <span class='ocrx_word' id='word_1_602' title='bbox 3609 3489 3709 3529; x_wconf 45' lang='lat' dir='ltr'>sas</span> 
     </span>
    </p>
   </div>
   <div class='ocr_carea' id='block_1_82' title="bbox 2108 3568 3710 3641">
    <p class='ocr_par' dir='ltr' id='par_1_82' title="bbox 2108 3568 3710 3641">
     <span class='ocr_line' id='line_1_82' title="bbox 2108 3568 3710 3641; baseline -0.002 -16"><span class='ocrx_word' id='word_1_603' title='bbox 2108 3571 2213 3625; x_wconf 91' lang='lat' dir='ltr'>culi</span> <span class='ocrx_word' id='word_1_604' title='bbox 2239 3570 2410 3636; x_wconf 80' lang='lat' dir='ltr'>exire,</span> <span class='ocrx_word' id='word_1_605' title='bbox 2438 3585 2589 3625; x_wconf 89' lang='lat' dir='ltr'>mare</span> <span class='ocrx_word' id='word_1_606' title='bbox 2620 3570 2877 3641; x_wconf 90' lang='lat' dir='ltr'>baptismi</span> <span class='ocrx_word' id='word_1_607' title='bbox 2918 3585 3044 3624; x_wconf 91' lang='lat' dir='ltr'>cum</span> <span class='ocrx_word' id='word_1_608' title='bbox 3075 3568 3414 3640; x_wconf 78' lang='lat' dir='ltr'>poenitentia:</span> <span class='ocrx_word' id='word_1_609' title='bbox 3441 3569 3710 3623; x_wconf 77' lang='lat' dir='ltr'>amaritu-</span> 
     </span>
    </p>
   </div>
   <div class='ocr_carea' id='block_1_83' title="bbox 2108 3658 3707 3731">
    <p class='ocr_par' dir='ltr' id='par_1_83' title="bbox 2108 3658 3707 3731">
     <span class='ocr_line' id='line_1_83' title="bbox 2108 3658 3707 3731; baseline -0.001 -16"><span class='ocrx_word' id='word_1_610' title='bbox 2108 3660 2235 3716; x_wconf 90' lang='lat' dir='ltr'>dine</span> <span class='ocrx_word' id='word_1_611' title='bbox 2254 3660 2495 3730; x_wconf 86' lang='lat' dir='ltr'>quotidie</span> <span class='ocrx_word' id='word_1_612' title='bbox 2520 3675 2750 3731; x_wconf 79' lang='lat' dir='ltr'>pergere</span> <span class='ocrx_word' id='word_1_613' title='bbox 2773 3668 3090 3730; x_wconf 80' lang='lat' dir='ltr'>tympanum</span> <span class='ocrx_word' id='word_1_614' title='bbox 3116 3658 3288 3731; x_wconf 86' lang='lat' dir='ltr'>[Leg.,</span> <span class='ocrx_word' id='word_1_615' title='bbox 3314 3658 3543 3729; x_wconf 87' lang='lat' dir='ltr'>pulsare</span> <span class='ocrx_word' id='word_1_616' title='bbox 3571 3668 3707 3729; x_wconf 79' lang='lat' dir='ltr'>tym—</span> 
     </span>
    </p>
   </div>
   <div class='ocr_carea' id='block_1_84' title="bbox 2108 3749 3706 3825">
    <p class='ocr_par' dir='ltr' id='par_1_84' title="bbox 2108 3749 3706 3825">
     <span class='ocr_line' id='line_1_84' title="bbox 2108 3749 3706 3825; baseline -0.003 -18"><span class='ocrx_word' id='word_1_617' title='bbox 2108 3751 2352 3825; x_wconf 88' lang='lat' dir='ltr'>panum],</span> <span class='ocrx_word' id='word_1_618' title='bbox 2384 3752 2436 3807; x_wconf 92' lang='lat' dir='ltr'>id</span> <span class='ocrx_word' id='word_1_619' title='bbox 2464 3760 2567 3818; x_wconf 88' lang='lat' dir='ltr'>est,</span> <span class='ocrx_word' id='word_1_620' title='bbox 2596 3767 2820 3807; x_wconf 91' lang='lat' dir='ltr'>carnem</span> <span class='ocrx_word' id='word_1_621' title='bbox 2852 3766 2978 3805; x_wconf 91' lang='lat' dir='ltr'>cum</span> <span class='ocrx_word' id='word_1_622' title='bbox 3008 3750 3231 3806; x_wconf 88' lang='lat' dir='ltr'>Christo</span> <span class='ocrx_word' id='word_1_623' title='bbox 3271 3749 3623 3821; x_wconf 78' lang='lat' dir='ltr'>crucifigere,</span> <span class='ocrx_word' id='word_1_624' title='bbox 3649 3756 3706 3803; x_wconf 88' lang='lat' dir='ltr'>et</span> 
     </span>
    </p>
   </div>
   <div class='ocr_carea' id='block_1_85' title="bbox 2107 3839 3707 3913">
    <p class='ocr_par' dir='ltr' id='par_1_85' title="bbox 2107 3839 3707 3913">
     <span class='ocr_line' id='line_1_85' title="bbox 2107 3839 3707 3913; baseline -0.003 -14"><span class='ocrx_word' id='word_1_625' title='bbox 2107 3859 2326 3909; x_wconf 89' lang='lat' dir='ltr'>manna,</span> <span class='ocrx_word' id='word_1_626' title='bbox 2375 3844 2518 3913; x_wconf 89' lang='lat' dir='ltr'>quod</span> <span class='ocrx_word' id='word_1_627' title='bbox 2557 3848 2645 3898; x_wconf 83' lang='lat' dir='ltr'>est</span> <span class='ocrx_word' id='word_1_628' title='bbox 2694 3841 2938 3897; x_wconf 73' lang='lat' dir='ltr'>cmlestis</span> <span class='ocrx_word' id='word_1_629' title='bbox 2993 3841 3197 3913; x_wconf 77' lang='lat' dir='ltr'>gratia,</span> <span class='ocrx_word' id='word_1_630' title='bbox 3234 3839 3594 3902; x_wconf 84' lang='lat' dir='ltr'>manducare,</span> <span class='ocrx_word' id='word_1_631' title='bbox 3648 3847 3707 3895; x_wconf 82' lang='lat' dir='ltr'>et</span> 
     </span>
    </p>
   </div>
   <div class='ocr_carea' id='block_1_86' title="bbox 2107 3916 3265 4004">
    <p class='ocr_par' dir='ltr' id='par_1_86' title="bbox 2107 3916 3265 4004">
     <span class='ocr_line' id='line_1_86' title="bbox 2107 3916 3265 4004; baseline -0.006 -13"><span class='ocrx_word' id='word_1_632' title='bbox 2107 3934 2349 3991; x_wconf 66' lang='lat' dir='ltr'>caelestis</span> <span class='ocrx_word' id='word_1_633' title='bbox 2400 3933 2639 4004; x_wconf 80' lang='lat' dir='ltr'>regionis</span> <span class='ocrx_word' id='word_1_634' title='bbox 2666 3916 2869 3987; x_wconf 77' lang='lat' dir='ltr'>terram</span> <span class='ocrx_word' id='word_1_635' title='bbox 2902 3946 3009 3986; x_wconf 89' lang='lat' dir='ltr'>non</span> <span class='ocrx_word' id='word_1_636' title='bbox 3039 3932 3265 3986; x_wconf 87' lang='lat' dir='ltr'>intrare.</span> 
     </span>
    </p>
   </div>
   <div class='ocr_carea' id='block_1_87' title="bbox 2107 4167 3702 4239">
    <p class='ocr_par' dir='ltr' id='par_1_87' title="bbox 2107 4167 3702 4239">
     <span class='ocr_line' id='line_1_87' title="bbox 2107 4167 3702 4239; baseline -0.006 -11"><span class='ocrx_word' id='word_1_637' title='bbox 2107 4184 2362 4230; x_wconf 82' lang='lat' dir='ltr'>sanctum</span> <span class='ocrx_word' id='word_1_638' title='bbox 2415 4172 2677 4228; x_wconf 76' lang='lat' dir='ltr'>Basiliam</span> <span class='ocrx_word' id='word_1_639' title='bbox 2727 4172 2915 4225; x_wconf 87' lang='lat' dir='ltr'>interr.</span> <span class='ocrx_word' id='word_1_640' title='bbox 2959 4171 3013 4224; x_wconf 77' lang='grc' dir='ltr'>ὅ.</span> <span class='ocrx_word' id='word_1_641' title='bbox 3050 4170 3189 4239; x_wconf 71' lang='lat' dir='ltr'>Reg.</span> <span class='ocrx_word' id='word_1_642' title='bbox 3221 4168 3403 4239; x_wconf 55' lang='grc' dir='ltr'>ιιιπθιῖ.1</span> <span class='ocrx_word' id='word_1_643' title='bbox 3452 4175 3513 4220; x_wconf 87' lang='lat' dir='ltr'>et</span> <span class='ocrx_word' id='word_1_644' title='bbox 3561 4167 3702 4239; x_wconf 79' lang='lat' dir='ltr'>apud</span> 
     </span>
    </p>
   </div>
   <div class='ocr_carea' id='block_1_88' title="bbox 2108 4236 3696 4326">
    <p class='ocr_par' dir='ltr' id='par_1_88' title="bbox 2108 4236 3696 4326">
     <span class='ocr_line' id='line_1_88' title="bbox 2108 4236 3696 4326; baseline -0.006 -27"><span class='ocrx_word' id='word_1_645' title='bbox 2108 4246 2551 4326; x_wconf 47' lang='lat' dir='ltr'>ltuﬂnum,“cap.</span> <span class='ocrx_word' id='word_1_646' title='bbox 2583 4242 2674 4326; x_wconf 49' lang='lat' dir='ltr'>il,</span> <span class='ocrx_word' id='word_1_647' title='bbox 2725 4249 2779 4296; x_wconf 89' lang='lat' dir='ltr'>et</span> <span class='ocrx_word' id='word_1_648' title='bbox 2819 4241 3020 4326; x_wconf 58' lang='lat' dir='ltr'>giJatur</span> <span class='ocrx_word' id='word_1_649' title='bbox 3065 4236 3334 4293; x_wconf 63' lang='lat' dir='ltr'>ab&#39;lvone</span> <span class='ocrx_word' id='word_1_650' title='bbox 3363 4236 3696 4293; x_wconf 81' lang='lat' dir='ltr'>Carnotensi</span> 
     </span>
    </p>
   </div>
   <div class='ocr_carea' id='block_1_89' title="bbox 2107 4311 3697 4464">
    <p class='ocr_par' dir='ltr' id='par_1_89' title="bbox 2107 4311 3697 4464">
     <span class='ocr_line' id='line_1_89' title="bbox 2107 4311 3225 4394; baseline -0.005 -25"><span class='ocrx_word' id='word_1_651' title='bbox 2107 4332 2225 4385; x_wconf 83' lang='lat' dir='ltr'>par.</span> <span class='ocrx_word' id='word_1_652' title='bbox 2257 4330 2354 4368; x_wconf 80' lang='lat' dir='ltr'>xm</span> <span class='ocrx_word' id='word_1_653' title='bbox 2393 4311 2628 4394; x_wconf 71' lang='lat' dir='ltr'>Decreti,</span> <span class='ocrx_word' id='word_1_654' title='bbox 2660 4327 2781 4394; x_wconf 76' lang='lat' dir='ltr'>cap.</span> <span class='ocrx_word' id='word_1_655' title='bbox 2817 4311 2907 4366; x_wconf 83' lang='lat'>55.</span> <span class='ocrx_word' id='word_1_656' title='bbox 3212 4378 3225 4390; x_wconf 78' lang='lat'><strong><em>_</em></strong></span> 
     </span>
     <span class='ocr_line' id='line_1_90' title="bbox 2181 4376 3697 4464; baseline -0.007 -24"><span class='ocrx_word' id='word_1_657' title='bbox 2181 4397 2204 4426; x_wconf 71' lang='grc' dir='ltr'>ε</span> <span class='ocrx_word' id='word_1_658' title='bbox 2240 4383 2405 4464; x_wconf 84' lang='lat' dir='ltr'>0pus_</span> <span class='ocrx_word' id='word_1_659' title='bbox 2438 4400 2553 4453; x_wconf 68' lang='lat' dir='ltr'>ejus</span> <span class='ocrx_word' id='word_1_660' title='bbox 2575 4383 2892 4464; x_wconf 21' lang='lat' dir='ltr'>Aabgiciatur.</span> <span class='ocrx_word' id='word_1_661' title='bbox 2938 4381 3109 4464; x_wconf 52' lang='lat' dir='ltr'>Fetus</span> <span class='ocrx_word' id='word_1_662' title='bbox 3138 4376 3697 4464; x_wconf 12' lang='lat' dir='ltr'>futtﬂmonacho‘rum</span> 
     </span>
    </p>
   </div>
   <div class='ocr_carea' id='block_1_90' title="bbox 2108 4448 3697 4517">
    <p class='ocr_par' dir='ltr' id='par_1_90' title="bbox 2108 4448 3697 4517">
     <span class='ocr_line' id='line_1_91' title="bbox 2108 4448 3697 4517; baseline -0.007 -6"><span class='ocrx_word' id='word_1_663' title='bbox 2108 4448 2474 4517; x_wconf 69' lang='lat' dir='ltr'>consuetudo,</span> <span class='ocrx_word' id='word_1_664' title='bbox 2531 4460 2591 4507; x_wconf 90' lang='lat' dir='ltr'>ut</span> <span class='ocrx_word' id='word_1_665' title='bbox 2643 4448 3068 4507; x_wconf 86' lang='lat' dir='ltr'>inobedientium</span> <span class='ocrx_word' id='word_1_666' title='bbox 3123 4457 3179 4502; x_wconf 90' lang='lat' dir='ltr'>et</span> <span class='ocrx_word' id='word_1_667' title='bbox 3233 4448 3697 4502; x_wconf 85' lang='lat' dir='ltr'>murmurantium</span> 
     </span>
    </p>
   </div>
   <div class='ocr_carea' id='block_1_91' title="bbox 416 4515 2010 4605">
    <p class='ocr_par' dir='ltr' id='par_1_91' title="bbox 416 4515 1997 4605">
     <span class='ocr_line' id='line_1_92' title="bbox 416 4515 1997 4605; baseline 0.003 -38"><span class='ocrx_word' id='word_1_668' title='bbox 416 4516 829 4605; x_wconf 44' lang='lat' dir='ltr'>pip&#39;ixzéglrutw‘ré</span> <span class='ocrx_word' id='word_1_669' title='bbox 857 4515 1199 4605; x_wconf 48' lang='grc' dir='ltr'>ἵδιρνλθέξημα</span> <span class='ocrx_word' id='word_1_670' title='bbox 1226 4521 1620 4605; x_wconf 60' lang='grc' dir='ltr'>ςιξματεκχυσέα</span> <span class='ocrx_word' id='word_1_671' title='bbox 1646 4520 1774 4583; x_wconf 75' lang='grc' dir='ltr'>ἐστὶ,</span> <span class='ocrx_word' id='word_1_672' title='bbox 1811 4522 1894 4575; x_wconf 81' lang='grc' dir='ltr'>καὶ</span> <span class='ocrx_word' id='word_1_673' title='bbox 1927 4522 1997 4580; x_wconf 83' lang='lat' dir='ltr'>si;</span> 
     </span>
    </p>
   </div>
   <div class='ocr_carea' id='block_1_92' title="bbox 2115 4515 3689 4605">
    <p class='ocr_par' dir='ltr' id='par_1_92' title="bbox 2115 4515 3689 4605">
     <span class='ocr_line' id='line_1_93' title="bbox 2115 4515 3689 4605; baseline -0.006 -26"><span class='ocrx_word' id='word_1_674' title='bbox 2115 4527 2331 4605; x_wconf 43' lang='lat' dir='ltr'>[nitrum</span> <span class='ocrx_word' id='word_1_675' title='bbox 2380 4515 2531 4605; x_wconf 55' lang='lat' dir='ltr'>opus</span> <span class='ocrx_word' id='word_1_676' title='bbox 2564 4522 2910 4605; x_wconf 66' lang='lat' dir='ltr'>abjiceretur.</span> <span class='ocrx_word' id='word_1_677' title='bbox 2946 4520 3003 4575; x_wconf 90' lang='lat' dir='ltr'>S.</span> <span class='ocrx_word' id='word_1_678' title='bbox 3054 4518 3437 4605; x_wconf 42' lang='lat' dir='ltr'>Columbanus.</span> <span class='ocrx_word' id='word_1_679' title='bbox 3477 4532 3599 4605; x_wconf 52' lang='lat' dir='ltr'>cap:</span> <span class='ocrx_word' id='word_1_680' title='bbox 3664 4518 3689 4570; x_wconf 81' lang='grc'>1</span> 
     </span>
    </p>
   </div>
   <div class='ocr_carea' id='block_1_93' title="bbox 419 4586 1996 4664">
    <p class='ocr_par' dir='ltr' id='par_1_93' title="bbox 419 4586 1996 4664">
     <span class='ocr_line' id='line_1_94' title="bbox 419 4586 1996 4664; baseline 0.004 -28"><span class='ocrx_word' id='word_1_681' title='bbox 419 4586 598 4664; x_wconf 54' lang='lat' dir='ltr'>(lucius</span> <span class='ocrx_word' id='word_1_682' title='bbox 638 4587 891 4661; x_wconf 68' lang='grc' dir='ltr'>λογίζεται</span> <span class='ocrx_word' id='word_1_683' title='bbox 931 4586 1203 4664; x_wconf 67' lang='grc' dir='ltr'>ἀνθρῴτὲῳ.</span> <span class='ocrx_word' id='word_1_684' title='bbox 1232 4586 1295 4641; x_wconf 58' lang='grc' dir='ltr'><strong>1ι1⁷</strong></span> <span class='ocrx_word' id='word_1_685' title='bbox 1334 4586 1823 4664; x_wconf 55' lang='lat' dir='ltr'>e_st_,&quot;vo_lurttatetn</span> <span class='ocrx_word' id='word_1_686' title='bbox 1870 4605 1996 4664; x_wconf 79' lang='lat' dir='ltr'>pro-</span> 
     </span>
    </p>
   </div>
   <div class='ocr_carea' id='block_1_94' title="bbox 416 4657 1999 4727">
    <p class='ocr_par' dir='ltr' id='par_1_94' title="bbox 416 4657 1999 4727">
     <span class='ocr_line' id='line_1_95' title="bbox 416 4657 1999 4727; baseline 0.004 -20"><span class='ocrx_word' id='word_1_687' title='bbox 416 4657 590 4725; x_wconf 84' lang='lat' dir='ltr'>priam</span> <span class='ocrx_word' id='word_1_688' title='bbox 620 4657 887 4721; x_wconf 80' lang='lat' dir='ltr'>resecare,</span> <span class='ocrx_word' id='word_1_689' title='bbox 912 4666 997 4727; x_wconf 84' lang='lat' dir='ltr'>est</span> <span class='ocrx_word' id='word_1_690' title='bbox 1016 4657 1177 4710; x_wconf 72' lang='lat' dir='ltr'>i&#39;eluti</span> <span class='ocrx_word' id='word_1_691' title='bbox 1194 4659 1471 4727; x_wconf 81' lang='lat' dir='ltr'>sanguinis</span> <span class='ocrx_word' id='word_1_692' title='bbox 1492 4659 1572 4712; x_wconf 79' lang='lat' dir='ltr'>sui</span> <span class='ocrx_word' id='word_1_693' title='bbox 1595 4658 1802 4722; x_wconf 78' lang='lat' dir='ltr'>effusio,</span> <span class='ocrx_word' id='word_1_694' title='bbox 1830 4657 1885 4713; x_wconf 85' lang='lat' dir='ltr'>et</span> <span class='ocrx_word' id='word_1_695' title='bbox 1904 4660 1999 4713; x_wconf 86' lang='lat' dir='ltr'>ho-</span> 
     </span>
    </p>
   </div>
   <div class='ocr_carea' id='block_1_95' title="bbox 416 4726 1265 4795">
    <p class='ocr_par' dir='ltr' id='par_1_95' title="bbox 416 4726 1265 4795">
     <span class='ocr_line' id='line_1_96' title="bbox 416 4726 1265 4795; baseline 0.001 -15"><span class='ocrx_word' id='word_1_696' title='bbox 416 4727 549 4780; x_wconf 87' lang='lat' dir='ltr'>tuiui</span> <span class='ocrx_word' id='word_1_697' title='bbox 578 4736 857 4795; x_wconf 83' lang='lat' dir='ltr'>reputatur</span> <span class='ocrx_word' id='word_1_698' title='bbox 881 4726 946 4779; x_wconf 85' lang='lat' dir='ltr'>ad</span> <span class='ocrx_word' id='word_1_699' title='bbox 975 4728 1265 4781; x_wconf 86' lang='lat' dir='ltr'>victimam.</span> 
     </span>
    </p>
   </div>
   <div class='ocr_carea' id='block_1_96' title="bbox 490 4797 1711 4862">
    <p class='ocr_par' dir='ltr' id='par_1_96' title="bbox 490 4797 1711 4862">
     <span class='ocr_line' id='line_1_97' title="bbox 490 4797 1711 4862; baseline 0.002 -13"><span class='ocrx_word' id='word_1_700' title='bbox 490 4808 509 4833; x_wconf 75' lang='grc' dir='ltr'>ε</span> <span class='ocrx_word' id='word_1_701' title='bbox 542 4797 976 4849; x_wconf 79' lang='lat' dir='ltr'>Amaricutiones.</span> <span class='ocrx_word' id='word_1_702' title='bbox 1014 4797 1066 4850; x_wconf 85' lang='lat' dir='ltr'>Id</span> <span class='ocrx_word' id='word_1_703' title='bbox 1095 4808 1201 4862; x_wconf 87' lang='lat' dir='ltr'>est,</span> <span class='ocrx_word' id='word_1_704' title='bbox 1247 4800 1711 4855; x_wconf 78' lang='lat' dir='ltr'>mortificatioues.</span> 
     </span>
    </p>
   </div>
   <div class='ocr_carea' id='block_1_97' title="bbox 493 4866 1996 4939">
    <p class='ocr_par' dir='ltr' id='par_1_97' title="bbox 493 4866 1996 4939">
     <span class='ocr_line' id='line_1_98' title="bbox 493 4866 1996 4939; baseline 0.001 -19"><span class='ocrx_word' id='word_1_705' title='bbox 493 4867 517 4904; x_wconf 76' lang='grc'>(³</span> <span class='ocrx_word' id='word_1_706' title='bbox 551 4866 614 4921; x_wconf 87' lang='lat' dir='ltr'>Si</span> <span class='ocrx_word' id='word_1_707' title='bbox 641 4877 817 4919; x_wconf 85' lang='lat' dir='ltr'>autem</span> <span class='ocrx_word' id='word_1_708' title='bbox 841 4866 1081 4920; x_wconf 85' lang='lat' dir='ltr'>obediens</span> <span class='ocrx_word' id='word_1_709' title='bbox 1108 4868 1225 4938; x_wconf 87' lang='lat' dir='ltr'>quis</span> <span class='ocrx_word' id='word_1_710' title='bbox 1247 4879 1554 4922; x_wconf 77' lang='lat' dir='ltr'>murmurat.</span> <span class='ocrx_word' id='word_1_711' title='bbox 1586 4869 1829 4923; x_wconf 72' lang='lat' dir='ltr'>[labetur</span> <span class='ocrx_word' id='word_1_712' title='bbox 1856 4868 1996 4939; x_wconf 86' lang='lat' dir='ltr'>apud</span> 
     </span>
    </p>
   </div>
   <div class='ocr_carea' id='block_1_98' title="bbox 2108 4588 3695 4665">
    <p class='ocr_par' dir='ltr' id='par_1_98' title="bbox 2108 4588 3695 4665">
     <span class='ocr_line' id='line_1_99' title="bbox 2108 4588 3695 4665; baseline -0.007 -15"><span class='ocrx_word' id='word_1_713' title='bbox 2108 4595 2328 4665; x_wconf 64' lang='lat' dir='ltr'>Regula:</span> <span class='ocrx_word' id='word_1_714' title='bbox 2362 4613 2375 4648; x_wconf 89' lang='lat'><strong>:</strong></span> <span class='ocrx_word' id='word_1_715' title='bbox 2414 4588 2434 4644; x_wconf 76' lang='grc' dir='ltr'><strong><em>ἱ</em></strong></span> <span class='ocrx_word' id='word_1_716' title='bbox 2477 4593 2535 4647; x_wconf 88' lang='lat' dir='ltr'>Si</span> <span class='ocrx_word' id='word_1_717' title='bbox 2562 4588 2844 4665; x_wconf 74' lang='lat' dir='ltr'>quis__vero</span> <span class='ocrx_word' id='word_1_718' title='bbox 2866 4588 3311 4665; x_wconf 75' lang='lat' dir='ltr'>murmuraverit,</span> <span class='ocrx_word' id='word_1_719' title='bbox 3340 4597 3396 4641; x_wconf 87' lang='lat' dir='ltr'>et</span> <span class='ocrx_word' id='word_1_720' title='bbox 3424 4588 3545 4665; x_wconf 82' lang='lat' dir='ltr'>ipse</span> <span class='ocrx_word' id='word_1_721' title='bbox 3575 4597 3695 4641; x_wconf 83' lang='lat' dir='ltr'>tan-</span> 
     </span>
    </p>
   </div>
   <div class='ocr_carea' id='block_1_99' title="bbox 2100 4658 3691 4736">
    <p class='ocr_par' dir='ltr' id='par_1_99' title="bbox 2100 4658 3691 4736">
     <span class='ocr_line' id='line_1_100' title="bbox 2100 4658 3691 4736; baseline -0.006 -16"><span class='ocrx_word' id='word_1_722' title='bbox 2100 4658 2263 4736; x_wconf 48' lang='lat' dir='ltr'>quavm</span> <span class='ocrx_word' id='word_1_723' title='bbox 2295 4680 2363 4719; x_wconf 76' lang='lat' dir='ltr'>ex</span> <span class='ocrx_word' id='word_1_724' title='bbox 2389 4673 2516 4720; x_wconf 87' lang='lat' dir='ltr'>voto</span> <span class='ocrx_word' id='word_1_725' title='bbox 2539 4658 2834 4736; x_wconf 29' lang='lat' dir='ltr'>obedie‘ns,</span> <span class='ocrx_word' id='word_1_726' title='bbox 2890 4659 3210 4715; x_wconf 88' lang='lat' dir='ltr'>inobediens</span> <span class='ocrx_word' id='word_1_727' title='bbox 3249 4658 3532 4728; x_wconf 90' lang='lat' dir='ltr'>putandus</span> <span class='ocrx_word' id='word_1_728' title='bbox 3559 4665 3643 4714; x_wconf 86' lang='lat' dir='ltr'>est</span> <span class='ocrx_word' id='word_1_729' title='bbox 3675 4675 3691 4711; x_wconf 90' lang='lat'>:</span> 
     </span>
    </p>
   </div>
   <div class='ocr_carea' id='block_1_100' title="bbox 2100 4730 3015 4805">
    <p class='ocr_par' dir='ltr' id='par_1_100' title="bbox 2100 4730 3015 4805">
     <span class='ocr_line' id='line_1_101' title="bbox 2100 4730 3015 4805; baseline -0.013 -10"><span class='ocrx_word' id='word_1_730' title='bbox 2100 4730 2306 4805; x_wconf 64' lang='lat' dir='ltr'>idcirco</span> <span class='ocrx_word' id='word_1_731' title='bbox 2333 4751 2469 4805; x_wconf 90' lang='lat' dir='ltr'>opus</span> <span class='ocrx_word' id='word_1_732' title='bbox 2503 4730 2620 4805; x_wconf 77' lang='lat' dir='ltr'>eius</span> <span class='ocrx_word' id='word_1_733' title='bbox 2653 4731 2958 4805; x_wconf 83' lang='lat' dir='ltr'>abjiciatur.</span> <span class='ocrx_word' id='word_1_734' title='bbox 2993 4750 3015 4783; x_wconf 77' lang='grc' dir='ltr'>ι</span> 
     </span>
    </p>
   </div>
   <div class='ocr_carea' id='block_1_101' title="bbox 2177 4802 2795 4860">
    <p class='ocr_par' dir='ltr' id='par_1_101' title="bbox 2177 4802 2795 4860">
     <span class='ocr_line' id='line_1_102' title="bbox 2177 4802 2795 4860; baseline -0.005 -2"><span class='ocrx_word' id='word_1_735' title='bbox 2177 4806 2194 4845; x_wconf 70' lang='grc' dir='ltr'><strong><em>ί</em></strong></span> <span class='ocrx_word' id='word_1_736' title='bbox 2231 4802 2512 4860; x_wconf 81' lang='lat' dir='ltr'>Fructuosi</span> <span class='ocrx_word' id='word_1_737' title='bbox 2547 4802 2795 4858; x_wconf 88' lang='lat' dir='ltr'>alterius.</span> 
     </span>
    </p>
   </div>
   <div class='ocr_carea' id='block_1_102' title="bbox 1785 5065 2345 5141">
    <p class='ocr_par' dir='ltr' id='par_1_102' title="bbox 1785 5065 2345 5141">
     <span class='ocr_line' id='line_1_103' title="bbox 1785 5065 2345 5141; baseline -0.005 0"><span class='ocrx_word' id='word_1_738' title='bbox 1785 5065 2124 5141; x_wconf 83' lang='lat' dir='ltr'>CAPUT</span> <span class='ocrx_word' id='word_1_739' title='bbox 2206 5065 2345 5139; x_wconf 87' lang='lat' dir='ltr'>IX.</span> 
     </span>
    </p>
   </div>
   <div class='ocr_carea' id='block_1_103' title="bbox 1695 5173 2406 5230">
    <p class='ocr_par' dir='ltr' id='par_1_103' title="bbox 1695 5173 2406 5230">
     <span class='ocr_line' id='line_1_104' title="bbox 1695 5173 2406 5230; baseline -0.006 0"><span class='ocrx_word' id='word_1_740' title='bbox 1695 5177 1783 5230; x_wconf 74' lang='lat' dir='ltr'>DE</span> <span class='ocrx_word' id='word_1_741' title='bbox 1823 5173 2406 5230; x_wconf 72' lang='lat' dir='ltr'>TACITURNITATE.</span> 
     </span>
    </p>
   </div>
   <div class='ocr_carea' id='block_1_104' title="bbox 650 5352 1983 5429">
    <p class='ocr_par' dir='ltr' id='par_1_104' title="bbox 650 5352 1983 5429">
     <span class='ocr_line' id='line_1_105' title="bbox 650 5352 1983 5429; baseline -0.005 -21"><span class='ocrx_word' id='word_1_742' title='bbox 650 5352 679 5425; x_wconf 57' lang='grc' dir='ltr'>ᾗ</span> <span class='ocrx_word' id='word_1_743' title='bbox 709 5354 747 5408; x_wconf 92' lang='grc'><strong>1.</strong></span> <span class='ocrx_word' id='word_1_744' title='bbox 782 5384 845 5394; x_wconf 65' lang='grc' dir='ltr'>ι-</span> <span class='ocrx_word' id='word_1_745' title='bbox 870 5354 945 5408; x_wconf 72' lang='lat' dir='ltr'>Ex</span> <span class='ocrx_word' id='word_1_746' title='bbox 977 5353 1192 5408; x_wconf 65' lang='lat' dir='ltr'>[iscum</span> <span class='ocrx_word' id='word_1_747' title='bbox 1218 5368 1411 5407; x_wconf 63' lang='lat' dir='ltr'>suun</span> <span class='ocrx_word' id='word_1_748' title='bbox 1438 5352 1750 5406; x_wconf 70' lang='lat' dir='ltr'>BENEDICTI.</span> <span class='ocrx_word' id='word_1_749' title='bbox 1976 5422 1983 5429; x_wconf 20' lang='grc' dir='ltr'><strong><em>η</em></strong></span> 
     </span>
    </p>
   </div>
   <div class='ocr_carea' id='block_1_105' title="bbox 480 5440 1993 5515">
    <p class='ocr_par' dir='ltr' id='par_1_105' title="bbox 480 5440 1993 5515">
     <span class='ocr_line' id='line_1_106' title="bbox 480 5440 1993 5515; baseline -0.003 -18"><span class='ocrx_word' id='word_1_750' title='bbox 480 5443 765 5499; x_wconf 69' lang='lat' dir='ltr'>Faciamus</span> <span class='ocrx_word' id='word_1_751' title='bbox 786 5444 931 5515; x_wconf 88' lang='lat' dir='ltr'>quod</span> <span class='ocrx_word' id='word_1_752' title='bbox 974 5444 1052 5497; x_wconf 85' lang='lat' dir='ltr'>ait</span> <span class='ocrx_word' id='word_1_753' title='bbox 1092 5442 1361 5512; x_wconf 86' lang='lat' dir='ltr'>Propheta</span> <span class='ocrx_word' id='word_1_754' title='bbox 1390 5460 1402 5495; x_wconf 87' lang='lat'>:</span> <span class='ocrx_word' id='word_1_755' title='bbox 1433 5455 1466 5483; x_wconf 56' lang='grc' dir='ltr'>ελ</span> <span class='ocrx_word' id='word_1_756' title='bbox 1492 5442 1643 5509; x_wconf 74' lang='lat' dir='ltr'>Dixi,</span> <span class='ocrx_word' id='word_1_757' title='bbox 1685 5440 1993 5497; x_wconf 83' lang='lat' dir='ltr'>Custodiam</span> 
     </span>
    </p>
   </div>
   <div class='ocr_carea' id='block_1_106' title="bbox 485 5596 1987 5668">
    <p class='ocr_par' dir='ltr' id='par_1_106' title="bbox 485 5596 1987 5668">
     <span class='ocr_line' id='line_1_107' title="bbox 485 5596 1987 5668; baseline -0.003 -13"><span class='ocrx_word' id='word_1_758' title='bbox 485 5616 512 5645; x_wconf 72' lang='grc' dir='ltr'>ι</span> <span class='ocrx_word' id='word_1_759' title='bbox 542 5601 684 5664; x_wconf 72' lang='lat' dir='ltr'>Dixi,</span> <span class='ocrx_word' id='word_1_760' title='bbox 710 5600 1015 5655; x_wconf 83' lang='lat' dir='ltr'>Custodiam</span> <span class='ocrx_word' id='word_1_761' title='bbox 1046 5603 1155 5655; x_wconf 82' lang='lat' dir='ltr'>vias</span> <span class='ocrx_word' id='word_1_762' title='bbox 1185 5618 1346 5655; x_wconf 74' lang='lat' dir='ltr'>meas.</span> <span class='ocrx_word' id='word_1_763' title='bbox 1396 5599 1564 5667; x_wconf 81' lang='lat' dir='ltr'>Hujus</span> <span class='ocrx_word' id='word_1_764' title='bbox 1598 5597 1789 5668; x_wconf 86' lang='lat' dir='ltr'>psalmi</span> <span class='ocrx_word' id='word_1_765' title='bbox 1813 5596 1987 5651; x_wconf 86' lang='lat' dir='ltr'>versi-</span> 
     </span>
    </p>
   </div>
   <div class='ocr_carea' id='block_1_107' title="bbox 410 5668 1986 5740">
    <p class='ocr_par' dir='ltr' id='par_1_107' title="bbox 410 5668 1986 5740">
     <span class='ocr_line' id='line_1_108' title="bbox 410 5668 1986 5740; baseline -0.006 -12"><span class='ocrx_word' id='word_1_766' title='bbox 410 5675 589 5728; x_wconf 82' lang='lat' dir='ltr'>culum</span> <span class='ocrx_word' id='word_1_767' title='bbox 630 5674 881 5740; x_wconf 87' lang='lat' dir='ltr'>proponit</span> <span class='ocrx_word' id='word_1_768' title='bbox 930 5672 1088 5726; x_wconf 86' lang='lat' dir='ltr'>Pater</span> <span class='ocrx_word' id='word_1_769' title='bbox 1123 5672 1440 5726; x_wconf 83' lang='lat' dir='ltr'>Benedictus</span> <span class='ocrx_word' id='word_1_770' title='bbox 1485 5686 1582 5739; x_wconf 91' lang='lat' dir='ltr'>pro</span> <span class='ocrx_word' id='word_1_771' title='bbox 1619 5668 1819 5723; x_wconf 89' lang='lat' dir='ltr'>silentii</span> <span class='ocrx_word' id='word_1_772' title='bbox 1850 5668 1986 5740; x_wconf 74' lang='lat' dir='ltr'>lege.</span> 
     </span>
    </p>
   </div>
   <div class='ocr_carea' id='block_1_108' title="bbox 2098 5343 3685 5417">
    <p class='ocr_par' dir='ltr' id='par_1_108' title="bbox 2098 5343 3685 5417">
     <span class='ocr_line' id='line_1_109' title="bbox 2098 5343 3685 5417; baseline -0.004 -14"><span class='ocrx_word' id='word_1_773' title='bbox 2098 5350 2209 5403; x_wconf 77' lang='lat' dir='ltr'>eius</span> <span class='ocrx_word' id='word_1_774' title='bbox 2236 5366 2395 5411; x_wconf 82' lang='lat' dir='ltr'>meas,</span> <span class='ocrx_word' id='word_1_775' title='bbox 2427 5359 2480 5401; x_wconf 88' lang='lat' dir='ltr'>ut</span> <span class='ocrx_word' id='word_1_776' title='bbox 2513 5365 2615 5401; x_wconf 83' lang='lat' dir='ltr'>non</span> <span class='ocrx_word' id='word_1_777' title='bbox 2647 5347 2947 5417; x_wconf 78' lang='lat' dir='ltr'>delinquant</span> <span class='ocrx_word' id='word_1_778' title='bbox 2975 5348 3028 5400; x_wconf 88' lang='lat' dir='ltr'>in</span> <span class='ocrx_word' id='word_1_779' title='bbox 3051 5345 3231 5417; x_wconf 87' lang='lat' dir='ltr'>lingua</span> <span class='ocrx_word' id='word_1_780' title='bbox 3254 5363 3391 5401; x_wconf 86' lang='lat' dir='ltr'>mea.</span> <span class='ocrx_word' id='word_1_781' title='bbox 3417 5344 3588 5402; x_wconf 72' lang='grc' dir='ltr'>Ροεηί</span> <span class='ocrx_word' id='word_1_782' title='bbox 3610 5343 3685 5399; x_wconf 85' lang='lat' dir='ltr'>ori</span> 
     </span>
    </p>
   </div>
   <div class='ocr_carea' id='block_1_109' title="bbox 2099 5435 3681 5502">
    <p class='ocr_par' dir='ltr' id='par_1_109' title="bbox 2099 5435 3681 5502">
     <span class='ocr_line' id='line_1_110' title="bbox 2099 5435 3681 5502; baseline -0.004 -8"><span class='ocrx_word' id='word_1_783' title='bbox 2099 5455 2212 5494; x_wconf 86' lang='lat' dir='ltr'>meo</span> <span class='ocrx_word' id='word_1_784' title='bbox 2257 5439 2570 5502; x_wconf 88' lang='lat' dir='ltr'>custodiam,</span> <span class='ocrx_word' id='word_1_785' title='bbox 2613 5445 2660 5489; x_wconf 84' lang='lat' dir='ltr'>et</span> <span class='ocrx_word' id='word_1_786' title='bbox 2706 5435 2960 5501; x_wconf 85' lang='lat' dir='ltr'>obmutui,</span> <span class='ocrx_word' id='word_1_787' title='bbox 2992 5446 3040 5489; x_wconf 89' lang='lat' dir='ltr'>et</span> <span class='ocrx_word' id='word_1_788' title='bbox 3092 5436 3403 5490; x_wconf 82' lang='lat' dir='ltr'>humiliatus</span> <span class='ocrx_word' id='word_1_789' title='bbox 3448 5453 3593 5500; x_wconf 85' lang='lat' dir='ltr'>sum,</span> <span class='ocrx_word' id='word_1_790' title='bbox 3636 5444 3681 5488; x_wconf 80' lang='lat' dir='ltr'>et</span> 
     </span>
    </p>
   </div>
   <div class='ocr_carea' id='block_1_110' title="bbox 2097 5591 3678 5663">
    <p class='ocr_par' dir='ltr' id='par_1_110' title="bbox 2097 5591 3678 5663">
     <span class='ocr_line' id='line_1_111' title="bbox 2097 5591 3678 5663; baseline -0.003 -14"><span class='ocrx_word' id='word_1_791' title='bbox 2097 5610 2240 5649; x_wconf 91' lang='lat' dir='ltr'>mum</span> <span class='ocrx_word' id='word_1_792' title='bbox 2272 5608 2486 5648; x_wconf 88' lang='lat' dir='ltr'>versum</span> <span class='ocrx_word' id='word_1_793' title='bbox 2516 5592 2708 5663; x_wconf 89' lang='lat' dir='ltr'>psalmi</span> <span class='ocrx_word' id='word_1_794' title='bbox 2740 5595 2808 5650; x_wconf 80' lang='lat'>38</span> <span class='ocrx_word' id='word_1_795' title='bbox 2839 5592 3133 5647; x_wconf 86' lang='lat' dir='ltr'>audivisset</span> <span class='ocrx_word' id='word_1_796' title='bbox 3160 5610 3170 5643; x_wconf 91' lang='lat'><strong>:</strong></span> <span class='ocrx_word' id='word_1_797' title='bbox 3202 5591 3347 5663; x_wconf 68' lang='lat' dir='ltr'>Dixi,</span> <span class='ocrx_word' id='word_1_798' title='bbox 3370 5591 3678 5645; x_wconf 81' lang='lat' dir='ltr'>Custodiam</span> 
     </span>
    </p>
   </div>
   <div class='ocr_carea' id='block_1_111' title="bbox 2097 5662 3679 5727">
    <p class='ocr_par' dir='ltr' id='par_1_111' title="bbox 2097 5662 3679 5727">
     <span class='ocr_line' id='line_1_112' title="bbox 2097 5662 3679 5727; baseline -0.001 -10"><span class='ocrx_word' id='word_1_799' title='bbox 2097 5667 2206 5718; x_wconf 84' lang='lat' dir='ltr'>vias</span> <span class='ocrx_word' id='word_1_800' title='bbox 2231 5680 2391 5727; x_wconf 87' lang='lat' dir='ltr'>meas,</span> <span class='ocrx_word' id='word_1_801' title='bbox 2419 5662 2548 5726; x_wconf 64' lang='lat' dir='ltr'>etcf,</span> <span class='ocrx_word' id='word_1_802' title='bbox 2594 5666 2886 5719; x_wconf 84' lang='lat' dir='ltr'>secundum</span> <span class='ocrx_word' id='word_1_803' title='bbox 2916 5664 3105 5716; x_wconf 85' lang='lat' dir='ltr'>audire</span> <span class='ocrx_word' id='word_1_804' title='bbox 3140 5662 3312 5716; x_wconf 86' lang='lat' dir='ltr'>noluit</span> <span class='ocrx_word' id='word_1_805' title='bbox 3341 5677 3355 5717; x_wconf 90' lang='lat'><strong>:</strong></span> <span class='ocrx_word' id='word_1_806' title='bbox 3400 5663 3496 5716; x_wconf 87' lang='lat' dir='ltr'>sed</span> <span class='ocrx_word' id='word_1_807' title='bbox 3527 5663 3679 5716; x_wconf 84' lang='lat' dir='ltr'>dece-</span> 
     </span>
    </p>
   </div>
   <div class='ocr_carea' id='block_1_112' title="bbox 412 5733 3676 5809">
    <p class='ocr_par' dir='ltr' id='par_1_112' title="bbox 412 5733 3676 5809">
     <span class='ocr_line' id='line_1_113' title="bbox 412 5733 3676 5809; baseline -0.006 -8"><span class='ocrx_word' id='word_1_808' title='bbox 412 5746 606 5801; x_wconf 58' lang='lat' dir='ltr'>Iteutus</span> <span class='ocrx_word' id='word_1_809' title='bbox 634 5733 833 5795; x_wconf 65' lang='lat' dir='ltr'>Pantho</span> <span class='ocrx_word' id='word_1_810' title='bbox 884 5743 935 5794; x_wconf 91' lang='lat' dir='ltr'>in</span> <span class='ocrx_word' id='word_1_811' title='bbox 979 5741 1171 5794; x_wconf 82' lang='lat' dir='ltr'>litteris</span> <span class='ocrx_word' id='word_1_812' title='bbox 1224 5741 1417 5809; x_wconf 80' lang='lat' dir='ltr'>hospes</span> <span class='ocrx_word' id='word_1_813' title='bbox 1466 5733 1520 5792; x_wconf 73' lang='lat' dir='ltr'>et</span> <span class='ocrx_word' id='word_1_814' title='bbox 1568 5733 1989 5809; x_wconf 49' lang='lat' dir='ltr'>peregrinus&#39;ad</span> <span class='ocrx_word' id='word_1_815' title='bbox 2090 5736 2229 5789; x_wconf 69' lang='lat' dir='ltr'>deus</span> <span class='ocrx_word' id='word_1_816' title='bbox 2267 5733 2446 5809; x_wconf 67' lang='lat' dir='ltr'>dixit;</span> <span class='ocrx_word' id='word_1_817' title='bbox 2484 5733 2631 5789; x_wconf 88' lang='lat' dir='ltr'>Unus</span> <span class='ocrx_word' id='word_1_818' title='bbox 2658 5734 2744 5788; x_wconf 86' lang='lat' dir='ltr'>hic</span> <span class='ocrx_word' id='word_1_819' title='bbox 2774 5744 2854 5787; x_wconf 82' lang='lat' dir='ltr'>sat</span> <span class='ocrx_word' id='word_1_820' title='bbox 2890 5743 2991 5809; x_wconf 68' lang='lat' dir='ltr'>est,</span> <span class='ocrx_word' id='word_1_821' title='bbox 3024 5734 3065 5786; x_wconf 88' lang='lat' dir='ltr'>si</span> <span class='ocrx_word' id='word_1_822' title='bbox 3104 5734 3260 5809; x_wconf 68' lang='lat' dir='ltr'>modo</span> <span class='ocrx_word' id='word_1_823' title='bbox 3301 5747 3426 5809; x_wconf 81' lang='lat' dir='ltr'>eum</span> <span class='ocrx_word' id='word_1_824' title='bbox 3476 5734 3676 5805; x_wconf 75' lang='lat' dir='ltr'>reipsa</span> 
     </span>
    </p>
   </div>
   <div class='ocr_carea' id='block_1_113' title="bbox 413 5810 1991 5883">
    <p class='ocr_par' dir='ltr' id='par_1_113' title="bbox 413 5810 1991 5883">
     <span class='ocr_line' id='line_1_114' title="bbox 413 5810 1991 5883; baseline -0.002 -16"><span class='ocrx_word' id='word_1_825' title='bbox 413 5821 699 5883; x_wconf 74' lang='lat' dir='ltr'>quemdam</span> <span class='ocrx_word' id='word_1_826' title='bbox 717 5812 966 5876; x_wconf 82' lang='lat' dir='ltr'>accessit,</span> <span class='ocrx_word' id='word_1_827' title='bbox 998 5820 1049 5863; x_wconf 89' lang='lat' dir='ltr'>ut</span> <span class='ocrx_word' id='word_1_828' title='bbox 1080 5812 1342 5880; x_wconf 77' lang='lat' dir='ltr'>psalmum</span> <span class='ocrx_word' id='word_1_829' title='bbox 1365 5813 1614 5876; x_wconf 56' lang='lat' dir='ltr'>disserit,</span> <span class='ocrx_word' id='word_1_830' title='bbox 1652 5820 1703 5865; x_wconf 87' lang='lat' dir='ltr'>et</span> <span class='ocrx_word' id='word_1_831' title='bbox 1733 5825 1853 5864; x_wconf 87' lang='lat' dir='ltr'>cum</span> <span class='ocrx_word' id='word_1_832' title='bbox 1883 5810 1991 5877; x_wconf 81' lang='lat' dir='ltr'>pri-</span> 
     </span>
    </p>
   </div>
   <div class='ocr_carea' id='block_1_114' title="bbox 2096 5802 3673 5876">
    <p class='ocr_par' dir='ltr' id='par_1_114' title="bbox 2096 5802 3673 5876">
     <span class='ocr_line' id='line_1_115' title="bbox 2096 5802 3673 5876; baseline -0.003 -18"><span class='ocrx_word' id='word_1_833' title='bbox 2096 5815 2147 5858; x_wconf 87' lang='lat' dir='ltr'>et</span> <span class='ocrx_word' id='word_1_834' title='bbox 2181 5820 2342 5876; x_wconf 84' lang='lat' dir='ltr'>opere</span> <span class='ocrx_word' id='word_1_835' title='bbox 2387 5805 2592 5863; x_wconf 77' lang='lat' dir='ltr'>discere</span> <span class='ocrx_word' id='word_1_836' title='bbox 2623 5814 2865 5875; x_wconf 84' lang='lat' dir='ltr'>potuero.</span> <span class='ocrx_word' id='word_1_837' title='bbox 2918 5804 3159 5873; x_wconf 69' lang='lat' dir='ltr'>(Suntque</span> <span class='ocrx_word' id='word_1_838' title='bbox 3206 5802 3293 5856; x_wconf 88' lang='lat' dir='ltr'>ille</span> <span class='ocrx_word' id='word_1_839' title='bbox 3336 5805 3430 5872; x_wconf 85' lang='lat' dir='ltr'>qui</span> <span class='ocrx_word' id='word_1_840' title='bbox 3461 5803 3673 5857; x_wconf 73' lang='lat' dir='ltr'>versum</span> 
     </span>
    </p>
   </div>
  </div>
