3958 6198
464 367 567 434 8‘37

736 476 767 553 ί
803 478 889 535 Ill.
918 508 991 519 —
1017 477 1152 531 Item
1177 473 1413 544 ejusdem
1443 471 1578 543 (cap.
1612 469 1753 539 l5‘d).

537 572 803 641 Interrog.
820 583 845 611 ι
862 564 918 624 Si
936 567 1134 622 bonum
1156 574 1239 621 est
1255 564 1470 634 penitus
1486 572 1667 616 tacere
1678 561 1701 613 ?
1712 590 1781 600 —
1795 558 1945 628 Resp.
1966 552 2053 610 Si-

469 665 692 722 lentium
708 670 761 715 et
777 659 1118 715 taciturnitas
1130 664 1254 710 tunc
1267 655 1467 708 bonum
1490 660 1593 715 est,
1608 665 1730 706 cum
1748 648 1831 702 vel
1846 648 1912 701 ad
1930 662 2056 716 per—

469 767 652 816 sonas,
675 749 759 803 vel
780 749 846 802 ad
870 757 1080 816 tempus
1100 752 1338 813 aptatur,
1355 742 1495 796 sicut
1512 756 1543 793 a
1561 746 1745 794 sancta
1773 735 2053 805 Scriptura

473 842 788 901 edocemur,
818 851 938 907 quae
956 835 1104 898 dicit,
1141 833 1169 873 1)
1197 831 1485 901 aliquando
1507 829 1723 899 quidem
1754 845 1767 881 :
1802 824 1938 891 Quia
1965 825 2056 895 qui

471 929 736 1001 intelligit,
757 929 811 981 in
830 925 920 979 illo
936 935 1160 995 tempore
1176 923 1387 987 tacebit,
1401 921 1525 991 quia
1547 928 1748 988 tempus
1769 915 1965 969 malum
1981 923 2056 967 est

473 1020 657 1091 (Amos
686 1019 761 1089 v).
800 1028 821 1055 ο
855 1014 1158 1084 Aliquando
1182 1021 1360 1066 autem
1392 1029 1404 1064 :
1436 1009 1601 1064 Posui
1630 1009 1710 1063 ori
1742 1024 1854 1061 meo
1878 1016 2056 1060 custo.

472 1106 778 1172 dium,dum
807 1105 1105 1158 consisteret
1130 1111 1368 1172 peccator
1389 1099 1662 1153 adversum
1684 1113 1766 1150 me
1787 1112 1805 1150 :
1823 1093 2058 1149 obmutui

474 1197 855 1255 ethumiliatus
873 1212 1010 1259 sum,
1029 1204 1076 1248 et
1101 1192 1226 1248 silui
1246 1210 1277 1245 a
1303 1188 1636 1261 bonis(Psal.
1664 1184 1918 1256 xxxviii).
1941 1185 1966 1225 ά
1994 1186 2060 1240 Ει

477 1291 603 1346 alibi
631 1308 644 1343 :
679 1288 832 1355 Quod
853 1288 899 1342 si
922 1286 1015 1341 alii
1038 1285 1235 1339 sedenti
1258 1282 1535 1337 revelatum
1560 1280 1741 1349 fuerit,
1769 1290 1791 1318 ο
1812 1280 1958 1349 prior
1978 1287 2060 1331 ta-

478 1391 610 1436 ceat.
628 1381 734 1436 Sed
758 1378 864 1434 alio
885 1386 1124 1447 tempore
1147 1375 1249 1438 bis,
1266 1374 1356 1443 qui
1380 1373 1806 1427 incontinentem
1821 1371 2061 1440 linguam

479 1472 699 1535 habent,
728 1469 927 1524 dicitur
953 1485 965 1521 :
998 1466 1181 1521 Omnis
1206 1481 1375 1519 sermo
1391 1462 1562 1517 malus
1579 1463 1644 1518 de
1661 1480 1749 1517 ore
1769 1472 1934 1517 vestro
1956 1479 2059 1515 non

478 1558 755 1628 procedat,
793 1555 883 1610 sed
923 1556 968 1609 si
1005 1555 1122 1626 quis
1169 1554 1333 1607 bonus
1384 1553 1452 1606 ad
1498 1552 1901 1621 aediﬁcationem
1934 1551 2061 1619 ﬁdei

482 1645 533 1719 (Ι
561 1644 682 1700 σοι.
722 1643 854 1715 xiv).
884 1642 1197 1698 Necessaria
1235 1657 1360 1696 vero
1382 1650 1467 1695 est
1499 1640 1843 1695 taciturnitas
1870 1654 2060 1708 usque-

481 1753 590 1808 quo
607 1737 756 1802 vitia,
785 1737 953 1805 siqua
974 1743 1117 1799 sunt,
1134 1734 1329 1805 lingua:
1353 1732 1434 1787 vel
1456 1746 1766 1787 sermonum
1784 1732 2060 1785 temeritas

1467 358 1525 415 S.
1567 346 1925 413 BENEDlCTl
1965 342 2255 409 ABBATlS
2290 342 2699 406 ANlAb’E‘NSlS

2068 470 2116 526 Α
2148 481 2203 519 re
2230 463 2447 519 occasio
2476 461 2761 517 discordia:
2792 462 3119 532 provenire;
3150 477 3248 531 per
3280 474 3467 529 quam,
3501 460 3604 514 etsi
3631 477 3731 514 non

3624 349 3723 404 8'28

2157 565 2473 612 nasceretur
2508 555 2737 625 litigium
2757 596 2771 618 ,
2819 554 3090 609 cavemlus
3121 562 3300 607 tamen
3335 552 3493 605 nobis
3525 560 3644 605 erat
3674 552 3736 606 ad

2156 646 2569 701 aedificationem
2620 658 2803 698 sermo
2850 659 2956 697 non
3006 642 3305 712 pertinens.
3340 640 3594 695 Scientes
3618 640 3738 707 quia

2158 746 2213 792 et
2257 737 2323 792 de
2366 738 2542 791 otioso
2574 749 2825 790 sermone
2871 733 3011 787 ratio
3040 732 3268 787 Domino
3314 738 3401 784 est
3444 722 3738 783 reddenda.

2159 827 2294 882 Nam
2324 828 2492 882 risum
2538 841 2698 894 supra
2731 825 2949 879 modum
2989 823 3111 893 quis
3138 821 3348 876 nesciat
3376 817 3744 887 indisciplina-

2159 920 2320 974 tionis
2348 927 2403 973 et
2442 916 2677 972 levitatis
2711 931 2833 970 esse
2867 913 3112 982 januam,
3154 928 3251 983 per
3282 925 3446 981 quam
3476 908 3746 979 pernicio-

2159 1026 2249 1066 sos
2278 1011 2429 1065 cibos
2472 1014 2685 1063 miserm
2714 1007 2906 1060 anima:
2933 1003 3177 1059 diabolus
3213 1001 3485 1057 subtiliter
3532 998 3742 1053 submi-

2159 1102 2376 1155 nistrat.

2230 1193 2258 1263 ᾗ
2295 1193 2378 1246 Vl.
2406 1222 2477 1231 —-
2502 1192 2578 1245 Ex
2610 1192 2827 1246 Rscotx
2855 1205 3045 1245 SANC'I‘I
3077 1187 3387 1242 Cowuaxsi
3418 1184 3561 1258 (cap.
3592 1184 3674 1256 2).

2236 1283 2255 1322 ι
2297 1282 2509 1339 Silentii
2547 1283 2730 1353 regula
2769 1282 3055 1353 diligenter
3096 1276 3446 1334 custodienda
3494 1276 3745 1331 decemi-

2161 1383 2250 1428 tur
2275 1392 2286 1428 :
2317 1373 2443 1443 quia
2475 1372 2735 1443 scriptum
2759 1379 2844 1427 est
2874 1387 2888 1426 :
2920 1367 3107 1423 Cultus
3134 1377 3309 1421 autem
3332 1365 3559 1435 justitia:
3587 1363 3747 1417 silen-

2159 1468 2290 1521 tium
2315 1477 2363 1521 et
2389 1483 2495 1537 pax
2524 1464 2661 1537 (lsa.
2691 1463 2883 1536 xxxii).
2924 1462 2989 1517 Et
3024 1461 3167 1524 ideo,
3206 1474 3276 1514 ne
3307 1466 3494 1513 reatus
3531 1456 3602 1512 de
3632 1470 3745 1509 ver-

2158 1557 2391 1612 bositate
2418 1554 2773 1624 conquiratur
2792 1594 2806 1618 ,
2839 1550 3080 1620 exceptis
3117 1548 3444 1612 utilitatibus
3471 1556 3528 1601 et
3560 1559 3751 1599 neces-

2160 1651 2342 1714 sariis,
2371 1664 2505 1721 opus
2526 1658 2613 1703 est
2633 1655 2694 1702 ut
2716 1653 2958 1704 taceatur
2983 1662 2996 1698 :
3026 1643 3154 1712 quia
3171 1680 3185 1707 ,
3211 1640 3359 1710 iuxta
3384 1638 3751 1708 Scripturam,

2162 1741 2228 1795 In
2252 1740 2578 1811 multiloquio
2602 1746 2871 1810 peccatum
2905 1753 3008 1790 non
3042 1726 3206 1788 deerit
3234 1730 3417 1804 (Prov.
3448 1729 3526 1801 x).
3578 1728 3650 1782 Et
3678 1730 3753 1783 id-

482 1837 787 1893 resecetur;
818 1835 872 1881 et
901 1827 1077 1882 discat
1100 1833 1493 1895 opportune,et
1520 1825 1575 1878 in
1593 1832 1834 1893 tempore
1857 1824 2061 1879 utiliter
2091 1814 2135 1872 Β
2162 1832 2308 1887 circo
2335 1829 2584 1884 Salvator
2607 1829 2683 1883 ait
2712 1845 2726 1882 :
2761 1827 2846 1881 Ea:
2874 1826 3037 1881 verbis
3063 1825 3166 1879 tuis
3178 1822 3581 1894 justi/icaberis,
3616 1830 3665 1873 et
3692 1836 3754 1874 es

484 1919 722 1991 loqui,et
747 1918 884 1974 sicut
904 1918 1164 1986 scriptum
1187 1925 1272 1971 est
1302 1934 1314 1969 :
1348 1915 1366 1953 τ
1395 1913 1576 1970 Sermo
1605 1932 1785 1968 eorum
1808 1913 1918 1969 sate
1939 1932 2063 1969 con-

483 2013 623 2064 ditus
648 2011 749 2075 sit,
781 2018 835 2062 ut
858 2008 941 2060 det
971 2008 1195 2077 gratiam
1219 2005 1550 2060 audientibus
1583 2003 1807 2075 (Coloss.
1835 2004 1930 2075 tv).

546 2103 573 2173 §
602 2099 688 2155 ιν.
716 2131 787 2140 —
818 2100 896 2154 Ex
925 2100 1142 2154 Recens
1170 2113 1357 2153 sane“
1391 2096 1653 2152 chnoun
1683 2096 1821 2167 (cap.
1857 2096 2001 2168 122).

560 2195 585 2233 ε
616 2190 841 2258 Quando
873 2191 901 2230 ιι
946 2190 1085 2245 domi
1131 2189 1427 2252 sedebunt,
1468 2202 1576 2241 non
1603 2188 1682 2242 eis
1721 2187 1882 2242 liceat
1916 2188 2064 2256 loqui

487 2282 689 2351 aliquid
717 2281 992 2345 smculare,
1024 2279 1118 2334 sed
1147 2280 1192 2333 si
1220 2278 1347 2348 quid
1376 2277 1442 2332 de
1473 2276 1773 2346 Scripturis
1802 2278 2064 2348 praeposi-

488 2382 575 2428 tus
596 2372 863 2437 docuerit,
891 2371 1132 2426 vicissim
1162 2371 1300 2426 inter
1326 2385 1385 2424 se
1410 2368 1706 2433 ruminent,
1730 2377 1788 2424 et
1826 2368 2066 2424 referant

486 2480 607 2534 quae
641 2462 763 2532 quis
789 2462 1043 2527 audierit,
1073 2460 1157 2515 vel
1185 2476 1304 2529 quae
1330 2460 1647 2515 memoriter
1669 2469 1907 2515 teneant.

537 2553 565 2626 §
595 2553 655 2608 V.
693 2583 762 2592 -—
790 2552 867 2606 Ex
899 2552 1115 2605 lli-zeum
1142 2550 1305 2604 PAULl
1338 2566 1406 2603 ετ
1439 2548 1710 2604 STEPHANI
1739 2550 1875 2622 (cap.
1903 2550 2015 2623 27).

567 2647 582 2684 ί
623 2642 870 2699 Cavenda
909 2650 991 2695 est
1017 2641 1271 2695 euntibus
1297 2640 1452 2694 nobis
1474 2637 1585 2708 joci
1612 2648 1669 2695 et
1700 2641 1841 2695 risus
1868 2642 2064 2696 immo-

488 2734 673 2789 derata
704 2732 716 2783 i
758 2733 990 2797 luxnria,
1034 2747 1319 2801 perquam
1356 2731 1670 2801 plerumque
1695 2732 1838 2786 inter
1871 2732 2069 2788 fratres

487 2826 832 2882 amarissima
866 2834 1160 2878 nascuntur
1191 2822 1217 2861 ιι
1249 2822 1522 2876 scandala.
1556 2821 1665 2877 Nec
1688 2823 1845 2877 debet
1871 2838 1938 2878 ex
1968 2824 2069 2878 hac

563 2976 589 3005 ι
631 2961 690 3018 Si
724 2962 910 3015 bonum
952 2971 1044 3014 est.
1088 2960 1374 3028 Reperitur
1404 2959 1542 3029 apud
1576 2958 1635 3012 S.
1678 2957 1958 3025 Basiliam,
1988 2961 2070 3015 iu-

490 3036 627 3157 ξιξ.
656 3032 785 3098 ‘208,
813 3041 867 3084 et
893 3032 1031 3100 apud
1061 3030 1334 3095 Rutilium,
1366 3044 1485 3099 cap.
1520 3030 1609 3094 Ἠ,
1634 3030 1723 3083 ubi
1752 3030 1969 3086 additur
2014 3034 2071 3087 τὸ

547 3120 577 3156 a
604 3118 677 3155 er.
1872 3142 1882 3152 .

564 3140 1180 3246 K'Iitiquamtsquideia.
1218 3168 1293 3246 ita
1323 3169 1462 3237 apud
1486 3169 1759 3246 nivosum,
1784 3142 1882 3246 sed
1910 3173 2067 3246 male.
2100 3172 2147 3235 c
2174 3140 2206 3246 ἶ

495 3241 631 3296 Nam
658 3237 883 3314 intextu
912 3237 1098 3314 tii'aeco
1128 3237 1279 3314 illud,
1302 3248 1470 3314 ,καιρῷ
1497 3243 1605 3314 μέν,
1637 3240 1723 3314 ita.
1748 3241 2076 3314 reddendum

491 3319 580 3367 est
613 3329 626 3364 :
677 3310 828 3376 Quod
863 3309 931 3363 ad
961 3321 1160 3378 tempus
1187 3307 1408 3378 quidem'
1435 3307 1638 3363 attinet.
1682 3308 1813 3362 Nam
1855 3311 1927 3365 ibi
1976 3315 2079 3368 duo

539 3388 893 3450 roponuntur,
928 3388 1136 3453 tempus
1174 3388 1230 3433 et
1257 3392 1523 3453 persona:
1566 3379 1714 3449 prius
1742 3380 1810 3434 de
1838 3391 2080 3453 tempore

518 3448 753 3521 (squitur,
780 3465 900 3521 mox
930 3449 996 3502 de
1027 3448 1544 3521 persona_dicturus.

573 3517 595 3561 ἱι
637 3519 931 3592 Aliquando
979 3528 1171 3573 autem.
1231 3517 1388 3574 Male.
1436 3519 1495 3574 In
1540 3528 1690 3574 textu
1742 3519 1952 3589 Gneco,
1999 3529 2081 3580 και

499 3593 669 3655 πάλιν,
702 3592 754 3645 id
783 3599 888 3655 est,
916 3598 971 3643 et
989 3603 1194 3644 rursus.

573 3661 600 3701 ιι
645 3661 711 3714 Et
740 3660 887 3714 alibi.
928 3660 1004 3713 Ita
1040 3661 1179 3728 apud
1220 3659 1495 3725 Ruﬁnum,
1528 3660 1621 3714 sed
1647 3661 1808 3716 male.
1844 3662 1899 3717 in
1929 3673 2079 3719 textu

494 3732 690 3788 Ganeo
718 3732 976 3785 habetur:
1039 3735 1300 3802 προσώπῳ
1344 3730 1421 3795 δὲ,
1453 3731 1506 3784 id
1531 3743 1636 3794 est,
1664 3733 1807 3799 quod
1844 3749 1975 3789 vero
2012 3735 2081 3788 ad

539 3817 789 3874 ersonani
817 3802 1026 3855 attinet.
1078 3801 1210 3857 Nam
1238 3802 1413 3874 primo
1448 3801 1555 3871 egit
1591 3803 1654 3853 de
1699 3813 1939 3872 tempore
1973 3819 2081 3874 quo

526 3871 831 3941 oqtteudum
871 3878 971 3934 est,
1006 3887 1148 3928 nunc
1172 3871 1300 3924 vero
1329 3872 1393 3926 de
1420 3887 1646 3941 persona
1673 3871 1904 3928 tacente.
1990 3871 2008 3874 ’

578 3955 602 3982 σ
642 3940 802 3995 Prior
821 3944 1192 4013 taceat._Apud
1222 3943 1474 4013 Ruﬁnum
1510 3951 1565 3995 et
1592 3941 1647 3996 8.
1682 3943 1936 3997 Basilinm
1965 3944 2083 4001 inec

498 4022 803 4083 sequuntur
836 4029 849 4065 :
885 4010 951 4065 Et
981 4010 1127 4079 alibi,
1156 4012 1396 4066 mulieres
1431 4022 1610 4066 vestra:
1653 4014 1707 4065 in
1736 4013 1972 4068 Ecclesia
2001 4025 2084 4069 ta~

506 4093 678 4138 ceant.

585 4152 603 4191 τ
646 4150 828 4221 Sermo
854 4167 1052 4204 eorum.
1082 4151 1211 4220 Cap.
1244 4167 1317 4215 iv,
1357 4152 1527 4221 Epist.
1556 4152 1620 4205 ad
1649 4152 1855 4209 Coloss.
1888 4154 1980 4208 ubi
2002 4154 2081 4210 le-

543 4223 651 4276 itur
674 4239 688 4273 :
718 4219 897 4274 Sermo
919 4232 1082 4274 vester
1104 4219 1305 4290 semper
1334 4222 1387 4273 in
1404 4219 1579 4290 pratia
1599 4222 1708 4276 sale
1727 4225 1794 4276 sit
1818 4224 2081 4279 conditus.

501 4240 608 4347 flic
638 4298 815 4345 tamen
843 4289 991 4345 locus
1019 4306 1123 4345 non
1150 4300 1328 4345 exstat
1358 4291 1411 4344 in
1440 4300 1585 4344 textu
1622 4290 1812 4347 Grzeco
1841 4291 1899 4347 8.
1932 4292 2081 4347 Basi-

536 4292 608 4346 lic
638 4298 815 4345 tamen
843 4289 991 4345 locus
1019 4306 1123 4345 non
1150 4289 1328 4345 exstat
1358 4291 1411 4344 in
1440 4300 1585 4344 textu
1622 4290 1812 4347 Grzeco
1841 4291 1899 4347 8.
1932 4292 2084 4349 Basi—

502 4363 584 4428 lii,
610 4362 703 4416 sed
727 4371 932 4414 tantum
954 4361 1006 4415 in
1028 4362 1143 4431 inec
1168 4362 1331 4431 verba
1357 4378 1369 4413 :
1396 4370 1450 4413 ut
1474 4361 1558 4415 det
1579 4362 1798 4431 gratiam
1822 4363 2086 4418 audienti—

500 4433 624 4488 bus.
652 4432 733 4486 Ad
759 4431 894 4500 Eph.
918 4447 991 4486 iV.
1033 4430 1139 4487 Sed
1168 4429 1393 4485 Ruﬁnus
1418 4449 1484 4484 ex
1513 4429 1719 4487 duobus
1749 4432 1880 4487 locis
1913 4450 2081 4490 unum

2162 1922 2331 1976 verbis
2368 1922 2472 1975 tuis
2512 1919 2961 1974 condemnaberis.
2998 1916 3149 1971 Juste
3188 1916 3618 1979 damnabuntur,
3665 1911 3754 1982 qui

2157 2008 2305 2083 justa
2323 2012 2505 2067 dicere
2530 2010 2839 2074 noluerunt,
2865 2023 2987 2063 cum
3010 2014 3304 2077 potuerunt
3329 2024 3342 2059 :
3366 2005 3462 2060 sed
3490 2005 3657 2067 mala,
3684 2006 3760 2057 im

2158 2100 2325 2170 justa,
2365 2099 2553 2171 impia,
2593 2099 2797 2164 inania,
2842 2096 3127 2166 iniuriosa,
3168 2096 3400 2159 incerta,
3429 2094 3595 2159 falsa,
3628 2110 3757 2149 con-

2165 2193 2423 2258 tentiosa,
2452 2189 2864 2255 contumeliosa,
2905 2188 3104 2258 turpia,
3131 2185 3390 2249 fabulosa,
3417 2185 3759 2253 lzlasplicma,

2165 2294 2421 2355 aspera,m
2435 2299 2500 2337 ac
2522 2281 2763 2336 lluxuosa
2791 2280 2932 2348 loqui
2959 2277 3174 2349 garrula
3201 2276 3532 2331 vertositate
3556 2274 3764 2329 malue-

2166 2385 2295 2431 runt
2322 2374 2505 2446 (Prov.
2536 2389 2601 2438 x;
2634 2371 2826 2425 Matth.
2867 2371 2989 2442 xu).
3022 2368 3332 2423 Tacendum
3358 2366 3524 2437 igitur
3551 2374 3677 2428 est,
3707 2375 3763 2419 et

2166 2482 2291 2522 cum
2315 2465 2524 2522 cautela
2548 2472 2603 2519 et
2631 2463 2841 2518 ratione
2863 2460 3192 2532 loquendum
3216 2466 3301 2514 est
3323 2458 3610 2514 monachis
3643 2475 3657 2510 :
3690 2468 3758 2510 ne

2150 2552 2269 2613 ‘aut
2299 2557 2685 2621 detractiones,
2730 2564 2822 2609 aut
2855 2554 3074 2608 tumida:
3119 2550 3585 2606 contradictiones
3641 2560 3666 2586 ι’
3705 2549 3760 2602 in

2170 2648 2551 2719 loquacitatem
2575 2646 2825 2701 vitiosam
2852 2648 3227 2714 prorumpant.

2488 2735 2516 2807 §
2555 2734 2666 2789 Vll.
2692 2754 2763 2774 -ι-
2786 2734 2867 2788 Ex
2888 2732 3108 2789 REGULA
3136 2745 3425 2786 curosoxu.

2244 2834 2269 2863 °
2312 2824 2601 2880 Silentium
2626 2823 2681 2878 in
2700 2823 2950 2878 omnibus
2979 2821 3298 2878 sectandum
3329 2829 3432 2885 est,
3459 2829 3517 2874 et
3544 2819 3767 2874 tacendi

2172 2919 2453 2990 disciplina
2485 2934 2583 2990 per
2624 2918 2806 2974 omnia
2848 2917 3093 2973 facienda
3128 2924 3212 2972 est
3251 2931 3265 2970 :
3305 2916 3545 2971 maxime
3575 2926 3769 2971 autem

2173 3069 2297 3108 nam
2331 3061 2386 3107 et
2407 3068 2436 3105 ο
2466 3066 2562 3121 pro
2605 3067 2641 3103 u
2671 3050 2752 3121 usi
2779 3056 2939 3121 sunt.
2968 3047 3243 3121 Poblicum
3277 3047 3633 3121 enim,__quod
3670 3063 3775 3103 nos

2212 3122 2440 3176 nblicum
2457 3116 2481 3186 ς’
2496 3132 2552 3174 ει
2569 3120 2709 3190 quod
2732 3136 2831 3174 nos
2854 3118 3085 3187 culpam,
3112 3118 3189 3172 illi
3211 3116 3414 3189 colpam
3435 3116 3717 3190 dixerunt.
3750 3136 3769 3170 ι

2197 3191 2413 3246 λιχιιινίει
2444 3188 2624 3246 autem
2650 3190 2753 3244 hoc
2780 3190 2897 3244 loco
2923 3196 3299 3252 estexcessus,
3329 3203 3423 3242 seu
3461 3188 3777 3242 exuberans

2181 3262 2413 3332 alicujus
2439 3261 2516 3315 rei
2543 3260 2721 3332 copia,
2754 3269 2915 3332 atque
2956 3258 3353 3332 intempestiva.
3384 3255 3593 3332 Planius
3622 3257 3772 3332 Biar.

2179 3328 2363 3394 celius,
2395 3347 2515 3400 cap.
2541 3330 2574 3384 4
2601 3328 2628 3383 ί
2646 3347 2665 3400 ι
2700 3329 2941 3384 Luxuria
2962 3328 3344 3399 intempestiva
3367 3328 3763 3383 abundantia.»

2183 3403 2372 3470 Virgil.
2406 3399 2604 3469 Georg,
2635 3399 2731 3454 lib.
2761 3404 2777 3454 ι
2806 3414 2819 3452 :

2305 3491 2573 3540 Luxuriem
2598 3497 2827 3551 segetum
2853 3498 3028 3538 tenera
3050 3489 3269 3550 depascit
3292 3489 3341 3536 in
3368 3487 3543 3537 herba.

2181 3573 2390 3627 Tullius
2445 3572 2512 3626 de
2557 3570 2787 3625 Oratore
2831 3571 2968 3625 libro
3015 3587 3031 3624 ι
3079 3587 3093 3623 :
3144 3588 3162 3621 ι
3201 3569 3268 3623 Ει
3303 3570 3484 3624 omnis
3526 3569 3776 3626 luxuries

2182 3644 2319 3714 stylo
2342 3642 2700 3711 depascenda.
2732 3661 2753 3693 ι
2798 3638 2984 3711 Virgil.
3013 3640 3105 3695 lib.
3135 3656 3174 3693 ιι
3200 3658 3212 3692 :

2304 3731 2402 3782 Aut
2424 3733 2466 3780 sl
2491 3732 2679 3781 luxuria
2704 3730 2926 3779 foliorum
2947 3732 3196 3780 exuberat
3219 3731 3412 3780 umbra.

2182 3813 2281 3868 ilic
2312 3813 2476 3883 igitur
2522 3813 2665 3883 risus
2707 3810 3065 3866 immoderata
3097 3809 3332 3876 luxuria,
3370 3818 3455 3865 est
3498 3811 3645 3867 risus
3683 3826 3777 3866 ex-

2182 3882 2369 3938 cessus
2397 3882 2737 3937 immodicus.

2184 4024 2197 4037 .
2246 3954 2281 4075 ,ξι
2318 3951 2604 4007 Scandala.
2637 3951 2696 4005 ω
2722 3963 2825 4017 est,
2859 3954 3011 4018 rixae,
3041 3951 3241 4022 iurgia,
3274 3951 3339 4006 de
3366 3964 3474 4019 quo
3502 3953 3771 4007 vocabulo

2184 4040 2237 4075 In
2265 4039 2343 4075 1‘8.

2183 4039 2343 4078 lﬂll‘a.

2262 4092 2280 4132 ι
2322 4092 2533 4149 Silentii
2565 4090 2764 4158 regula.
2796 4091 3043 4149 [labetur
3082 4092 3134 4145 in
3178 4089 3381 4158 Regula
3416 4105 3521 4144 ms.
3568 4089 3630 4144 S.
3675 4091 3778 4147 Co-

2264 4109 2280 4132 ι
2322 4109 2531 4149 oneum
2565 4109 2618 4146 re
2653 4109 2764 4147 uta.
2796 4109 3043 4149 nanetur
3082 4109 3134 4145 in
3179 4109 3381 4158 neguia
3416 4109 3521 4144 ms.
3568 4109 3630 4144 δ.
3675 4109 3778 4147 μο-

2183 4162 2423 4218 lmnbani
2459 4163 2579 4217 cod.
2612 4109 2753 4216 litor.
2784 4173 2839 4217 et
2880 4165 2933 4218 in
2961 4162 3197 4217 editione
3225 4160 3521 4215 Parisiensi
3560 4161 3669 4215 hoc
3694 4178 3779 4218 se-

2185 4234 2361 4289 cundo
2403 4233 2599 4303 capite.
2651 4230 2759 4286 Sed
2794 4233 2848 4286 in
2884 4233 3118 4289 editione
3162 4229 3353 4286 lusulte
3399 4230 3543 4300 apud
3578 4230 3776 4287 Golda£

2188 4314 2332 4359 stum
2363 4301 2545 4357 exstat
2567 4301 2603 4355 4
2632 4303 2824 4372 capite.

2258 4385 2297 4412 ω
2327 4373 2401 4426 Ac
2426 4370 2715 4442 fluxuosaf
2742 4372 2820 4427 ita
2851 4373 2903 4427 in
2931 4372 3051 4427 cod.
3084 4387 3188 4442 ms.
3218 4370 3408 4442 Vind.;
3438 4371 3533 4426 sed
3568 4372 3622 4425 in
3651 4372 3772 4427 cod.

2184 4443 2329 4499 Flor.
2356 4458 2457 4497 ms.
2473 4450 2526 4497 et
2541 4442 2597 4496 in
2617 4443 2852 4498 editione
2871 4442 3161 4497 Parisiensi
3179 4441 3401 4510 legitur:
3427 4457 3490 4493 ac
3511 4441 3771 4510 ﬂexuosa.

507 4501 677 4585 fecit}
702 4511 795 4556 aut
823 4509 969 4583 certe
1082 4500 1336 4585 Basilius:
1361 4502 1498 4570 apud
1524 4518 1683 4585 quem
1714 4510 1960 4585 tempore
1968 4505 2076 4585 _iiu-

2187 4514 2373 4585 Recte,
2399 4528 2521 4585 m_eo
2541 4512 2761 4585 quidem
2777 4511 3001 4583 judiCio.
3033 4500 3299 4585 Elexuo'sa
3323 4509 3487 4565 verba
3511 4500 3646 4564 sunt
3678 4512 3773 4565 tri-

506 4574 603 4628 iini
633 4572 810 4627 forsan
839 4571 987 4642 prior
1010 4571 1159 4643 locus,
1184 4570 1507 4635 habebatur,
1531 4574 1710 4627 verbis
1740 4570 1983 4643 Apostoll
2013 4590 2079 4631 ex

506 4644 791 4705 memoria,
819 4657 922 4695 non
953 4656 1018 4695 ex
1048 4642 1233 4697 codice
1262 4643 1459 4695 citatis.

585 4717 610 4754 ε
646 4711 894 4837 gguando.
924 4711 1113 4767 Exstat
1142 4712 1193 4764 in
1235 4711 1437 4783 Regula
1462 4728 1658 4767 excusa
1692 4713 1750 4768 8.
1780 4713 2081 4782 Pachomii,

585 4796 614 4837 ι.
719 4823 731 4836 .

504 4795 614 4839 art.
646 4785 731 4837 69.

576 4856 608 4895 δ
648 4853 802 4906 Domi
848 4851 1115 4906 sedebant.
1172 4851 1227 4905 lu
1290 4852 1472 4921 regula
1516 4862 1713 4906 exeusa
1764 4869 1778 4908 :
1835 4856 2079 4912 resident.

506 4915 688 4985 Dixit,
722 4923 903 4993 domi,
946 4923 1073 4993 quia
1115 4915 1440 4976 monasteria
1488 4922 1546 4977 S.
1586 4923 1855 4979 Pachomii
1884 4926 2082 4980 divide-

507 4995 703 5049 bantur
731 4994 784 5046 in
808 4992 990 5063 plures
1013 4992 1209 5068 _domos
1227 5033 1241 5056 ,
1274 5008 1369 5048 seu
1401 4992 1600 5048 classes
1623 5024 1639 5059 ,
1667 4996 1861 5063 quibus
1889 4997 2085 5068 singuli

504 5072 778 5134 praeerant
803 5063 1093 5134 prmpositi.

589 5135 602 5174 i
630 5204 636 5206 Α
647 5131 891 5206 Cavenda
912 5131 1019 5197 est,
1043 5141 1148 5206 etc.
1179 5131 1514 5206 li:ec__\jidere
1539 5145 1623 5206 est
1650 5134 1703 5206 in
1741 5134 1944 5206 Regula
1982 5153 2081 5191 ms.

505 5202 659 5327 Sauli
696 5212 769 5324 ,ει
821 5202 1080 5273 Stephani
1131 5204 1253 5258 cod.
1306 5202 1451 5258 Flor.
1505 5204 1594 5258 ubi
1648 5202 1862 5276 legitur,
1905 5223 2089 5261 caren-

550 5291 634 5327 um
663 5291 715 5326 es
744 5312 757 5325 .

550 5291 634 5327 um
663 5282 757 5326 est.

586 5344 610 5415 ι
653 5342 905 5415 ρῃπονξα.
940 5343 1022 5415 ita
1063 5343 1115 5398 in
1156 5342 1360 5415 Regula
1404 5359 1504 5397 ms.
1542 5343 1690 5398 Pauli
1723 5353 1777 5399 et
1824 5346 2087 5415 Stephani

508 5414 633 5484 _cod.
662 5412 805 5484 Flor.
838 5412 895 5467 ln
922 5413 1128 5469 Glossis
1153 5412 1360 5484 Cyrilli,
1400 5416 1619 5479 ἐξώλεια.
1654 5416 1884 5484 lna‘oria.
1912 5412 2002 5471 Sic
2034 5419 2086 5472 in

509 5482 720 5555 Classis
746 5483 1024 5538 Philoxeui
1059 5502 1070 5513 ·
1102 5481 1305 5548 tunica,
1339 5490 1516 5555 χιτὼν.
1560 5481 1778 5546 Τιιὺοιαξ
1804 5491 1968 5548 σανὶς.
2011 5488 2087 5542 lta

510 5553 738 5620 passim,
765 5570 816 5618 ο,
844 5568 961 5622 pro,
1010 5570 1066 5620 ιι,
1109 5556 1161 5608 in
1195 5555 1294 5608 hoc
1323 5552 1510 5610 codice
1539 5555 1852 5611 Concordize
1880 5568 1932 5611 et
1972 5559 2093 5613 aliis

514 5623 788 5698 )‘eteribus
814 5625 957 5698 _cod.
1013 5642 1141 5698 mss.
1162 5625 1619 5698 juxtavetereru
1649 5627 2091 5698 orthographiam

514 5690 766 5767 habetur,
797 5693 864 5767 (_le
890 5690 1241 5767 qnaCurtins
1266 5694 1580 5750 Valerianus
1608 5696 1659 5751 in
1691 5713 1785 5750 sua
1810 5690 2094 5767 orthogra-

513 5761 647 5831 phia
690 5778 705 5817 ς
754 5779 773 5814 ι
802 5761 923 5818 Non
948 5764 1141 5817 mirum
1172 5774 1412 5830 veteres,
1444 5783 1477 5818 ιι
1509 5766 1684 5821 littera
1732 5784 1831 5839 pro
1862 5785 1889 5822 ο
1926 5761 2089 5826 uses:

2100 4800 2109 4805 ’
2191 4793 2336 4847 verbi
2357 4810 2371 4858 ;
2405 4807 2512 4862 quo

2189 4585 2269 4639 cis
2311 4581 2574 4647 involuta,
2624 4581 2896 4652 ambigua,
2929 4597 2992 4652 ac
3045 4581 3294 4652 duplicia,
3342 4595 3531 4634 eorum
3579 4594 3775 4650 nempe

2189 4655 2280 4723 qui
2303 4652 2452 4707 dolos
2465 4667 2728 4707 censuere
2748 4651 2943 4707 solent.
2968 4651 3121 4723 Apud
3138 4651 3450 4723 Goldastum
3473 4665 3585 4706 uno
3608 4653 3773 4706 verbo

2190 4722 2387 4794 legitur
2439 4740 2452 4776 :
2502 4724 2791 4845 (Timauo.
2841 4722 2991 4787 Quot
3040 4722 3154 4792 ipse
3196 4722 3270 4774 ait
3310 4736 3433 4775 esse
3467 4732 3771 4775 monstrum

2191 4793 2371 4845 verbi:
2405 4807 2512 4845 auo
2593 4792 2810 4845 quidem
2845 4807 3032 4845 verum
3066 4800 3166 4845 est.
3192 4790 3286 4845 sed
3314 4806 3419 4843 non
3448 4800 3534 4845 est
3586 4790 3647 4845 S.
3678 4791 3771 4845 Co-

2593 4792 2810 4860 quidem
2845 4807 3032 4845 verum
3060 4790 3166 4854 est,
3192 4790 3419 4860 sedquon
3448 4800 3534 4845 est
3586 4790 3647 4845 S.
3678 4791 3773 4846 Co-

2187 4859 2447 4917 lumbani.
2499 4859 2852 4916 Nec’dubium
2883 4871 2966 4916 est
2991 4862 3121 4931 quin
3145 4859 3356 4916 S.Galli
3384 4859 3555 4915 codex
3579 4862 3656 4915 sit
3676 4862 3770 4914 hoc

2192 4934 2243 4988 iu
2277 4933 2395 4987 loro
2427 4933 2737 4987 mendosus.

2266 5013 2292 5039 υ
2331 5002 2397 5055 In
2445 5001 2810 5069 loquacitatem
2854 5000 3112 5055 vitiosam.
3157 4999 3449 5070 lnilegula
3487 5015 3519 5053 a
3562 5000 3769 5070 Donato

2195 5072 2417 5126 collecta
2446 5072 2697 5126 additur:
2735 5086 2798 5122 ac
2834 5072 3191 5141 superﬂuam.
3210 5069 3393 5141 codex
3419 5069 3566 5141 dom.
3585 5069 3766 5141 .Iodoci

2195 5141 2465 5197 Metzeleri
2495 5141 2790 5210 proprioris
2817 5139 3127 5195 monasterii
3164 5140 3222 5194 S.
3250 5139 3388 5195 Galli
3426 5140 3598 5194 habet
3637 5159 3650 5193 :
3695 5140 3768 5194 Ne

2195 5222 2286 5264 aut
2332 5213 2386 5265 in
2427 5211 2794 5274 detractiones,
2832 5219 2923 5263 aut
2970 5212 3027 5266 in
3065 5211 3293 5264 tumidas
3334 5211 3766 5263 contradictiones

2194 5290 2585 5351 prorumpatur.
2617 5281 2744 5346 Qum
2770 5280 2927 5334 lectio
2952 5296 3061 5333 non
3090 5280 3611 5351 estrcontemnenda.

2269 5360 2293 5385 °
2330 5349 2606 5405 Silentium
2628 5351 2682 5403 in
2709 5351 2945 5405 omnibus
2980 5350 3282 5404 sectandum
3311 5359 3408 5405 est.
3441 5350 3518 5404 De
3539 5349 3765 5403 utilitate

2192 5421 2392 5474 silentii
2418 5429 2469 5474 et
2524 5420 2845 5474 excellentia
2900 5422 3011 5475 hmc
3039 5436 3201 5474 aurea
3233 5421 3290 5473 S.
3326 5419 3579 5474 Antiochi
3606 5420 3763 5473 verba

2195 5492 2431 5565 notanda
2466 5498 2607 5565 sunt,
2639 5490 2786 5565 hom.
2823 5492 2937 5565 105.
2973 5493 3096 5550 καλὴ
3126 5489 3210 5546 οὖν
3259 5494 3289 5565 ἠ
3316 5489 3551 5565 εὔκαιρος
3575 5495 3760 5565 ςιωπιὶε

2194 5555 2344 5635 οεζιδέν
2373 5558 2526 5635 οὖσα,
2558 5561 2588 5619 ἢ
2623 5564 2788 5635 μήτηρ
2844 5564 3040 5635 imum:
3078 5563 3405 5635 eaput-Jews.
3439 5555 3643 5620 ’ἐπειδή
3686 5560 3762 5612 καὶ

2196 5632 2254 5686 τὸ
2279 5633 2464 5705 ἀγαθὸν
2484 5638 2686 5701 Πνεῦμα
2716 5632 2941 5705 ἐδέςβεργει
2976 5639 3068 5705 τρν
3095 5632 3252 5705 nolui
3265 5636 3410 5703 ηἰαν,
3438 5633 3506 5705 ὡς
3533 5636 3766 5705 ταραχῆς

2198 5694 2491 5772 «donandi
2513 5694 2794 5772 φαινξασίαέ
2841 5694 2984 5760 iuri;
3013 5694 3090 5755 ὃν.
3128 5702 3184 5755 Id
3209 5694 3311 5765 est',
3344 5694 3765 5772 speciosuin'igi-

2198 5781 2287 5826 tur
2334 5770 2605 5828 silentum
2662 5780 3046 5841 opportunum,
3100 5772 3229 5827 nihil
3261 5785 3485 5843 prorsus
3535 5770 3766 5824 existimo
