3958 6198
235 352 343 416 829

1214 358 1599 427 concentus
1642 359 2093 428 assumant.
2137 406 2202 415 —
2239 362 2391 432 CAP.
2432 367 2524 431 1x.

3403 388 3510 445 επ

228 474 386 546 juxta
417 485 443 516 ι
473 475 695 532 missam
742 475 798 533 et
839 490 1105 535 mensam.
1147 482 1254 538 Sed
1280 483 1533 538 omnibus
1573 484 1708 539 nihil
1738 484 1817 538 lo.
1844 490 1895 547 Α
1923 493 2140 554 tamque
2166 486 2321 542 bonis
2348 486 2579 558 eloquiis
2605 487 2761 546 freno
2802 493 3196 550 taciturnitatis
3233 499 3508 554 constrin-

231 567 509 637 quendum
548 574 665 631 est,
696 568 801 623 nisi
844 570 989 639 quod
1027 573 1327 628 necessitas
1383 575 1710 644 poposcerit.
1761 573 1820 629 Si

231 661 360 730 quis
386 672 580 716 contra
618 661 758 717 hanc
798 663 1139 732 disciplinam
1169 678 1292 720 cum
1322 665 1560 721 clamore
1585 674 1640 721 et
1670 680 1823 720 acer-

228 744 385 807 biore
433 767 684 808 sermone
723 756 1098 824 responderit,
1142 757 1170 796 δ
1209 766 1448 822 notetur,
1495 774 1667 826 usque
1716 773 1823 827 quo

224 842 560 912 corrigatur.
601 842 660 899 Si
694 851 874 900 autem
922 847 1024 901 hoc
1071 848 1203 904 vitio
1233 851 1412 903 curari
1464 864 1572 903 non
1602 850 1819 919 poterit,

230 943 253 970 ε
286 930 541 1000 ejiciatur
565 932 634 989 ab
656 934 864 990 unitate
890 933 1142 992 fratrum.

406 1024 435 1096 ς
466 1024 597 1079 VIII.
628 1056 698 1066 —
726 1027 802 1081 Ex
833 1027 1054 1083 Rsouu
1095 1029 1368 1085 MAGISTRI
1400 1026 1538 1102 (cap.
1579 1030 1657 1103 8).

302 1110 329 1152 1
369 1111 499 1167 Haec
520 1128 551 1166 a
585 1112 843 1171 fratribus
868 1118 1078 1172 cautius
1101 1118 1301 1187 debent
1324 1121 1607 1187 custodiri,
1632 1121 1687 1175 id
1711 1127 1819 1186 est,

231 1203 522 1273 cegitatio,
554 1203 826 1273 eloquium
856 1216 911 1261 et
937 1213 1189 1277 aspcaus
1227 1208 1549 1283 [cogitatio].
1593 1211 1663 1268 Ut
1690 1228 1817 1267 mox

233 1293 597 1362 captivaverit
622 1303 858 1351 mentem
912 1298 1054 1352 mala
1083 1300 1363 1371 cogitatio,
1395 1300 1605 1371 signata
1632 1303 1818 1357 statim

232 1400 264 1439 ι
292 1384 558 1441 fratribus
617 1402 714 1442 sua
762 1387 960 1455 fronte,
994 1391 1081 1445 vel
1118 1392 1293 1461 ipsum
1331 1404 1541 1464 pectus,
1591 1410 1718 1450 mox
1750 1397 1818 1452 ad

232 1485 495 1548 precepta
549 1476 754 1533 Christi
810 1495 965 1535 suam
1014 1492 1334 1537 convertant
1369 1484 1685 1540 memoriam
1719 1502 1733 1540 :
1762 1494 1818 1541 et

231 1568 384 1623 dicat
414 1569 515 1624 sibi
544 1567 715 1624 frater
749 1574 871 1625 cum
901 1573 1167 1644 Propheta
1198 1594 1210 1629 :
1245 1561 1450 1630 Memor
1475 1577 1557 1647 fui
1580 1577 1678 1633 Dei
1704 1619 1719 1645 ,
1767 1589 1817 1633 et

233 1664 260 1698 δ
283 1658 587 1713 consolatus
623 1677 740 1715 sum
769 1659 940 1733 (Psal.
971 1665 1160 1737 vatt).
1198 1666 1266 1720 Et
1307 1667 1435 1722 item
1467 1668 1614 1723 dicat
1641 1686 1654 1723 :
1690 1669 1735 1722 Α
1767 1679 1817 1725 te

228 1751 432 1821 eripior
454 1768 487 1804 a
516 1753 822 1819 tentatione,
852 1764 899 1809 et
926 1756 982 1810 in
1023 1756 1132 1811 Deo
1157 1774 1271 1811 meo
1312 1760 1674 1829 transgredior
1698 1776 1816 1814 mu-

1924 582 2129 643 guntur
2173 574 2446 644 discipuli,
2489 586 2546 633 et
2575 578 2808 636 licentiae
2837 590 3026 637 eorum
3064 584 3241 641 aditus
3268 601 3510 656 praascn-

1923 664 1993 717 tis
2031 664 2271 733 magistri
2302 667 2544 722 custodia
2598 671 2962 727 observantur
2988 690 3004 739 ;
3032 689 3165 749 cum
3183 679 3511 735 necessaria

1923 752 2144 807 utilitati
2173 768 2364 809 eorum
2418 757 2613 827 aliquae
2658 760 3112 833 interrogationes
3164 766 3507 835 advenerim,

1922 843 2101 898 adhuc
2131 845 2315 900 clauso
2338 861 2433 902 ore
2461 858 2517 903 et
2542 850 2754 922 signato
2810 855 2990 910 tacitae
3016 857 3300 927 gravitatis
3328 860 3507 930 sigillo

1922 941 2128 988 stantes
2182 944 2308 991 ante
2350 937 2614 1007 majorem
2645 941 2903 999 inclinato
2940 947 3262 1004 humilitatis
3320 952 3500 1021 capite

1922 1023 2167 1079 clausum
2223 1026 2279 1081 in
2333 1029 2638 1086 silentioos
2676 1031 2689 1083 i
2731 1034 2883 1090 clave
2936 1039 3327 1098 benedictionis
3373 1060 3502 1114 ape-

1922 1115 2086 1168 riant.-
2123 1115 2278 1183 Quod
2307 1120 2352 1175 si
2381 1122 2549 1177 semel
2576 1124 2602 1162 ι
2627 1124 2783 1179 dictae
2812 1125 3173 1185 benedictioni
3219 1134 3287 1188 ad
3323 1149 3507 1205 postu-

1921 1206 2142 1261 landum
2182 1207 2456 1279 eloquium
2508 1214 2684 1270 adhuc
2722 1230 2829 1270 non
2880 1219 3206 1288 respondeat
3259 1226 3505 1293 magistri

1920 1299 2229 1370 permissio,
2261 1302 2458 1359 iterata
2482 1306 2853 1363 humiliatione
2889 1311 3105 1380 capitis,
3134 1311 3235 1366 et1
3271 1314 3500 1370 benedi-

1919 1392 2098 1449 ctione
2122 1393 2237 1449 sola
2275 1393 2473 1449 iterum
2527 1398 2777 1466 repetita,
2809 1399 2988 1455 denuo
3031 1402 3100 1456 ab
3130 1403 3326 1459 abbate
3346 1420 3504 1475 rcpc-

1921 1492 2065 1539 tatur
2084 1482 2323 1541 licentia.
2354 1487 2507 1553 Quod
2531 1488 2576 1543 si
2607 1504 2707 1544 nec
2735 1491 2815 1545 sic
2844 1492 2912 1545 ab
2940 1507 3006 1546 eo
3034 1509 3353 1563 responsum
3384 1498 3502 1552 fue-

1918 1575 2011 1642 rit,
2045 1585 2274 1632 curvato
2300 1578 2430 1633 item
2460 1579 2514 1632 in
2567 1581 2875 1637 humilitate
2928 1584 3216 1655 discipulo,
3241 1586 3356 1655 jam
3391 1590 3505 1659 ipse

1916 1665 2087 1721 frater
2118 1683 2180 1723 se
2214 1676 2345 1723 tunc
2391 1669 2607 1724 demum
2657 1680 2949 1737 removeat,
2990 1690 3058 1729 ne
3110 1687 3203 1731 aut
3229 1687 3269 1709 ³³
3301 1680 3503 1736 nimius

1916 1758 1965 1811 ei
2002 1766 2279 1830 appareat,
2309 1768 2403 1814 aut
2432 1771 2459 1798 ιι
2499 1762 2813 1832 improbus;
2846 1774 2901 1821 et
2935 1781 3035 1822 suo
3078 1771 3228 1839 aperi
3290 1771 3502 1828 deditus

235 1852 354 1895 rum
396 1839 568 1913 (Psal.
613 1843 771 1913 xvu).
806 1842 828 1883 ί
869 1844 927 1900 Si
975 1861 1106 1901 vero
1157 1848 1370 1917 eloquio
1425 1850 1685 1906 iracundo
1719 1859 1814 1906 aut
1841 1842 1887 1900 B
1914 1846 2091 1901 adhuc
2115 1862 2404 1917 personam
2432 1858 2582 1919 gerat
2618 1846 2849 1908 tacentis
2879 1863 2931 1909 ut
2959 1856 3014 1909 in
3043 1857 3159 1926 ipsa
3188 1860 3495 1918 humilitate

227 1937 406 2001 pravo
430 1941 525 1987 aut
552 1947 693 1987 vano
728 1933 1055 2005 negligentia
1080 1952 1145 1992 os
1165 1936 1481 2004 armaverit,
1510 1954 1637 1995 mox
1664 1941 1817 1997 clau-

1921 1936 2309 1993 taciturnitatis
2365 1940 2600 1996 aestimet
2654 1945 3003 2015 semetipsum
3052 1948 3172 2003 ideo
3222 1951 3499 2023 indignum

228 2038 293 2078 so
322 2038 443 2088 ore,
471 2031 528 2079 et
553 2024 767 2094 signato
796 2027 975 2082 crucis
1003 2027 1181 2100 sigillo
1211 2030 1263 2084 in
1296 2031 1459 2086 corde
1488 2031 1594 2086 sibi
1633 2032 1819 2103 loqua-
1909 2024 2213 2095 iudicatum
2243 2031 2310 2086 ad
2338 2031 2665 2101 loquendum
2724 2035 2934 2091 abbatis
2959 2037 3182 2106 judicio,
3220 2050 3313 2096 aut
3360 2043 3503 2102 forte

230 2112 322 2168 tur
340 2114 978 2186 dicenscumPrdpheta:
1005 2117 1155 2184 Dixi,
1179 2117 1486 2174 Custodiam
1516 2123 1626 2176 aias
1653 2112 1815 2190 meas,

227 2213 287 2257 ut
334 2220 443 2258 non
487 2203 788 2275 delinquam
832 2208 889 2260 in
931 2206 1115 2279 lingua
1165 2225 1323 2273 mea;
1358 2212 1383 2251 ε
1412 2213 1565 2281 posui
1588 2213 1671 2266 ori
1700 2229 1816 2267 meo

229 2292 552 2358 custodiam,
601 2293 839 2349 obmutui
895 2305 944 2351 et
971 2297 1002 2337 ιι
1046 2299 1358 2354 humiliatus
1394 2317 1512 2354 sum
1559 2302 1737 2367 nimis,
1766 2312 1815 2357 et

230 2381 363 2436 silui
391 2399 424 2435 a
462 2382 609 2437 bonis
649 2382 822 2455 (Psal.
851 2386 1105 2459 xxx‘vm).
1139 2386 1241 2443 Hic
1259 2389 1499 2445 ostendit
1522 2390 1811 2461 Propheta,

227 2471 278 2527 si
310 2487 344 2527 a
369 2471 527 2527 bonis
553 2472 784 2544 eloquiis
821 2483 1044 2545 propter
1091 2478 1514 2534 taciturnitatem
1544 2481 1705 2537 debet
1734 2483 1816 2537 in-

230 2562 445 2618 tet-dum
489 2565 676 2629 taceri,
705 2574 907 2635 quanto
931 2568 1106 2638 magis
1138 2583 1169 2622 a
1200 2568 1361 2625 malis
1384 2570 1564 2626 verbis
1588 2581 1816 2642 propter

229 2656 442 2726 peccati
496 2668 714 2726 poenam
768 2658 927 2715 debet
975 2660 1198 2716 cessari.
1254 2661 1418 2733 Ergo,
1473 2666 1721 2733 quamvis
1748 2666 1814 2721 de

228 2745 391 2802 bonis
439 2754 495 2801 et
522 2747 750 2813 sanctis,
775 2755 832 2803 et
889 2748 1305 2805 atdificationum
1359 2751 1606 2822 eloquiis,
1638 2751 1814 2823 perfe-

228 2836 338 2892 Ctis
360 2836 638 2907 discipulis
661 2845 883 2908 propter
907 2840 1296 2897 taciturnitatis
1338 2843 1658 2913 gravitatem
1688 2859 1812 2899 rara

230 2920 493 2995 loquendi
522 2927 853 2984 concedatur
874 2928 1113 2986 licentia.
1146 2931 1351 2989 Tamen
1379 2935 1449 2990 ab
1475 2935 1597 2991 aliis
1627 2937 1811 2992 verbis

230 3034 342 3074 non
383 3018 706 3091 interrogati
735 3019 933 3078 fratres
960 3022 1147 3078 tandiu
1173 3024 1226 3079 in
1283 3026 1656 3083 taciturnitate
1687 3027 1811 3084 sile-

230 3117 411 3175 scant,
443 3110 683 3180 quandiu
713 3112 863 3167 taciti
889 3112 1043 3169 frena
1089 3115 1204 3170 oris
1248 3130 1439 3171 eorum
1492 3120 1704 3174 abbatis
1727 3119 1812 3174 in-

1918 2122 1986 2175 ad
2043 2122 2417 2190 probationem
2470 2123 2813 2181 invenienda:
2849 2127 3173 2187 humilitatis
3218 2141 3370 2202 putet
3397 2136 3501 2192 sibi

1917 2210 2213 2281 discipulus
2265 2214 2655 2270 taciturnitatis
2709 2217 2831 2271 ideo
2884 2218 3049 2275 fuisse
3097 2238 3203 2277 non
3255 2233 3499 2294 apertum

1915 2300 2245 2357 clausuram.
2277 2303 2402 2358 Ideo
2460 2306 2603 2359 enim
2655 2307 2827 2376 ipsam
2856 2310 3025 2365 solam
3070 2313 3500 2373 benedictionem

1919 2392 2095 2447 denuo
2125 2393 2361 2449 diximus
2385 2404 2656 2465 repetere,
2688 2408 2766 2464 ut,
2827 2416 2951 2456 cum
3004 2405 3118 2460 sola
3166 2414 3272 2473 est,
3299 2419 3357 2463 et
3383 2410 3502 2466 sine

1915 2481 2023 2536 alio
2053 2482 2288 2552 eloquio,
2337 2492 2520 2541 tamen
2550 2498 2828 2545 reservata
2858 2492 2950 2547 diu
3001 2496 3345 2554 taciturnitas
3371 2516 3499 2555 con-

1914 2584 2163 2629 servetur
2190 2590 2204 2639 ;
2234 2591 2359 2630 cum
2386 2575 2565 2633 denuo
2614 2581 2896 2650 repetitur,
2946 2593 3000 2639 et
3025 2595 3145 2654 post
3171 2588 3341 2661 ipsam
3371 2606 3496 2646 mox

1915 2678 1947 2717 a
1974 2663 2187 2719 nolente
2214 2665 2529 2733 disceditur,
2561 2670 2739 2725 adhuc
2764 2675 2970 2729 servari
3020 2678 3247 2745 probata
3274 2681 3494 2736 humili-

1918 2758 2000 2806 tas
2025 2752 2307 2807 sentiatur.
2340 2753 2476 2809 Nam
2513 2755 2636 2811 ideo
2671 2761 2924 2828 repetitio
2976 2763 3223 2835 discipuli
3274 2767 3497 2823 reoﬂ‘er—

1913 2845 2003 2892 tur
2032 2840 2318 2910 magistro,
2349 2850 2410 2896 ut
2437 2859 2545 2899 non
2577 2845 2751 2900 solum
2774 2859 2998 2919 propter
3032 2854 3332 2924 spiritalem
3366 2874 3494 2928 pro—

1915 2928 2194 2984 bationcm
2224 2933 2292 2984 ad
2324 2931 2700 2989 inveniendam
2738 2937 3100 2997 humilitatem
3127 2945 3375 3016 discipuli
3405 2950 3496 3004 diu

1910 3019 2087 3089 possit
2114 3028 2298 3076 tacere
2350 3023 2628 3094 magister,
2688 3028 2783 3083 sed
2814 3046 2882 3086 ne
2914 3040 2969 3087 et
3019 3038 3372 3106 corporaliter
3399 3058 3498 3111 per

1914 3109 2206 3181 cogitatum
2237 3112 2420 3168 animo
2473 3126 2770 3186 occupatus
2829 3123 3011 3180 vultus
3047 3125 3163 3196 ejus
3187 3130 3308 3185 aliis
3335 3109 3497 3186 occu—

232 3200 604 3271 terrogatione
651 3201 920 3258 laxentur.
986 3204 1220 3276 Ideoque
1264 3208 1605 3265 taciturnitas
1654 3211 1812 3266 debet
1838 3198 1884 3261 C
1913 3199 2222 3268 Ρειῑίοηίὺυε
2278 3202 2670 3273 ουεῑυρεεεεῐιδ
2723 3223 2914 3266 Vocem
2943 3218 3216 3284 Ρΐεοθηῑῖε
3248 3219 3496 3292 discipuli

233 3310 567 3367 magnopere
588 3312 620 3351 a
649 3296 913 3355 fratribus
962 3301 1221 3356 custodiri
1251 3319 1265 3355 :
1296 3301 1436 3367 Quia
1484 3304 1540 3357 in
1573 3304 1811 3358 multilo-

232 3388 359 3458 quio
416 3405 523 3442 non
570 3389 849 3461 effugietur
883 3402 1150 3461 peccatum
1213 3395 1396 3465 (Prov.
1431 3395 1508 3468 ι).
1550 3397 1617 3450 Ει
1644 3398 1807 3453 ideo:

236 3477 385 3532 Mors
413 3486 462 3532 et
486 3479 589 3533 vita
610 3480 664 3533 in
692 3482 933 3536 manibus
954 3482 1147 3553 lingua:
1187 3482 1367 3555 (Prov.
1405 3487 1538 3559 xw).
1579 3487 1712 3541 Nam
1734 3487 1812 3544 lo—

232 3568 324 3636 qui
352 3577 406 3622 et
436 3567 631 3623 docere
659 3572 975 3641 magistrum
1024 3575 1299 3640 condecet,
1334 3584 1388 3635 et
1434 3577 1621 3633 audire
1651 3580 1812 3634 disci-

232 3661 364 3730 pulo
393 3663 668 3717 convenit.

588 3754 614 3827 §
642 3755 732 3810 IX.
762 3786 835 3798 -
860 3757 991 3812 ITEM
1044 3773 1179 3814 UNDE
1208 3776 1376 3816 CAPUT
1401 3759 1490 3816 IX.

232 3841 351 3908 Quo
380 3845 563 3899 ordine
608 3850 1063 3988 tacentesffrntres
1107 3852 1324 3974 gtbliquas
1375 3854 1809 3925 interrogationes

858 3931 1032 3974 actant
1071 3938 1102 3974 a
1172 3934 1267 3975 an.

858 3931 1032 3974 actant
1071 3931 1267 3975 abbati.

303 4000 595 4074 Responsio
635 4005 732 4063 Dei
787 4022 880 4079 per
932 4011 1262 4080 magistrum.
1304 4014 1319 4054 ἱ
1358 4012 1503 4095 Cum.
1546 4016 1612 4070 dc
1654 4017 1809 4073 malis

230 4130 399 4186 quam
423 4125 599 4172 mater
626 4119 1149 4188 sapientissimarum
1200 4124 1608 4188 cogitationum.
1650 4127 1809 4182 Beni-

225 4199 371 4258 gnus
419 4188 566 4241 enim
614 4189 702 4244 ille
749 4188 984 4258 Spiritus
1019 4192 1106 4246 vix
1142 4188 1294 4246 aliud
1306 4203 1415 4248 tam
1445 4204 1729 4250 aversatur
1753 4207 1809 4253 et

227 4254 392 4336 fugit,
425 4264 487 4310 ut
519 4254 959 4336 multiloquium;
1011 4277 1130 4336 cum
1171 4262 1217 4336 is
1243 4278 1301 4317 se
1328 4265 1395 4319 ab
1414 4266 1571 4336 omni
1600 4275 1809 4336 pertur-

224 4325 454 4406 batione
478 4333 536 4380 et
564 4325 915 4406 ludificatoria
944 4331 1325 4406 imaginatione
1347 4325 1686 4396 submoveat,
1712 4403 1716 4406 ⁵

298 4404 329 4435 ι
368 4393 617 4474 ligatam;
644 4398 940 4474 lili_ssa_hoc
978 4393 1097 4474 loco
1117 4411 1202 4455 est
1236 4417 1440 4474 cursus
1479 4406 1661 4474 operis
1679 4393 1802 4471 Dei,

225 4477 327 4540 seu
354 4464 524 4540 ofﬁcii
567 4466 753 4523 divini.
802 4469 1087 4540 Itaﬁetiam
1130 4472 1274 4540 capit
1300 4464 1589 4528 Cassianus
1614 4476 1705 4529 lib.
1741 4464 1801 4532 ni

1915 3292 2094 3346 surdis
2113 3293 2337 3349 auribus
2361 3299 2764 3365 przetcrmittat.
2788 3298 2855 3357 Et
2880 3319 2949 3358 ne
2973 3306 3145 3375 ipsum
3169 3310 3494 3380 magistrum

1913 3394 2013 3449 per
2036 3382 2257 3437 nimiam
2293 3393 2349 3439 et
2379 3386 2746 3456 importunam
2807 3393 3164 3451 humilitatem
3205 3399 3255 3451 in
3285 3402 3380 3454 ira:
3410 3418 3495 3455 θυι

1914 3482 2004 3543 gat
2031 3476 2219 3531 vitium
2249 3477 2546 3547 declinare,
2580 3492 2634 3537 et
2662 3486 2968 3554 importuna
3002 3490 3278 3548 humilitas
3307 3495 3358 3547 in
3391 3497 3491 3550 im-

1911 3562 2224 3633 pedimento
2285 3569 2522 3623 scandali
2579 3571 2884 3640 deputetur,
2941 3577 3060 3631 ideo
3108 3580 3342 3635 diximus
3372 3592 3492 3653 post

1912 3656 2205 3711 secundam
2231 3666 2538 3729 suggestam
2568 3662 2998 3720 benedictionem
3051 3669 3256 3724 nolenti
3298 3675 3491 3744 majori

1917 3745 2128 3800 tertiam
2157 3762 2265 3801 non
2324 3758 2573 3817 repetere
2599 3750 2829 3820 debere;
2892 3756 2984 3809 sed
3013 3772 3135 3812 mox
3167 3760 3490 3831 discipulum

1910 3836 2107 3892 exinde
2141 3838 2340 3894 debere
2369 3839 2647 3897 discedere
2673 3859 2687 3908 ;
2719 3851 2775 3899 et
2809 3861 2932 3900 cum
2975 3847 3089 3917 ipsa
3120 3850 3491 3908 taciturnitate

1909 3944 2043 3998 opus
2074 3929 2275 3986 laboris
2306 3933 2450 4001 quod
2503 3932 2756 3999 faciebat,
2812 3937 3009 3993 debere
3043 3940 3324 4009 perlicere.
3357 3943 3485 4001 Ilaec

1911 4017 2259 4089 interrogatio
2281 4021 2695 4089 benedictionis,
2752 4041 2871 4095 qua:
2898 4029 2988 4082 vix
3023 4030 3136 4085 sola
3167 4033 3231 4087 de
3264 4035 3491 4089 tacitura

1984 4131 2004 4171 ί
2044 4132 2114 4212 Si.
2128 4150 2244 4212 vero
2264 4134 2467 4212 eloquio
2494 4136 2772 4212 iracundo,
2827 4148 2932 4194 etc.
2967 4141 3021 4194 In
3054 4140 3259 4212 Regula
3287 4162 3389 4201 ms.
3421 4146 3484 4202 Si

1907 4215 2028 4283 vero
2066 4201 2329 4287 eloquium
2357 4201 2683 4262 iracundum
2737 4201 2829 4263 aut
2892 4227 3109 4280 pravum
3137 4201 3482 4286 Vnegfigentia

1907 4286 1987 4324 οη
2016 4287 2317 4328 armaverit.

1983 4344 2008 4380 Β
2050 4339 2214 4397 Posui
2242 4346 2323 4398 ori
2346 4361 2459 4399 meo
2518 4348 2831 4402 custodiam.
2897 4347 3110 4404 Omittit
3156 4352 3296 4407 ista:
3353 4354 3485 4409 Cum

1908 4413 2207 4487 consisteret
2250 4425 2492 4482 peccator
2546 4418 2822 4471 adversum
2871 4435 2973 4473 me.
3025 4421 3486 4487 Quemadmodum

2001 4483 2320 4538 Benedictus
2348 4501 2506 4556 supra
2538 4502 2552 4549 ;
2601 4504 2721 4556 quae
2759 4497 2936 4542 tamen
2990 4482 3258 4544 habentur
3289 4492 3340 4545 in
3370 4509 3487 4547 ver-E

226 4533 307 4587 Dc
337 4534 497 4625 dior.)
528 4544 697 4625 prat.,
730 4554 850 4625 cap:
988 4558 1006 4591 ς
1048 4533 1214 4625 Missa
1244 4544 1505 4625 canonica
1532 4544 1804 4625 celebrata
1832 4543 1882 4601 D
1910 4533 2061 4625 sione
2096 4533 2393 4625 communi,
2414 4533 2689 4625 rpsaltcr'io
2728 4558 2991 4623 Romano,
3038 4568 3185 4614 textu
3216 4560 3407 4617 Grarco
3424 4582 3478 4625 et

226 4619 405 4672 usque
429 4605 497 4659 ad
526 4605 697 4661 lucem
724 4605 847 4678 post
884 4610 1000 4664 haec
1027 4610 1236 4679 vigilias
1261 4614 1577 4667 extendunt.
1617 4633 1636 4666 ι

232 4748 240 4752 _
298 4673 329 4714 δ
369 4672 703 4752 Νριειητέ-Ιιι
730 4687 833 4745 est,
881 4680 1329 4752 reprehendatur,
1357 4683 1698 4752 corripiatur,
1730 4687 1810 4739 vi-

229 4748 534 4820 tuperetur.
595 4745 795 4820 Notare
845 4745 991 4803 enim
1040 4750 1152 4804 haec
1208 4745 1519 4820 significatf
1556 4753 1810 4811 Horatius

226 4812 324 4866 lib.
355 4827 372 4866 ι
400 4814 561 4883 epist.
595 4816 663 4869 ad
688 4816 926 4872 Seevam:

479 4946 552 4979 ._...
582 4915 631 4979 Si
650 4917 809 4979 sciret
834 4917 1034 4979 regibus
1057 4921 1142 4977 uti,

478 4972 742 5025 Fastidiret
765 4972 995 5040 olusiqui
1021 4996 1099 5029 me
1118 4972 1327 5030 uolat....

222 5062 278 5108 et
316 5051 410 5108 lib.
444 5071 461 5109 ι
490 5071 678 5121 scrm.,
707 5066 809 5113 sat.
835 5060 887 5115 3.

352 5143 545 5194 Stultus
564 5152 616 5196 et
632 5148 878 5211 improbus
901 5151 978 5200 hlc
999 5163 1132 5201 amor
1165 5160 1258 5211 est,
1300 5155 1579 5217 dignusque
1605 5162 1779 5209 notari.

222 5224 510 5309 Atqueita
552 5236 1198 5309 notar‘estvituperatio.
1240 5240 1444 5294 Glossae
1498 5240 1803 5309 Philoxcni,

224 5302 580 5379 σαψ-ψέγω,
606 5306 809 5379 enitor,
832 5305 884 5379 id
910 5302 1016 5371 est,
1048 5307 1393 5379 vituperatio,
1428 5314 1658 5366 macula.

301 5381 325 5409 ο
361 5370 635 5445 _Ejiciatur
675 5376 740 5427 ab
789 5376 988 5430 unitate
1046 5370 1294 5445 fratrum.
1350 5370 1403 5433 Id
1432 5390 1535 5445 est,
1577 5397 1800 5439 excom-

224 5441 551 5497 municetur.

295 5508 325 5589 ἀν
358 5509 556 5589 {lmen
598 5511 1031 5589 [ratribus._II:ec
1057 5524 1182 5570 sunt
1211 5518 1263 5572 in
1295 5519 1495 5589 Regula
1547 5540 1648 5578 ms.
1688 5524 1796 5578 Ma-

206 5579 381 5642 gistri
424 5582 546 5636 cod.
591 5579 782 5660 Corb._
805 5585 993 5660 eadem
1026 5601 1143 5660 cap.
1178 5589 1277 5660 sub
1327 5579 1505 5645 lin/em.
1541 5592 1799 5660 Quaedam

228 5660 517 5723 sarriuntur
541 5666 607 5723 ex
638 5652 816 5723 regula
854 5653 910 5708 S.
945 5652 1237 5712 Benedicti.

304 5717 678 5806 :Consolatus
699 5717 864 5806 'sum.
909 5723 990 5804 Ita
1012 5725 1092 5806 “in
1127 5728 1245 5781 cod.
1281 5728 1436 5806 Vipd.
1478 5731 1533 5785 In
1567 5732 1790 5806 Vulgata

230 5786 486 5865 editione,
535 5799 590 5846 et
616 5792 671 5847 in
700 5791 958 5864 psalterio
1010 5793 1291 5854 Romano:
1327 5798 1623 5859 Delectatus
1652 5786 1786 5862 sto“.

1917 4622 2179 4676 licbraico

1985 4692 2011 4730 ιι
2049 4663 2718 4770 ﬂuuiiliattts_sur_n_nimis.
2775 4697 2851 4751 Ita
2893 4699 2944 4752 in
2996 4698 3196 4770 Regula
3241 4717 3341 4756 ms.
3375 4700 3479 4756 Sed

1914 4762 1968 4814 τὸ
2007 4762 2181 4825 nimis,
2213 4770 2295 4816 est
2322 4763 2625 4817 addititium
2663 4783 2674 4818 :
2715 4783 2837 4821 cum
2863 4785 2968 4822 non
2994 4762 3256 4824 habeatur
3278 4771 3329 4825 in
3358 4787 3481 4824 ver;

1913 4833 2064 4902 sione
2093 4831 2389 4895 communi,
2430 4834 2687 4902 psalterio
2730 4838 2992 4902 Romano,
3022 4847 3167 4893 textu
3216 4839 3404 4895 Graeco
3430 4850 3487 4894 et

1915 4899 2201 4967 IIehraico,
2255 4899 2446 4971 nequc'
2475 4906 2616 4974 apud
2643 4906 2701 4959 S.
2758 4899 3126 4972 Benedictum,
3180 4909 3322 4963 unde
3365 4909 3483 4966 haec

1915 4978 2126 5025 summa
2158 4979 2303 5025 sunt.

1914 4986 2126 5039 sumpta
2158 4986 2303 5025 sunt.

1988 5042 2004 5079 ί
2048 5040 2278 5116 (έιιηιηᾴᾳ
2299 5041 2489 5116 malis,
2532 5054 2642 5116 etc.
2686 5043 2961 5099 Ilalscntur
3014 5046 3066 5099 in
3116 5045 3318 5116 Regula
3354 5064 3480 5113 "15.;

1908 5125 2029 5179 cap.
2053 5110 2106 5188 Si,
2139 5112 2541 5188 nihilquealiud
2571 5123 2697 5188 sunt
2725 5130 2884 5188 quam
2904 5110 3274 5188 explicatio-ct
3299 5110 3482 5188 praxis

1909 5180 2203 5249 superioris
2227 5182 2420 5249 capitis
2448 5183 2617 5236 sancti
2646 5180 2935 5239 Benedicti.

1981 5248 1995 5297 i
2045 5248 2200 5303 Clare
2228 5248 2614 5306 benedictionis.
2674 5253 2729 5306 Id
2770 5264 2851 5307 est
2871 5294 2885 5318 ,
2915 5255 3144 5310 dicendo
3173 5272 3186 5309 :
3217 5255 3444 5312 Benedic

1981 5276 1994 5297 ι
2045 5276 2200 5303 mare
2228 5276 2614 5306 υωιεαιιῖιιυιιιδ.
2674 5276 2729 5306 lu
2770 5276 2851 5307 υδι
2871 5294 2885 5318 ,
2915 5276 3144 5310 Utcenuo
3173 5276 3186 5309 ζ
3217 5276 3444 5312 uertente

1907 5318 2225 5440 quodlolilm
2274 5319 2546 5375 faciebant
2600 5324 2846 5378 monachi
2898 5324 3169 5380 licentiam
3221 5276 3477 5397 loquendi

1907 5395 2057 5440 nostu
2083 5404 2146 5440 an
2177 5403 2253 5440 es.

1941 5395 2146 5442 ostulau
2155 5398 2253 5442 tes.

1941 5403 1972 5440 o
2006 5403 2253 5442 tutantes.

1905 5403 1939 5458 ρ
1975 5404 2001 5497 ISK
2042 5457 2207 5511 Dii-tre
2253 5457 2612 5515 bencdirtioni.
2655 5461 2709 5516 Id
2763 5472 2865 5528 est,
2900 5478 3021 5519 cum
3055 5466 3289 5522 dixerint
3321 5484 3335 5519 :
3375 5466 3477 5522 Be-

1901 5529 2067 5579 nedic.

1979 5597 1992 5636 ι
2036 5597 2400 5677 lianc-dictione
2423 5599 2533 5654 sola
2565 5603 2800 5670 repetita.
2838 5603 2894 5659 Id
2922 5612 3025 5669 est,
3057 5605 3170 5661 solo
3202 5609 3468 5677 repetito;

1896 5666 2141 5721 Benedic.

1965 5750 2001 5776 m
2035 5738 2262 5817 ίγὶυιὶιιδ.
2303 5739 2497 5817 ιιι-ξεί,
2530 5742 2888 5817 importunus,
2917 5761 3146 5815 urgens,
3193 5756 3250 5801 ut
3278 5758 3468 5817 supra;

1968 5819 1990 5846 η
2030 5808 2322 5880 Improbus.
2366 5811 2423 5867 Id
2460 5821 2561 5881 est,
2593 5808 2892 5886 impudens,
2926 5808 3140 5886 dequo
3160 5818 3321 5874 infra.
