3958 6198
557 377 653 434 851

1567 366 1625 427 s.
1663 364 2022 422 BENEDICTI
2056 366 2352 423 ABBATIS
2387 326 2799 424 ANIANENSIS

3679 367 3770 428 832

555 488 725 548 nitate
750 484 964 539 laxatur
987 494 1111 537 eum
1167 480 1519 536 inclinatione
1565 480 1831 534 humiliati
1879 481 2073 551 capitis
2102 496 2133 535 a
2162 485 2212 543 Α
2237 498 2371 536 mea.
2399 481 2564 537 Posui
2593 485 2673 537 ori
2720 498 2832 537 meo
2859 481 3171 547 custodiam,
3197 482 3225 523 δ
3269 482 3527 551 obmutui,
3570 490 3770 547 cttacai.

556 574 833 644 discipulis
876 573 1197 641 praebeatur.
1254 571 1311 625 Id
1340 579 1425 625 est
1458 570 1541 625 .in
1570 570 1716 625 omni
1741 569 1858 625 loco
1894 585 1991 640 per
2018 560 2135 624 om-

556 684 680 722 nem
700 668 911 728 horam,
938 663 1041 716 hoc
1068 671 1172 726 est,
1196 662 1249 715 in
1286 661 1637 725 monasterio,
1668 662 1720 715 in
1756 676 1909 731 agro,
1938 661 1991 714 in
2021 661 2131 726 via,

561 758 615 811 in
663 758 845 819 horto,
898 753 984 808 vel
1041 754 1095 807 in
1151 753 1345 823 quovis
1396 753 1535 819 loco,
1569 760 1630 806 ut
1671 767 1947 821 nunquam
1996 752 2134 806 desit

558 845 727 901 menti
758 853 959 900 nostra:
995 843 1255 898 memoria
1282 842 1401 907 Dei,
1433 850 1658 912 propter
1708 857 1867 911 quem
1904 849 2135 911 aguntur

556 944 673 998 haec
704 942 887 998 omnia
918 958 931 993 :
964 946 1025 993 ut
1065 954 1189 992 cum
1236 936 1376 991 forte
1431 937 1625 1007 aliquis
1667 936 1888 1008 ignarus
1916 949 1942 977 ι
1971 936 2136 991 talem

556 1033 784 1089 fratrem
832 1029 1249 1100 interrogaverit
1301 1028 1531 1083 dicens:
1598 1029 1778 1095 Quare
1834 1028 2032 1083 tacitus
2081 1035 2136 1083 et

558 1123 730 1178 tristis
758 1137 839 1187 es,
888 1127 944 1175 et
1002 1118 1262 1173 inclinato
1296 1118 1447 1172 vultu
1495 1117 1777 1172 ambulas?
1811 1117 2136 1187 respondeat

560 1213 635 1268 illi
667 1230 680 1266 :
711 1211 834 1281 quia
862 1208 1009 1280 fugio
1037 1219 1317 1279 peccatum
1347 1216 1403 1262 et
1452 1208 1615 1263 timeo
1650 1209 1851 1275 Deum;
1880 1216 1935 1263 et
1963 1217 2021 1263 ut
2046 1225 2139 1264 cu-

559 1304 791 1360 stodiam
850 1318 939 1357 me
982 1302 1051 1357 ab
1085 1301 1231 1355 omni
1268 1301 1410 1370 quod
1470 1301 1586 1356 odit
1645 1301 1808 1365 Deus,
1862 1299 1985 1356 ideo
2016 1314 2135 1355 sum

561 1395 694 1449 mihi
724 1394 987 1450 sollicitus
1016 1407 1249 1461 semper.
1289 1391 1370 1445 Ad
1422 1406 1669 1445 mensam
1700 1406 1829 1445 vero
1864 1390 2134 1455 sedentes,

559 1487 606 1541 si
640 1484 1092 1553 interrogationes
1142 1497 1269 1552 suas
1305 1481 1491 1536 abbati
1535 1480 1806 1535 voluerint
1862 1480 2134 1544 intimare,

562 1583 691 1631 ante
749 1574 1177 1629 benedictionem
1228 1572 1428 1629 dictam
1464 1571 1667 1626 cultelli
1705 1579 1801 1641 aut
1826 1570 1853 1610 ιι
1883 1569 2137 1625 coclearii

565 1674 661 1720 aut
695 1665 852 1735 panis
899 1676 1225 1732 percussura
1276 1660 1532 1715 indicium
1582 1661 1653 1714 sit
1682 1659 1940 1728 magistro
1971 1657 2136 1712 disci-
2164 1679 2167 1683 ·

564 1754 675 1825 puli
713 1752 1037 1823 postulantis
1069 1750 1361 1819 eloquium.
1416 1749 1541 1804 Haec
1592 1748 1773 1803 omnia
1821 1749 2014 1802 animas
2038 1763 2139 1818 pro

2231 575 2390 628 etiam
2420 592 2453 627 a
2486 574 2634 628 bonis
2662 573 2832 645 (Psal.
2880 573 3136 645 xxxvnt).
3176 572 3293 629 Hoc
3339 573 3469 646 [est]
3512 565 3773 632 ostenditur

2230 664 2475 735 profecto
2506 664 2776 735 discipulo
2805 675 2914 719 tam
2938 665 3006 719 de
3048 664 3203 718 malis
3227 679 3394 733 quam
3423 664 3489 719 de
3516 665 3659 721 bonis
3674 667 3772 721 elo-

2232 754 2376 824 quiis
2405 754 2602 810 debere
2639 761 2841 809 tacere.
2870 754 3031 821 Quia,
3079 754 3180 809 etsi
3228 753 3499 823 loquenda
3525 765 3643 809 sunt
3661 756 3773 811 bona

2232 842 2464 912 eloquia,
2498 857 2608 896 non
2635 842 2933 911 discipulis,
2964 843 3058 898 sed
3098 843 3363 914 magistro
3394 843 3615 898 debetur
3645 846 3661 884 ί
3695 847 3773 901 do-

2232 933 2427 987 ctrina.
2461 931 2597 986 Nam
2617 940 2673 986 et
2699 932 2841 987 sicut
2891 932 3024 987 dicit
3070 931 3395 1002 Scriptura:
3439 929 3571 997 Vita,
3593 943 3636 986 et
3662 951 3775 988 mors

2232 1025 2289 1077 in
2323 1024 2563 1077 manibus
2620 1023 2815 1094 lingua:
2862 1022 3046 1095 (Prov.
3098 1023 3234 1096 11v).
3291 1024 3584 1093 Diligenter
3608 1035 3778 1096 ergoet

2227 1113 2374 1183 juste
2403 1114 2561 1169 debet
2586 1113 2700 1184 ipsa
2736 1114 2969 1184 amplius
3018 1113 3314 1169 refrenari.
3346 1113 3476 1169 Haac
3498 1115 3633 1168 enim
3657 1125 3775 1169 tanta

2237 1201 2623 1257 taciturnitatis
2652 1201 2911 1256 districta:
2935 1194 3182 1256 custodia
3204 1199 3488 1272 perfectis,
3518 1199 3608 1255 eti
3640 1203 3777 1271 pudo-

2235 1293 2313 1347 ris
2336 1291 2502 1347 corde
2536 1299 2593 1346 et
2620 1291 2836 1347 mundis
2861 1306 2894 1345 a
2922 1301 3169 1361 peccato,
3202 1292 3525 1347 timentibus
3553 1301 3773 1361 perpetua

2235 1383 2497 1455 gehennae
2523 1380 2797 1448 incendia,
2821 1389 2877 1436 et
2923 1382 3295 1451 quaerentibus
3322 1382 3449 1437 vitae
3487 1392 3685 1437 aeterna:
3708 1383 3773 1436 di-

2236 1474 2397 1529 vitias
2457 1472 2796 1528 immortales
2848 1473 3044 1528 merito
3090 1473 3408 1545 praecipitur
3457 1473 3770 1528 observanda.

2237 1566 2467 1635 ideoque
2490 1572 2758 1634 praesente
2790 1564 2983 1619 abbate
3009 1579 3115 1619 non
3156 1564 3475 1634 loquantur,
3510 1563 3608 1617 nisi
3640 1564 3775 1617 inter-

2237 1656 2412 1726 rogati
2450 1653 2734 1726 discipuli;
2769 1655 2795 1695 ιι
2826 1655 3051 1710 absente
3080 1669 3212 1710 vero
3248 1654 3465 1718 abbate,
3495 1652 3540 1708 si
3561 1653 3620 1707 de
3642 1654 3774 1707 verbo

2238 1744 2359 1810 Dei,
2391 1745 2495 1800 sibi
2519 1753 2699 1799 tamen
2724 1742 2869 1799 lente
2895 1753 2952 1798 et
2972 1742 3277 1808 humiliter,
3304 1756 3413 1797 non
3431 1742 3652 1797 clamosa
3670 1756 3774 1796 voce

560 1844 671 1899 Dl‘O
726 1842 1030 1897 necessaria
1085 1841 1207 1895 ideo
1263 1850 1285 1879 ο
1337 1840 1697 1895 substantiam
1753 1838 2136 1894 taciturnitatis
2163 1828 2209 1888 B
2237 1833 2547 1903 loquantur.
2577 1832 2714 1899 Quia
2762 1832 2941 1905 omnis
2992 1833 3140 1889 lenta
3178 1833 3387 1889 locutio
3423 1832 3492 1887 ab
3517 1833 3774 1892 humilitate

561 1933 947 1990 constituimus
1003 1931 1218 1986 clusura
1271 1931 1500 1994 servari,
1533 1937 1593 1983 ut
1618 1930 1686 1984 ab
1722 1930 1993 1985 oblivione
2018 1930 2140 2000 quis

561 2040 670 2078 non
695 2022 996 2091 decipiatur
1024 2030 1132 2075 tam
1182 2018 1365 2085 facile,
1395 2029 1449 2074 et
1474 2035 1714 2090 prazceps
1754 2020 1826 2075 sit
1851 2035 2062 2091 semper
2084 2021 2140 2077 in

562 2112 765 2181 lingua.
824 2110 961 2165 Nam
1018 2125 1140 2164 cum
1186 2122 1295 2178 per
1320 2109 1592 2164 clusuram
1640 2109 1753 2164 oris
1797 2109 2141 2165 taciturnitas

564 2202 895 2265 continetur,
949 2200 1040 2254 diu
1070 2206 1350 2262 tractetur,
1406 2198 1491 2253 vel
1543 2206 1804 2270 purgetur
1861 2199 1918 2254 in
1954 2200 2137 2265 corde,

565 2291 710 2360 quod
771 2291 942 2360 possit
988 2291 1266 2353 mundum,
1293 2297 1349 2343 et
1373 2290 1492 2344 sine
1545 2299 1769 2360 peccato
1796 2289 1864 2345 de
1891 2306 1988 2346 ore
2013 2305 2141 2362 pro-

563 2380 723 2447 ferri,
753 2381 964 2436 dicente
991 2379 1288 2449 Apostolo:
1329 2378 1357 2419 ἀ
1397 2377 1564 2435 Omne
1611 2380 1819 2434 verbum
1863 2396 2051 2435 vanum
2077 2380 2142 2435 de

564 2487 654 2525 ore
676 2479 842 2525 vestro
861 2486 965 2525 non
998 2468 1267 2539 procedat,
1303 2480 1326 2509 ο
1352 2468 1443 2522 sed
1489 2469 1536 2523 si
1563 2469 1689 2540 quid
1714 2478 1790 2524 est
1815 2470 1886 2523 ad
1902 2469 2141 2538 cedi/ica-

564 2560 756 2614 tionem
798 2559 957 2631 (Eph.
983 2575 1081 2630 IV).
1125 2559 1192 2614 Et
1237 2560 1367 2614 item
1412 2559 1545 2614 dicit
1568 2558 1887 2631 Scriptura:
1918 2559 2142 2631 Sapiens

562 2651 742 2723 paucis
768 2651 1041 2704 innotescit
1081 2650 1271 2705 verbis.
1326 2650 1392 2705 Et
1439 2651 1675 2705 maxime
1700 2651 1892 2707 timere
1917 2651 2058 2716 ideo,
2088 2659 2145 2706 et

562 2741 712 2794 ornni
764 2741 898 2795 hora
952 2755 1053 2796 nos
1099 2755 1129 2793 a
1176 2740 1517 2810 multiloquio
1558 2742 1830 2797 custodire
1860 2742 2138 2797 debemus.

562 2831 698 2897 Quia
746 2848 853 2886 non
898 2839 1076 2902 potest
1126 2831 1266 2897 ﬁeri,
1294 2840 1353 2886 ut
1379 2832 1521 2888 inter
1547 2834 1717 2888 multa
1753 2835 1938 2894 verba,
1977 2833 1999 2872 ί
2042 2835 2144 2889 ali-

567 2937 769 2998 quanta
797 2943 900 2981 non
924 2934 1121 2980 exeant
1150 2941 1271 2981 cum
1299 2936 1524 2996 peccato
1576 2927 1869 2982 secundum
1900 2925 2145 2997 Scriptu-

564 3035 683 3074 ram
713 3018 979 3072 dicentem
1008 3035 1020 3071 :
1061 3015 1126 3069 In
1162 3015 1487 3086 multiloquio
1520 3034 1625 3071 non
1659 3016 1938 3087 e/fugietur
1964 3034 2147 3087 pecca-

2240 1922 2538 1979 deseendit.
2584 1921 2643 1978 Si
2685 1936 2818 1978 vero
2842 1923 2911 1978 de
2947 1923 3206 1979 inanibus
3228 1938 3296 1979 ac
3326 1913 3686 1991 (saecularibus,
3708 1924 3772 1979 vel

2240 2015 2505 2085 quibusve
2542 2013 2747 2081 verbis,
2789 2029 2910 2084 qua:
2959 2014 3029 2069 ad
3056 2004 3232 2070 Deum
3271 2030 3388 2070 non
3418 2014 3687 2085 pertinent,
3712 2015 3774 2068 in-

2241 2105 2560 2161 clioaverint
2600 2104 2847 2174 discipuli
2904 2104 3051 2175 loqui
3080 2145 3096 2171 ,
3154 2121 3287 2160 mox
3314 2121 3346 2159 a
3376 2105 3656 2175 praepositis
3687 2106 3771 2160 suis

2240 2192 2323 2247 eis
2349 2193 2647 2264 imperetur
2670 2192 2969 2248 silentium.
3007 2193 3260 2249 Psalmos
3302 2209 3432 2248 vero
3470 2194 3550 2249 vel
3575 2192 3773 2263 Scriptu-

2243 2301 2334 2341 ras
2378 2292 2534 2341 extra
2576 2285 2697 2340 illas
2732 2292 2846 2341 tres
2895 2286 3080 2352 horas,
3114 2286 3171 2341 in
3202 2287 3402 2357 quibus
3444 2271 3663 2357 quotidie
3682 2286 3771 2339 sine

2241 2376 2426 2433 labore
2455 2374 2476 2415 ι
2508 2376 2774 2448 contingit
2816 2375 2943 2448 legi,
2975 2384 3032 2432 et
3056 2376 3136 2432 sic
3156 2376 3472 2433 laborantes
3518 2377 3691 2433 fratres
3712 2391 3775 2430 re-

2242 2484 2465 2526 censere
2492 2469 2596 2525 sibi
2626 2476 2682 2523 et
2709 2468 2892 2524 animo
2919 2469 3338 2540 permittuntur.
3392 2468 3536 2525 Hanc
3559 2483 3670 2524 vero
3687 2476 3774 2522 tan-

2243 2571 2356 2617 tam
2382 2561 2771 2619 taciturnitatis
2817 2560 3096 2617 elusuram
3142 2562 3405 2632 superius
3444 2560 3771 2633 praesentem-

2242 2653 2370 2709 bate
2393 2653 2463 2708 de
2486 2651 2744 2724 perfectis
2775 2651 2920 2721 apud
2937 2650 3113 2707 Deum
3135 2652 3472 2717 taxavimus,
3502 2652 3563 2707 de
3588 2651 3661 2706 his
3681 2649 3771 2720 qni-

2242 2742 2346 2798 bus
2372 2756 2648 2812 nunquam
2676 2741 2744 2797 de
2772 2740 2883 2796 Deo
2908 2740 3110 2796 oblivio
3134 2752 3176 2781 ω
3198 2743 3456 2813 subripit,
3479 2752 3529 2797 et
3550 2742 3665 2796 vitia
3683 2738 3770 2794 oris

2244 2839 2494 2902 quaarunt
2526 2831 2812 2902 diligenter
2855 2844 3071 2898 cavere,
3116 2838 3171 2886 et
3195 2846 3278 2889 ex
3313 2841 3425 2889 toto
3448 2831 3616 2887 mundi
3653 2829 3765 2885 velut

2244 2922 2420 2994 angeli
2456 2930 2513 2979 et
2538 2937 2572 2976 a
2607 2922 2769 2978 bonis
2795 2922 3028 2978 etmalis
3069 2921 3313 2991 eloquiis
3359 2930 3593 2994 quterunt
3630 2931 3770 2976 tacere

2244 3029 2343 3085 pro
2375 3012 2623 3069 Domino.
2665 3011 2772 3068 Sed
2799 3012 2926 3083 quia
2971 3012 3272 3069 diversitas
3326 3027 3587 3070 concessae
3625 3011 3770 3083 gratia:

566 3119 677 3163 tum
708 3106 894 3180 (Prov.
923 3106 1001 3180 Χ).
1029 3107 1182 3164 Unde
1208 3115 1264 3162 et
1290 3108 1556 3178 Propheta
1594 3109 1813 3163 tradens
1858 3109 2015 3164 nobis
2037 3110 2146 3165 for-
2180 3173 2214 3180 _
2247 3104 2544 3159 secundum
2599 3118 2914 3159 mensuram
2961 3102 3088 3159 ﬁdei
3139 3105 3386 3160 maxime
3442 3102 3770 3175 negligentibus

566 3173 728 3253 mam.
760 3173 993 3252 ostendit
1026 3212 1084 3252 se
1115 3198 1180 3253 de
1227 3197 1314 3252 his
1360 3173 1482 3253 esse
1525 3198 1836 3265 sollicitum,
1889 3208 1944 3254 et
1976 3209 2084 3254 tam
2110 3217 2142 3256 a
2170 3173 2216 3238 C
2247 3195 2449 3264 poterit
2479 3195 2763 3261 minorari,
2801 3194 2998 3265 tepidis
3019 3201 3074 3250 et
3104 3194 3463 3265 imperfectis,
3492 3173 3541 3249 et
3564 3173 3711 3248 minus
3729 3191 3770 3244 in

569 3287 724 3342 malis
753 3302 915 3357 quam
936 3304 966 3341 a
992 3287 1145 3342 bouis
1193 3287 1422 3358 eloquiis
1455 3289 1652 3345 debere
1698 3298 1881 3345 tacere
1908 3291 2094 3345 dicens
2125 3308 2140 3345 τ

568 3380 713 3447 Dixi,
739 3378 1045 3435 Custodiam
1074 3380 1181 3435 rios
1206 3397 1369 3448 ineas,
1398 3382 1423 3423 3
1448 3392 1505 3436 ut
1538 3398 1643 3436 non
1665 3398 1865 3453 peccem
1888 3382 1942 3437 in
1964 3382 2145 3454 lingua

642 3526 669 3554 ιι
702 3510 901 3582 Talem.
941 3510 997 3565 Id
1025 3520 1126 3577 est,
1155 3511 1407 3582 aliquem.

638 3582 667 3622 δ
703 3580 1014 3635 Cochlearii.
1056 3580 1451 3647 Coclilearium,
1484 3582 1754 3649 cochlear,
1779 3591 1833 3638 et
1859 3583 2143 3641 cochll-are

566 3660 648 3706 est
673 3651 945 3706 vasculum
980 3652 1263 3707 sorbendis
1302 3654 1540 3708 cochleis
1588 3662 1644 3708 et
1692 3654 1811 3708 ovis
1851 3654 2142 3709 sorbilibus

566 3720 861 3794 aptum.S.
891 3722 1127 3794 Isidorus
1153 3722 1268 3794 lib._
1289 3738 1360 3776 xx
1389 3724 1537 3794 Orig.
1563 3738 1612 3778 c.
1643 3724 1677 3776 4
1709 3741 1722 3776 :
1761 3743 1779 3775 ι
1820 3723 2038 3779 Coclear
2077 3724 2143 3778 ab

566 3808 664 3863 usu
713 3793 873 3863 prius
903 3792 1118 3863 dictum.
1151 3812 1171 3845 ι
1222 3792 1360 3847 Hinc
1398 3792 1544 3848 illud
1591 3802 1821 3849 veterum
1885 3794 2145 3849 distichon

566 3861 828 3933 (Martial.
861 3861 954 3916 lib.
985 3878 1095 3926 xw,
1129 3863 1280 3934 Epig.
1312 3862 1431 3935 l2!)
1457 3881 1471 3917 :

688 3953 807 4003 Sum
830 3952 1044 4002 cochleis
1063 3952 1257 4013 haliills,
1278 3954 1362 4003 sed
1390 3968 1482 4004 non
1508 3956 1664 4004 minus
1685 3954 1819 4006 utilis
1840 3956 1959 4006 ovis.

749 4013 972 4076 Nunquid
997 4016 1112 4073 scis,
1141 4018 1301 4076 potius
1320 4029 1407 4065 cur
1428 4017 1687 4067 cochleare
1713 4029 1873 4066 vocor.

642 4094 719 4149 De
750 4110 814 4170 eo
832 4094 1014 4170 Julius
1039 4095 1218 4170 Pollus
1243 4097 1334 4151 lib.
1359 4114 1435 4170 vi,
1459 4114 1577 4168 cap.
1608 4099 1713 4170 [2:
1742 4102 1813 4170 Τὸ
1841 4098 1894 4156 δὲ
1924 4098 2141 4170 κοχλιοὶ-

566 4186 672 4241 ριοςι
701 4167 873 4241 aulai;
977 4167 1334 4241 uyqrzlépzov,
1365 4168 1417 4222 id
1453 4167 1560 4232 est,
1618 4167 2146 4241 Coelaleariuni'vas-

568 4235 749 4308 culum
779 4235 845 4287 ad
870 4235 1077 4308 aliquid
1105 4235 1428 4291 sorbendum
1461 4246 1645 4307 aptum
1675 4239 1951 4308 appellare
1993 4248 2146 4308 pote-

570 4304 666 4383 ris.
698 4303 891 4383 Agunt.
930 4314 994 4383 el_
1015 4303 1221 4383 Clossm
1249 4315 1462 4362 veteres
1491 4303 1513 4360 Ξ
1533 4303 1853 4383 ξοχὴᾷίίιον,
1901 4303 2146 4383 Caiatia-

570 4375 729 4439 rium,
762 4372 944 4447 ligula.
973 4374 1160 4447 Ligula
1187 4384 1365 4431 autem
1399 4392 1493 4431 seu
1533 4372 1736 4447 lingula
1759 4388 1843 4433 est
1865 4377 2143 4433 vasculum

570 4444 1110 4517 concavumjusculis
1150 4447 1434 4503 sorbendis
1477 4444 1679 4517 aptum.
1704 4447 1868 4517 Cujus
1898 4448 2146 4501 meminit

571 4514 849 4587 Sosipater
872 4515 1152 4587 Charisius
1181 4531 1194 4570 :
1233 4534 1250 4567 ι
1282 4514 1527 4587 Lingula'
1545 4534 1668 4572 cum
1697 4514 1802 4572 non
1831 4533 1860 4572 a
1894 4517 2144 4586 lingendo

570 4585 715 4659 dicta
748 4592 833 4659 est
855 4624 899 4659 ,_
921 4586 974 4639 in
1008 4594 1275 4659 argento:
1304 4588 1356 4641 in
1387 4585 1584 4659 calceis
1613 4603 1744 4659 vero
1772 4585 2037 4659 lingulaa
2057 4587 2146 4659 Alie

570 4603 715 4640 olera
748 4603 833 4638 εει
855 4624 870 4648 ,
921 4603 974 4639 in
1008 4603 1232 4709 argento
1260 4605 1275 4640 :
1304 4604 1356 4641 ιη
1387 4603 1584 4643 calceis
1613 4603 1744 4644 vero
1774 4603 1972 4659 ungula
2007 4603 2037 4641 a
2082 4603 2146 4642 u-

568 4655 763 4726 gaudo.
787 4654 902 4727 Sed
927 4670 1055 4710 usus
1101 4656 1336 4726 iugulum
1362 4658 1498 4722 sine,
1530 4675 1583 4723 n,
1615 4657 1941 4727 frequentat.
1980 4676 1999 4709 ι
2044 4656 2146 4723 Qui

572 4724 752 4799 tamen
787 4724 935 4799 locus
963 4724 1399 4799 corruptusiest,
1442 4737 1496 4783 et
1546 4724 1814 4798 expuncta
1846 4728 2141 4799 particula,

571 4812 700 4869 non,
717 4794 835 4863 lege
858 4793 1058 4864 lingula
1074 4793 1189 4869 cum
1204 4815 1234 4850 a
1252 4798 1494 4869 tingendo
1524 4793 1662 4869 dicta
1690 4808 1789 4864 est,
1805 4793 1930 4869 nam
1952 4798 2026 4853 ibi
2052 4814 2147 4854 ex-

573 4865 742 4939 plicat
768 4880 965 4920 nomen
997 4865 1354 4939 :equivocum',
1386 4867 1618 4939 lingula;
1646 4869 1790 4939 quod
1817 4884 1848 4923 a
1895 4868 2147 4939 lingendo

573 4937 772 4991 dictum
792 4975 808 5001 ,
836 4944 920 5008 est
954 4937 1229 5008 vasculum
1258 4937 1570 5008 argenteum
1607 4937 1893 4995 so‘rbeudis
1919 4937 2147 5008 jusculis

573 5014 753 5079 aptum
770 5022 831 5079 :_a
856 5005 1068 5076 ligando
1105 5023 1252 5073 vero,
1274 5005 1357 5079 est
1384 5009 1617 5079 corrigia
1644 5008 1813 5079 calcei
1836 5027 1851 5079 ξ
1879 5005 2028 5063 Alias
2043 5007 2145 5062 Le-

572 5074 728 5152 gu_la,_
754 5074 945 5152 glossin
986 5087 1233 5133 veteres:
1272 5074 1802 5152 nbarpovflegulam.
1831 5077 2057 5152 Dicitur;
2092 5087 2147 5133 et

573 5143 819 5219 ξιύᾳτλᾷν,
844 5146 897 5200 id
927 5155 1031 5219 est,
1063 5143 1280 5213 cavum,
1306 5157 1367 5202 ut
1395 5143 1551 5203 docet
1577 5143 1766 5203 a'uctor
1794 5148 1996 5204 veteris
2018 5148 2148 5219 Ety-

574 5214 842 5286 moiogici,
872 5214 1023 5283 cujus
1051 5227 1228 5272 tamen
1260 5220 1374 5273 hmo
1404 5220 1563 5273 verba
1591 5225 1843 5287 corrupta
1871 5226 1997 5273 sunt
2021 5236 2034 5272 :
2065 5214 2147 5272 {ad

611 5288 829 5350 ύστλςν,
873 5287 931 5343 τὸ
994 5290 1138 5343 milia
1189 5291 1248 5344 τὸ
1301 5287 1440 5365 ἄρτῳ
1492 5290 1705 5356 ἕσθὶειν,
1758 5289 2036 5358 μυστίλλας
2091 5287 2147 5343 δὲ

574 5309 766 5412 sine».
800 5355 907 5411 Sed
935 5344 1219 5412 legendum
1246 5361 1304 5412 τὸ
1329 5361 1470 5412 κοίλω
1495 5368 1565 5412 τῶ
1588 5356 1728 5412 ἆοτω
1763 5361 1942 5412 ἐσθίειν
1965 5378 2147 5412 μυστι-

575 5355 766 5427 nm».
800 5355 907 5411 Sed
935 5355 1219 5428 legendum
1246 5361 1304 5415 τὸ
1329 5355 1470 5428 ncilla)
1495 5368 1565 5430 τῷ
1588 5355 1728 5435 ἄρτῳ
1760 5355 1942 5414 ἶσθίειν
1963 5378 2149 5424 μυστι-

550 5426 718 5501 λξᾳθαι
753 5426 949 5501 ἕλεγῃ,
982 5429 1034 5501 id
1063 5438 1175 5501 est,
1189 5430 1260 5501 (de
1301 5444 1538 5484 concavo
1582 5445 1720 5499 pane
1744 5429 1907 5484 cdere
1927 5428 2149 5501 sorbere

577 5497 857 5569 dicebant.
884 5497 1117 5553 Verbum
1142 5498 1347 5569 (dicitur
1384 5514 1414 5553 a
1458 5497 1701 5567 augens,
1736 5514 1856 5569 qua:
1903 5499 2148 5569 est_b_uc-

575 5565 708 5636 cella
745 5581 898 5631 cava,
923 5570 989 5622 de
1008 5582 1113 5636 qua
1134 5568 1405 5636 jusculum
1437 5565 1709 5635 sorbetur,
1735 5565 1933 5623 docent
1974 5566 2148 5623 Julius

575 5632 765 5719 ιζριιιυχ
794 5650 913 5716 cap.
940 5632 1106 5719 citato
1135 5632 1424 5719 etSuidas.
1449 5638 1672 5709 Lingula
1695 5632 1786 5719 est
1824 5639 1986 5692 etiam
2037 5638 2150 5719 gla:

574 5704 749 5780 (liuius
804 5703 874 5780 in
899 5705 1325 5780 __similitudi_r_iem
1392 5703 1625 5780 linguae,
1693 5710 1846 5779 cujus
1904 5703 2150 5763 meminit

577 5772 789 5831 vaius
818 5774 870 5829 in
899 5775 1158 5845 Tragedia
1188 5776 1416 5833 llcsiona
1447 5796 1458 5832 :

2250 3298 2309 3339 se
2338 3283 2585 3340 sollicitis
2612 3283 2715 3339 hoc
2743 3282 3075 3349 relaxamus,
3098 3290 3157 3338 ut
3182 3283 3256 3339 de
3288 3284 3614 3340 saecularibus
3635 3279 3770 3349 inqui-

2315 3504 2368 3557 Si
2398 3517 2463 3557 ne
2484 3506 2601 3555 mihi
2620 3518 2805 3569 gerere
2824 3518 3009 3557 morem
3030 3506 3197 3559 videar
3217 3506 3411 3572 lingua,
3437 3519 3592 3559 verum
3611 3502 3767 3565 lingula.

2245 3607 2319 3663 Ut
2344 3608 2770 3681 refert'Agellius
2800 3608 2896 3664 lib.
2929 3626 2986 3675 χ,
3018 3626 3134 3680 cap.
3159 3611 3259 3677 25,
3292 3614 3344 3668 id
3369 3621 3468 3676 est,
3496 3612 3535 3666 si
3558 3625 3659 3681 non,
3680 3622 3767 3681 pas-

2243 3694 2364 3760 sum
2408 3675 2607 3802 versi-is
2636 3678 2850 3736 elIicere
2900 3690 2958 3736 ut
2993 3675 3123 3736 milii
3152 3675 3570 3754 obtemperetur,
3617 3679 3661 3734 id
3681 3675 3769 3733 clli-

2245 3764 2384 3802 ciam
2413 3764 2445 3802 ρ
2468 3765 2497 3802 a
2539 3764 2609 3802 ιο.

2245 3764 2384 3805 Clam
2413 3764 2609 3805 213010.

2319 3829 2350 3893 °_
2385 3819 2769 3893 Substantiam.
2809 3819 2985 3893 Locus
3042 3833 3335 3892 corruptus
3380 3823 3433 3877 in
3466 3820 3647 3893 Regula
3688 3831 3767 3871 ms.

2250 3887 2361 3961 Sub
2391 3897 2613 3961 tantam.
2653 3888 2816 3961 Lege,
2845 3890 2955 3945 Sub
2981 3900 3148 3945 tanta.

2318 3958 2345 3997 ἀ
2384 3956 2550 4031 Omne
2577 3956 2786 4031 verbum
2824 3977 3034 4015 vanum.
3065 3962 3147 4015 Ad
3189 3961 3333 4031 Eph.
3378 3976 3430 4016 tv
3470 3962 3519 4015 in
3572 3958 3769 4013 versione

2246 4029 2516 4083 communi
2546 4048 2563 4091 ς
2593 4026 2776 4083 Omnis
2811 4047 2981 4084 sermo
3037 4026 3251 4086 malus:
3290 4032 3347 4086 lu
3399 4031 3573 4087 Cresco
3614 4036 3764 4082 textu:

2246 4098 2468 4181 σαπρεξς,
2499 4098 2554 4155 id
2602 4106 2705 4162 est,
2734 4099 2929 4181 foedus.
2975 4100 3179 4181 glossze
3216 4100 3445 4181 Cyrilli__:
3474 4099 3766 4181 aaapéﬁttlt:

2212 4223 2215 4226 .
2247 4170 2506 4238 gatorius,
2539 4184 2736 4238 nugax,
2768 4170 2955 4238 fwdus.
2986 4170 3103 4226 Non
3123 4170 3767 4234 male—redditumJ-anm:

2249 4252 2374 4292 nam
2401 4254 2601 4309 vanum
2629 4246 2713 4309 est
2734 4240 3100 4309 nugatorium.

2324 4319 2347 4347 θ
2387 4306 2557 4379 Βράγδὶ
2585 4308 2711 4377 quid
2737 4306 3254 4379 ad'a'diﬁcationem.
3298 4311 3355 4366 In
3405 4309 3633 4379 versione
3656 4315 3771 4358 οοηι·

2247 4379 2395 4431 muni
2423 4396 2436 4432 :
2478 4378 2581 4434 Sed
2602 4376 2652 4432 si
2687 4379 2802 4448 quis
2825 4376 3007 4433 bonus.
3030 4380 3108 4434 Ita
3138 4381 3304 4436 etiam
3333 4383 3385 4436 in
3415 4389 3554 4434 textu
3578 4376 3765 4432 Graicot

2246 4448 2351 4524 cur
2377 4448 2528 4524 εζςςις
2552 4450 2927 4524 &7a96€_,_q110d
2955 4449 3097 4524 idem
3118 4460 3323 4524 sonat._
3438 4521 3448 4524 _
3562 4516 3606 4524 __
3668 4512 3678 4524 ,

2324 4516 2343 4556 ί
2385 4515 2690 4590 Aliquanto.
2730 4515 2920 4590 ldiest,
2964 4519 3163 4589 aliqua.
3198 4520 3278 4575 Ita
3310 4521 3539 4590 loquitur
3562 4515 3767 4590 Magis“?

2244 4590 2435 4664 (ἕψε-δ
2463 4585 2533 4664 τίς
2566 4588 2635 4643 Et
2670 4589 2724 4643 in
2770 4585 3661 4664 aliquantis—.proliitishominibug.
3689 4599 3703 4631 ι
3728 4585 3767 4664 βξ

2246 4654 2930 4731 ὃ-ξνειιειξίίιηυείεβηηοὴθ
2950 4660 3015 4713 de
3034 4654 3174 4714 bono
3203 4661 3528 4731 disciplina}:
3564 4675 3581 4707 ι
3612 4654 3766 4731 Dicunt

2244 4729 2504 4797 aliquanti
2547 4730 2882 4799 disciplinam
2932 4730 3064 4784 satis
3114 4731 3266 4786 duris
3313 4729 3515 4801 legibus
3554 4729 3766 4781 constitu-

2246 4806 2453 4950 lagLU’t.
2492 4884 2597 4922 non
2644 4884 2865 4939 peccem.
2900 4867 3124 4924 Accedit
3158 4869 3228 4925 ad
3259 4869 3551 4925 versionem
3590 4861 3640 4917 S.
3669 4856 3764 4911 llic-

2245 4953 2633 5090 rfullygbinutui
2660 5016 2707 5063 et
2732 5009 2874 5063 tacui
2894 5026 2926 5063 a
2949 5007 3118 5063 bonis.
3146 5008 3293 5065 Citat
3313 5008 3485 5065 locum
3512 5019 3572 5059 ex
3601 5007 3758 5054 melilo‘

2244 5093 2345 5188 “ai.
2383 5147 2669 5201 Docti-ima.
2715 5146 2830 5204 Hoc
2855 5148 2975 5203 loco
3003 5146 3246 5202 doctrina
3281 5155 3366 5203 est
3397 5140 3605 5201 docendi
3630 5133 3756 5190 actio,

2246 5234 2351 5273 non
2377 5217 2623 5271 facultas.

2318 5286 2346 5368 i_
2376 5286 2626 5368 liudaris.
2664 5286 2826 5358 Lege,
2852 5287 2999 5358 puris
3020 5286 3192 5348 corde.
3225 5295 3285 5342 ut
3305 5288 3356 5341 in
3385 5280 3575 5353 Regula
3594 5288 3678 5330 ms.
3714 5275 3757 5321 et

2246 5358 2606 5508 c?g.gl;:e(iite
2633 5444 2750 5483 vero
2776 5425 2980 5482 abbate.
3017 5427 3077 5483 Id
3099 5436 3226 5494 est,
3275 5433 3422 5482 extra
3465 5409 3752 5492 praesentiant

2247 5498 2668 5648 abiaizlziungn.
2716 5566 2795 5621 lta
2823 5568 3076 5635 correxi,
3138 5580 3265 5624 cum
3303 5571 3453 5618 antea
3495 5556 3748 5626 legeretur:

2249 5647 2639 5774 ιωιίῖΐὲἶιὸνίρὶι.
2658 5706 2862 5762 Glossze
2882 5707 3162 5764 Philoxeni
3188 5727 3201 5762 :
3231 5702 3469 5773 Subripit,
3490 5696 3745 5771 ὑφαιρεῖται·

2252 5778 2303 5833 id
2333 5786 2434 5845 est,
2465 5777 2819 5832 subtrahitur.
3270 5785 3281 5797 ’
