  <div class='ocr_page' id='page_1' title='image "/cluster/home/n/w/nwhite01/storage/ocr_20150623/103/hvd.32044054759691/423.png"; bbox 0 0 3958 6198; ppageno 0'>
   <div class='ocr_carea' id='block_1_1' title="bbox 512 346 617 401">
    <p class='ocr_par' dir='ltr' id='par_1_1' title="bbox 512 346 617 401">
     <span class='ocr_line' id='line_1_1' title="bbox 512 346 617 401; baseline 0.019 -2"><span class='ocrx_word' id='word_1_1' title='bbox 512 346 617 401; x_wconf 66' lang='lat'><strong>835</strong></span> 
     </span>
    </p>
   </div>
   <div class='ocr_carea' id='block_1_2' title="bbox 1538 324 2767 391">
    <p class='ocr_par' dir='ltr' id='par_1_2' title="bbox 1538 324 2767 391">
     <span class='ocr_line' id='line_1_2' title="bbox 1538 324 2767 391; baseline -0.008 0"><span class='ocrx_word' id='word_1_2' title='bbox 1538 331 1597 391; x_wconf 75' lang='grc' dir='ltr'><strong>Β.</strong></span> <span class='ocrx_word' id='word_1_3' title='bbox 1641 329 1995 386; x_wconf 60' lang='lat' dir='ltr'><strong>REXEDICTI</strong></span> <span class='ocrx_word' id='word_1_4' title='bbox 2034 327 2321 381; x_wconf 72' lang='lat' dir='ltr'><strong>Ali‘ll.\TlS</strong></span> <span class='ocrx_word' id='word_1_5' title='bbox 2360 324 2767 382; x_wconf 68' lang='lat' dir='ltr'><strong>ANIANENSIS</strong></span> 
     </span>
    </p>
   </div>
   <div class='ocr_carea' id='block_1_3' title="bbox 3649 326 3751 379">
    <p class='ocr_par' dir='ltr' id='par_1_3' title="bbox 3649 326 3751 379">
     <span class='ocr_line' id='line_1_3' title="bbox 3649 326 3751 379; baseline -0.029 0"><span class='ocrx_word' id='word_1_6' title='bbox 3649 326 3751 379; x_wconf 68' lang='lat'><strong>853</strong></span> 
     </span>
    </p>
   </div>
   <div class='ocr_carea' id='block_1_4' title="bbox 511 439 3756 525">
    <p class='ocr_par' dir='ltr' id='par_1_4' title="bbox 511 439 3756 525">
     <span class='ocr_line' id='line_1_4' title="bbox 511 439 3756 525; baseline -0.004 -16"><span class='ocrx_word' id='word_1_7' title='bbox 511 458 801 525; x_wconf 70' lang='lat' dir='ltr'><strong>attingere,</strong></span> <span class='ocrx_word' id='word_1_8' title='bbox 844 461 898 507; x_wconf 91' lang='lat' dir='ltr'><strong>et</strong></span> <span class='ocrx_word' id='word_1_9' title='bbox 943 452 1010 505; x_wconf 89' lang='lat' dir='ltr'><strong>ad</strong></span> <span class='ocrx_word' id='word_1_10' title='bbox 1053 448 1430 504; x_wconf 74' lang='lat' dir='ltr'><strong>exultationem</strong></span> <span class='ocrx_word' id='word_1_11' title='bbox 1467 444 1609 497; x_wconf 87' lang='lat' dir='ltr'><strong>illam</strong></span> <span class='ocrx_word' id='word_1_12' title='bbox 1655 442 1967 503; x_wconf 67' lang='lat' dir='ltr'><strong>cmlcstem,</strong></span> <span class='ocrx_word' id='word_1_13' title='bbox 2015 440 2081 494; x_wconf 87' lang='lat' dir='ltr'><strong>ad</strong></span> <span class='ocrx_word' id='word_1_14' title='bbox 2109 450 2160 508; x_wconf 80' lang='grc' dir='ltr'>Α</span> <span class='ocrx_word' id='word_1_15' title='bbox 2188 443 2319 497; x_wconf 89' lang='lat' dir='ltr'><strong>tium</strong></span> <span class='ocrx_word' id='word_1_16' title='bbox 2349 450 2591 495; x_wconf 87' lang='lat' dir='ltr'><strong>nostrum</strong></span> <span class='ocrx_word' id='word_1_17' title='bbox 2634 455 2914 510; x_wconf 76' lang='lat' dir='ltr'><strong>ponamus.</strong></span> <span class='ocrx_word' id='word_1_18' title='bbox 2944 439 3057 493; x_wconf 82' lang='lat' dir='ltr'><strong>Non</strong></span> <span class='ocrx_word' id='word_1_19' title='bbox 3089 440 3232 495; x_wconf 82' lang='lat' dir='ltr'><strong>enim</strong></span> <span class='ocrx_word' id='word_1_20' title='bbox 3274 440 3352 494; x_wconf 87' lang='lat' dir='ltr'><strong>sic</strong></span> <span class='ocrx_word' id='word_1_21' title='bbox 3396 441 3693 509; x_wconf 65' lang='lat' dir='ltr'><strong>pot-crinitus</strong></span> <span class='ocrx_word' id='word_1_22' title='bbox 3727 462 3756 497; x_wconf 83' lang='lat' dir='ltr'><strong>a</strong></span> 
     </span>
    </p>
   </div>
   <div class='ocr_carea' id='block_1_5' title="bbox 512 529 2079 615">
    <p class='ocr_par' dir='ltr' id='par_1_5' title="bbox 512 529 2079 615">
     <span class='ocr_line' id='line_1_5' title="bbox 512 529 2079 615; baseline -0.013 -15"><span class='ocrx_word' id='word_1_23' title='bbox 512 559 676 615; x_wconf 86' lang='lat' dir='ltr'><strong>quam</strong></span> <span class='ocrx_word' id='word_1_24' title='bbox 715 558 816 612; x_wconf 90' lang='lat' dir='ltr'><strong>per</strong></span> <span class='ocrx_word' id='word_1_25' title='bbox 853 541 1136 611; x_wconf 61' lang='lat' dir='ltr'><strong>prementis</strong></span> <span class='ocrx_word' id='word_1_26' title='bbox 1178 538 1300 591; x_wconf 70' lang='lat' dir='ltr'><strong>vita:</strong></span> <span class='ocrx_word' id='word_1_27' title='bbox 1342 532 1695 589; x_wconf 71' lang='lat' dir='ltr'><strong>humilitatem</strong></span> <span class='ocrx_word' id='word_1_28' title='bbox 1742 529 2079 593; x_wconf 75' lang='lat' dir='ltr'><strong>ascenditur,</strong></span> 
     </span>
    </p>
   </div>
   <div class='ocr_carea' id='block_1_6' title="bbox 517 620 2086 699">
    <p class='ocr_par' dir='ltr' id='par_1_6' title="bbox 517 620 2086 699">
     <span class='ocr_line' id='line_1_6' title="bbox 517 620 2086 699; baseline -0.013 -9"><span class='ocrx_word' id='word_1_29' title='bbox 517 636 761 690; x_wconf 88' lang='lat' dir='ltr'><strong>volumus</strong></span> <span class='ocrx_word' id='word_1_30' title='bbox 787 632 1043 687; x_wconf 88' lang='lat' dir='ltr'><strong>velociter</strong></span> <span class='ocrx_word' id='word_1_31' title='bbox 1069 627 1379 699; x_wconf 87' lang='lat' dir='ltr'><strong>pervenire,</strong></span> <span class='ocrx_word' id='word_1_32' title='bbox 1411 624 1620 677; x_wconf 76' lang='lat' dir='ltr'><strong>actibus</strong></span> <span class='ocrx_word' id='word_1_33' title='bbox 1660 620 1860 674; x_wconf 79' lang='lat' dir='ltr'><strong>nostris</strong></span> <span class='ocrx_word' id='word_1_34' title='bbox 1899 635 2086 672; x_wconf 88' lang='lat' dir='ltr'><strong>ascen-</strong></span> 
     </span>
    </p>
   </div>
   <div class='ocr_carea' id='block_1_7' title="bbox 513 710 2085 791">
    <p class='ocr_par' dir='ltr' id='par_1_7' title="bbox 513 710 2085 791">
     <span class='ocr_line' id='line_1_7' title="bbox 513 710 2085 791; baseline -0.01 -11"><span class='ocrx_word' id='word_1_35' title='bbox 513 725 769 781; x_wconf 83' lang='lat' dir='ltr'><strong>dentibus</strong></span> <span class='ocrx_word' id='word_1_36' title='bbox 787 723 928 778; x_wconf 88' lang='lat' dir='ltr'><strong>scala</strong></span> <span class='ocrx_word' id='word_1_37' title='bbox 954 722 1042 777; x_wconf 92' lang='lat' dir='ltr'><strong>illa</strong></span> <span class='ocrx_word' id='word_1_38' title='bbox 1059 720 1309 791; x_wconf 81' lang='lat' dir='ltr'><strong>erigenda</strong></span> <span class='ocrx_word' id='word_1_39' title='bbox 1336 725 1419 773; x_wconf 90' lang='lat' dir='ltr'><strong>est</strong></span> <span class='ocrx_word' id='word_1_40' title='bbox 1443 731 1561 789; x_wconf 81' lang='lat' dir='ltr'><strong>quae</strong></span> <span class='ocrx_word' id='word_1_41' title='bbox 1577 727 1601 754; x_wconf 73' lang='grc' dir='ltr'><strong>ει</strong></span> <span class='ocrx_word' id='word_1_42' title='bbox 1618 716 1669 767; x_wconf 90' lang='lat' dir='ltr'><strong>in</strong></span> <span class='ocrx_word' id='word_1_43' title='bbox 1691 712 1901 768; x_wconf 90' lang='lat' dir='ltr'><strong>somnio</strong></span> <span class='ocrx_word' id='word_1_44' title='bbox 1920 710 2085 768; x_wconf 72' lang='lat' dir='ltr'><strong>Iacob</strong></span> 
     </span>
    </p>
   </div>
   <div class='ocr_carea' id='block_1_8' title="bbox 514 804 2086 887">
    <p class='ocr_par' dir='ltr' id='par_1_8' title="bbox 514 804 2086 887">
     <span class='ocr_line' id='line_1_8' title="bbox 514 804 2086 887; baseline -0.014 -13"><span class='ocrx_word' id='word_1_45' title='bbox 514 818 783 887; x_wconf 82' lang='lat' dir='ltr'><strong>apparuit,</strong></span> <span class='ocrx_word' id='word_1_46' title='bbox 816 832 915 886; x_wconf 89' lang='lat' dir='ltr'><strong>per</strong></span> <span class='ocrx_word' id='word_1_47' title='bbox 943 831 1101 884; x_wconf 88' lang='lat' dir='ltr'><strong>quam</strong></span> <span class='ocrx_word' id='word_1_48' title='bbox 1134 821 1190 867; x_wconf 90' lang='lat' dir='ltr'><strong>et</strong></span> <span class='ocrx_word' id='word_1_49' title='bbox 1211 810 1596 866; x_wconf 88' lang='lat' dir='ltr'><strong>descendentes</strong></span> <span class='ocrx_word' id='word_1_50' title='bbox 1616 804 1788 874; x_wconf 82' lang='lat' dir='ltr'><strong>angeli</strong></span> <span class='ocrx_word' id='word_1_51' title='bbox 1819 810 2086 857; x_wconf 83' lang='lat' dir='ltr'><strong>monstra-</strong></span> 
     </span>
    </p>
   </div>
   <div class='ocr_carea' id='block_1_9' title="bbox 514 896 2086 980">
    <p class='ocr_par' dir='ltr' id='par_1_9' title="bbox 514 896 2086 980">
     <span class='ocr_line' id='line_1_9' title="bbox 514 896 2086 980; baseline -0.01 -16"><span class='ocrx_word' id='word_1_52' title='bbox 514 911 715 965; x_wconf 82' lang='lat' dir='ltr'><strong>bantur</strong></span> <span class='ocrx_word' id='word_1_53' title='bbox 741 906 892 980; x_wconf 85' lang='lat' dir='ltr'><strong>(Gen.</strong></span> <span class='ocrx_word' id='word_1_54' title='bbox 924 904 1143 974; x_wconf 76' lang='lat' dir='ltr'><strong>xxvut).</strong></span> <span class='ocrx_word' id='word_1_55' title='bbox 1174 902 1291 957; x_wconf 86' lang='lat' dir='ltr'><strong>Non</strong></span> <span class='ocrx_word' id='word_1_56' title='bbox 1319 901 1464 955; x_wconf 84' lang='lat' dir='ltr'><strong>aliud</strong></span> <span class='ocrx_word' id='word_1_57' title='bbox 1489 899 1605 954; x_wconf 89' lang='lat' dir='ltr'><strong>sine</strong></span> <span class='ocrx_word' id='word_1_58' title='bbox 1640 896 1804 951; x_wconf 89' lang='lat' dir='ltr'><strong>dubio</strong></span> <span class='ocrx_word' id='word_1_59' title='bbox 1831 908 2086 949; x_wconf 87' lang='lat' dir='ltr'><strong>ascensus</strong></span> 
     </span>
    </p>
   </div>
   <div class='ocr_carea' id='block_1_10' title="bbox 515 983 2085 1060">
    <p class='ocr_par' dir='ltr' id='par_1_10' title="bbox 515 983 2085 1060">
     <span class='ocr_line' id='line_1_10' title="bbox 515 983 2085 1060; baseline -0.013 -5"><span class='ocrx_word' id='word_1_60' title='bbox 515 1000 607 1055; x_wconf 90' lang='lat' dir='ltr'><strong>ille</strong></span> <span class='ocrx_word' id='word_1_61' title='bbox 634 1008 689 1055; x_wconf 91' lang='lat' dir='ltr'><strong>et</strong></span> <span class='ocrx_word' id='word_1_62' title='bbox 714 999 1003 1054; x_wconf 87' lang='lat' dir='ltr'><strong>descensus</strong></span> <span class='ocrx_word' id='word_1_63' title='bbox 1025 1011 1054 1048; x_wconf 90' lang='lat' dir='ltr'><strong>a</strong></span> <span class='ocrx_word' id='word_1_64' title='bbox 1085 994 1241 1048; x_wconf 90' lang='lat' dir='ltr'><strong>nobis</strong></span> <span class='ocrx_word' id='word_1_65' title='bbox 1264 989 1597 1060; x_wconf 83' lang='lat' dir='ltr'><strong>intelligitur,</strong></span> <span class='ocrx_word' id='word_1_66' title='bbox 1625 985 1732 1039; x_wconf 84' lang='lat' dir='ltr'><strong>nisi</strong></span> <span class='ocrx_word' id='word_1_67' title='bbox 1760 983 2085 1039; x_wconf 81' lang='lat' dir='ltr'><strong>exaltatione</strong></span> 
     </span>
    </p>
   </div>
   <div class='ocr_carea' id='block_1_11' title="bbox 516 1075 2085 1155">
    <p class='ocr_par' dir='ltr' id='par_1_11' title="bbox 516 1075 2085 1155">
     <span class='ocr_line' id='line_1_11' title="bbox 516 1075 2085 1155; baseline -0.014 -7"><span class='ocrx_word' id='word_1_68' title='bbox 516 1091 874 1155; x_wconf 86' lang='lat' dir='ltr'><strong>descendere,</strong></span> <span class='ocrx_word' id='word_1_69' title='bbox 918 1096 974 1143; x_wconf 91' lang='lat' dir='ltr'><strong>et</strong></span> <span class='ocrx_word' id='word_1_70' title='bbox 1003 1088 1032 1128; x_wconf 72' lang='grc' dir='ltr'><strong>ιν</strong></span> <span class='ocrx_word' id='word_1_71' title='bbox 1068 1084 1371 1147; x_wconf 83' lang='lat' dir='ltr'><strong>humilitate</strong></span> <span class='ocrx_word' id='word_1_72' title='bbox 1414 1079 1725 1139; x_wconf 85' lang='lat' dir='ltr'><strong>ascendere.</strong></span> <span class='ocrx_word' id='word_1_73' title='bbox 1760 1075 1917 1131; x_wconf 89' lang='lat' dir='ltr'><strong>Scala</strong></span> <span class='ocrx_word' id='word_1_74' title='bbox 1958 1088 2085 1128; x_wconf 88' lang='lat' dir='ltr'><strong>vero</strong></span> 
     </span>
    </p>
   </div>
   <div class='ocr_carea' id='block_1_12' title="bbox 515 1163 2087 1249">
    <p class='ocr_par' dir='ltr' id='par_1_12' title="bbox 515 1163 2087 1249">
     <span class='ocr_line' id='line_1_12' title="bbox 515 1163 2087 1249; baseline -0.01 -16"><span class='ocrx_word' id='word_1_75' title='bbox 515 1181 633 1249; x_wconf 89' lang='lat' dir='ltr'><strong>ipsa</strong></span> <span class='ocrx_word' id='word_1_76' title='bbox 661 1188 842 1234; x_wconf 90' lang='lat' dir='ltr'><strong>erecta</strong></span> <span class='ocrx_word' id='word_1_77' title='bbox 869 1183 1053 1237; x_wconf 83' lang='lat' dir='ltr'><strong>nostra</strong></span> <span class='ocrx_word' id='word_1_78' title='bbox 1080 1181 1164 1228; x_wconf 86' lang='lat' dir='ltr'><strong>est</strong></span> <span class='ocrx_word' id='word_1_79' title='bbox 1189 1172 1301 1226; x_wconf 90' lang='lat' dir='ltr'><strong>vita</strong></span> <span class='ocrx_word' id='word_1_80' title='bbox 1324 1171 1377 1224; x_wconf 88' lang='lat' dir='ltr'><strong>in</strong></span> <span class='ocrx_word' id='word_1_81' title='bbox 1414 1166 1629 1230; x_wconf 66' lang='lat' dir='ltr'><strong>saeculo,</strong></span> <span class='ocrx_word' id='word_1_82' title='bbox 1661 1180 1779 1234; x_wconf 64' lang='lat' dir='ltr'><strong>quae</strong></span> <span class='ocrx_word' id='word_1_83' title='bbox 1806 1163 2087 1218; x_wconf 89' lang='lat' dir='ltr'><strong>humiliato</strong></span> 
     </span>
    </p>
   </div>
   <div class='ocr_carea' id='block_1_13' title="bbox 516 1254 2087 1335">
    <p class='ocr_par' dir='ltr' id='par_1_13' title="bbox 516 1254 2087 1335">
     <span class='ocr_line' id='line_1_13' title="bbox 516 1254 2087 1335; baseline -0.011 -8"><span class='ocrx_word' id='word_1_84' title='bbox 516 1271 678 1327; x_wconf 90' lang='lat' dir='ltr'><strong>corde</strong></span> <span class='ocrx_word' id='word_1_85' title='bbox 703 1286 731 1324; x_wconf 93' lang='lat' dir='ltr'><strong>a</strong></span> <span class='ocrx_word' id='word_1_86' title='bbox 761 1268 984 1324; x_wconf 86' lang='lat' dir='ltr'><strong>Domino</strong></span> <span class='ocrx_word' id='word_1_87' title='bbox 1009 1266 1233 1335; x_wconf 78' lang='lat' dir='ltr'><strong>erigitur</strong></span> <span class='ocrx_word' id='word_1_88' title='bbox 1254 1263 1320 1319; x_wconf 88' lang='lat' dir='ltr'><strong>ad</strong></span> <span class='ocrx_word' id='word_1_89' title='bbox 1342 1261 1557 1317; x_wconf 77' lang='lat' dir='ltr'><strong>etelum.</strong></span> <span class='ocrx_word' id='word_1_90' title='bbox 1581 1258 1774 1311; x_wconf 85' lang='lat' dir='ltr'><strong>Latera</strong></span> <span class='ocrx_word' id='word_1_91' title='bbox 1796 1254 1911 1325; x_wconf 83' lang='lat' dir='ltr'><strong>ejus</strong></span> <span class='ocrx_word' id='word_1_92' title='bbox 1930 1256 2087 1310; x_wconf 71' lang='lat' dir='ltr'><strong>scala:</strong></span> 
     </span>
    </p>
   </div>
   <div class='ocr_carea' id='block_1_14' title="bbox 516 1348 2085 1423">
    <p class='ocr_par' dir='ltr' id='par_1_14' title="bbox 516 1348 2085 1423">
     <span class='ocr_line' id='line_1_14' title="bbox 516 1348 2085 1423; baseline -0.01 -7"><span class='ocrx_word' id='word_1_93' title='bbox 516 1362 743 1416; x_wconf 88' lang='lat' dir='ltr'><strong>dicimus</strong></span> <span class='ocrx_word' id='word_1_94' title='bbox 780 1367 1023 1412; x_wconf 89' lang='lat' dir='ltr'><strong>nostrum</strong></span> <span class='ocrx_word' id='word_1_95' title='bbox 1055 1370 1175 1412; x_wconf 88' lang='lat' dir='ltr'><strong>esse</strong></span> <span class='ocrx_word' id='word_1_96' title='bbox 1217 1369 1413 1423; x_wconf 90' lang='lat' dir='ltr'><strong>corpus</strong></span> <span class='ocrx_word' id='word_1_97' title='bbox 1456 1359 1510 1406; x_wconf 92' lang='lat' dir='ltr'><strong>et</strong></span> <span class='ocrx_word' id='word_1_98' title='bbox 1554 1350 1811 1412; x_wconf 88' lang='lat' dir='ltr'><strong>animam,</strong></span> <span class='ocrx_word' id='word_1_99' title='bbox 1850 1359 1872 1387; x_wconf 75' lang='grc' dir='ltr'><strong>ο</strong></span> <span class='ocrx_word' id='word_1_100' title='bbox 1903 1348 1955 1401; x_wconf 90' lang='lat' dir='ltr'><strong>in</strong></span> <span class='ocrx_word' id='word_1_101' title='bbox 1981 1363 2085 1417; x_wconf 86' lang='lat' dir='ltr'><strong>qua</strong></span> 
     </span>
    </p>
   </div>
   <div class='ocr_carea' id='block_1_15' title="bbox 516 1433 2085 1514">
    <p class='ocr_par' dir='ltr' id='par_1_15' title="bbox 516 1433 2085 1514">
     <span class='ocr_line' id='line_1_15' title="bbox 516 1433 2085 1514; baseline -0.008 -12"><span class='ocrx_word' id='word_1_102' title='bbox 516 1448 683 1504; x_wconf 84' lang='lat' dir='ltr'><strong>latera</strong></span> <span class='ocrx_word' id='word_1_103' title='bbox 728 1447 970 1501; x_wconf 89' lang='lat' dir='ltr'><strong>diversos</strong></span> <span class='ocrx_word' id='word_1_104' title='bbox 1013 1442 1211 1514; x_wconf 89' lang='lat' dir='ltr'><strong>gradus</strong></span> <span class='ocrx_word' id='word_1_105' title='bbox 1254 1437 1581 1495; x_wconf 85' lang='lat' dir='ltr'><strong>humilitatis</strong></span> <span class='ocrx_word' id='word_1_106' title='bbox 1618 1435 1704 1490; x_wconf 87' lang='lat' dir='ltr'><strong>vel</strong></span> <span class='ocrx_word' id='word_1_107' title='bbox 1730 1435 2026 1504; x_wconf 62' lang='lat' dir='ltr'><strong>disciplina:</strong></span> <span class='ocrx_word' id='word_1_108' title='bbox 2058 1433 2085 1473; x_wconf 69' lang='grc' dir='ltr'><strong>τι</strong></span> 
     </span>
    </p>
   </div>
   <div class='ocr_carea' id='block_1_16' title="bbox 515 1528 1637 1593">
    <p class='ocr_par' dir='ltr' id='par_1_16' title="bbox 515 1528 1637 1593">
     <span class='ocr_line' id='line_1_16' title="bbox 515 1528 1637 1593; baseline -0.012 0"><span class='ocrx_word' id='word_1_109' title='bbox 515 1537 759 1593; x_wconf 87' lang='lat' dir='ltr'><strong>evocatio</strong></span> <span class='ocrx_word' id='word_1_110' title='bbox 787 1535 968 1590; x_wconf 87' lang='lat' dir='ltr'><strong>divina</strong></span> <span class='ocrx_word' id='word_1_111' title='bbox 1000 1532 1367 1588; x_wconf 89' lang='lat' dir='ltr'><strong>ascendendos</strong></span> <span class='ocrx_word' id='word_1_112' title='bbox 1393 1528 1637 1589; x_wconf 85' lang='lat' dir='ltr'><strong>inseruit.</strong></span> 
     </span>
    </p>
   </div>
   <div class='ocr_carea' id='block_1_17' title="bbox 644 1619 1968 1699">
    <p class='ocr_par' dir='ltr' id='par_1_17' title="bbox 644 1619 1968 1699">
     <span class='ocr_line' id='line_1_17' title="bbox 644 1619 1968 1699; baseline -0.006 -17"><span class='ocrx_word' id='word_1_113' title='bbox 644 1626 692 1699; x_wconf 87' lang='lat'><strong>§.</strong></span> <span class='ocrx_word' id='word_1_114' title='bbox 719 1627 852 1681; x_wconf 89' lang='grc'><strong>11-</strong></span> <span class='ocrx_word' id='word_1_115' title='bbox 878 1626 956 1679; x_wconf 81' lang='lat' dir='ltr'><strong>Ex</strong></span> <span class='ocrx_word' id='word_1_116' title='bbox 988 1625 1206 1680; x_wconf 69' lang='lat' dir='ltr'><strong>Recuu</strong></span> <span class='ocrx_word' id='word_1_117' title='bbox 1231 1638 1419 1677; x_wconf 68' lang='lat' dir='ltr'><strong>SAXCTI</strong></span> <span class='ocrx_word' id='word_1_118' title='bbox 1456 1621 1653 1676; x_wconf 75' lang='lat' dir='ltr'><strong>BASILII</strong></span> <span class='ocrx_word' id='word_1_119' title='bbox 1690 1623 1829 1693; x_wconf 85' lang='lat' dir='ltr'><strong>(cap.</strong></span> <span class='ocrx_word' id='word_1_120' title='bbox 1858 1619 1968 1693; x_wconf 85' lang='lat'><strong>60).</strong></span> 
     </span>
    </p>
   </div>
   <div class='ocr_carea' id='block_1_18' title="bbox 586 1711 2086 1786">
    <p class='ocr_par' dir='ltr' id='par_1_18' title="bbox 586 1711 2086 1786">
     <span class='ocr_line' id='line_1_18' title="bbox 586 1711 2086 1786; baseline -0.005 -15"><span class='ocrx_word' id='word_1_121' title='bbox 586 1717 847 1786; x_wconf 82' lang='lat' dir='ltr'><strong>Interrog.</strong></span> <span class='ocrx_word' id='word_1_122' title='bbox 882 1727 905 1754; x_wconf 73' lang='grc' dir='ltr'>θ</span> <span class='ocrx_word' id='word_1_123' title='bbox 934 1714 1071 1781; x_wconf 83' lang='lat' dir='ltr'><strong>Quid</strong></span> <span class='ocrx_word' id='word_1_124' title='bbox 1099 1722 1183 1769; x_wconf 89' lang='lat' dir='ltr'><strong>est</strong></span> <span class='ocrx_word' id='word_1_125' title='bbox 1223 1712 1520 1776; x_wconf 90' lang='lat' dir='ltr'><strong>humilitas,</strong></span> <span class='ocrx_word' id='word_1_126' title='bbox 1565 1719 1620 1765; x_wconf 87' lang='lat' dir='ltr'><strong>et</strong></span> <span class='ocrx_word' id='word_1_127' title='bbox 1661 1711 1929 1781; x_wconf 89' lang='lat' dir='ltr'><strong>quomodo</strong></span> <span class='ocrx_word' id='word_1_128' title='bbox 1969 1725 2086 1765; x_wconf 85' lang='lat' dir='ltr'><strong>eam</strong></span> 
     </span>
    </p>
   </div>
   <div class='ocr_carea' id='block_1_19' title="bbox 2187 530 3761 602">
    <p class='ocr_par' dir='ltr' id='par_1_19' title="bbox 2187 530 3761 602">
     <span class='ocr_line' id='line_1_19' title="bbox 2187 530 3761 602; baseline -0.001 -14"><span class='ocrx_word' id='word_1_129' title='bbox 2187 533 2343 588; x_wconf 90' lang='lat' dir='ltr'><strong>nobis</strong></span> <span class='ocrx_word' id='word_1_130' title='bbox 2390 532 2633 602; x_wconf 70' lang='lat' dir='ltr'><strong>pristina:</strong></span> <span class='ocrx_word' id='word_1_131' title='bbox 2677 530 2997 601; x_wconf 65' lang='lat' dir='ltr'><strong>arrogantiae</strong></span> <span class='ocrx_word' id='word_1_132' title='bbox 3039 530 3253 585; x_wconf 88' lang='lat' dir='ltr'><strong>abolere</strong></span> <span class='ocrx_word' id='word_1_133' title='bbox 3303 531 3659 596; x_wconf 85' lang='lat' dir='ltr'><strong>memoriam,</strong></span> <span class='ocrx_word' id='word_1_134' title='bbox 3705 542 3761 587; x_wconf 82' lang='lat' dir='ltr'><strong>et</strong></span> 
     </span>
    </p>
   </div>
   <div class='ocr_carea' id='block_1_20' title="bbox 2183 623 3760 688">
    <p class='ocr_par' dir='ltr' id='par_1_20' title="bbox 2183 623 3760 688">
     <span class='ocr_line' id='line_1_20' title="bbox 2183 623 3760 688; baseline -0.001 -9"><span class='ocrx_word' id='word_1_135' title='bbox 2183 625 2432 681; x_wconf 77' lang='lat' dir='ltr'><strong>ell’ectum</strong></span> <span class='ocrx_word' id='word_1_136' title='bbox 2454 624 2775 678; x_wconf 85' lang='lat' dir='ltr'><strong>humilitatis</strong></span> <span class='ocrx_word' id='word_1_137' title='bbox 2806 639 3113 688; x_wconf 87' lang='lat' dir='ltr'><strong>assumere,</strong></span> <span class='ocrx_word' id='word_1_138' title='bbox 3153 625 3290 677; x_wconf 81' lang='lat' dir='ltr'><strong>sicut</strong></span> <span class='ocrx_word' id='word_1_139' title='bbox 3312 624 3477 677; x_wconf 88' lang='lat' dir='ltr'><strong>etiam</strong></span> <span class='ocrx_word' id='word_1_140' title='bbox 3508 623 3560 677; x_wconf 91' lang='lat' dir='ltr'><strong>in</strong></span> <span class='ocrx_word' id='word_1_141' title='bbox 3589 624 3760 679; x_wconf 80' lang='lat' dir='ltr'><strong>artiﬁ-</strong></span> 
     </span>
    </p>
   </div>
   <div class='ocr_carea' id='block_1_21' title="bbox 2182 715 3761 784">
    <p class='ocr_par' dir='ltr' id='par_1_21' title="bbox 2182 715 3761 784">
     <span class='ocr_line' id='line_1_21' title="bbox 2182 715 3761 784; baseline 0.002 -14"><span class='ocrx_word' id='word_1_142' title='bbox 2182 717 2284 771; x_wconf 90' lang='lat' dir='ltr'><strong>ciis</strong></span> <span class='ocrx_word' id='word_1_143' title='bbox 2307 716 2423 770; x_wconf 85' lang='lat' dir='ltr'><strong>fieri</strong></span> <span class='ocrx_word' id='word_1_144' title='bbox 2448 715 2607 780; x_wconf 88' lang='lat' dir='ltr'><strong>solet,</strong></span> <span class='ocrx_word' id='word_1_145' title='bbox 2633 715 2881 784; x_wconf 86' lang='lat' dir='ltr'><strong>idemque</strong></span> <span class='ocrx_word' id='word_1_146' title='bbox 2914 715 3104 768; x_wconf 90' lang='lat' dir='ltr'><strong>modus</strong></span> <span class='ocrx_word' id='word_1_147' title='bbox 3134 715 3236 768; x_wconf 90' lang='lat' dir='ltr'><strong>erit</strong></span> <span class='ocrx_word' id='word_1_148' title='bbox 3265 716 3427 768; x_wconf 90' lang='lat' dir='ltr'><strong>etlam</strong></span> <span class='ocrx_word' id='word_1_149' title='bbox 3460 715 3516 769; x_wconf 90' lang='lat' dir='ltr'><strong>in</strong></span> <span class='ocrx_word' id='word_1_150' title='bbox 3546 718 3761 773; x_wconf 62' lang='lat' dir='ltr'><strong>caeteris</strong></span> 
     </span>
    </p>
   </div>
   <div class='ocr_carea' id='block_1_22' title="bbox 2185 805 3760 875">
    <p class='ocr_par' dir='ltr' id='par_1_22' title="bbox 2185 805 3760 875">
     <span class='ocr_line' id='line_1_22' title="bbox 2185 805 3760 875; baseline 0.001 -15"><span class='ocrx_word' id='word_1_151' title='bbox 2185 807 2473 861; x_wconf 71' lang='lat' dir='ltr'><strong>virtutibus</strong></span> <span class='ocrx_word' id='word_1_152' title='bbox 2503 806 2829 871; x_wconf 74' lang='lat' dir='ltr'><strong>obtinendis,</strong></span> <span class='ocrx_word' id='word_1_153' title='bbox 2852 820 2970 875; x_wconf 64' lang='lat' dir='ltr'><strong>qua:</strong></span> <span class='ocrx_word' id='word_1_154' title='bbox 2990 821 3056 859; x_wconf 78' lang='lat' dir='ltr'><strong>ex</strong></span> <span class='ocrx_word' id='word_1_155' title='bbox 3081 806 3329 861; x_wconf 81' lang='lat' dir='ltr'><strong>mandato</strong></span> <span class='ocrx_word' id='word_1_156' title='bbox 3348 805 3566 863; x_wconf 85' lang='lat' dir='ltr'><strong>Domini</strong></span> <span class='ocrx_word' id='word_1_157' title='bbox 3587 807 3760 867; x_wconf 83' lang='lat' dir='ltr'><strong>nostri</strong></span> 
     </span>
    </p>
   </div>
   <div class='ocr_carea' id='block_1_23' title="bbox 2182 896 2796 957">
    <p class='ocr_par' dir='ltr' id='par_1_23' title="bbox 2182 896 2796 957">
     <span class='ocr_line' id='line_1_23' title="bbox 2182 896 2796 957; baseline -0.003 -5"><span class='ocrx_word' id='word_1_158' title='bbox 2182 898 2308 953; x_wconf 75' lang='lat' dir='ltr'><strong>lesu</strong></span> <span class='ocrx_word' id='word_1_159' title='bbox 2334 897 2533 953; x_wconf 81' lang='lat' dir='ltr'><strong>Christi</strong></span> <span class='ocrx_word' id='word_1_160' title='bbox 2558 896 2796 957; x_wconf 85' lang='lat' dir='ltr'><strong>veniunt.</strong></span> 
     </span>
    </p>
   </div>
   <div class='ocr_carea' id='block_1_24' title="bbox 2281 985 3666 1061">
    <p class='ocr_par' dir='ltr' id='par_1_24' title="bbox 2281 985 3666 1061">
     <span class='ocr_line' id='line_1_24' title="bbox 2281 985 3666 1061; baseline 0.001 -19"><span class='ocrx_word' id='word_1_161' title='bbox 2281 990 2307 1061; x_wconf 85' lang='lat'>§</span> <span class='ocrx_word' id='word_1_162' title='bbox 2333 988 2415 1043; x_wconf 81' lang='lat' dir='ltr'><strong>Ill.</strong></span> <span class='ocrx_word' id='word_1_163' title='bbox 2435 988 2594 1041; x_wconf 82' lang='lat' dir='ltr'><strong>—Ex</strong></span> <span class='ocrx_word' id='word_1_164' title='bbox 2618 987 2839 1042; x_wconf 66' lang='lat' dir='ltr'><strong>Renum</strong></span> <span class='ocrx_word' id='word_1_165' title='bbox 2868 1003 3054 1041; x_wconf 70' lang='lat' dir='ltr'><strong>SANCTI</strong></span> <span class='ocrx_word' id='word_1_166' title='bbox 3080 985 3389 1041; x_wconf 66' lang='lat' dir='ltr'><strong>Coronen:</strong></span> <span class='ocrx_word' id='word_1_167' title='bbox 3420 986 3561 1058; x_wconf 85' lang='lat' dir='ltr'><strong>(cap.</strong></span> <span class='ocrx_word' id='word_1_168' title='bbox 3588 986 3666 1059; x_wconf 82' lang='lat'><strong>9).</strong></span> 
     </span>
    </p>
   </div>
   <div class='ocr_carea' id='block_1_25' title="bbox 2260 1078 3764 1146">
    <p class='ocr_par' dir='ltr' id='par_1_25' title="bbox 2260 1078 3764 1146">
     <span class='ocr_line' id='line_1_25' title="bbox 2260 1078 3764 1146; baseline 0 -11"><span class='ocrx_word' id='word_1_169' title='bbox 2260 1083 2277 1123; x_wconf 73' lang='grc' dir='ltr'>ί</span> <span class='ocrx_word' id='word_1_170' title='bbox 2310 1080 2595 1135; x_wconf 82' lang='lat' dir='ltr'><strong>Humilitas</strong></span> <span class='ocrx_word' id='word_1_171' title='bbox 2617 1080 2796 1134; x_wconf 84' lang='lat' dir='ltr'><strong>cordis</strong></span> <span class='ocrx_word' id='word_1_172' title='bbox 2820 1079 3032 1146; x_wconf 87' lang='lat' dir='ltr'><strong>requies</strong></span> <span class='ocrx_word' id='word_1_173' title='bbox 3058 1078 3251 1134; x_wconf 68' lang='lat' dir='ltr'><strong>animae</strong></span> <span class='ocrx_word' id='word_1_174' title='bbox 3275 1086 3359 1133; x_wconf 87' lang='lat' dir='ltr'><strong>est</strong></span> <span class='ocrx_word' id='word_1_175' title='bbox 3391 1079 3537 1134; x_wconf 89' lang='lat' dir='ltr'><strong>intus</strong></span> <span class='ocrx_word' id='word_1_176' title='bbox 3558 1096 3591 1134; x_wconf 88' lang='lat' dir='ltr'><strong>a</strong></span> <span class='ocrx_word' id='word_1_177' title='bbox 3622 1080 3764 1135; x_wconf 88' lang='lat' dir='ltr'><strong>labo-</strong></span> 
     </span>
    </p>
   </div>
   <div class='ocr_carea' id='block_1_26' title="bbox 2186 1167 3762 1240">
    <p class='ocr_par' dir='ltr' id='par_1_26' title="bbox 2186 1167 3762 1240">
     <span class='ocr_line' id='line_1_26' title="bbox 2186 1167 3762 1240; baseline 0 -15"><span class='ocrx_word' id='word_1_178' title='bbox 2186 1171 2337 1226; x_wconf 89' lang='lat' dir='ltr'><strong>ribus</strong></span> <span class='ocrx_word' id='word_1_179' title='bbox 2374 1169 2637 1240; x_wconf 78' lang='lat' dir='ltr'><strong>fatigaun,</strong></span> <span class='ocrx_word' id='word_1_180' title='bbox 2676 1169 2893 1223; x_wconf 88' lang='lat' dir='ltr'><strong>unicum</strong></span> <span class='ocrx_word' id='word_1_181' title='bbox 2939 1167 3079 1228; x_wconf 89' lang='lat' dir='ltr'><strong>illius</strong></span> <span class='ocrx_word' id='word_1_182' title='bbox 3116 1167 3184 1222; x_wconf 81' lang='lat' dir='ltr'><strong>de</strong></span> <span class='ocrx_word' id='word_1_183' title='bbox 3228 1178 3306 1223; x_wconf 91' lang='lat' dir='ltr'><strong>tot</strong></span> <span class='ocrx_word' id='word_1_184' title='bbox 3340 1168 3501 1224; x_wconf 89' lang='lat' dir='ltr'><strong>malis</strong></span> <span class='ocrx_word' id='word_1_185' title='bbox 3536 1170 3762 1239; x_wconf 84' lang='lat' dir='ltr'><strong>refrige-</strong></span> 
     </span>
    </p>
   </div>
   <div class='ocr_carea' id='block_1_27' title="bbox 2186 1257 3759 1327">
    <p class='ocr_par' dir='ltr' id='par_1_27' title="bbox 2186 1257 3759 1327">
     <span class='ocr_line' id='line_1_27' title="bbox 2186 1257 3759 1327; baseline 0.001 -14"><span class='ocrx_word' id='word_1_186' title='bbox 2186 1260 2358 1325; x_wconf 89' lang='lat' dir='ltr'><strong>rium;</strong></span> <span class='ocrx_word' id='word_1_187' title='bbox 2397 1266 2452 1313; x_wconf 90' lang='lat' dir='ltr'><strong>et</strong></span> <span class='ocrx_word' id='word_1_188' title='bbox 2478 1265 2739 1327; x_wconf 89' lang='lat' dir='ltr'><strong>quantum</strong></span> <span class='ocrx_word' id='word_1_189' title='bbox 2784 1257 2850 1312; x_wconf 90' lang='lat' dir='ltr'><strong>ad</strong></span> <span class='ocrx_word' id='word_1_190' title='bbox 2882 1259 3021 1311; x_wconf 89' lang='lat' dir='ltr'><strong>hanc</strong></span> <span class='ocrx_word' id='word_1_191' title='bbox 3061 1258 3547 1313; x_wconf 84' lang='lat' dir='ltr'><strong>considerationem</strong></span> <span class='ocrx_word' id='word_1_192' title='bbox 3589 1258 3605 1309; x_wconf 88' lang='lat' dir='ltr'><strong>i</strong></span> <span class='ocrx_word' id='word_1_193' title='bbox 3647 1269 3759 1317; x_wconf 80' lang='lat' dir='ltr'><strong>tuta</strong></span> 
     </span>
    </p>
   </div>
   <div class='ocr_carea' id='block_1_28' title="bbox 2185 1346 3756 1417">
    <p class='ocr_par' dir='ltr' id='par_1_28' title="bbox 2185 1346 3756 1417">
     <span class='ocr_line' id='line_1_28' title="bbox 2185 1346 3756 1417; baseline 0.001 -13"><span class='ocrx_word' id='word_1_194' title='bbox 2185 1349 2253 1404; x_wconf 89' lang='lat' dir='ltr'><strong>de</strong></span> <span class='ocrx_word' id='word_1_195' title='bbox 2284 1349 2311 1388; x_wconf 67' lang='grc' dir='ltr'>ι</span> <span class='ocrx_word' id='word_1_196' title='bbox 2344 1349 2513 1402; x_wconf 90' lang='lat' dir='ltr'><strong>tantis</strong></span> <span class='ocrx_word' id='word_1_197' title='bbox 2546 1346 2565 1386; x_wconf 81' lang='grc' dir='ltr'><strong>ι</strong></span> <span class='ocrx_word' id='word_1_198' title='bbox 2597 1346 2727 1402; x_wconf 90' lang='lat' dir='ltr'><strong>foris</strong></span> <span class='ocrx_word' id='word_1_199' title='bbox 2756 1348 2905 1417; x_wconf 82' lang='lat' dir='ltr'><strong>vagis</strong></span> <span class='ocrx_word' id='word_1_200' title='bbox 2943 1363 3007 1401; x_wconf 90' lang='lat' dir='ltr'><strong>ac</strong></span> <span class='ocrx_word' id='word_1_201' title='bbox 3031 1348 3184 1403; x_wconf 87' lang='lat' dir='ltr'><strong>vanis</strong></span> <span class='ocrx_word' id='word_1_202' title='bbox 3207 1349 3519 1413; x_wconf 86' lang='lat' dir='ltr'><strong>attrahitur,</strong></span> <span class='ocrx_word' id='word_1_203' title='bbox 3551 1356 3756 1405; x_wconf 89' lang='lat' dir='ltr'><strong>tantum</strong></span> 
     </span>
    </p>
   </div>
   <div class='ocr_carea' id='block_1_29' title="bbox 2187 1437 3755 1510">
    <p class='ocr_par' dir='ltr' id='par_1_29' title="bbox 2187 1437 3755 1510">
     <span class='ocr_line' id='line_1_29' title="bbox 2187 1437 3755 1510; baseline 0.001 -16"><span class='ocrx_word' id='word_1_204' title='bbox 2187 1440 2329 1495; x_wconf 90' lang='lat' dir='ltr'><strong>intus</strong></span> <span class='ocrx_word' id='word_1_205' title='bbox 2358 1440 2651 1509; x_wconf 88' lang='lat' dir='ltr'><strong>requiescit</strong></span> <span class='ocrx_word' id='word_1_206' title='bbox 2674 1455 2736 1494; x_wconf 91' lang='lat' dir='ltr'><strong>ac</strong></span> <span class='ocrx_word' id='word_1_207' title='bbox 2763 1437 3134 1510; x_wconf 85' lang='lat' dir='ltr'><strong>refrigeratur.</strong></span> <span class='ocrx_word' id='word_1_208' title='bbox 3176 1438 3255 1495; x_wconf 85' lang='lat' dir='ltr'><strong>Ita</strong></span> <span class='ocrx_word' id='word_1_209' title='bbox 3289 1448 3349 1495; x_wconf 91' lang='lat' dir='ltr'><strong>ut</strong></span> <span class='ocrx_word' id='word_1_210' title='bbox 3369 1440 3535 1494; x_wconf 90' lang='lat' dir='ltr'><strong>etiam</strong></span> <span class='ocrx_word' id='word_1_211' title='bbox 3574 1456 3755 1495; x_wconf 85' lang='lat' dir='ltr'><strong>amara</strong></span> 
     </span>
    </p>
   </div>
   <div class='ocr_carea' id='block_1_30' title="bbox 2185 1529 3756 1600">
    <p class='ocr_par' dir='ltr' id='par_1_30' title="bbox 2185 1529 3756 1600">
     <span class='ocr_line' id='line_1_30' title="bbox 2185 1529 3756 1600; baseline -0.001 -15"><span class='ocrx_word' id='word_1_212' title='bbox 2185 1530 2261 1585; x_wconf 87' lang='lat' dir='ltr'><strong>illi</strong></span> <span class='ocrx_word' id='word_1_213' title='bbox 2293 1530 2401 1585; x_wconf 90' lang='lat' dir='ltr'><strong>sint</strong></span> <span class='ocrx_word' id='word_1_214' title='bbox 2431 1529 2604 1585; x_wconf 87' lang='lat' dir='ltr'><strong>dulcia</strong></span> <span class='ocrx_word' id='word_1_215' title='bbox 2624 1570 2639 1595; x_wconf 93' lang='lat'><strong>,</strong></span> <span class='ocrx_word' id='word_1_216' title='bbox 2669 1544 2734 1585; x_wconf 90' lang='lat' dir='ltr'><strong>ac</strong></span> <span class='ocrx_word' id='word_1_217' title='bbox 2762 1530 2895 1584; x_wconf 88' lang='lat' dir='ltr'><strong>dura</strong></span> <span class='ocrx_word' id='word_1_218' title='bbox 2940 1536 2995 1582; x_wconf 93' lang='lat' dir='ltr'><strong>et</strong></span> <span class='ocrx_word' id='word_1_219' title='bbox 3032 1529 3197 1584; x_wconf 87' lang='lat' dir='ltr'><strong>ardua</strong></span> <span class='ocrx_word' id='word_1_220' title='bbox 3227 1541 3353 1584; x_wconf 89' lang='lat' dir='ltr'><strong>ante</strong></span> <span class='ocrx_word' id='word_1_221' title='bbox 3390 1529 3576 1585; x_wconf 85' lang='lat' dir='ltr'><strong>habita</strong></span> <span class='ocrx_word' id='word_1_222' title='bbox 3603 1529 3756 1600; x_wconf 77' lang='lat' dir='ltr'><strong>plana</strong></span> 
     </span>
    </p>
   </div>
   <div class='ocr_carea' id='block_1_31' title="bbox 2126 1618 3757 1690">
    <p class='ocr_par' dir='ltr' id='par_1_31' title="bbox 2126 1618 3757 1690">
     <span class='ocr_line' id='line_1_31' title="bbox 2126 1618 3757 1690; baseline 0 -15"><span class='ocrx_word' id='word_1_223' title='bbox 2126 1661 2131 1669; x_wconf 86' lang='lat'><strong>.</strong></span> <span class='ocrx_word' id='word_1_224' title='bbox 2186 1634 2251 1676; x_wconf 89' lang='lat' dir='ltr'><strong>ac</strong></span> <span class='ocrx_word' id='word_1_225' title='bbox 2277 1620 2473 1676; x_wconf 84' lang='lat' dir='ltr'><strong>facilia.</strong></span> <span class='ocrx_word' id='word_1_226' title='bbox 2502 1619 2843 1675; x_wconf 79' lang='lat' dir='ltr'><strong>Mortificatio</strong></span> <span class='ocrx_word' id='word_1_227' title='bbox 2866 1634 3077 1689; x_wconf 86' lang='lat' dir='ltr'><strong>quoque</strong></span> <span class='ocrx_word' id='word_1_228' title='bbox 3099 1618 3343 1690; x_wconf 90' lang='lat' dir='ltr'><strong>superbis</strong></span> <span class='ocrx_word' id='word_1_229' title='bbox 3367 1635 3430 1675; x_wconf 87' lang='lat' dir='ltr'><strong>ac</strong></span> <span class='ocrx_word' id='word_1_230' title='bbox 3454 1620 3606 1675; x_wconf 91' lang='lat' dir='ltr'><strong>duris</strong></span> <span class='ocrx_word' id='word_1_231' title='bbox 3630 1621 3757 1675; x_wconf 61' lang='lat' dir='ltr'><strong>inter</strong></span> 
     </span>
    </p>
   </div>
   <div class='ocr_carea' id='block_1_32' title="bbox 2186 1709 3755 1780">
    <p class='ocr_par' dir='ltr' id='par_1_32' title="bbox 2186 1709 3755 1780">
     <span class='ocr_line' id='line_1_32' title="bbox 2186 1709 3755 1780; baseline 0 -16"><span class='ocrx_word' id='word_1_232' title='bbox 2186 1710 2421 1765; x_wconf 91' lang='lat' dir='ltr'><strong>lerabilis</strong></span> <span class='ocrx_word' id='word_1_233' title='bbox 2446 1710 2524 1766; x_wconf 90' lang='lat' dir='ltr'><strong>illi</strong></span> <span class='ocrx_word' id='word_1_234' title='bbox 2544 1718 2627 1767; x_wconf 89' lang='lat' dir='ltr'><strong>est</strong></span> <span class='ocrx_word' id='word_1_235' title='bbox 2647 1709 2961 1774; x_wconf 88' lang='lat' dir='ltr'><strong>consolatio,</strong></span> <span class='ocrx_word' id='word_1_236' title='bbox 2989 1710 3075 1763; x_wconf 89' lang='lat' dir='ltr'><strong>cui</strong></span> <span class='ocrx_word' id='word_1_237' title='bbox 3102 1710 3204 1764; x_wconf 92' lang='lat' dir='ltr'><strong>hoc</strong></span> <span class='ocrx_word' id='word_1_238' title='bbox 3228 1709 3399 1764; x_wconf 90' lang='lat' dir='ltr'><strong>solum</strong></span> <span class='ocrx_word' id='word_1_239' title='bbox 3421 1710 3600 1779; x_wconf 83' lang='lat' dir='ltr'><strong>placet</strong></span> <span class='ocrx_word' id='word_1_240' title='bbox 3620 1711 3755 1780; x_wconf 86' lang='lat' dir='ltr'><strong>quod</strong></span> 
     </span>
    </p>
   </div>
   <div class='ocr_carea' id='block_1_33' title="bbox 516 1798 3755 1879">
    <p class='ocr_par' dir='ltr' id='par_1_33' title="bbox 516 1798 3755 1879">
     <span class='ocr_line' id='line_1_33' title="bbox 516 1798 3755 1879; baseline -0.002 -15"><span class='ocrx_word' id='word_1_241' title='bbox 516 1809 743 1879; x_wconf 89' lang='lat' dir='ltr'><strong>implere</strong></span> <span class='ocrx_word' id='word_1_242' title='bbox 785 1806 1107 1877; x_wconf 81' lang='lat' dir='ltr'><strong>possumus?</strong></span> <span class='ocrx_word' id='word_1_243' title='bbox 1128 1835 1198 1846; x_wconf 89' lang='lat'><strong>-—</strong></span> <span class='ocrx_word' id='word_1_244' title='bbox 1224 1803 1381 1874; x_wconf 86' lang='lat' dir='ltr'><strong>Resp.</strong></span> <span class='ocrx_word' id='word_1_245' title='bbox 1430 1803 1717 1859; x_wconf 83' lang='lat' dir='ltr'><strong>llumilitas</strong></span> <span class='ocrx_word' id='word_1_246' title='bbox 1760 1805 1975 1873; x_wconf 87' lang='lat' dir='ltr'><strong>quidem</strong></span> <span class='ocrx_word' id='word_1_247' title='bbox 2005 1811 2087 1857; x_wconf 90' lang='lat' dir='ltr'><strong>est</strong></span> <span class='ocrx_word' id='word_1_248' title='bbox 2116 1814 2161 1872; x_wconf 82' lang='grc' dir='ltr'><strong>Β</strong></span> <span class='ocrx_word' id='word_1_249' title='bbox 2189 1801 2389 1864; x_wconf 83' lang='lat' dir='ltr'><strong>humile</strong></span> <span class='ocrx_word' id='word_1_250' title='bbox 2417 1808 2472 1855; x_wconf 91' lang='lat' dir='ltr'><strong>et</strong></span> <span class='ocrx_word' id='word_1_251' title='bbox 2499 1808 2837 1859; x_wconf 88' lang='lat' dir='ltr'><strong>mansuetum</strong></span> <span class='ocrx_word' id='word_1_252' title='bbox 2867 1809 2970 1855; x_wconf 89' lang='lat' dir='ltr'><strong>est.</strong></span> <span class='ocrx_word' id='word_1_253' title='bbox 3001 1798 3288 1857; x_wconf 86' lang='lat' dir='ltr'><strong>Sciendum</strong></span> <span class='ocrx_word' id='word_1_254' title='bbox 3309 1809 3488 1856; x_wconf 85' lang='lat' dir='ltr'><strong>autem</strong></span> <span class='ocrx_word' id='word_1_255' title='bbox 3516 1810 3603 1856; x_wconf 90' lang='lat' dir='ltr'><strong>est</strong></span> <span class='ocrx_word' id='word_1_256' title='bbox 3618 1801 3755 1871; x_wconf 86' lang='lat' dir='ltr'><strong>quod</strong></span> 
     </span>
    </p>
   </div>
   <div class='ocr_carea' id='block_1_34' title="bbox 516 1893 2086 1961">
    <p class='ocr_par' dir='ltr' id='par_1_34' title="bbox 516 1893 2086 1961">
     <span class='ocr_line' id='line_1_34' title="bbox 516 1893 2086 1961; baseline -0.004 -9"><span class='ocrx_word' id='word_1_257' title='bbox 516 1897 632 1954; x_wconf 72' lang='lat' dir='ltr'><strong>haec</strong></span> <span class='ocrx_word' id='word_1_258' title='bbox 661 1896 681 1936; x_wconf 68' lang='grc' dir='ltr'><strong><em>ἲ</em></strong></span> <span class='ocrx_word' id='word_1_259' title='bbox 710 1903 771 1952; x_wconf 81' lang='grc' dir='ltr'><strong>ιιι</strong></span> <span class='ocrx_word' id='word_1_260' title='bbox 803 1910 990 1951; x_wconf 90' lang='lat' dir='ltr'><strong>omnes</strong></span> <span class='ocrx_word' id='word_1_261' title='bbox 1019 1894 1263 1949; x_wconf 85' lang='lat' dir='ltr'><strong>homines</strong></span> <span class='ocrx_word' id='word_1_262' title='bbox 1292 1893 1623 1948; x_wconf 64' lang='lat' dir='ltr'><strong>aestimemus</strong></span> <span class='ocrx_word' id='word_1_263' title='bbox 1658 1894 1961 1961; x_wconf 88' lang='lat' dir='ltr'><strong>superiores</strong></span> <span class='ocrx_word' id='word_1_264' title='bbox 1990 1908 2086 1947; x_wconf 83' lang='lat' dir='ltr'><strong>no-</strong></span> 
     </span>
    </p>
   </div>
   <div class='ocr_carea' id='block_1_35' title="bbox 514 1983 2086 2056">
    <p class='ocr_par' dir='ltr' id='par_1_35' title="bbox 514 1983 2086 2056">
     <span class='ocr_line' id='line_1_35' title="bbox 514 1983 2086 2056; baseline -0.003 -13"><span class='ocrx_word' id='word_1_265' title='bbox 514 1988 620 2054; x_wconf 91' lang='lat' dir='ltr'><strong>bis,</strong></span> <span class='ocrx_word' id='word_1_266' title='bbox 643 1988 937 2044; x_wconf 89' lang='lat' dir='ltr'><strong>secundum</strong></span> <span class='ocrx_word' id='word_1_267' title='bbox 964 1984 1331 2041; x_wconf 85' lang='lat' dir='ltr'><strong>deﬁnitionem</strong></span> <span class='ocrx_word' id='word_1_268' title='bbox 1366 1983 1609 2053; x_wconf 86' lang='lat' dir='ltr'><strong>Apostoli</strong></span> <span class='ocrx_word' id='word_1_269' title='bbox 1646 1984 1809 2056; x_wconf 87' lang='lat' dir='ltr'><strong>(Phil.</strong></span> <span class='ocrx_word' id='word_1_270' title='bbox 1850 1984 1933 2054; x_wconf 89' lang='grc' dir='ltr'><strong>ιι).</strong></span> <span class='ocrx_word' id='word_1_271' title='bbox 1978 1984 2086 2038; x_wconf 88' lang='lat' dir='ltr'><strong>lm-</strong></span> 
     </span>
    </p>
   </div>
   <div class='ocr_carea' id='block_1_36' title="bbox 515 2073 2088 2148">
    <p class='ocr_par' dir='ltr' id='par_1_36' title="bbox 515 2073 2088 2148">
     <span class='ocr_line' id='line_1_36' title="bbox 515 2073 2088 2148; baseline -0.001 -16"><span class='ocrx_word' id='word_1_272' title='bbox 515 2078 664 2148; x_wconf 90' lang='lat' dir='ltr'><strong>plere</strong></span> <span class='ocrx_word' id='word_1_273' title='bbox 706 2083 885 2131; x_wconf 91' lang='lat' dir='ltr'><strong>autem</strong></span> <span class='ocrx_word' id='word_1_274' title='bbox 934 2075 990 2131; x_wconf 92' lang='lat' dir='ltr'><strong>id</strong></span> <span class='ocrx_word' id='word_1_275' title='bbox 1038 2089 1324 2145; x_wconf 89' lang='lat' dir='ltr'><strong>possumus</strong></span> <span class='ocrx_word' id='word_1_276' title='bbox 1348 2113 1364 2139; x_wconf 93' lang='lat'><strong>,</strong></span> <span class='ocrx_word' id='word_1_277' title='bbox 1414 2075 1459 2129; x_wconf 92' lang='lat' dir='ltr'><strong>si</strong></span> <span class='ocrx_word' id='word_1_278' title='bbox 1510 2089 1779 2129; x_wconf 85' lang='lat' dir='ltr'><strong>memores</strong></span> <span class='ocrx_word' id='word_1_279' title='bbox 1826 2073 2088 2130; x_wconf 78' lang='lat' dir='ltr'><strong>fuerimus</strong></span> 
     </span>
    </p>
   </div>
   <div class='ocr_carea' id='block_1_37' title="bbox 520 2165 2086 2237">
    <p class='ocr_par' dir='ltr' id='par_1_37' title="bbox 520 2165 2086 2237">
     <span class='ocr_line' id='line_1_37' title="bbox 520 2165 2086 2237; baseline 0.001 -15"><span class='ocrx_word' id='word_1_280' title='bbox 520 2167 731 2222; x_wconf 89' lang='lat' dir='ltr'><strong>Domini</strong></span> <span class='ocrx_word' id='word_1_281' title='bbox 760 2166 988 2222; x_wconf 90' lang='lat' dir='ltr'><strong>dicentis</strong></span> <span class='ocrx_word' id='word_1_282' title='bbox 1013 2183 1026 2219; x_wconf 92' lang='lat'><strong>:</strong></span> <span class='ocrx_word' id='word_1_283' title='bbox 1063 2165 1261 2221; x_wconf 78' lang='lat' dir='ltr'><strong>Discite</strong></span> <span class='ocrx_word' id='word_1_284' title='bbox 1280 2182 1313 2220; x_wconf 83' lang='grc' dir='ltr'><em>α</em></span> <span class='ocrx_word' id='word_1_285' title='bbox 1335 2182 1415 2221; x_wconf 86' lang='lat' dir='ltr'><strong>me</strong></span> <span class='ocrx_word' id='word_1_286' title='bbox 1441 2168 1563 2237; x_wconf 87' lang='lat' dir='ltr'><strong>quia</strong></span> <span class='ocrx_word' id='word_1_287' title='bbox 1594 2169 1622 2213; x_wconf 67' lang='grc' dir='ltr'><strong><em>Β</em></strong></span> <span class='ocrx_word' id='word_1_288' title='bbox 1647 2176 1945 2226; x_wconf 79' lang='lat' dir='ltr'><strong>mansuetus</strong></span> <span class='ocrx_word' id='word_1_289' title='bbox 1970 2185 2086 2223; x_wconf 85' lang='lat' dir='ltr'><strong>sum</strong></span> 
     </span>
    </p>
   </div>
   <div class='ocr_carea' id='block_1_38' title="bbox 516 2253 2088 2328">
    <p class='ocr_par' dir='ltr' id='par_1_38' title="bbox 516 2253 2088 2328">
     <span class='ocr_line' id='line_1_38' title="bbox 516 2253 2088 2328; baseline 0.002 -18"><span class='ocrx_word' id='word_1_290' title='bbox 516 2266 564 2311; x_wconf 87' lang='lat' dir='ltr'><strong>et</strong></span> <span class='ocrx_word' id='word_1_291' title='bbox 592 2254 805 2309; x_wconf 79' lang='lat' dir='ltr'><strong>humilis</strong></span> <span class='ocrx_word' id='word_1_292' title='bbox 849 2255 1005 2309; x_wconf 84' lang='lat' dir='ltr'><strong>corde</strong></span> <span class='ocrx_word' id='word_1_293' title='bbox 1039 2253 1255 2327; x_wconf 81' lang='lat' dir='ltr'><strong>(Matth.</strong></span> <span class='ocrx_word' id='word_1_294' title='bbox 1299 2254 1397 2327; x_wconf 64' lang='grc' dir='ltr'><strong>ει).</strong></span> <span class='ocrx_word' id='word_1_295' title='bbox 1428 2256 1456 2295; x_wconf 74' lang='lat' dir='ltr'><strong>h</strong></span> <span class='ocrx_word' id='word_1_296' title='bbox 1491 2254 1645 2322; x_wconf 88' lang='lat' dir='ltr'><strong>Quod</strong></span> <span class='ocrx_word' id='word_1_297' title='bbox 1672 2255 1774 2328; x_wconf 92' lang='lat' dir='ltr'><strong>[se]</strong></span> <span class='ocrx_word' id='word_1_298' title='bbox 1812 2257 1867 2317; x_wconf 92' lang='lat' dir='ltr'><strong>in</strong></span> <span class='ocrx_word' id='word_1_299' title='bbox 1904 2257 2088 2313; x_wconf 88' lang='lat' dir='ltr'><strong>multis</strong></span> 
     </span>
    </p>
   </div>
   <div class='ocr_carea' id='block_1_39' title="bbox 517 2344 2089 2415">
    <p class='ocr_par' dir='ltr' id='par_1_39' title="bbox 517 2344 2089 2415">
     <span class='ocr_line' id='line_1_39' title="bbox 517 2344 2089 2415; baseline -0.001 -13"><span class='ocrx_word' id='word_1_300' title='bbox 517 2361 658 2415; x_wconf 69' lang='lat' dir='ltr'><strong>smpe</strong></span> <span class='ocrx_word' id='word_1_301' title='bbox 686 2345 920 2401; x_wconf 86' lang='lat' dir='ltr'><strong>ostendit</strong></span> <span class='ocrx_word' id='word_1_302' title='bbox 944 2352 1001 2400; x_wconf 91' lang='lat' dir='ltr'><strong>et</strong></span> <span class='ocrx_word' id='word_1_303' title='bbox 1027 2344 1228 2409; x_wconf 87' lang='lat' dir='ltr'><strong>docuit,</strong></span> <span class='ocrx_word' id='word_1_304' title='bbox 1265 2351 1321 2399; x_wconf 93' lang='lat' dir='ltr'><strong>et</strong></span> <span class='ocrx_word' id='word_1_305' title='bbox 1357 2345 1579 2400; x_wconf 87' lang='lat' dir='ltr'><strong>credere</strong></span> <span class='ocrx_word' id='word_1_306' title='bbox 1605 2344 1655 2399; x_wconf 90' lang='lat' dir='ltr'><strong>ei</strong></span> <span class='ocrx_word' id='word_1_307' title='bbox 1683 2345 1940 2401; x_wconf 89' lang='lat' dir='ltr'><strong>debemus</strong></span> <span class='ocrx_word' id='word_1_308' title='bbox 1962 2361 2089 2415; x_wconf 86' lang='lat' dir='ltr'><strong>pro-</strong></span> 
     </span>
    </p>
   </div>
   <div class='ocr_carea' id='block_1_40' title="bbox 519 2433 2085 2506">
    <p class='ocr_par' dir='ltr' id='par_1_40' title="bbox 519 2433 2085 2506">
     <span class='ocr_line' id='line_1_40' title="bbox 519 2433 2085 2506; baseline 0.001 -17"><span class='ocrx_word' id='word_1_309' title='bbox 519 2435 774 2490; x_wconf 90' lang='lat' dir='ltr'><strong>mittenti.</strong></span> <span class='ocrx_word' id='word_1_310' title='bbox 803 2433 936 2501; x_wconf 84' lang='lat' dir='ltr'><strong>Quia</strong></span> <span class='ocrx_word' id='word_1_311' title='bbox 975 2434 1063 2506; x_wconf 85' lang='lat' dir='ltr'><strong>qui</strong></span> <span class='ocrx_word' id='word_1_312' title='bbox 1105 2451 1159 2488; x_wconf 90' lang='lat' dir='ltr'><strong>se</strong></span> <span class='ocrx_word' id='word_1_313' title='bbox 1184 2433 1554 2499; x_wconf 84' lang='lat' dir='ltr'><strong>humiliaverit,</strong></span> <span class='ocrx_word' id='word_1_314' title='bbox 1582 2435 1898 2489; x_wconf 74' lang='lat' dir='ltr'><strong>excitabitur</strong></span> <span class='ocrx_word' id='word_1_315' title='bbox 1925 2437 2085 2506; x_wconf 89' lang='lat' dir='ltr'><strong>(Luc.</strong></span> 
     </span>
    </p>
   </div>
   <div class='ocr_carea' id='block_1_41' title="bbox 518 2522 2089 2595">
    <p class='ocr_par' dir='ltr' id='par_1_41' title="bbox 518 2522 2089 2595">
     <span class='ocr_line' id='line_1_41' title="bbox 518 2522 2089 2595; baseline 0.001 -17"><span class='ocrx_word' id='word_1_316' title='bbox 518 2522 663 2595; x_wconf 77' lang='lat' dir='ltr'><strong>xw).</strong></span> <span class='ocrx_word' id='word_1_317' title='bbox 692 2524 893 2580; x_wconf 87' lang='lat' dir='ltr'><strong>Deinde</strong></span> <span class='ocrx_word' id='word_1_318' title='bbox 922 2531 982 2578; x_wconf 92' lang='lat' dir='ltr'><strong>ut</strong></span> <span class='ocrx_word' id='word_1_319' title='bbox 1024 2523 1390 2578; x_wconf 87' lang='lat' dir='ltr'><strong>indesinenter</strong></span> <span class='ocrx_word' id='word_1_320' title='bbox 1419 2533 1473 2579; x_wconf 92' lang='lat' dir='ltr'><strong>et</strong></span> <span class='ocrx_word' id='word_1_321' title='bbox 1508 2524 1711 2594; x_wconf 87' lang='lat' dir='ltr'><strong>absque</strong></span> <span class='ocrx_word' id='word_1_322' title='bbox 1754 2524 1863 2580; x_wconf 92' lang='lat' dir='ltr'><strong>ulla</strong></span> <span class='ocrx_word' id='word_1_323' title='bbox 1909 2541 2089 2581; x_wconf 87' lang='lat' dir='ltr'><strong>cessa-</strong></span> 
     </span>
    </p>
   </div>
   <div class='ocr_carea' id='block_1_42' title="bbox 517 2612 2089 2687">
    <p class='ocr_par' dir='ltr' id='par_1_42' title="bbox 517 2612 2089 2687">
     <span class='ocr_line' id='line_1_42' title="bbox 517 2612 2089 2687; baseline 0.001 -19"><span class='ocrx_word' id='word_1_324' title='bbox 517 2615 663 2669; x_wconf 90' lang='lat' dir='ltr'><strong>tione</strong></span> <span class='ocrx_word' id='word_1_325' title='bbox 693 2614 745 2667; x_wconf 91' lang='lat' dir='ltr'><strong>in</strong></span> <span class='ocrx_word' id='word_1_326' title='bbox 774 2612 1022 2668; x_wconf 90' lang='lat' dir='ltr'><strong>omnibus</strong></span> <span class='ocrx_word' id='word_1_327' title='bbox 1061 2613 1271 2668; x_wconf 90' lang='lat' dir='ltr'><strong>actibus</strong></span> <span class='ocrx_word' id='word_1_328' title='bbox 1304 2620 1360 2668; x_wconf 86' lang='lat' dir='ltr'><strong>et</strong></span> <span class='ocrx_word' id='word_1_329' title='bbox 1390 2614 1445 2668; x_wconf 91' lang='lat' dir='ltr'><strong>in</strong></span> <span class='ocrx_word' id='word_1_330' title='bbox 1487 2613 1635 2671; x_wconf 89' lang='lat' dir='ltr'><strong>omni</strong></span> <span class='ocrx_word' id='word_1_331' title='bbox 1667 2614 1883 2687; x_wconf 88' lang='lat' dir='ltr'><strong>negotio</strong></span> <span class='ocrx_word' id='word_1_332' title='bbox 1912 2616 2089 2671; x_wconf 88' lang='lat' dir='ltr'><strong>humi-</strong></span> 
     </span>
    </p>
   </div>
   <div class='ocr_carea' id='block_1_43' title="bbox 515 2703 2090 2785">
    <p class='ocr_par' dir='ltr' id='par_1_43' title="bbox 515 2703 2090 2785">
     <span class='ocr_line' id='line_1_43' title="bbox 515 2703 2090 2785; baseline -0.002 -21"><span class='ocrx_word' id='word_1_333' title='bbox 515 2704 679 2765; x_wconf 85' lang='lat' dir='ltr'><strong>liores</strong></span> <span class='ocrx_word' id='word_1_334' title='bbox 702 2704 913 2761; x_wconf 71' lang='lat' dir='ltr'><strong>cteteris</strong></span> <span class='ocrx_word' id='word_1_335' title='bbox 941 2703 1169 2759; x_wconf 86' lang='lat' dir='ltr'><strong>inveniri</strong></span> <span class='ocrx_word' id='word_1_336' title='bbox 1212 2704 1553 2769; x_wconf 77' lang='lat' dir='ltr'><strong>Studeamus,</strong></span> <span class='ocrx_word' id='word_1_337' title='bbox 1579 2713 1635 2785; x_wconf 83' lang='lat' dir='ltr'><strong>et</strong></span> <span class='ocrx_word' id='word_1_338' title='bbox 1659 2705 1715 2761; x_wconf 88' lang='lat' dir='ltr'><strong>in</strong></span> <span class='ocrx_word' id='word_1_339' title='bbox 1743 2706 1847 2762; x_wconf 89' lang='lat' dir='ltr'><strong>hoc</strong></span> <span class='ocrx_word' id='word_1_340' title='bbox 1880 2707 2090 2762; x_wconf 83' lang='lat' dir='ltr'><strong>exerci—</strong></span> 
     </span>
    </p>
   </div>
   <div class='ocr_carea' id='block_1_44' title="bbox 518 2834 2090 2906">
    <p class='ocr_par' dir='ltr' id='par_1_44' title="bbox 518 2834 2090 2906">
     <span class='ocr_line' id='line_1_44' title="bbox 518 2834 2090 2906; baseline -0.001 -12"><span class='ocrx_word' id='word_1_341' title='bbox 518 2836 673 2894; x_wconf 88' lang='lat' dir='ltr'><strong>Iactis</strong></span> <span class='ocrx_word' id='word_1_342' title='bbox 698 2835 975 2906; x_wconf 84' lang='lat' dir='ltr'><strong>dulcedine</strong></span> <span class='ocrx_word' id='word_1_343' title='bbox 995 2834 1256 2903; x_wconf 87' lang='lat' dir='ltr'><strong>privatur,</strong></span> <span class='ocrx_word' id='word_1_344' title='bbox 1283 2834 1358 2906; x_wconf 85' lang='lat' dir='ltr'><strong>sic</strong></span> <span class='ocrx_word' id='word_1_345' title='bbox 1377 2835 1537 2890; x_wconf 92' lang='lat' dir='ltr'><strong>homo</strong></span> <span class='ocrx_word' id='word_1_346' title='bbox 1559 2835 1821 2906; x_wconf 89' lang='lat' dir='ltr'><strong>superbus</strong></span> <span class='ocrx_word' id='word_1_347' title='bbox 1842 2853 1872 2891; x_wconf 88' lang='lat' dir='ltr'><strong>a</strong></span> <span class='ocrx_word' id='word_1_348' title='bbox 1896 2837 2090 2901; x_wconf 70' lang='lat' dir='ltr'><strong>divina:</strong></span> 
     </span>
    </p>
   </div>
   <div class='ocr_carea' id='block_1_45' title="bbox 516 2903 1889 2977">
    <p class='ocr_par' dir='ltr' id='par_1_45' title="bbox 516 2903 1889 2977">
     <span class='ocr_line' id='line_1_45' title="bbox 516 2903 1889 2977; baseline 0.001 -18"><span class='ocrx_word' id='word_1_349' title='bbox 516 2907 704 2977; x_wconf 67' lang='lat' dir='ltr'><strong>gratiae</strong></span> <span class='ocrx_word' id='word_1_350' title='bbox 727 2903 1062 2977; x_wconf 66' lang='lat' dir='ltr'><strong>iucunditate</strong></span> <span class='ocrx_word' id='word_1_351' title='bbox 1090 2915 1143 2977; x_wconf 76' lang='lat' dir='ltr'><strong>et</strong></span> <span class='ocrx_word' id='word_1_352' title='bbox 1173 2904 1537 2977; x_wconf 76' lang='lat' dir='ltr'><strong>consolatione</strong></span> <span class='ocrx_word' id='word_1_353' title='bbox 1564 2903 1889 2977; x_wconf 74' lang='lat' dir='ltr'><strong>removetur.</strong></span> 
     </span>
    </p>
   </div>
   <div class='ocr_carea' id='block_1_46' title="bbox 590 2972 2086 3045">
    <p class='ocr_par' dir='ltr' id='par_1_46' title="bbox 590 2972 2086 3045">
     <span class='ocr_line' id='line_1_46' title="bbox 590 2972 2086 3045; baseline 0.003 -18"><span class='ocrx_word' id='word_1_354' title='bbox 590 2988 615 3015; x_wconf 75' lang='grc' dir='ltr'>ι</span> <span class='ocrx_word' id='word_1_355' title='bbox 642 2972 952 3045; x_wconf 58' lang='lat' dir='ltr'><strong>Insomnia.</strong></span> <span class='ocrx_word' id='word_1_356' title='bbox 997 2972 1073 3026; x_wconf 89' lang='lat' dir='ltr'><strong>Ita</strong></span> <span class='ocrx_word' id='word_1_357' title='bbox 1116 2974 1173 3045; x_wconf 82' lang='lat' dir='ltr'><strong>i_n_</strong></span> <span class='ocrx_word' id='word_1_358' title='bbox 1210 2973 1411 3045; x_wconf 75' lang='lat' dir='ltr'><strong>Regula</strong></span> <span class='ocrx_word' id='word_1_359' title='bbox 1458 2990 1558 3029; x_wconf 91' lang='lat' dir='ltr'><strong>ms.</strong></span> <span class='ocrx_word' id='word_1_360' title='bbox 1608 2975 1847 3045; x_wconf 64' lang='lat' dir='ltr'><strong>Magistri</strong></span> <span class='ocrx_word' id='word_1_361' title='bbox 1885 2986 1940 3030; x_wconf 90' lang='lat' dir='ltr'><strong>et</strong></span> <span class='ocrx_word' id='word_1_362' title='bbox 1966 2977 2086 3040; x_wconf 71' lang='lat' dir='ltr'><strong>cod,</strong></span> 
     </span>
    </p>
   </div>
   <div class='ocr_carea' id='block_1_47' title="bbox 518 3042 2083 3114">
    <p class='ocr_par' dir='ltr' id='par_1_47' title="bbox 518 3042 2083 3114">
     <span class='ocr_line' id='line_1_47' title="bbox 518 3042 2083 3114; baseline 0.002 -16"><span class='ocrx_word' id='word_1_363' title='bbox 518 3058 649 3114; x_wconf 86' lang='lat' dir='ltr'><strong>mss.</strong></span> <span class='ocrx_word' id='word_1_364' title='bbox 687 3042 744 3097; x_wconf 91' lang='lat' dir='ltr'><strong>S.</strong></span> <span class='ocrx_word' id='word_1_365' title='bbox 773 3043 954 3098; x_wconf 88' lang='lat' dir='ltr'><strong>Germ.</strong></span> <span class='ocrx_word' id='word_1_366' title='bbox 980 3058 1033 3113; x_wconf 92' lang='lat' dir='ltr'><strong>p.</strong></span> <span class='ocrx_word' id='word_1_367' title='bbox 1056 3051 1110 3096; x_wconf 91' lang='lat' dir='ltr'><strong>et</strong></span> <span class='ocrx_word' id='word_1_368' title='bbox 1130 3042 1270 3098; x_wconf 78' lang='lat' dir='ltr'><strong>Vict.</strong></span> <span class='ocrx_word' id='word_1_369' title='bbox 1295 3042 1434 3109; x_wconf 82' lang='lat' dir='ltr'><strong>ina.;</strong></span> <span class='ocrx_word' id='word_1_370' title='bbox 1462 3054 1606 3105; x_wconf 86' lang='lat' dir='ltr'><strong>recte</strong></span> <span class='ocrx_word' id='word_1_371' title='bbox 1634 3042 1802 3114; x_wconf 77' lang='lat' dir='ltr'><strong>Vulgo</strong></span> <span class='ocrx_word' id='word_1_372' title='bbox 1822 3046 2083 3101; x_wconf 88' lang='lat' dir='ltr'><strong>habetur:</strong></span> 
     </span>
    </p>
   </div>
   <div class='ocr_carea' id='block_1_48' title="bbox 521 3113 817 3167">
    <p class='ocr_par' dir='ltr' id='par_1_48' title="bbox 521 3113 817 3167">
     <span class='ocr_line' id='line_1_48' title="bbox 521 3113 817 3167; baseline -0.01 0"><span class='ocrx_word' id='word_1_373' title='bbox 521 3113 587 3167; x_wconf 86' lang='lat' dir='ltr'><strong>In</strong></span> <span class='ocrx_word' id='word_1_374' title='bbox 617 3129 817 3167; x_wconf 77' lang='lat' dir='ltr'><strong>somno.</strong></span> 
     </span>
    </p>
   </div>
   <div class='ocr_carea' id='block_1_49' title="bbox 1502 3182 2087 3256">
    <p class='ocr_par' dir='ltr' id='par_1_49' title="bbox 1502 3182 2087 3256">
     <span class='ocr_line' id='line_1_49' title="bbox 1502 3182 2087 3256; baseline 0.012 -21"><span class='ocrx_word' id='word_1_375' title='bbox 1502 3182 1693 3256; x_wconf 78' lang='lat' dir='ltr'><strong>uadrat</strong></span> <span class='ocrx_word' id='word_1_376' title='bbox 1737 3185 1866 3239; x_wconf 89' lang='lat' dir='ltr'><strong>illud</strong></span> <span class='ocrx_word' id='word_1_377' title='bbox 1896 3183 1955 3239; x_wconf 90' lang='lat' dir='ltr'><strong>S.</strong></span> <span class='ocrx_word' id='word_1_378' title='bbox 1983 3184 2087 3256; x_wconf 84' lang='lat' dir='ltr'><strong>Cy-</strong></span> 
     </span>
    </p>
   </div>
   <div class='ocr_carea' id='block_1_50' title="bbox 1498 3253 2087 3312">
    <p class='ocr_par' dir='ltr' id='par_1_50' title="bbox 1498 3253 2087 3312">
     <span class='ocr_line' id='line_1_50' title="bbox 1498 3253 2087 3312; baseline 0.012 -7"><span class='ocrx_word' id='word_1_379' title='bbox 1498 3253 1757 3309; x_wconf 89' lang='lat' dir='ltr'><strong>umilitate</strong></span> <span class='ocrx_word' id='word_1_380' title='bbox 1786 3256 1852 3309; x_wconf 90' lang='lat' dir='ltr'><strong>ad</strong></span> <span class='ocrx_word' id='word_1_381' title='bbox 1879 3253 2087 3312; x_wconf 83' lang='lat' dir='ltr'><strong>summa</strong></span> 
     </span>
    </p>
   </div>
   <div class='ocr_carea' id='block_1_51' title="bbox 591 3179 1427 3236">
    <p class='ocr_par' dir='ltr' id='par_1_51' title="bbox 591 3179 1427 3236">
     <span class='ocr_line' id='line_1_51' title="bbox 591 3179 1427 3236; baseline 0.002 -3"><span class='ocrx_word' id='word_1_382' title='bbox 591 3182 618 3221; x_wconf 80' lang='lat' dir='ltr'><strong>b</strong></span> <span class='ocrx_word' id='word_1_383' title='bbox 652 3179 961 3235; x_wconf 82' lang='lat' dir='ltr'><strong>Humilitate</strong></span> <span class='ocrx_word' id='word_1_384' title='bbox 993 3180 1287 3235; x_wconf 84' lang='lat' dir='ltr'><strong>ascendere.</strong></span> <span class='ocrx_word' id='word_1_385' title='bbox 1331 3180 1427 3236; x_wconf 83' lang='lat' dir='ltr'><strong>His</strong></span> 
     </span>
    </p>
   </div>
   <div class='ocr_carea' id='block_1_52' title="bbox 520 3249 1416 3331">
    <p class='ocr_par' dir='ltr' id='par_1_52' title="bbox 520 3249 1416 3331">
     <span class='ocr_line' id='line_1_52' title="bbox 520 3249 1416 3331; baseline -0.001 -28"><span class='ocrx_word' id='word_1_386' title='bbox 520 3250 713 3331; x_wconf 78' lang='lat' dir='ltr'><strong>priani,</strong></span> <span class='ocrx_word' id='word_1_387' title='bbox 742 3250 836 3305; x_wconf 91' lang='lat' dir='ltr'><strong>lib.</strong></span> <span class='ocrx_word' id='word_1_388' title='bbox 862 3251 928 3304; x_wconf 88' lang='lat' dir='ltr'><strong>de</strong></span> <span class='ocrx_word' id='word_1_389' title='bbox 956 3249 1071 3304; x_wconf 85' lang='lat' dir='ltr'><strong>zelo</strong></span> <span class='ocrx_word' id='word_1_390' title='bbox 1092 3258 1145 3304; x_wconf 93' lang='lat' dir='ltr'><strong>et</strong></span> <span class='ocrx_word' id='word_1_391' title='bbox 1168 3252 1361 3305; x_wconf 85' lang='lat' dir='ltr'><strong>livore:</strong></span> <span class='ocrx_word' id='word_1_392' title='bbox 1398 3270 1416 3302; x_wconf 77' lang='grc' dir='ltr'><strong><em>ι</em></strong></span> 
     </span>
    </p>
   </div>
   <div class='ocr_carea' id='block_1_53' title="bbox 518 3335 896 3380">
    <p class='ocr_par' dir='ltr' id='par_1_53' title="bbox 518 3335 896 3380">
     <span class='ocr_line' id='line_1_53' title="bbox 518 3335 896 3380; baseline -0.003 -7"><span class='ocrx_word' id='word_1_393' title='bbox 518 3335 832 3380; x_wconf 73' lang='lat' dir='ltr'><strong>crescrmus.</strong></span> <span class='ocrx_word' id='word_1_394' title='bbox 878 3339 896 3372; x_wconf 75' lang='grc' dir='ltr'><strong><em>ι</em></strong></span> 
     </span>
    </p>
   </div>
   <div class='ocr_carea' id='block_1_54' title="bbox 594 3388 2094 3466">
    <p class='ocr_par' dir='ltr' id='par_1_54' title="bbox 594 3388 2094 3466">
     <span class='ocr_line' id='line_1_54' title="bbox 594 3388 2094 3466; baseline 0.006 -24"><span class='ocrx_word' id='word_1_395' title='bbox 594 3401 615 3429; x_wconf 77' lang='grc' dir='ltr'><strong>ο</strong></span> <span class='ocrx_word' id='word_1_396' title='bbox 645 3388 845 3466; x_wconf 37' lang='lat' dir='ltr'><strong>lii-qua</strong></span> <span class='ocrx_word' id='word_1_397' title='bbox 883 3388 1069 3466; x_wconf 75' lang='lat' dir='ltr'><strong>latera.</strong></span> <span class='ocrx_word' id='word_1_398' title='bbox 1117 3388 1284 3466; x_wconf 67' lang='lat' dir='ltr'><strong>ltain</strong></span> <span class='ocrx_word' id='word_1_399' title='bbox 1327 3389 1527 3466; x_wconf 80' lang='lat' dir='ltr'><strong>Regula</strong></span> <span class='ocrx_word' id='word_1_400' title='bbox 1572 3408 1673 3466; x_wconf 83' lang='lat' dir='ltr'><strong>ms.</strong></span> <span class='ocrx_word' id='word_1_401' title='bbox 1727 3393 1999 3466; x_wconf 75' lang='lat' dir='ltr'><strong>Magistri,</strong></span> <span class='ocrx_word' id='word_1_402' title='bbox 2038 3404 2094 3452; x_wconf 85' lang='lat' dir='ltr'><strong>et</strong></span> 
     </span>
    </p>
   </div>
   <div class='ocr_carea' id='block_1_55' title="bbox 520 3458 2092 3535">
    <p class='ocr_par' dir='ltr' id='par_1_55' title="bbox 520 3458 2092 3535">
     <span class='ocr_line' id='line_1_55' title="bbox 520 3458 2092 3535; baseline 0.004 -23"><span class='ocrx_word' id='word_1_403' title='bbox 520 3460 659 3535; x_wconf 70' lang='lat' dir='ltr'><strong>apud</strong></span> <span class='ocrx_word' id='word_1_404' title='bbox 700 3458 983 3535; x_wconf 76' lang='lat' dir='ltr'><strong>Keronem.</strong></span> <span class='ocrx_word' id='word_1_405' title='bbox 1014 3458 1101 3535; x_wconf 84' lang='lat' dir='ltr'><strong>_in_</strong></span> <span class='ocrx_word' id='word_1_406' title='bbox 1128 3460 1269 3535; x_wconf 70' lang='lat' dir='ltr'><strong>aliis</strong></span> <span class='ocrx_word' id='word_1_407' title='bbox 1291 3458 1427 3535; x_wconf 38' lang='lat' dir='ltr'><strong>cod;</strong></span> <span class='ocrx_word' id='word_1_408' title='bbox 1457 3458 1841 3535; x_wconf 58' lang='lat' dir='ltr'><strong>n_ostris_mss.&#39;</strong></span> <span class='ocrx_word' id='word_1_409' title='bbox 1859 3474 1918 3535; x_wconf 85' lang='lat' dir='ltr'><strong>et</strong></span> <span class='ocrx_word' id='word_1_410' title='bbox 1950 3458 2092 3535; x_wconf 83' lang='lat' dir='ltr'><strong>apud</strong></span> 
     </span>
    </p>
   </div>
   <div class='ocr_carea' id='block_1_56' title="bbox 520 3529 2088 3602">
    <p class='ocr_par' dir='ltr' id='par_1_56' title="bbox 520 3529 2088 3602">
     <span class='ocr_line' id='line_1_56' title="bbox 520 3529 2088 3602; baseline 0.003 -20"><span class='ocrx_word' id='word_1_411' title='bbox 520 3530 871 3602; x_wconf 83' lang='lat' dir='ltr'><strong>Smaragdum</strong></span> <span class='ocrx_word' id='word_1_412' title='bbox 915 3536 973 3602; x_wconf 76' lang='lat' dir='ltr'><strong>et</strong></span> <span class='ocrx_word' id='word_1_413' title='bbox 1004 3529 1364 3602; x_wconf 15' lang='lat' dir='ltr'><strong>l&#39;l‘rithemium</strong></span> <span class='ocrx_word' id='word_1_414' title='bbox 1403 3530 1627 3599; x_wconf 81' lang='lat' dir='ltr'><strong>legitur:</strong></span> <span class='ocrx_word' id='word_1_415' title='bbox 1653 3531 1718 3585; x_wconf 88' lang='lat' dir='ltr'><strong>In</strong></span> <span class='ocrx_word' id='word_1_416' title='bbox 1745 3548 1860 3602; x_wconf 68' lang='lat' dir='ltr'><strong>qua</strong></span> <span class='ocrx_word' id='word_1_417' title='bbox 1900 3529 2088 3599; x_wconf 74' lang='lat' dir='ltr'><strong>latera,</strong></span> 
     </span>
    </p>
   </div>
   <div class='ocr_carea' id='block_1_57' title="bbox 520 3598 2092 3674">
    <p class='ocr_par' dir='ltr' id='par_1_57' title="bbox 520 3598 2092 3674">
     <span class='ocr_line' id='line_1_57' title="bbox 520 3598 2092 3674; baseline 0.005 -23"><span class='ocrx_word' id='word_1_418' title='bbox 520 3600 661 3668; x_wconf 80' lang='lat' dir='ltr'><strong>quod</strong></span> <span class='ocrx_word' id='word_1_419' title='bbox 687 3608 769 3674; x_wconf 83' lang='lat' dir='ltr'><strong>est</strong></span> <span class='ocrx_word' id='word_1_420' title='bbox 788 3599 1140 3674; x_wconf 81' lang='lat' dir='ltr'><strong>plausibilius.</strong></span> <span class='ocrx_word' id='word_1_421' title='bbox 1192 3598 1247 3652; x_wconf 86' lang='lat' dir='ltr'><strong>In</strong></span> <span class='ocrx_word' id='word_1_422' title='bbox 1276 3598 1505 3671; x_wconf 83' lang='lat' dir='ltr'><strong>vulgatis</strong></span> <span class='ocrx_word' id='word_1_423' title='bbox 1531 3613 1585 3656; x_wconf 91' lang='lat' dir='ltr'><strong>et</strong></span> <span class='ocrx_word' id='word_1_424' title='bbox 1617 3598 1765 3674; x_wconf 80' lang='lat' dir='ltr'><strong>apud</strong></span> <span class='ocrx_word' id='word_1_425' title='bbox 1782 3603 1837 3657; x_wconf 90' lang='lat' dir='ltr'><strong>S.</strong></span> <span class='ocrx_word' id='word_1_426' title='bbox 1862 3598 2092 3659; x_wconf 55' lang='lat' dir='ltr'><strong>Dunstaé</strong></span> 
     </span>
    </p>
   </div>
   <div class='ocr_carea' id='block_1_58' title="bbox 520 3669 1225 3739">
    <p class='ocr_par' dir='ltr' id='par_1_58' title="bbox 520 3669 1225 3739">
     <span class='ocr_line' id='line_1_58' title="bbox 520 3669 1225 3739; baseline 0 -17"><span class='ocrx_word' id='word_1_427' title='bbox 520 3684 675 3739; x_wconf 76' lang='lat' dir='ltr'><strong>num,</strong></span> <span class='ocrx_word' id='word_1_428' title='bbox 692 3670 757 3739; x_wconf 82' lang='lat' dir='ltr'><strong>in</strong></span> <span class='ocrx_word' id='word_1_429' title='bbox 783 3669 1225 3739; x_wconf 65' lang='lat' dir='ltr'><strong>quibusmultum.</strong></span> 
     </span>
    </p>
   </div>
   <div class='ocr_carea' id='block_1_59' title="bbox 592 3736 2089 3811">
    <p class='ocr_par' dir='ltr' id='par_1_59' title="bbox 592 3736 2089 3811">
     <span class='ocr_line' id='line_1_59' title="bbox 592 3736 2089 3811; baseline 0.005 -21"><span class='ocrx_word' id='word_1_430' title='bbox 592 3738 619 3778; x_wconf 76' lang='grc' dir='ltr'><strong><em>ἀ</em></strong></span> <span class='ocrx_word' id='word_1_431' title='bbox 648 3736 921 3811; x_wconf 55' lang='grc' dir='ltr'><strong>Ἰιξῳεὶςιίᾳ</strong></span> <span class='ocrx_word' id='word_1_432' title='bbox 973 3737 1061 3811; x_wconf 82' lang='lat' dir='ltr'><strong>Ita</strong></span> <span class='ocrx_word' id='word_1_433' title='bbox 1081 3739 1132 3792; x_wconf 92' lang='lat' dir='ltr'><strong>in</strong></span> <span class='ocrx_word' id='word_1_434' title='bbox 1175 3738 1379 3809; x_wconf 87' lang='lat' dir='ltr'><strong>Regula</strong></span> <span class='ocrx_word' id='word_1_435' title='bbox 1414 3755 1517 3811; x_wconf 83' lang='lat' dir='ltr'><strong>ms.</strong></span> <span class='ocrx_word' id='word_1_436' title='bbox 1544 3740 1793 3811; x_wconf 7' lang='lat' dir='ltr'><strong>(Magistri</strong></span> <span class='ocrx_word' id='word_1_437' title='bbox 1818 3783 1832 3807; x_wconf 94' lang='lat'><strong>,</strong></span> <span class='ocrx_word' id='word_1_438' title='bbox 1876 3742 1929 3796; x_wconf 90' lang='lat' dir='ltr'><strong>in</strong></span> <span class='ocrx_word' id='word_1_439' title='bbox 1971 3745 2089 3799; x_wconf 90' lang='lat' dir='ltr'><strong>cod.</strong></span> 
     </span>
    </p>
   </div>
   <div class='ocr_carea' id='block_1_60' title="bbox 526 3807 2092 3883">
    <p class='ocr_par' dir='ltr' id='par_1_60' title="bbox 526 3807 2092 3883">
     <span class='ocr_line' id='line_1_60' title="bbox 526 3807 2092 3883; baseline 0.004 -21"><span class='ocrx_word' id='word_1_440' title='bbox 526 3823 657 3883; x_wconf 65' lang='lat' dir='ltr'><strong>ipss.</strong></span> <span class='ocrx_word' id='word_1_441' title='bbox 690 3807 1064 3883; x_wconf 65' lang='lat' dir='ltr'><strong>Vindocinensi</strong></span> <span class='ocrx_word' id='word_1_442' title='bbox 1091 3819 1145 3863; x_wconf 90' lang='lat' dir='ltr'><strong>et</strong></span> <span class='ocrx_word' id='word_1_443' title='bbox 1171 3807 1399 3879; x_wconf 83' lang='lat' dir='ltr'><strong>utroque</strong></span> <span class='ocrx_word' id='word_1_444' title='bbox 1429 3809 1486 3883; x_wconf 65' lang='lat' dir='ltr'><strong>S,</strong></span> <span class='ocrx_word' id='word_1_445' title='bbox 1523 3807 1799 3883; x_wconf 68' lang='lat' dir='ltr'><strong>Germani.</strong></span> <span class='ocrx_word' id='word_1_446' title='bbox 1844 3811 1923 3883; x_wconf 71' lang='lat' dir='ltr'><strong>ita</strong></span> <span class='ocrx_word' id='word_1_447' title='bbox 1952 3815 2092 3883; x_wconf 90' lang='lat' dir='ltr'><strong>apud</strong></span> 
     </span>
    </p>
   </div>
   <div class='ocr_carea' id='block_1_61' title="bbox 520 3877 2096 3941">
    <p class='ocr_par' dir='ltr' id='par_1_61' title="bbox 520 3877 2096 3941">
     <span class='ocr_line' id='line_1_61' title="bbox 520 3877 2096 3941; baseline 0.004 -10"><span class='ocrx_word' id='word_1_448' title='bbox 520 3878 895 3941; x_wconf 72' lang='lat' dir='ltr'><strong>Stnaragdum,</strong></span> <span class='ocrx_word' id='word_1_449' title='bbox 929 3877 985 3932; x_wconf 92' lang='lat' dir='ltr'><strong>S.</strong></span> <span class='ocrx_word' id='word_1_450' title='bbox 1015 3877 1345 3933; x_wconf 86' lang='lat' dir='ltr'><strong>Dunstanum</strong></span> <span class='ocrx_word' id='word_1_451' title='bbox 1374 3888 1428 3934; x_wconf 90' lang='lat' dir='ltr'><strong>et</strong></span> <span class='ocrx_word' id='word_1_452' title='bbox 1444 3881 1819 3936; x_wconf 89' lang='lat' dir='ltr'><strong>’l‘rithemium.</strong></span> <span class='ocrx_word' id='word_1_453' title='bbox 1853 3882 1952 3937; x_wconf 90' lang='lat' dir='ltr'><strong>Ubi</strong></span> <span class='ocrx_word' id='word_1_454' title='bbox 1981 3877 2096 3937; x_wconf 77' lang='lat' dir='ltr'><strong>evo-</strong></span> 
     </span>
    </p>
   </div>
   <div class='ocr_carea' id='block_1_62' title="bbox 520 3948 2091 4023">
    <p class='ocr_par' dir='ltr' id='par_1_62' title="bbox 520 3948 2091 4023">
     <span class='ocr_line' id='line_1_62' title="bbox 520 3948 2091 4023; baseline 0.004 -23"><span class='ocrx_word' id='word_1_455' title='bbox 520 3948 657 4023; x_wconf 49' lang='lat' dir='ltr'><strong>ratio</strong></span> <span class='ocrx_word' id='word_1_456' title='bbox 689 3948 828 4002; x_wconf 88' lang='lat' dir='ltr'><strong>idem</strong></span> <span class='ocrx_word' id='word_1_457' title='bbox 866 3957 950 4023; x_wconf 80' lang='lat' dir='ltr'><strong>est</strong></span> <span class='ocrx_word' id='word_1_458' title='bbox 991 3949 1131 4017; x_wconf 90' lang='lat' dir='ltr'><strong>quod</strong></span> <span class='ocrx_word' id='word_1_459' title='bbox 1173 3950 1392 4023; x_wconf 81' lang='lat' dir='ltr'><strong>vacatio,</strong></span> <span class='ocrx_word' id='word_1_460' title='bbox 1420 3958 1478 4003; x_wconf 93' lang='lat' dir='ltr'><strong>ut</strong></span> <span class='ocrx_word' id='word_1_461' title='bbox 1505 3950 1833 4023; x_wconf 85' lang='lat' dir='ltr'><strong>in__vulgatis</strong></span> <span class='ocrx_word' id='word_1_462' title='bbox 1877 3951 2091 4023; x_wconf 78' lang='lat' dir='ltr'><strong>legitur.</strong></span> 
     </span>
    </p>
   </div>
   <div class='ocr_carea' id='block_1_63' title="bbox 526 4018 2096 4094">
    <p class='ocr_par' dir='ltr' id='par_1_63' title="bbox 526 4018 2096 4094">
     <span class='ocr_line' id='line_1_63' title="bbox 526 4018 2096 4094; baseline 0.003 -22"><span class='ocrx_word' id='word_1_463' title='bbox 526 4018 598 4074; x_wconf 92' lang='lat' dir='ltr'><strong>Ut</strong></span> <span class='ocrx_word' id='word_1_464' title='bbox 621 4034 833 4071; x_wconf 83' lang='lat' dir='ltr'><strong>evocare</strong></span> <span class='ocrx_word' id='word_1_465' title='bbox 863 4018 1005 4071; x_wconf 90' lang='lat' dir='ltr'><strong>idem</strong></span> <span class='ocrx_word' id='word_1_466' title='bbox 1039 4025 1122 4073; x_wconf 87' lang='lat' dir='ltr'><strong>est</strong></span> <span class='ocrx_word' id='word_1_467' title='bbox 1145 4018 1288 4088; x_wconf 90' lang='lat' dir='ltr'><strong>quod</strong></span> <span class='ocrx_word' id='word_1_468' title='bbox 1312 4034 1515 4073; x_wconf 83' lang='lat' dir='ltr'><strong>vocare.</strong></span> <span class='ocrx_word' id='word_1_469' title='bbox 1547 4018 1764 4077; x_wconf 80' lang='lat' dir='ltr'><strong>Plautus</strong></span> <span class='ocrx_word' id='word_1_470' title='bbox 1789 4022 1846 4076; x_wconf 93' lang='lat' dir='ltr'><strong>in</strong></span> <span class='ocrx_word' id='word_1_471' title='bbox 1869 4018 2096 4094; x_wconf 78' lang='lat' dir='ltr'><strong>Amphi-</strong></span> 
     </span>
    </p>
   </div>
   <div class='ocr_carea' id='block_1_64' title="bbox 526 4096 998 4153">
    <p class='ocr_par' dir='ltr' id='par_1_64' title="bbox 526 4096 998 4153">
     <span class='ocr_line' id='line_1_64' title="bbox 526 4096 998 4153; baseline 0 -14"><span class='ocrx_word' id='word_1_472' title='bbox 526 4097 740 4153; x_wconf 82' lang='lat' dir='ltr'><strong>truone,</strong></span> <span class='ocrx_word' id='word_1_473' title='bbox 771 4096 890 4141; x_wconf 89' lang='lat' dir='ltr'><strong>actu</strong></span> <span class='ocrx_word' id='word_1_474' title='bbox 921 4102 998 4149; x_wconf 82' lang='lat' dir='ltr'><strong>ut.</strong></span> 
     </span>
    </p>
   </div>
   <div class='ocr_carea' id='block_1_65' title="bbox 648 4197 1929 4259">
    <p class='ocr_par' dir='ltr' id='par_1_65' title="bbox 648 4197 1929 4259">
     <span class='ocr_line' id='line_1_65' title="bbox 648 4197 1929 4259; baseline 0.005 -10"><span class='ocrx_word' id='word_1_475' title='bbox 648 4197 721 4249; x_wconf 86' lang='lat' dir='ltr'><strong>Tu</strong></span> <span class='ocrx_word' id='word_1_476' title='bbox 745 4198 1119 4259; x_wconf 82' lang='lat' dir='ltr'><strong>gubernatorem</strong></span> <span class='ocrx_word' id='word_1_477' title='bbox 1143 4211 1168 4247; x_wconf 82' lang='lat' dir='ltr'><strong>a</strong></span> <span class='ocrx_word' id='word_1_478' title='bbox 1191 4200 1301 4250; x_wconf 79' lang='lat' dir='ltr'><strong>navi</strong></span> <span class='ocrx_word' id='word_1_479' title='bbox 1322 4198 1417 4251; x_wconf 85' lang='lat' dir='ltr'><strong>huc</strong></span> <span class='ocrx_word' id='word_1_480' title='bbox 1440 4212 1588 4251; x_wconf 83' lang='lat' dir='ltr'><strong>evoca</strong></span> <span class='ocrx_word' id='word_1_481' title='bbox 1609 4202 1773 4253; x_wconf 84' lang='lat' dir='ltr'><strong>verbis</strong></span> <span class='ocrx_word' id='word_1_482' title='bbox 1794 4204 1929 4255; x_wconf 84' lang='lat' dir='ltr'><strong>meis.</strong></span> 
     </span>
    </p>
   </div>
   <div class='ocr_carea' id='block_1_66' title="bbox 598 4297 2097 4372">
    <p class='ocr_par' dir='ltr' id='par_1_66' title="bbox 598 4297 2097 4372">
     <span class='ocr_line' id='line_1_66' title="bbox 598 4297 2097 4372; baseline 0.009 -23"><span class='ocrx_word' id='word_1_483' title='bbox 598 4310 624 4339; x_wconf 67' lang='grc' dir='ltr'><strong>ι</strong></span> <span class='ocrx_word' id='word_1_484' title='bbox 652 4298 789 4372; x_wconf 67' lang='lat' dir='ltr'><strong>Quid</strong></span> <span class='ocrx_word' id='word_1_485' title='bbox 812 4307 888 4372; x_wconf 64' lang='lat' dir='ltr'><strong>est</strong></span> <span class='ocrx_word' id='word_1_486' title='bbox 913 4297 1197 4372; x_wconf 78' lang='lat' dir='ltr'><strong>humilitas.</strong></span> <span class='ocrx_word' id='word_1_487' title='bbox 1224 4300 1576 4372; x_wconf 64' lang='lat' dir='ltr'><strong>Exstatapud</strong></span> <span class='ocrx_word' id='word_1_488' title='bbox 1606 4302 1667 4358; x_wconf 91' lang='lat' dir='ltr'><strong>S.</strong></span> <span class='ocrx_word' id='word_1_489' title='bbox 1693 4303 1950 4360; x_wconf 89' lang='lat' dir='ltr'><strong>Basilium</strong></span> <span class='ocrx_word' id='word_1_490' title='bbox 1968 4347 1982 4371; x_wconf 91' lang='lat'><strong>,</strong></span> <span class='ocrx_word' id='word_1_491' title='bbox 2016 4307 2097 4362; x_wconf 85' lang='lat' dir='ltr'><strong>in-</strong></span> 
     </span>
    </p>
   </div>
   <div class='ocr_carea' id='block_1_67' title="bbox 526 4368 1953 4439">
    <p class='ocr_par' dir='ltr' id='par_1_67' title="bbox 526 4368 1953 4439">
     <span class='ocr_line' id='line_1_67' title="bbox 526 4368 1953 4439; baseline 0.004 -14"><span class='ocrx_word' id='word_1_492' title='bbox 526 4368 789 4439; x_wconf 74' lang='lat' dir='ltr'><strong>terr._l98</strong></span> <span class='ocrx_word' id='word_1_493' title='bbox 812 4368 941 4438; x_wconf 86' lang='lat' dir='ltr'><strong>Reg.</strong></span> <span class='ocrx_word' id='word_1_494' title='bbox 970 4368 1141 4432; x_wconf 90' lang='lat' dir='ltr'><strong>brev.,</strong></span> <span class='ocrx_word' id='word_1_495' title='bbox 1171 4377 1226 4423; x_wconf 91' lang='lat' dir='ltr'><strong>et</strong></span> <span class='ocrx_word' id='word_1_496' title='bbox 1251 4371 1392 4438; x_wconf 90' lang='lat' dir='ltr'><strong>apud</strong></span> <span class='ocrx_word' id='word_1_497' title='bbox 1418 4368 1691 4439; x_wconf 79' lang='lat' dir='ltr'><strong>Rufinum,</strong></span> <span class='ocrx_word' id='word_1_498' title='bbox 1719 4390 1837 4439; x_wconf 90' lang='lat' dir='ltr'><strong>cap.</strong></span> <span class='ocrx_word' id='word_1_499' title='bbox 1865 4375 1953 4430; x_wconf 71' lang='grc'><strong>41.</strong></span> 
     </span>
    </p>
   </div>
   <div class='ocr_carea' id='block_1_68' title="bbox 602 4436 2092 4509">
    <p class='ocr_par' dir='ltr' id='par_1_68' title="bbox 602 4436 2092 4509">
     <span class='ocr_line' id='line_1_68' title="bbox 602 4436 2092 4509; baseline 0.006 -17"><span class='ocrx_word' id='word_1_500' title='bbox 602 4439 622 4479; x_wconf 74' lang='lat' dir='ltr'><strong>f</strong></span> <span class='ocrx_word' id='word_1_501' title='bbox 652 4436 915 4509; x_wconf 62' lang='lat' dir='ltr'><strong>Utoinneé</strong></span> <span class='ocrx_word' id='word_1_502' title='bbox 938 4439 1247 4509; x_wconf 74' lang='lat' dir='ltr'><strong>trstimemus</strong></span> <span class='ocrx_word' id='word_1_503' title='bbox 1271 4436 1580 4509; x_wconf 76' lang='lat' dir='ltr'><strong>superiores,</strong></span> <span class='ocrx_word' id='word_1_504' title='bbox 1610 4436 1715 4498; x_wconf 86' lang='lat' dir='ltr'><strong>etc.</strong></span> <span class='ocrx_word' id='word_1_505' title='bbox 1755 4436 1879 4500; x_wconf 57' lang='lat' dir='ltr'><strong>Haec</strong></span> <span class='ocrx_word' id='word_1_506' title='bbox 1914 4446 2092 4501; x_wconf 88' lang='lat' dir='ltr'><strong>divina</strong></span> 
     </span>
    </p>
   </div>
   <div class='ocr_carea' id='block_1_69' title="bbox 521 4496 2170 4592">
    <p class='ocr_par' dir='ltr' id='par_1_69' title="bbox 521 4496 2170 4592">
     <span class='ocr_line' id='line_1_69' title="bbox 521 4496 2170 4592; baseline 0.007 -30"><span class='ocrx_word' id='word_1_507' title='bbox 521 4508 761 4592; x_wconf 69' lang='lat' dir='ltr'><strong>Apostoli</strong></span> <span class='ocrx_word' id='word_1_508' title='bbox 790 4507 1034 4592; x_wconf 74' lang='lat' dir='ltr'><strong>doctrina</strong></span> <span class='ocrx_word' id='word_1_509' title='bbox 1064 4496 1446 4592; x_wconf 42' lang='lat' dir='ltr'><strong>vinculumZest</strong></span> <span class='ocrx_word' id='word_1_510' title='bbox 1466 4496 1876 4592; x_wconf 55' lang='lat' dir='ltr'><strong>Christianaaet</strong></span> <span class='ocrx_word' id='word_1_511' title='bbox 2117 4496 2170 4556; x_wconf 82' lang='lat' dir='ltr'><strong>D</strong></span> 
     </span>
    </p>
   </div>
   <div class='ocr_carea' id='block_1_70' title="bbox 523 4578 2095 4642">
    <p class='ocr_par' dir='ltr' id='par_1_70' title="bbox 523 4578 2095 4642">
     <span class='ocr_line' id='line_1_70' title="bbox 523 4578 2095 4642; baseline 0.003 -5"><span class='ocrx_word' id='word_1_512' title='bbox 523 4578 674 4637; x_wconf 75' lang='lat' dir='ltr'><strong>stica:</strong></span> <span class='ocrx_word' id='word_1_513' title='bbox 702 4578 1005 4642; x_wconf 89' lang='lat' dir='ltr'><strong>charitatis,</strong></span> <span class='ocrx_word' id='word_1_514' title='bbox 1033 4592 1153 4631; x_wconf 93' lang='lat' dir='ltr'><strong>cum</strong></span> <span class='ocrx_word' id='word_1_515' title='bbox 1189 4579 1439 4634; x_wconf 91' lang='lat' dir='ltr'><strong>omnibus</strong></span> <span class='ocrx_word' id='word_1_516' title='bbox 1474 4580 1573 4635; x_wconf 90' lang='lat' dir='ltr'><strong>sibi</strong></span> <span class='ocrx_word' id='word_1_517' title='bbox 1602 4581 1831 4639; x_wconf 87' lang='lat' dir='ltr'><strong>invicem</strong></span> <span class='ocrx_word' id='word_1_518' title='bbox 1856 4578 2095 4641; x_wconf 88' lang='lat' dir='ltr'><strong>cedenti-</strong></span> 
     </span>
    </p>
   </div>
   <div class='ocr_carea' id='block_1_71' title="bbox 418 4647 2097 4724">
    <p class='ocr_par' dir='ltr' id='par_1_71' title="bbox 418 4647 2097 4724">
     <span class='ocr_line' id='line_1_71' title="bbox 418 4647 2097 4724; baseline 0.003 -17"><span class='ocrx_word' id='word_1_519' title='bbox 418 4684 427 4691; x_wconf 67' lang='grc' dir='ltr'><strong><em>ε</em></strong></span> <span class='ocrx_word' id='word_1_520' title='bbox 525 4652 624 4724; x_wconf 82' lang='lat' dir='ltr'><strong>bus</strong></span> <span class='ocrx_word' id='word_1_521' title='bbox 672 4648 847 4724; x_wconf 73' lang='lat' dir='ltr'><strong>omnis</strong></span> <span class='ocrx_word' id='word_1_522' title='bbox 870 4647 1170 4724; x_wconf 73' lang='lat' dir='ltr'><strong>iurgiorum</strong></span> <span class='ocrx_word' id='word_1_523' title='bbox 1213 4660 1701 4724; x_wconf 61' lang='lat' dir='ltr'><strong>sege_s_resecat_ur.</strong></span> <span class='ocrx_word' id='word_1_524' title='bbox 1749 4652 1807 4713; x_wconf 84' lang='lat' dir='ltr'><strong>Id</strong></span> <span class='ocrx_word' id='word_1_525' title='bbox 1836 4656 2097 4724; x_wconf 58' lang='lat' dir='ltr'><strong>praeclare</strong></span> 
     </span>
    </p>
   </div>
   <div class='ocr_carea' id='block_1_72' title="bbox 523 4716 2095 4795">
    <p class='ocr_par' dir='ltr' id='par_1_72' title="bbox 523 4716 2095 4795">
     <span class='ocr_line' id='line_1_72' title="bbox 523 4716 2095 4795; baseline -0.004 -21"><span class='ocrx_word' id='word_1_526' title='bbox 523 4720 683 4795; x_wconf 73' lang='lat' dir='ltr'><strong>docet</strong></span> <span class='ocrx_word' id='word_1_527' title='bbox 708 4716 766 4773; x_wconf 92' lang='lat' dir='ltr'><strong>S.</strong></span> <span class='ocrx_word' id='word_1_528' title='bbox 804 4716 1119 4795; x_wconf 48' lang='lat' dir='ltr'><strong>ambrosius</strong></span> <span class='ocrx_word' id='word_1_529' title='bbox 1142 4716 1298 4795; x_wconf 59' lang='lat' dir='ltr'><strong>epist:</strong></span> <span class='ocrx_word' id='word_1_530' title='bbox 1325 4719 1433 4795; x_wconf 57' lang='lat' dir='ltr'><strong>Si:</strong></span> <span class='ocrx_word' id='word_1_531' title='bbox 1481 4738 1500 4770; x_wconf 73' lang='grc' dir='ltr'><strong><em>ι</em></strong></span> <span class='ocrx_word' id='word_1_532' title='bbox 1540 4718 1721 4778; x_wconf 88' lang='lat' dir='ltr'><strong>Prima</strong></span> <span class='ocrx_word' id='word_1_533' title='bbox 1749 4716 1878 4795; x_wconf 71' lang='lat' dir='ltr'><strong>ergo</strong></span> <span class='ocrx_word' id='word_1_534' title='bbox 1918 4725 2095 4781; x_wconf 90' lang='lat' dir='ltr'><strong>humi-</strong></span> 
     </span>
    </p>
   </div>
   <div class='ocr_carea' id='block_1_73' title="bbox 524 4787 2097 4861">
    <p class='ocr_par' dir='ltr' id='par_1_73' title="bbox 524 4787 2097 4861">
     <span class='ocr_line' id='line_1_73' title="bbox 524 4787 2097 4861; baseline 0.006 -20"><span class='ocrx_word' id='word_1_535' title='bbox 524 4789 691 4861; x_wconf 78' lang='lat' dir='ltr'><strong>litatis</strong></span> <span class='ocrx_word' id='word_1_536' title='bbox 722 4787 860 4861; x_wconf 78' lang='lat' dir='ltr'><strong>ratio</strong></span> <span class='ocrx_word' id='word_1_537' title='bbox 884 4788 938 4841; x_wconf 91' lang='lat' dir='ltr'><strong>in</strong></span> <span class='ocrx_word' id='word_1_538' title='bbox 965 4787 1267 4861; x_wconf 78' lang='lat' dir='ltr'><strong>communis</strong></span> <span class='ocrx_word' id='word_1_539' title='bbox 1289 4788 1687 4861; x_wconf 12' lang='lat' dir='ltr'><strong>vitzegversatur</strong></span> <span class='ocrx_word' id='word_1_540' title='bbox 1722 4787 1917 4850; x_wconf 69' lang='lat' dir='ltr'><strong>officiis</strong></span> <span class='ocrx_word' id='word_1_541' title='bbox 1936 4836 1951 4861; x_wconf 94' lang='lat'><strong>,</strong></span> <span class='ocrx_word' id='word_1_542' title='bbox 1974 4797 2097 4861; x_wconf 89' lang='lat' dir='ltr'><strong>qui-</strong></span> 
     </span>
    </p>
   </div>
   <div class='ocr_carea' id='block_1_74' title="bbox 524 4856 2098 4926">
    <p class='ocr_par' dir='ltr' id='par_1_74' title="bbox 524 4856 2098 4926">
     <span class='ocr_line' id='line_1_74' title="bbox 524 4856 2098 4926; baseline 0.004 -13"><span class='ocrx_word' id='word_1_543' title='bbox 524 4859 625 4915; x_wconf 88' lang='lat' dir='ltr'><strong>bus</strong></span> <span class='ocrx_word' id='word_1_544' title='bbox 649 4866 704 4913; x_wconf 93' lang='lat' dir='ltr'><strong>et</strong></span> <span class='ocrx_word' id='word_1_545' title='bbox 729 4858 907 4913; x_wconf 89' lang='lat' dir='ltr'><strong>divina</strong></span> <span class='ocrx_word' id='word_1_546' title='bbox 938 4856 1222 4912; x_wconf 88' lang='lat' dir='ltr'><strong>clementia</strong></span> <span class='ocrx_word' id='word_1_547' title='bbox 1248 4858 1593 4926; x_wconf 85' lang='lat' dir='ltr'><strong>conciliatur,</strong></span> <span class='ocrx_word' id='word_1_548' title='bbox 1634 4869 1688 4915; x_wconf 91' lang='lat' dir='ltr'><strong>et</strong></span> <span class='ocrx_word' id='word_1_549' title='bbox 1723 4856 1956 4920; x_wconf 83' lang='lat' dir='ltr'><strong>societas</strong></span> <span class='ocrx_word' id='word_1_550' title='bbox 1991 4856 2098 4920; x_wconf 83' lang='lat' dir='ltr'><strong>hu-</strong></span> 
     </span>
    </p>
   </div>
   <div class='ocr_carea' id='block_1_75' title="bbox 528 4926 2102 4991">
    <p class='ocr_par' dir='ltr' id='par_1_75' title="bbox 528 4926 2102 4991">
     <span class='ocr_line' id='line_1_75' title="bbox 528 4926 2102 4991; baseline 0.006 -10"><span class='ocrx_word' id='word_1_551' title='bbox 528 4944 684 4982; x_wconf 87' lang='lat' dir='ltr'><strong>mana</strong></span> <span class='ocrx_word' id='word_1_552' title='bbox 707 4927 1062 4984; x_wconf 84' lang='lat' dir='ltr'><strong>connectitur.</strong></span> <span class='ocrx_word' id='word_1_553' title='bbox 1092 4926 1316 4982; x_wconf 83' lang='lat' dir='ltr'><strong>Multum</strong></span> <span class='ocrx_word' id='word_1_554' title='bbox 1334 4929 1474 4983; x_wconf 91' lang='lat' dir='ltr'><strong>enim</strong></span> <span class='ocrx_word' id='word_1_555' title='bbox 1503 4931 1571 4985; x_wconf 91' lang='lat' dir='ltr'><strong>ad</strong></span> <span class='ocrx_word' id='word_1_556' title='bbox 1602 4932 1954 4989; x_wconf 89' lang='lat' dir='ltr'><strong>roborandam</strong></span> <span class='ocrx_word' id='word_1_557' title='bbox 1975 4935 2102 4991; x_wconf 88' lang='lat' dir='ltr'><strong>dile-</strong></span> 
     </span>
    </p>
   </div>
   <div class='ocr_carea' id='block_1_76' title="bbox 525 4997 2099 5062">
    <p class='ocr_par' dir='ltr' id='par_1_76' title="bbox 525 4997 2099 5062">
     <span class='ocr_line' id='line_1_76' title="bbox 525 4997 2099 5062; baseline 0.005 -12"><span class='ocrx_word' id='word_1_558' title='bbox 525 4998 759 5054; x_wconf 87' lang='lat' dir='ltr'><strong>ctionem</strong></span> <span class='ocrx_word' id='word_1_559' title='bbox 779 4997 1077 5062; x_wconf 90' lang='lat' dir='ltr'><strong>valet,cum</strong></span> <span class='ocrx_word' id='word_1_560' title='bbox 1102 4998 1395 5053; x_wconf 88' lang='lat' dir='ltr'><strong>secundum</strong></span> <span class='ocrx_word' id='word_1_561' title='bbox 1423 4997 1723 5054; x_wconf 89' lang='lat' dir='ltr'><strong>doctrinam</strong></span> <span class='ocrx_word' id='word_1_562' title='bbox 1750 5003 2099 5062; x_wconf 88' lang='lat' dir='ltr'><strong>apostolicam</strong></span> 
     </span>
    </p>
   </div>
   <div class='ocr_carea' id='block_1_77' title="bbox 525 5068 2101 5137">
    <p class='ocr_par' dir='ltr' id='par_1_77' title="bbox 525 5068 2101 5137">
     <span class='ocr_line' id='line_1_77' title="bbox 525 5068 2101 5137; baseline 0.006 -17"><span class='ocrx_word' id='word_1_563' title='bbox 525 5068 755 5127; x_wconf 86' lang='lat' dir='ltr'><strong>invicem</strong></span> <span class='ocrx_word' id='word_1_564' title='bbox 792 5083 852 5124; x_wconf 89' lang='lat' dir='ltr'><strong>se</strong></span> <span class='ocrx_word' id='word_1_565' title='bbox 877 5068 1081 5123; x_wconf 87' lang='lat' dir='ltr'><strong>honore</strong></span> <span class='ocrx_word' id='word_1_566' title='bbox 1107 5068 1467 5137; x_wconf 81' lang='lat' dir='ltr'><strong>praeveniunt,</strong></span> <span class='ocrx_word' id='word_1_567' title='bbox 1495 5079 1550 5122; x_wconf 89' lang='lat' dir='ltr'><strong>et</strong></span> <span class='ocrx_word' id='word_1_568' title='bbox 1577 5070 1714 5124; x_wconf 84' lang='lat' dir='ltr'><strong>alter</strong></span> <span class='ocrx_word' id='word_1_569' title='bbox 1738 5068 1971 5128; x_wconf 76' lang='lat' dir='ltr'><strong>alterum</strong></span> <span class='ocrx_word' id='word_1_570' title='bbox 2009 5090 2101 5129; x_wconf 90' lang='lat' dir='ltr'><strong>su-</strong></span> 
     </span>
    </p>
   </div>
   <div class='ocr_carea' id='block_1_78' title="bbox 527 5138 2099 5211">
    <p class='ocr_par' dir='ltr' id='par_1_78' title="bbox 527 5138 2099 5211">
     <span class='ocr_line' id='line_1_78' title="bbox 527 5138 2099 5211; baseline 0.004 -20"><span class='ocrx_word' id='word_1_571' title='bbox 527 5139 792 5211; x_wconf 85' lang='lat' dir='ltr'><strong>periorem</strong></span> <span class='ocrx_word' id='word_1_572' title='bbox 835 5138 1239 5211; x_wconf 71' lang='lat' dir='ltr'><strong>existimantes,</strong></span> <span class='ocrx_word' id='word_1_573' title='bbox 1284 5145 1469 5193; x_wconf 85' lang='lat' dir='ltr'><strong>amant</strong></span> <span class='ocrx_word' id='word_1_574' title='bbox 1502 5140 1706 5195; x_wconf 89' lang='lat' dir='ltr'><strong>servire</strong></span> <span class='ocrx_word' id='word_1_575' title='bbox 1750 5141 2008 5211; x_wconf 84' lang='lat' dir='ltr'><strong>subjecti,</strong></span> <span class='ocrx_word' id='word_1_576' title='bbox 2044 5154 2099 5198; x_wconf 90' lang='lat' dir='ltr'><strong>et</strong></span> 
     </span>
    </p>
   </div>
   <div class='ocr_carea' id='block_1_79' title="bbox 528 5208 1314 5278">
    <p class='ocr_par' dir='ltr' id='par_1_79' title="bbox 528 5208 1314 5278">
     <span class='ocr_line' id='line_1_79' title="bbox 528 5208 1314 5278; baseline 0 -17"><span class='ocrx_word' id='word_1_577' title='bbox 528 5209 775 5278; x_wconf 79' lang='lat' dir='ltr'><strong>nesciunt</strong></span> <span class='ocrx_word' id='word_1_578' title='bbox 800 5216 1008 5263; x_wconf 87' lang='lat' dir='ltr'><strong>tumere</strong></span> <span class='ocrx_word' id='word_1_579' title='bbox 1034 5208 1262 5278; x_wconf 77' lang='lat' dir='ltr'><strong>praelati.</strong></span> <span class='ocrx_word' id='word_1_580' title='bbox 1296 5227 1314 5278; x_wconf 63' lang='grc' dir='ltr'><strong><em>ῃ</em></strong></span> 
     </span>
    </p>
   </div>
   <div class='ocr_carea' id='block_1_80' title="bbox 602 5276 1657 5347">
    <p class='ocr_par' dir='ltr' id='par_1_80' title="bbox 602 5276 1657 5347">
     <span class='ocr_line' id='line_1_80' title="bbox 602 5276 1657 5347; baseline 0.001 -15"><span class='ocrx_word' id='word_1_581' title='bbox 602 5281 627 5319; x_wconf 75' lang='grc'><strong><em>⁸</em></strong></span> <span class='ocrx_word' id='word_1_582' title='bbox 656 5277 981 5343; x_wconf 78' lang='lat' dir='ltr'><strong>Mansuetus,</strong></span> <span class='ocrx_word' id='word_1_583' title='bbox 1012 5276 1168 5347; x_wconf 62' lang='lat' dir='ltr'><strong>Apud</strong></span> <span class='ocrx_word' id='word_1_584' title='bbox 1196 5276 1469 5341; x_wconf 79' lang='lat' dir='ltr'><strong>Rufinum,</strong></span> <span class='ocrx_word' id='word_1_585' title='bbox 1499 5278 1657 5334; x_wconf 87' lang='lat' dir='ltr'><strong>mitis.</strong></span> 
     </span>
    </p>
   </div>
   <div class='ocr_carea' id='block_1_81' title="bbox 596 5347 2093 5421">
    <p class='ocr_par' dir='ltr' id='par_1_81' title="bbox 596 5347 2093 5421">
     <span class='ocr_line' id='line_1_81' title="bbox 596 5347 2093 5421; baseline 0.004 -20"><span class='ocrx_word' id='word_1_586' title='bbox 596 5349 626 5389; x_wconf 70' lang='grc' dir='ltr'>δ</span> <span class='ocrx_word' id='word_1_587' title='bbox 658 5347 810 5421; x_wconf 80' lang='lat' dir='ltr'><strong>Quod</strong></span> <span class='ocrx_word' id='word_1_588' title='bbox 834 5366 907 5403; x_wconf 88' lang='lat' dir='ltr'><strong>se.</strong></span> <span class='ocrx_word' id='word_1_589' title='bbox 927 5352 998 5421; x_wconf 52' lang='grc' dir='ltr'><strong>Τὸ</strong></span> <span class='ocrx_word' id='word_1_590' title='bbox 1020 5364 1074 5401; x_wconf 84' lang='lat' dir='ltr'><strong>se</strong></span> <span class='ocrx_word' id='word_1_591' title='bbox 1106 5348 1384 5412; x_wconf 89' lang='lat' dir='ltr'><strong>redundat,</strong></span> <span class='ocrx_word' id='word_1_592' title='bbox 1414 5363 1515 5404; x_wconf 90' lang='lat' dir='ltr'><strong>nec</strong></span> <span class='ocrx_word' id='word_1_593' title='bbox 1547 5358 1631 5404; x_wconf 89' lang='lat' dir='ltr'><strong>est</strong></span> <span class='ocrx_word' id='word_1_594' title='bbox 1668 5350 1808 5421; x_wconf 91' lang='lat' dir='ltr'><strong>apud</strong></span> <span class='ocrx_word' id='word_1_595' title='bbox 1840 5350 2093 5407; x_wconf 79' lang='lat' dir='ltr'><strong>Ruﬁnum</strong></span> 
     </span>
    </p>
   </div>
   <div class='ocr_carea' id='block_1_82' title="bbox 527 5416 1124 5482">
    <p class='ocr_par' dir='ltr' id='par_1_82' title="bbox 527 5416 1124 5482">
     <span class='ocr_line' id='line_1_82' title="bbox 527 5416 1124 5482; baseline -0.007 -8"><span class='ocrx_word' id='word_1_596' title='bbox 527 5433 630 5482; x_wconf 80' lang='lat' dir='ltr'><strong>nec</strong></span> <span class='ocrx_word' id='word_1_597' title='bbox 659 5418 714 5473; x_wconf 89' lang='lat' dir='ltr'><strong>in</strong></span> <span class='ocrx_word' id='word_1_598' title='bbox 748 5426 894 5473; x_wconf 78' lang='lat' dir='ltr'><strong>textu</strong></span> <span class='ocrx_word' id='word_1_599' title='bbox 917 5416 1124 5472; x_wconf 64' lang='lat' dir='ltr'><strong>Graeco.</strong></span> 
     </span>
    </p>
   </div>
   <div class='ocr_carea' id='block_1_83' title="bbox 606 5485 2091 5559">
    <p class='ocr_par' dir='ltr' id='par_1_83' title="bbox 606 5485 2091 5559">
     <span class='ocr_line' id='line_1_83' title="bbox 606 5485 2091 5559; baseline 0.004 -19"><span class='ocrx_word' id='word_1_600' title='bbox 606 5490 622 5528; x_wconf 69' lang='grc' dir='ltr'><strong>ί</strong></span> <span class='ocrx_word' id='word_1_601' title='bbox 660 5486 941 5542; x_wconf 84' lang='lat' dir='ltr'><strong>Humilitas</strong></span> <span class='ocrx_word' id='word_1_602' title='bbox 969 5486 1159 5559; x_wconf 67' lang='lat' dir='ltr'><strong>cordis.</strong></span> <span class='ocrx_word' id='word_1_603' title='bbox 1202 5485 1440 5559; x_wconf 76' lang='lat' dir='ltr'><strong>Habetur</strong></span> <span class='ocrx_word' id='word_1_604' title='bbox 1482 5487 1537 5542; x_wconf 90' lang='lat' dir='ltr'><strong>in</strong></span> <span class='ocrx_word' id='word_1_605' title='bbox 1579 5487 1780 5559; x_wconf 89' lang='lat' dir='ltr'><strong>Regula</strong></span> <span class='ocrx_word' id='word_1_606' title='bbox 1823 5506 1925 5546; x_wconf 90' lang='lat' dir='ltr'><strong>ms.</strong></span> <span class='ocrx_word' id='word_1_607' title='bbox 1971 5492 2091 5546; x_wconf 88' lang='lat' dir='ltr'><strong>cod.</strong></span> 
     </span>
    </p>
   </div>
   <div class='ocr_carea' id='block_1_84' title="bbox 530 5554 2096 5629">
    <p class='ocr_par' dir='ltr' id='par_1_84' title="bbox 530 5554 2096 5629">
     <span class='ocr_line' id='line_1_84' title="bbox 530 5554 2096 5629; baseline 0.006 -22"><span class='ocrx_word' id='word_1_608' title='bbox 530 5556 675 5618; x_wconf 75' lang='lat' dir='ltr'><strong>Flor.</strong></span> <span class='ocrx_word' id='word_1_609' title='bbox 703 5569 759 5612; x_wconf 91' lang='lat' dir='ltr'><strong>et</strong></span> <span class='ocrx_word' id='word_1_610' title='bbox 782 5559 835 5613; x_wconf 90' lang='lat' dir='ltr'><strong>in</strong></span> <span class='ocrx_word' id='word_1_611' title='bbox 854 5558 1097 5629; x_wconf 74' lang='lat' dir='ltr'><strong>editione</strong></span> <span class='ocrx_word' id='word_1_612' title='bbox 1125 5554 1415 5629; x_wconf 62' lang='lat' dir='ltr'><strong>Rarisiensi</strong></span> <span class='ocrx_word' id='word_1_613' title='bbox 1439 5572 1564 5629; x_wconf 71' lang='lat' dir='ltr'><strong>cap.</strong></span> <span class='ocrx_word' id='word_1_614' title='bbox 1600 5554 1684 5629; x_wconf 10' lang='lat'><strong>79;</strong></span> <span class='ocrx_word' id='word_1_615' title='bbox 1724 5561 1865 5629; x_wconf 88' lang='lat' dir='ltr'><strong>apud</strong></span> <span class='ocrx_word' id='word_1_616' title='bbox 1904 5560 2096 5615; x_wconf 84' lang='lat' dir='ltr'><strong>Golda-</strong></span> 
     </span>
    </p>
   </div>
   <div class='ocr_carea' id='block_1_85' title="bbox 533 5625 2098 5695">
    <p class='ocr_par' dir='ltr' id='par_1_85' title="bbox 533 5625 2098 5695">
     <span class='ocr_line' id='line_1_85' title="bbox 533 5625 2098 5695; baseline 0.003 -15"><span class='ocrx_word' id='word_1_617' title='bbox 533 5635 675 5680; x_wconf 81' lang='lat' dir='ltr'><strong>stum</strong></span> <span class='ocrx_word' id='word_1_618' title='bbox 703 5642 820 5695; x_wconf 90' lang='lat' dir='ltr'><strong>cap.</strong></span> <span class='ocrx_word' id='word_1_619' title='bbox 846 5628 929 5680; x_wconf 73' lang='lat' dir='ltr'><strong>M.</strong></span> <span class='ocrx_word' id='word_1_620' title='bbox 960 5625 1200 5680; x_wconf 80' lang='lat' dir='ltr'><strong>Notanda</strong></span> <span class='ocrx_word' id='word_1_621' title='bbox 1229 5634 1406 5680; x_wconf 89' lang='lat' dir='ltr'><strong>autem</strong></span> <span class='ocrx_word' id='word_1_622' title='bbox 1431 5625 1488 5681; x_wconf 90' lang='lat' dir='ltr'><strong>S.</strong></span> <span class='ocrx_word' id='word_1_623' title='bbox 1513 5625 1832 5684; x_wconf 75' lang='lat' dir='ltr'><strong>Columbam</strong></span> <span class='ocrx_word' id='word_1_624' title='bbox 1856 5630 2098 5684; x_wconf 86' lang='lat' dir='ltr'><strong>doctrina</strong></span> 
     </span>
    </p>
   </div>
   <div class='ocr_carea' id='block_1_86' title="bbox 534 5695 2100 5769">
    <p class='ocr_par' dir='ltr' id='par_1_86' title="bbox 534 5695 2100 5769">
     <span class='ocr_line' id='line_1_86' title="bbox 534 5695 2100 5769; baseline 0.004 -22"><span class='ocrx_word' id='word_1_625' title='bbox 534 5696 601 5747; x_wconf 84' lang='lat' dir='ltr'><strong>de</strong></span> <span class='ocrx_word' id='word_1_626' title='bbox 629 5707 753 5769; x_wconf 77' lang='lat' dir='ltr'><strong>vera</strong></span> <span class='ocrx_word' id='word_1_627' title='bbox 782 5697 943 5769; x_wconf 74' lang='lat' dir='ltr'><strong>animi</strong></span> <span class='ocrx_word' id='word_1_628' title='bbox 971 5695 1390 5769; x_wconf 70' lang='lat' dir='ltr'><strong>tranquillitate,</strong></span> <span class='ocrx_word' id='word_1_629' title='bbox 1428 5711 1596 5769; x_wconf 12' lang='lat' dir='ltr'><strong>quam,</strong></span> <span class='ocrx_word' id='word_1_630' title='bbox 1630 5699 1847 5753; x_wconf 89' lang='lat' dir='ltr'><strong>humilis</strong></span> <span class='ocrx_word' id='word_1_631' title='bbox 1871 5700 2100 5769; x_wconf 87' lang='lat' dir='ltr'><strong>quisque</strong></span> 
     </span>
    </p>
   </div>
   <div class='ocr_carea' id='block_1_87' title="bbox 533 5760 2098 5841">
    <p class='ocr_par' dir='ltr' id='par_1_87' title="bbox 533 5760 2098 5841">
     <span class='ocr_line' id='line_1_87' title="bbox 533 5760 2098 5841; baseline 0.007 -29"><span class='ocrx_word' id='word_1_632' title='bbox 533 5760 788 5834; x_wconf 75' lang='lat' dir='ltr'><strong>possidet.</strong></span> <span class='ocrx_word' id='word_1_633' title='bbox 826 5762 983 5819; x_wconf 72' lang='lat' dir='ltr'><strong>Juxta</strong></span> <span class='ocrx_word' id='word_1_634' title='bbox 1008 5760 1135 5819; x_wconf 76' lang='lat' dir='ltr'><strong>illud</strong></span> <span class='ocrx_word' id='word_1_635' title='bbox 1159 5765 1361 5819; x_wconf 77' lang='lat' dir='ltr'><strong>Christi</strong></span> <span class='ocrx_word' id='word_1_636' title='bbox 1404 5782 1416 5817; x_wconf 92' lang='lat'><strong>:</strong></span> <span class='ocrx_word' id='word_1_637' title='bbox 1446 5760 1649 5827; x_wconf 58' lang='lat' dir='ltr'><strong>&#39;Discite</strong></span> <span class='ocrx_word' id='word_1_638' title='bbox 1670 5787 1700 5822; x_wconf 88' lang='lat' dir='ltr'><strong>a</strong></span> <span class='ocrx_word' id='word_1_639' title='bbox 1724 5785 1803 5822; x_wconf 86' lang='lat' dir='ltr'><strong>me</strong></span> <span class='ocrx_word' id='word_1_640' title='bbox 1817 5760 1938 5841; x_wconf 78' lang='lat' dir='ltr'><strong>quia</strong></span> <span class='ocrx_word' id='word_1_641' title='bbox 1961 5760 2098 5823; x_wconf 73' lang='lat' dir='ltr'><strong>mitis</strong></span> 
     </span>
    </p>
   </div>
   <div class='ocr_carea' id='block_1_88' title="bbox 2188 1888 3754 1962">
    <p class='ocr_par' dir='ltr' id='par_1_88' title="bbox 2188 1888 3754 1962">
     <span class='ocr_line' id='line_1_88' title="bbox 2188 1888 3754 1962; baseline -0.001 -15"><span class='ocrx_word' id='word_1_642' title='bbox 2188 1906 2364 1961; x_wconf 91' lang='lat' dir='ltr'><strong>neque</strong></span> <span class='ocrx_word' id='word_1_643' title='bbox 2410 1891 2553 1945; x_wconf 89' lang='lat' dir='ltr'><strong>hanc</strong></span> <span class='ocrx_word' id='word_1_644' title='bbox 2580 1890 2822 1962; x_wconf 86' lang='lat' dir='ltr'><strong>mysterii</strong></span> <span class='ocrx_word' id='word_1_645' title='bbox 2852 1888 3192 1956; x_wconf 83' lang='lat' dir='ltr'><strong>felicitatem,</strong></span> <span class='ocrx_word' id='word_1_646' title='bbox 3222 1904 3397 1959; x_wconf 88' lang='lat' dir='ltr'><strong>neque</strong></span> <span class='ocrx_word' id='word_1_647' title='bbox 3439 1890 3588 1949; x_wconf 87' lang='lat' dir='ltr'><strong>aliud</strong></span> <span class='ocrx_word' id='word_1_648' title='bbox 3636 1890 3754 1961; x_wconf 84' lang='lat' dir='ltr'><strong>quid</strong></span> 
     </span>
    </p>
   </div>
   <div class='ocr_carea' id='block_1_89' title="bbox 2189 1978 3750 2052">
    <p class='ocr_par' dir='ltr' id='par_1_89' title="bbox 2189 1978 3750 2052">
     <span class='ocr_line' id='line_1_89' title="bbox 2189 1978 3750 2052; baseline 0.001 -16"><span class='ocrx_word' id='word_1_649' title='bbox 2189 1982 2319 2037; x_wconf 88' lang='lat' dir='ltr'><strong>utile</strong></span> <span class='ocrx_word' id='word_1_650' title='bbox 2364 1982 2749 2052; x_wconf 88' lang='lat' dir='ltr'><strong>superveniens</strong></span> <span class='ocrx_word' id='word_1_651' title='bbox 2780 1980 2976 2050; x_wconf 77' lang='lat' dir='ltr'><strong>puterit</strong></span> <span class='ocrx_word' id='word_1_652' title='bbox 3019 1978 3255 2050; x_wconf 79' lang='lat' dir='ltr'><strong>perfecte</strong></span> <span class='ocrx_word' id='word_1_653' title='bbox 3294 1980 3568 2051; x_wconf 85' lang='lat' dir='ltr'><strong>complere</strong></span> <span class='ocrx_word' id='word_1_654' title='bbox 3608 1983 3750 2051; x_wconf 88' lang='lat' dir='ltr'><strong>quis,</strong></span> 
     </span>
    </p>
   </div>
   <div class='ocr_carea' id='block_1_90' title="bbox 2188 2072 3750 2144">
    <p class='ocr_par' dir='ltr' id='par_1_90' title="bbox 2188 2072 3750 2144">
     <span class='ocr_line' id='line_1_90' title="bbox 2188 2072 3750 2144; baseline 0.001 -16"><span class='ocrx_word' id='word_1_655' title='bbox 2188 2074 2289 2128; x_wconf 89' lang='lat' dir='ltr'><strong>nisi</strong></span> <span class='ocrx_word' id='word_1_656' title='bbox 2316 2076 2405 2143; x_wconf 89' lang='lat' dir='ltr'><strong>qui</strong></span> <span class='ocrx_word' id='word_1_657' title='bbox 2436 2074 2491 2128; x_wconf 89' lang='lat' dir='ltr'><strong>in</strong></span> <span class='ocrx_word' id='word_1_658' title='bbox 2520 2074 2625 2128; x_wconf 90' lang='lat' dir='ltr'><strong>hoc</strong></span> <span class='ocrx_word' id='word_1_659' title='bbox 2661 2073 2895 2128; x_wconf 90' lang='lat' dir='ltr'><strong>studium</strong></span> <span class='ocrx_word' id='word_1_660' title='bbox 2920 2072 3193 2144; x_wconf 77' lang='lat' dir='ltr'><strong>singulare</strong></span> <span class='ocrx_word' id='word_1_661' title='bbox 3219 2074 3480 2143; x_wconf 85' lang='lat' dir='ltr'><strong>posuerit,</strong></span> <span class='ocrx_word' id='word_1_662' title='bbox 3507 2086 3549 2113; x_wconf 79' lang='grc' dir='ltr'><strong>ιιι</strong></span> <span class='ocrx_word' id='word_1_663' title='bbox 3570 2083 3630 2130; x_wconf 82' lang='grc' dir='ltr'><strong>ιιι</strong></span> <span class='ocrx_word' id='word_1_664' title='bbox 3652 2090 3750 2130; x_wconf 91' lang='lat' dir='ltr'><strong>non</strong></span> 
     </span>
    </p>
   </div>
   <div class='ocr_carea' id='block_1_91' title="bbox 2187 2161 3750 2239">
    <p class='ocr_par' dir='ltr' id='par_1_91' title="bbox 2187 2161 3750 2239">
     <span class='ocr_line' id='line_1_91' title="bbox 2187 2161 3750 2239; baseline 0.002 -23"><span class='ocrx_word' id='word_1_665' title='bbox 2187 2163 2495 2224; x_wconf 86' lang='lat' dir='ltr'><strong>inveniatur</strong></span> <span class='ocrx_word' id='word_1_666' title='bbox 2519 2162 2836 2233; x_wconf 82' lang='lat' dir='ltr'><strong>imparatus.</strong></span> <span class='ocrx_word' id='word_1_667' title='bbox 2871 2173 2898 2200; x_wconf 79' lang='grc' dir='ltr'><strong>ιι</strong></span> <span class='ocrx_word' id='word_1_668' title='bbox 2929 2161 2989 2217; x_wconf 93' lang='lat' dir='ltr'><strong>Si</strong></span> <span class='ocrx_word' id='word_1_669' title='bbox 3017 2163 3159 2217; x_wconf 90' lang='lat' dir='ltr'><strong>enim</strong></span> <span class='ocrx_word' id='word_1_670' title='bbox 3193 2162 3346 2239; x_wconf 76' lang='lat' dir='ltr'><strong>juxta</strong></span> <span class='ocrx_word' id='word_1_671' title='bbox 3385 2163 3489 2219; x_wconf 90' lang='lat' dir='ltr'><strong>hoc</strong></span> <span class='ocrx_word' id='word_1_672' title='bbox 3522 2165 3750 2219; x_wconf 85' lang='lat' dir='ltr'><strong>studium</strong></span> 
     </span>
    </p>
   </div>
   <div class='ocr_carea' id='block_1_92' title="bbox 2187 2251 3749 2327">
    <p class='ocr_par' dir='ltr' id='par_1_92' title="bbox 2187 2251 3749 2327">
     <span class='ocr_line' id='line_1_92' title="bbox 2187 2251 3749 2327; baseline 0.002 -18"><span class='ocrx_word' id='word_1_673' title='bbox 2187 2268 2315 2309; x_wconf 89' lang='lat' dir='ltr'><strong>suas</strong></span> <span class='ocrx_word' id='word_1_674' title='bbox 2344 2251 2551 2322; x_wconf 86' lang='lat' dir='ltr'><strong>aliquas</strong></span> <span class='ocrx_word' id='word_1_675' title='bbox 2573 2253 2770 2311; x_wconf 87' lang='lat' dir='ltr'><strong>sectari</strong></span> <span class='ocrx_word' id='word_1_676' title='bbox 2796 2262 2891 2309; x_wconf 89' lang='lat' dir='ltr'><strong>aut</strong></span> <span class='ocrx_word' id='word_1_677' title='bbox 2916 2254 3124 2314; x_wconf 89' lang='lat' dir='ltr'><strong>nutrire</strong></span> <span class='ocrx_word' id='word_1_678' title='bbox 3154 2254 3382 2309; x_wconf 89' lang='lat' dir='ltr'><strong>voluerit</strong></span> <span class='ocrx_word' id='word_1_679' title='bbox 3409 2254 3749 2327; x_wconf 87' lang='lat' dir='ltr'><strong>intentiones,</strong></span> 
     </span>
    </p>
   </div>
   <div class='ocr_carea' id='block_1_93' title="bbox 2187 2343 3750 2413">
    <p class='ocr_par' dir='ltr' id='par_1_93' title="bbox 2187 2343 3750 2413">
     <span class='ocr_line' id='line_1_93' title="bbox 2187 2343 3750 2413; baseline 0.001 -16"><span class='ocrx_word' id='word_1_680' title='bbox 2187 2344 2441 2398; x_wconf 85' lang='lat' dir='ltr'><strong>continuo</strong></span> <span class='ocrx_word' id='word_1_681' title='bbox 2464 2343 2905 2412; x_wconf 82' lang='lat' dir='ltr'><strong>interpositurum</strong></span> <span class='ocrx_word' id='word_1_682' title='bbox 2946 2343 3300 2413; x_wconf 89' lang='lat' dir='ltr'><strong>occupatione</strong></span> <span class='ocrx_word' id='word_1_683' title='bbox 3327 2343 3582 2399; x_wconf 87' lang='lat' dir='ltr'><strong>detentus</strong></span> <span class='ocrx_word' id='word_1_684' title='bbox 3601 2385 3618 2410; x_wconf 91' lang='lat'><strong>,</strong></span> <span class='ocrx_word' id='word_1_685' title='bbox 3647 2353 3750 2399; x_wconf 80' lang='lat' dir='ltr'><strong>tur-</strong></span> 
     </span>
    </p>
   </div>
   <div class='ocr_carea' id='block_1_94' title="bbox 2186 2432 3750 2504">
    <p class='ocr_par' dir='ltr' id='par_1_94' title="bbox 2186 2432 3750 2504">
     <span class='ocr_line' id='line_1_94' title="bbox 2186 2432 3750 2504; baseline -0.001 -16"><span class='ocrx_word' id='word_1_686' title='bbox 2186 2435 2348 2489; x_wconf 87' lang='lat' dir='ltr'><strong>batus</strong></span> <span class='ocrx_word' id='word_1_687' title='bbox 2377 2440 2522 2489; x_wconf 90' lang='lat' dir='ltr'><strong>totus</strong></span> <span class='ocrx_word' id='word_1_688' title='bbox 2548 2433 2733 2502; x_wconf 90' lang='lat' dir='ltr'><strong>sequi,</strong></span> <span class='ocrx_word' id='word_1_689' title='bbox 2764 2439 2789 2468; x_wconf 87' lang='grc' dir='ltr'><strong>ο</strong></span> <span class='ocrx_word' id='word_1_690' title='bbox 2824 2448 2927 2503; x_wconf 92' lang='lat' dir='ltr'><strong>qua</strong></span> <span class='ocrx_word' id='word_1_691' title='bbox 2948 2433 3120 2503; x_wconf 88' lang='lat' dir='ltr'><strong>iussio</strong></span> <span class='ocrx_word' id='word_1_692' title='bbox 3156 2432 3323 2499; x_wconf 90' lang='lat' dir='ltr'><strong>ducit,</strong></span> <span class='ocrx_word' id='word_1_693' title='bbox 3350 2443 3377 2483; x_wconf 83' lang='lat' dir='ltr'><strong>P</strong></span> <span class='ocrx_word' id='word_1_694' title='bbox 3404 2442 3596 2504; x_wconf 84' lang='lat' dir='ltr'><strong>gratus</strong></span> <span class='ocrx_word' id='word_1_695' title='bbox 3624 2450 3750 2489; x_wconf 84' lang='lat' dir='ltr'><strong>sem-</strong></span> 
     </span>
    </p>
   </div>
   <div class='ocr_carea' id='block_1_95' title="bbox 2185 2522 3751 2596">
    <p class='ocr_par' dir='ltr' id='par_1_95' title="bbox 2185 2522 3751 2596">
     <span class='ocr_line' id='line_1_95' title="bbox 2185 2522 3751 2596; baseline -0.001 -18"><span class='ocrx_word' id='word_1_696' title='bbox 2185 2539 2284 2596; x_wconf 90' lang='lat' dir='ltr'><strong>per</strong></span> <span class='ocrx_word' id='word_1_697' title='bbox 2313 2539 2420 2579; x_wconf 88' lang='lat' dir='ltr'><strong>non</strong></span> <span class='ocrx_word' id='word_1_698' title='bbox 2445 2524 2643 2595; x_wconf 88' lang='lat' dir='ltr'><strong>poterit</strong></span> <span class='ocrx_word' id='word_1_699' title='bbox 2668 2540 2683 2590; x_wconf 89' lang='lat'><strong>;</strong></span> <span class='ocrx_word' id='word_1_700' title='bbox 2719 2538 2914 2592; x_wconf 85' lang='lat' dir='ltr'><strong>neque,</strong></span> <span class='ocrx_word' id='word_1_701' title='bbox 2945 2531 3006 2581; x_wconf 89' lang='lat' dir='ltr'><strong>ut</strong></span> <span class='ocrx_word' id='word_1_702' title='bbox 3028 2523 3314 2593; x_wconf 87' lang='lat' dir='ltr'><strong>competit,</strong></span> <span class='ocrx_word' id='word_1_703' title='bbox 3352 2522 3627 2594; x_wconf 87' lang='lat' dir='ltr'><strong>complere</strong></span> <span class='ocrx_word' id='word_1_704' title='bbox 3648 2533 3751 2592; x_wconf 86' lang='lat' dir='ltr'><strong>pot-</strong></span> 
     </span>
    </p>
   </div>
   <div class='ocr_carea' id='block_1_96' title="bbox 2186 2613 3753 2684">
    <p class='ocr_par' dir='ltr' id='par_1_96' title="bbox 2186 2613 3753 2684">
     <span class='ocr_line' id='line_1_96' title="bbox 2186 2613 3753 2684; baseline 0 -15"><span class='ocrx_word' id='word_1_705' title='bbox 2186 2615 2311 2679; x_wconf 91' lang='lat' dir='ltr'><strong>erit,</strong></span> <span class='ocrx_word' id='word_1_706' title='bbox 2340 2615 2431 2684; x_wconf 90' lang='lat' dir='ltr'><strong>qui</strong></span> <span class='ocrx_word' id='word_1_707' title='bbox 2463 2613 2801 2669; x_wconf 90' lang='lat' dir='ltr'><strong>turbulentus</strong></span> <span class='ocrx_word' id='word_1_708' title='bbox 2822 2622 2907 2669; x_wconf 89' lang='lat' dir='ltr'><strong>est</strong></span> <span class='ocrx_word' id='word_1_709' title='bbox 2921 2622 2975 2675; x_wconf 82' lang='lat' dir='ltr'><strong>et</strong></span> <span class='ocrx_word' id='word_1_710' title='bbox 2998 2624 3025 2664; x_wconf 71' lang='grc' dir='ltr'><strong>τι</strong></span> <span class='ocrx_word' id='word_1_711' title='bbox 3049 2615 3311 2684; x_wconf 89' lang='lat' dir='ltr'><strong>ingratus.</strong></span> <span class='ocrx_word' id='word_1_712' title='bbox 3332 2613 3753 2670; x_wconf 79' lang='lat' dir='ltr'><strong>Mortiﬁcationis</strong></span> 
     </span>
    </p>
   </div>
   <div class='ocr_carea' id='block_1_97' title="bbox 2182 2702 3749 2773">
    <p class='ocr_par' dir='ltr' id='par_1_97' title="bbox 2182 2702 3749 2773">
     <span class='ocr_line' id='line_1_97' title="bbox 2182 2702 3749 2773; baseline 0.001 -16"><span class='ocrx_word' id='word_1_713' title='bbox 2182 2703 2350 2771; x_wconf 71' lang='lat' dir='ltr'><strong>igitur</strong></span> <span class='ocrx_word' id='word_1_714' title='bbox 2376 2702 2571 2773; x_wconf 81' lang='lat' dir='ltr'><strong>triplex</strong></span> <span class='ocrx_word' id='word_1_715' title='bbox 2597 2710 2681 2757; x_wconf 92' lang='lat' dir='ltr'><strong>est</strong></span> <span class='ocrx_word' id='word_1_716' title='bbox 2714 2703 2869 2769; x_wconf 89' lang='lat' dir='ltr'><strong>ratio,</strong></span> <span class='ocrx_word' id='word_1_717' title='bbox 2905 2713 2927 2740; x_wconf 82' lang='grc' dir='ltr'><strong>ι’</strong></span> <span class='ocrx_word' id='word_1_718' title='bbox 2958 2718 3064 2757; x_wconf 90' lang='lat' dir='ltr'><strong>non</strong></span> <span class='ocrx_word' id='word_1_719' title='bbox 3091 2704 3272 2757; x_wconf 89' lang='lat' dir='ltr'><strong>animo</strong></span> <span class='ocrx_word' id='word_1_720' title='bbox 3299 2702 3634 2767; x_wconf 74' lang='lat' dir='ltr'><strong>discordem,</strong></span> <span class='ocrx_word' id='word_1_721' title='bbox 3658 2720 3749 2768; x_wconf 81' lang='lat' dir='ltr'><strong>non</strong></span> 
     </span>
    </p>
   </div>
   <div class='ocr_carea' id='block_1_98' title="bbox 2186 2855 3752 2926">
    <p class='ocr_par' dir='ltr' id='par_1_98' title="bbox 2186 2855 3752 2926">
     <span class='ocr_line' id='line_1_98' title="bbox 2186 2855 3752 2926; baseline 0.001 -17"><span class='ocrx_word' id='word_1_722' title='bbox 2186 2872 2302 2910; x_wconf 78' lang='lat' dir='ltr'><strong>sum</strong></span> <span class='ocrx_word' id='word_1_723' title='bbox 2329 2866 2375 2909; x_wconf 88' lang='lat' dir='ltr'><strong>et</strong></span> <span class='ocrx_word' id='word_1_724' title='bbox 2405 2855 2617 2926; x_wconf 81' lang='lat' dir='ltr'><strong>humilis</strong></span> <span class='ocrx_word' id='word_1_725' title='bbox 2641 2856 2796 2915; x_wconf 85' lang='lat' dir='ltr'><strong>corde</strong></span> <span class='ocrx_word' id='word_1_726' title='bbox 2817 2871 2835 2908; x_wconf 91' lang='lat'><strong><em>:</em></strong></span> <span class='ocrx_word' id='word_1_727' title='bbox 2873 2867 2919 2910; x_wconf 85' lang='lat' dir='ltr'><strong>et</strong></span> <span class='ocrx_word' id='word_1_728' title='bbox 2944 2857 3211 2926; x_wconf 75' lang='lat' dir='ltr'><strong>invenietis</strong></span> <span class='ocrx_word' id='word_1_729' title='bbox 3234 2857 3460 2926; x_wconf 84' lang='lat' dir='ltr'><strong>requiem</strong></span> <span class='ocrx_word' id='word_1_730' title='bbox 3482 2856 3752 2911; x_wconf 80' lang='lat' dir='ltr'><strong>animabus</strong></span> 
     </span>
    </p>
   </div>
   <div class='ocr_carea' id='block_1_99' title="bbox 2188 2925 3748 2997">
    <p class='ocr_par' dir='ltr' id='par_1_99' title="bbox 2188 2925 3748 2997">
     <span class='ocr_line' id='line_1_99' title="bbox 2188 2925 3748 2997; baseline -0.001 -18"><span class='ocrx_word' id='word_1_731' title='bbox 2188 2928 2367 2997; x_wconf 74' lang='lat' dir='ltr'><strong>vestris</strong></span> <span class='ocrx_word' id='word_1_732' title='bbox 2388 2925 2722 2997; x_wconf 28' lang='lat' dir='ltr'><strong>(Manlian).</strong></span> <span class='ocrx_word' id='word_1_733' title='bbox 2754 2927 2899 2981; x_wconf 83' lang='lat' dir='ltr'><strong>Idem</strong></span> <span class='ocrx_word' id='word_1_734' title='bbox 2924 2926 3077 2997; x_wconf 78' lang='lat' dir='ltr'><strong>docet</strong></span> <span class='ocrx_word' id='word_1_735' title='bbox 3101 2925 3158 2980; x_wconf 90' lang='lat' dir='ltr'><strong>S.</strong></span> <span class='ocrx_word' id='word_1_736' title='bbox 3186 2925 3487 2997; x_wconf 83' lang='lat' dir='ltr'><strong>DorOtheus</strong></span> <span class='ocrx_word' id='word_1_737' title='bbox 3506 2927 3678 2997; x_wconf 75' lang='lat' dir='ltr'><strong>doctr.</strong></span> <span class='ocrx_word' id='word_1_738' title='bbox 3694 2927 3748 2978; x_wconf 68' lang='grc' dir='ltr'><strong>Ξῖ</strong></span> 
     </span>
    </p>
   </div>
   <div class='ocr_carea' id='block_1_100' title="bbox 2197 2995 3752 3066">
    <p class='ocr_par' dir='ltr' id='par_1_100' title="bbox 2197 2995 3752 3066">
     <span class='ocr_line' id='line_1_100' title="bbox 2197 2995 3752 3066; baseline 0.006 -21"><span class='ocrx_word' id='word_1_739' title='bbox 2197 3012 2215 3045; x_wconf 78' lang='grc' dir='ltr'>ι</span> <span class='ocrx_word' id='word_1_740' title='bbox 2249 2995 2405 3061; x_wconf 83' lang='lat' dir='ltr'><strong>Quod</strong></span> <span class='ocrx_word' id='word_1_741' title='bbox 2438 2995 2490 3066; x_wconf 82' lang='lat' dir='ltr'><strong>si</strong></span> <span class='ocrx_word' id='word_1_742' title='bbox 2520 2996 2727 3066; x_wconf 85' lang='lat' dir='ltr'><strong>molesti</strong></span> <span class='ocrx_word' id='word_1_743' title='bbox 2757 2995 3031 3066; x_wconf 87' lang='lat' dir='ltr'><strong>quippiam</strong></span> <span class='ocrx_word' id='word_1_744' title='bbox 3060 2997 3179 3051; x_wconf 87' lang='lat' dir='ltr'><strong>viro</strong></span> <span class='ocrx_word' id='word_1_745' title='bbox 3220 2996 3411 3050; x_wconf 88' lang='lat' dir='ltr'><strong>humili</strong></span> <span class='ocrx_word' id='word_1_746' title='bbox 3435 3005 3491 3050; x_wconf 92' lang='lat' dir='ltr'><strong>et</strong></span> <span class='ocrx_word' id='word_1_747' title='bbox 3527 2996 3752 3055; x_wconf 77' lang='lat' dir='ltr'><strong>demisso</strong></span> 
     </span>
    </p>
   </div>
   <div class='ocr_carea' id='block_1_101' title="bbox 2191 3064 3749 3135">
    <p class='ocr_par' dir='ltr' id='par_1_101' title="bbox 2191 3064 3749 3135">
     <span class='ocr_line' id='line_1_101' title="bbox 2191 3064 3749 3135; baseline 0.001 -16"><span class='ocrx_word' id='word_1_748' title='bbox 2191 3064 2496 3135; x_wconf 77' lang='lat' dir='ltr'><strong>contigerit,</strong></span> <span class='ocrx_word' id='word_1_749' title='bbox 2527 3064 2811 3120; x_wconf 82' lang='lat' dir='ltr'><strong>confestim</strong></span> <span class='ocrx_word' id='word_1_750' title='bbox 2835 3064 2904 3120; x_wconf 80' lang='lat' dir='ltr'><strong>ad</strong></span> <span class='ocrx_word' id='word_1_751' title='bbox 2932 3080 2992 3120; x_wconf 88' lang='lat' dir='ltr'><strong>se</strong></span> <span class='ocrx_word' id='word_1_752' title='bbox 3028 3067 3348 3130; x_wconf 89' lang='lat' dir='ltr'><strong>revertitur,</strong></span> <span class='ocrx_word' id='word_1_753' title='bbox 3382 3081 3441 3120; x_wconf 89' lang='lat' dir='ltr'><strong>se</strong></span> <span class='ocrx_word' id='word_1_754' title='bbox 3469 3068 3749 3133; x_wconf 83' lang='lat' dir='ltr'><strong>contrahit,</strong></span> 
     </span>
    </p>
   </div>
   <div class='ocr_carea' id='block_1_102' title="bbox 2115 3134 3754 3220">
    <p class='ocr_par' dir='ltr' id='par_1_102' title="bbox 2115 3134 3754 3220">
     <span class='ocr_line' id='line_1_102' title="bbox 2115 3134 3754 3220; baseline 0.001 -31"><span class='ocrx_word' id='word_1_755' title='bbox 2115 3158 2159 3220; x_wconf 71' lang='grc' dir='ltr'>ρ</span> <span class='ocrx_word' id='word_1_756' title='bbox 2192 3134 2631 3220; x_wconf 45' lang='grc' dir='ltr'><strong>δεουιϊιφδὺίιειι</strong></span> <span class='ocrx_word' id='word_1_757' title='bbox 2670 3136 2755 3189; x_wconf 87' lang='lat' dir='ltr'><strong>vir</strong></span> <span class='ocrx_word' id='word_1_758' title='bbox 2783 3136 2999 3220; x_wconf 69' lang='lat' dir='ltr'><strong>humilis</strong></span> <span class='ocrx_word' id='word_1_759' title='bbox 3041 3136 3240 3220; x_wconf 75' lang='lat' dir='ltr'><strong>corde,</strong></span> <span class='ocrx_word' id='word_1_760' title='bbox 3286 3151 3349 3220; x_wconf 10' lang='lat' dir='ltr'><strong>se?</strong></span> <span class='ocrx_word' id='word_1_761' title='bbox 3388 3135 3677 3220; x_wconf 74' lang='lat' dir='ltr'><strong>diiudicat,</strong></span> <span class='ocrx_word' id='word_1_762' title='bbox 3705 3144 3754 3191; x_wconf 87' lang='lat' dir='ltr'><strong>et</strong></span> 
     </span>
    </p>
   </div>
   <div class='ocr_carea' id='block_1_103' title="bbox 2191 3203 3755 3275">
    <p class='ocr_par' dir='ltr' id='par_1_103' title="bbox 2191 3203 3755 3275">
     <span class='ocr_line' id='line_1_103' title="bbox 2191 3203 3755 3275; baseline 0.003 -19"><span class='ocrx_word' id='word_1_763' title='bbox 2191 3203 2437 3275; x_wconf 86' lang='lat' dir='ltr'><strong>quamvis</strong></span> <span class='ocrx_word' id='word_1_764' title='bbox 2458 3219 2615 3274; x_wconf 75' lang='lat' dir='ltr'><strong>pmna</strong></span> <span class='ocrx_word' id='word_1_765' title='bbox 2647 3219 2711 3259; x_wconf 86' lang='lat' dir='ltr'><strong>ac</strong></span> <span class='ocrx_word' id='word_1_766' title='bbox 2741 3205 3002 3275; x_wconf 88' lang='lat' dir='ltr'><strong>supplicio</strong></span> <span class='ocrx_word' id='word_1_767' title='bbox 3045 3206 3263 3274; x_wconf 88' lang='lat' dir='ltr'><strong>dignum</strong></span> <span class='ocrx_word' id='word_1_768' title='bbox 3302 3219 3360 3262; x_wconf 89' lang='lat' dir='ltr'><strong>se</strong></span> <span class='ocrx_word' id='word_1_769' title='bbox 3398 3203 3615 3265; x_wconf 80' lang='lat' dir='ltr'><strong>censet,</strong></span> <span class='ocrx_word' id='word_1_770' title='bbox 3665 3221 3755 3261; x_wconf 85' lang='lat' dir='ltr'><strong>nec</strong></span> 
     </span>
    </p>
   </div>
   <div class='ocr_carea' id='block_1_104' title="bbox 2190 3274 3754 3344">
    <p class='ocr_par' dir='ltr' id='par_1_104' title="bbox 2190 3274 3754 3344">
     <span class='ocr_line' id='line_1_104' title="bbox 2190 3274 3754 3344; baseline 0.001 -16"><span class='ocrx_word' id='word_1_771' title='bbox 2190 3274 2305 3328; x_wconf 88' lang='lat' dir='ltr'><strong>vult</strong></span> <span class='ocrx_word' id='word_1_772' title='bbox 2350 3289 2675 3344; x_wconf 82' lang='lat' dir='ltr'><strong>quemquam</strong></span> <span class='ocrx_word' id='word_1_773' title='bbox 2719 3274 3012 3339; x_wconf 81' lang='lat' dir='ltr'><strong>accusare,</strong></span> <span class='ocrx_word' id='word_1_774' title='bbox 3053 3290 3153 3330; x_wconf 89' lang='lat' dir='ltr'><strong>nec</strong></span> <span class='ocrx_word' id='word_1_775' title='bbox 3200 3290 3417 3329; x_wconf 84' lang='lat' dir='ltr'><strong>causam</strong></span> <span class='ocrx_word' id='word_1_776' title='bbox 3453 3275 3679 3342; x_wconf 84' lang='lat' dir='ltr'><strong>reiieere</strong></span> <span class='ocrx_word' id='word_1_777' title='bbox 3706 3277 3754 3329; x_wconf 91' lang='lat' dir='ltr'><strong>in</strong></span> 
     </span>
    </p>
   </div>
   <div class='ocr_carea' id='block_1_105' title="bbox 2192 3343 3758 3415">
    <p class='ocr_par' dir='ltr' id='par_1_105' title="bbox 2192 3343 3758 3415">
     <span class='ocr_line' id='line_1_105' title="bbox 2192 3343 3758 3415; baseline 0.001 -18"><span class='ocrx_word' id='word_1_778' title='bbox 2192 3343 2595 3415; x_wconf 43' lang='lat' dir='ltr'><strong>alium&#39;patitur.</strong></span> <span class='ocrx_word' id='word_1_779' title='bbox 2624 3343 2853 3415; x_wconf 87' lang='lat' dir='ltr'><strong>Proinde</strong></span> <span class='ocrx_word' id='word_1_780' title='bbox 2890 3360 2997 3415; x_wconf 86' lang='lat' dir='ltr'><strong>non</strong></span> <span class='ocrx_word' id='word_1_781' title='bbox 3028 3346 3294 3400; x_wconf 89' lang='lat' dir='ltr'><strong>immerito</strong></span> <span class='ocrx_word' id='word_1_782' title='bbox 3328 3346 3533 3414; x_wconf 81' lang='lat' dir='ltr'><strong>absque</strong></span> <span class='ocrx_word' id='word_1_783' title='bbox 3555 3354 3758 3415; x_wconf 70' lang='lat' dir='ltr'><strong>pertun-</strong></span> 
     </span>
    </p>
   </div>
   <div class='ocr_carea' id='block_1_106' title="bbox 2190 3413 3760 3483">
    <p class='ocr_par' dir='ltr' id='par_1_106' title="bbox 2190 3413 3760 3483">
     <span class='ocr_line' id='line_1_106' title="bbox 2190 3413 3760 3483; baseline 0.001 -14"><span class='ocrx_word' id='word_1_784' title='bbox 2190 3414 2408 3469; x_wconf 90' lang='lat' dir='ltr'><strong>batioue</strong></span> <span class='ocrx_word' id='word_1_785' title='bbox 2442 3414 2585 3483; x_wconf 85' lang='lat' dir='ltr'><strong>degit</strong></span> <span class='ocrx_word' id='word_1_786' title='bbox 2612 3421 2667 3467; x_wconf 94' lang='lat' dir='ltr'><strong>et</strong></span> <span class='ocrx_word' id='word_1_787' title='bbox 2692 3413 2971 3479; x_wconf 88' lang='lat' dir='ltr'><strong>molestia;</strong></span> <span class='ocrx_word' id='word_1_788' title='bbox 3021 3415 3130 3469; x_wconf 88' lang='lat' dir='ltr'><strong>imo</strong></span> <span class='ocrx_word' id='word_1_789' title='bbox 3167 3413 3536 3470; x_wconf 82' lang='lat' dir='ltr'><strong>incredibilem</strong></span> <span class='ocrx_word' id='word_1_790' title='bbox 3558 3413 3760 3471; x_wconf 70' lang='lat' dir='ltr'><strong>animo</strong></span> 
     </span>
    </p>
   </div>
   <div class='ocr_carea' id='block_1_107' title="bbox 2192 3483 2827 3551">
    <p class='ocr_par' dir='ltr' id='par_1_107' title="bbox 2192 3483 2827 3551">
     <span class='ocr_line' id='line_1_107' title="bbox 2192 3483 2827 3551; baseline -0.006 -11"><span class='ocrx_word' id='word_1_791' title='bbox 2192 3498 2292 3541; x_wconf 80' lang='lat' dir='ltr'><strong>Suo</strong></span> <span class='ocrx_word' id='word_1_792' title='bbox 2320 3483 2484 3538; x_wconf 88' lang='lat' dir='ltr'><strong>sentit</strong></span> <span class='ocrx_word' id='word_1_793' title='bbox 2511 3483 2768 3551; x_wconf 84' lang='lat' dir='ltr'><strong>quietem.</strong></span> <span class='ocrx_word' id='word_1_794' title='bbox 2808 3503 2827 3536; x_wconf 74' lang='grc' dir='ltr'><strong><em>ι</em></strong></span> 
     </span>
    </p>
   </div>
   <div class='ocr_carea' id='block_1_108' title="bbox 2267 3551 3763 3624">
    <p class='ocr_par' dir='ltr' id='par_1_108' title="bbox 2267 3551 3763 3624">
     <span class='ocr_line' id='line_1_108' title="bbox 2267 3551 3763 3624; baseline 0.002 -19"><span class='ocrx_word' id='word_1_795' title='bbox 2267 3552 2281 3605; x_wconf 86' lang='lat' dir='ltr'><strong>i</strong></span> <span class='ocrx_word' id='word_1_796' title='bbox 2336 3552 2490 3624; x_wconf 80' lang='lat' dir='ltr'><strong>Tuta.</strong></span> <span class='ocrx_word' id='word_1_797' title='bbox 2520 3555 2597 3624; x_wconf 87' lang='lat' dir='ltr'><strong>lta</strong></span> <span class='ocrx_word' id='word_1_798' title='bbox 2621 3553 2675 3606; x_wconf 90' lang='lat' dir='ltr'><strong>in</strong></span> <span class='ocrx_word' id='word_1_799' title='bbox 2704 3551 2902 3623; x_wconf 85' lang='lat' dir='ltr'><strong>Regula</strong></span> <span class='ocrx_word' id='word_1_800' title='bbox 2930 3568 3031 3608; x_wconf 91' lang='lat' dir='ltr'><strong>ms.</strong></span> <span class='ocrx_word' id='word_1_801' title='bbox 3060 3553 3180 3607; x_wconf 91' lang='lat' dir='ltr'><strong>cod.</strong></span> <span class='ocrx_word' id='word_1_802' title='bbox 3209 3552 3389 3619; x_wconf 86' lang='lat' dir='ltr'><strong>Flor.;</strong></span> <span class='ocrx_word' id='word_1_803' title='bbox 3442 3554 3589 3624; x_wconf 88' lang='lat' dir='ltr'><strong>apud</strong></span> <span class='ocrx_word' id='word_1_804' title='bbox 3640 3552 3763 3608; x_wconf 86' lang='lat' dir='ltr'><strong>Gol-</strong></span> 
     </span>
    </p>
   </div>
   <div class='ocr_carea' id='block_1_109' title="bbox 2191 3621 3762 3701">
    <p class='ocr_par' dir='ltr' id='par_1_109' title="bbox 2191 3621 3762 3701">
     <span class='ocr_line' id='line_1_109' title="bbox 2191 3621 3762 3701; baseline 0.001 -22"><span class='ocrx_word' id='word_1_805' title='bbox 2191 3625 2403 3701; x_wconf 81' lang='lat' dir='ltr'><strong>dastum</strong></span> <span class='ocrx_word' id='word_1_806' title='bbox 2436 3621 2650 3701; x_wconf 75' lang='lat' dir='ltr'><strong>legitur,</strong></span> <span class='ocrx_word' id='word_1_807' title='bbox 2679 3621 2809 3686; x_wconf 68' lang='lat' dir='ltr'><strong>tota,</strong></span> <span class='ocrx_word' id='word_1_808' title='bbox 2837 3624 2979 3701; x_wconf 88' lang='lat' dir='ltr'><strong>quod</strong></span> <span class='ocrx_word' id='word_1_809' title='bbox 3005 3625 3338 3701; x_wconf 79' lang='lat' dir='ltr'><strong>nonprobo;</strong></span> <span class='ocrx_word' id='word_1_810' title='bbox 3373 3621 3762 3701; x_wconf 52' lang='lat' dir='ltr'><strong>sed&#39;esistimo</strong></span> 
     </span>
    </p>
   </div>
   <div class='ocr_carea' id='block_1_110' title="bbox 2192 3692 3763 3762">
    <p class='ocr_par' dir='ltr' id='par_1_110' title="bbox 2192 3692 3763 3762">
     <span class='ocr_line' id='line_1_110' title="bbox 2192 3692 3763 3762; baseline -0.001 -13"><span class='ocrx_word' id='word_1_811' title='bbox 2192 3695 2294 3750; x_wconf 92' lang='lat' dir='ltr'><strong>hoc</strong></span> <span class='ocrx_word' id='word_1_812' title='bbox 2350 3692 2684 3762; x_wconf 14' lang='lat' dir='ltr'><strong>vocabulum,</strong></span> <span class='ocrx_word' id='word_1_813' title='bbox 2714 3707 2834 3747; x_wconf 91' lang='lat' dir='ltr'><strong>esse</strong></span> <span class='ocrx_word' id='word_1_814' title='bbox 2856 3692 3253 3762; x_wconf 68' lang='lat' dir='ltr'><strong>‘transpositum</strong></span> <span class='ocrx_word' id='word_1_815' title='bbox 3300 3701 3357 3748; x_wconf 92' lang='lat' dir='ltr'><strong>et</strong></span> <span class='ocrx_word' id='word_1_816' title='bbox 3388 3709 3485 3747; x_wconf 89' lang='lat' dir='ltr'><strong>suo</strong></span> <span class='ocrx_word' id='word_1_817' title='bbox 3520 3695 3603 3748; x_wconf 87' lang='lat' dir='ltr'><strong>sic</strong></span> <span class='ocrx_word' id='word_1_818' title='bbox 3650 3693 3763 3748; x_wconf 82' lang='lat' dir='ltr'><strong>loco</strong></span> 
     </span>
    </p>
   </div>
   <div class='ocr_carea' id='block_1_111' title="bbox 2196 3761 3764 3832">
    <p class='ocr_par' dir='ltr' id='par_1_111' title="bbox 2196 3761 3764 3832">
     <span class='ocr_line' id='line_1_111' title="bbox 2196 3761 3764 3832; baseline -0.001 -14"><span class='ocrx_word' id='word_1_819' title='bbox 2196 3762 2578 3832; x_wconf 87' lang='lat' dir='ltr'><strong>restituendum</strong></span> <span class='ocrx_word' id='word_1_820' title='bbox 2607 3776 2621 3815; x_wconf 87' lang='lat'><strong>:</strong></span> <span class='ocrx_word' id='word_1_821' title='bbox 2656 3761 2722 3815; x_wconf 88' lang='lat' dir='ltr'><strong>Et</strong></span> <span class='ocrx_word' id='word_1_822' title='bbox 2754 3774 3003 3832; x_wconf 87' lang='lat' dir='ltr'><strong>quantum</strong></span> <span class='ocrx_word' id='word_1_823' title='bbox 3021 3761 3097 3816; x_wconf 78' lang='lat' dir='ltr'><strong>ad</strong></span> <span class='ocrx_word' id='word_1_824' title='bbox 3124 3764 3260 3816; x_wconf 86' lang='lat' dir='ltr'><strong>hanc</strong></span> <span class='ocrx_word' id='word_1_825' title='bbox 3297 3764 3764 3817; x_wconf 75' lang='lat' dir='ltr'><strong>considerationem</strong></span> 
     </span>
    </p>
   </div>
   <div class='ocr_carea' id='block_1_112' title="bbox 2193 3831 3765 3901">
    <p class='ocr_par' dir='ltr' id='par_1_112' title="bbox 2193 3831 3765 3901">
     <span class='ocr_line' id='line_1_112' title="bbox 2193 3831 3765 3901; baseline -0.001 -14"><span class='ocrx_word' id='word_1_826' title='bbox 2193 3834 2257 3887; x_wconf 86' lang='lat' dir='ltr'><strong>de</strong></span> <span class='ocrx_word' id='word_1_827' title='bbox 2281 3833 2440 3886; x_wconf 87' lang='lat' dir='ltr'><strong>tantis</strong></span> <span class='ocrx_word' id='word_1_828' title='bbox 2469 3831 2598 3900; x_wconf 79' lang='lat' dir='ltr'><strong>[oris</strong></span> <span class='ocrx_word' id='word_1_829' title='bbox 2626 3831 2771 3901; x_wconf 80' lang='lat' dir='ltr'><strong>vagis</strong></span> <span class='ocrx_word' id='word_1_830' title='bbox 2797 3842 2846 3885; x_wconf 89' lang='lat' dir='ltr'><strong>et</strong></span> <span class='ocrx_word' id='word_1_831' title='bbox 2872 3834 3016 3885; x_wconf 81' lang='lat' dir='ltr'><strong>vanis</strong></span> <span class='ocrx_word' id='word_1_832' title='bbox 3056 3833 3356 3897; x_wconf 88' lang='lat' dir='ltr'><strong>attrahitur,</strong></span> <span class='ocrx_word' id='word_1_833' title='bbox 3380 3842 3587 3886; x_wconf 84' lang='lat' dir='ltr'><strong>tantum</strong></span> <span class='ocrx_word' id='word_1_834' title='bbox 3628 3833 3765 3893; x_wconf 72' lang='lat' dir='ltr'><strong>intus</strong></span> 
     </span>
    </p>
   </div>
   <div class='ocr_carea' id='block_1_113' title="bbox 2195 3901 3766 3972">
    <p class='ocr_par' dir='ltr' id='par_1_113' title="bbox 2195 3901 3766 3972">
     <span class='ocr_line' id='line_1_113' title="bbox 2195 3901 3766 3972; baseline -0.001 -16"><span class='ocrx_word' id='word_1_835' title='bbox 2195 3913 2310 3956; x_wconf 86' lang='lat' dir='ltr'><strong>tuta</strong></span> <span class='ocrx_word' id='word_1_836' title='bbox 2360 3902 2631 3972; x_wconf 80' lang='lat' dir='ltr'><strong>requiescit</strong></span> <span class='ocrx_word' id='word_1_837' title='bbox 2672 3918 2736 3954; x_wconf 85' lang='lat' dir='ltr'><strong>ac</strong></span> <span class='ocrx_word' id='word_1_838' title='bbox 2782 3902 3138 3971; x_wconf 80' lang='lat' dir='ltr'><strong>refrigeratur.</strong></span> <span class='ocrx_word' id='word_1_839' title='bbox 3188 3901 3259 3957; x_wconf 84' lang='lat' dir='ltr'><strong>Ut</strong></span> <span class='ocrx_word' id='word_1_840' title='bbox 3295 3917 3502 3972; x_wconf 77' lang='lat' dir='ltr'><strong>sensus</strong></span> <span class='ocrx_word' id='word_1_841' title='bbox 3529 3902 3603 3955; x_wconf 86' lang='lat' dir='ltr'><strong>sit</strong></span> <span class='ocrx_word' id='word_1_842' title='bbox 3639 3920 3653 3955; x_wconf 90' lang='lat'><strong>:</strong></span> <span class='ocrx_word' id='word_1_843' title='bbox 3704 3906 3766 3956; x_wconf 70' lang='lat' dir='ltr'><strong>Et</strong></span> 
     </span>
    </p>
   </div>
   <div class='ocr_carea' id='block_1_114' title="bbox 2195 3971 3767 4042">
    <p class='ocr_par' dir='ltr' id='par_1_114' title="bbox 2195 3971 3767 4042">
     <span class='ocr_line' id='line_1_114' title="bbox 2195 3971 3767 4042; baseline 0.001 -16"><span class='ocrx_word' id='word_1_844' title='bbox 2195 3979 2456 4042; x_wconf 88' lang='lat' dir='ltr'><strong>quantum</strong></span> <span class='ocrx_word' id='word_1_845' title='bbox 2500 3971 2684 4042; x_wconf 84' lang='lat' dir='ltr'><strong>anima</strong></span> <span class='ocrx_word' id='word_1_846' title='bbox 2727 3986 2757 4025; x_wconf 92' lang='lat' dir='ltr'><strong>a</strong></span> <span class='ocrx_word' id='word_1_847' title='bbox 2788 3972 2957 4042; x_wconf 89' lang='lat' dir='ltr'><strong>vanis</strong></span> <span class='ocrx_word' id='word_1_848' title='bbox 2978 3971 3393 4042; x_wconf 87' lang='lat' dir='ltr'><strong>cogitationibus</strong></span> <span class='ocrx_word' id='word_1_849' title='bbox 3422 3971 3488 4025; x_wconf 89' lang='lat' dir='ltr'><strong>ad</strong></span> <span class='ocrx_word' id='word_1_850' title='bbox 3518 3972 3767 4028; x_wconf 87' lang='lat' dir='ltr'><strong>conside-</strong></span> 
     </span>
    </p>
   </div>
   <div class='ocr_carea' id='block_1_115' title="bbox 2196 4040 3767 4108">
    <p class='ocr_par' dir='ltr' id='par_1_115' title="bbox 2196 4040 3767 4108">
     <span class='ocr_line' id='line_1_115' title="bbox 2196 4040 3767 4108; baseline 0 -12"><span class='ocrx_word' id='word_1_851' title='bbox 2196 4040 2462 4097; x_wconf 78' lang='lat' dir='ltr'><strong>rationem</strong></span> <span class='ocrx_word' id='word_1_852' title='bbox 2502 4055 2645 4095; x_wconf 74' lang='lat' dir='ltr'><strong>vera:</strong></span> <span class='ocrx_word' id='word_1_853' title='bbox 2673 4040 2994 4101; x_wconf 90' lang='lat' dir='ltr'><strong>humilitatis</strong></span> <span class='ocrx_word' id='word_1_854' title='bbox 3037 4040 3344 4108; x_wconf 79' lang='lat' dir='ltr'><strong>attrahitur,</strong></span> <span class='ocrx_word' id='word_1_855' title='bbox 3371 4049 3585 4095; x_wconf 87' lang='lat' dir='ltr'><strong>tantum</strong></span> <span class='ocrx_word' id='word_1_856' title='bbox 3624 4044 3767 4100; x_wconf 79' lang='lat' dir='ltr'><strong>intus</strong></span> 
     </span>
    </p>
   </div>
   <div class='ocr_carea' id='block_1_116' title="bbox 2198 4111 3361 4185">
    <p class='ocr_par' dir='ltr' id='par_1_116' title="bbox 2198 4111 3361 4185">
     <span class='ocr_line' id='line_1_116' title="bbox 2198 4111 3361 4185; baseline 0.01 -23"><span class='ocrx_word' id='word_1_857' title='bbox 2198 4120 2313 4185; x_wconf 79' lang='lat' dir='ltr'><strong>tuta</strong></span> <span class='ocrx_word' id='word_1_858' title='bbox 2335 4111 2645 4185; x_wconf 54' lang='lat' dir='ltr'><strong>requiescit,</strong></span> <span class='ocrx_word' id='word_1_859' title='bbox 2671 4121 2777 4165; x_wconf 91' lang='lat' dir='ltr'><strong>etc.</strong></span> <span class='ocrx_word' id='word_1_860' title='bbox 2934 4181 2949 4185; x_wconf 88' lang='lat'>_</span> <span class='ocrx_word' id='word_1_861' title='bbox 3008 4135 3017 4139; x_wconf 89' lang='grc'><strong>·</strong></span> <span class='ocrx_word' id='word_1_862' title='bbox 3280 4181 3295 4185; x_wconf 94' lang='lat'><em>_</em></span> <span class='ocrx_word' id='word_1_863' title='bbox 3330 4142 3361 4185; x_wconf 59' lang='grc' dir='ltr'><em>Α</em></span> 
     </span>
    </p>
   </div>
   <div class='ocr_carea' id='block_1_117' title="bbox 2269 4179 3592 4250">
    <p class='ocr_par' dir='ltr' id='par_1_117' title="bbox 2269 4179 3592 4250">
     <span class='ocr_line' id='line_1_117' title="bbox 2269 4179 3592 4250; baseline 0 -16"><span class='ocrx_word' id='word_1_864' title='bbox 2269 4182 2296 4221; x_wconf 81' lang='grc' dir='ltr'><strong>ιι</strong></span> <span class='ocrx_word' id='word_1_865' title='bbox 2338 4179 2537 4250; x_wconf 71' lang='lat' dir='ltr'><strong>Tantis.</strong></span> <span class='ocrx_word' id='word_1_866' title='bbox 2562 4180 2619 4234; x_wconf 85' lang='lat' dir='ltr'><strong>1d</strong></span> <span class='ocrx_word' id='word_1_867' title='bbox 2653 4190 2756 4245; x_wconf 90' lang='lat' dir='ltr'><strong>est,</strong></span> <span class='ocrx_word' id='word_1_868' title='bbox 2785 4190 2891 4245; x_wconf 91' lang='lat' dir='ltr'><strong>tot;</strong></span> <span class='ocrx_word' id='word_1_869' title='bbox 2918 4181 2984 4236; x_wconf 88' lang='lat' dir='ltr'><strong>de</strong></span> <span class='ocrx_word' id='word_1_870' title='bbox 3013 4195 3120 4250; x_wconf 86' lang='lat' dir='ltr'><strong>quo</strong></span> <span class='ocrx_word' id='word_1_871' title='bbox 3146 4179 3407 4236; x_wconf 85' lang='lat' dir='ltr'><strong>vocabulo</strong></span> <span class='ocrx_word' id='word_1_872' title='bbox 3427 4180 3592 4236; x_wconf 86' lang='lat' dir='ltr'><strong>infra.</strong></span> 
     </span>
    </p>
   </div>
   <div class='ocr_carea' id='block_1_118' title="bbox 2272 4249 3764 4320">
    <p class='ocr_par' dir='ltr' id='par_1_118' title="bbox 2272 4249 3764 4320">
     <span class='ocr_line' id='line_1_118' title="bbox 2272 4249 3764 4320; baseline 0.003 -17"><span class='ocrx_word' id='word_1_873' title='bbox 2272 4249 2290 4290; x_wconf 78' lang='grc' dir='ltr'>ι</span> <span class='ocrx_word' id='word_1_874' title='bbox 2333 4249 2492 4305; x_wconf 89' lang='lat' dir='ltr'><strong>Foris</strong></span> <span class='ocrx_word' id='word_1_875' title='bbox 2526 4252 2686 4320; x_wconf 85' lang='lat' dir='ltr'><strong>vagis.</strong></span> <span class='ocrx_word' id='word_1_876' title='bbox 2716 4251 2773 4304; x_wconf 92' lang='lat' dir='ltr'><strong>ln</strong></span> <span class='ocrx_word' id='word_1_877' title='bbox 2793 4249 3044 4306; x_wconf 79' lang='lat' dir='ltr'><strong>editione</strong></span> <span class='ocrx_word' id='word_1_878' title='bbox 3064 4251 3255 4320; x_wconf 64' lang='lat' dir='ltr'><strong>Insulae</strong></span> <span class='ocrx_word' id='word_1_879' title='bbox 3298 4252 3535 4315; x_wconf 85' lang='lat' dir='ltr'><strong>additur,</strong></span> <span class='ocrx_word' id='word_1_880' title='bbox 3564 4255 3764 4308; x_wconf 78' lang='lat' dir='ltr'><strong>acumi-</strong></span> 
     </span>
    </p>
   </div>
   <div class='ocr_carea' id='block_1_119' title="bbox 2200 4319 3769 4391">
    <p class='ocr_par' dir='ltr' id='par_1_119' title="bbox 2200 4319 3769 4391">
     <span class='ocr_line' id='line_1_119' title="bbox 2200 4319 3769 4391; baseline 0.001 -15"><span class='ocrx_word' id='word_1_881' title='bbox 2200 4321 2368 4377; x_wconf 84' lang='lat' dir='ltr'><strong>nibus.</strong></span> <span class='ocrx_word' id='word_1_882' title='bbox 2397 4319 2501 4375; x_wconf 89' lang='lat' dir='ltr'><strong>Sed</strong></span> <span class='ocrx_word' id='word_1_883' title='bbox 2528 4335 2748 4376; x_wconf 88' lang='lat' dir='ltr'><strong>necesse</strong></span> <span class='ocrx_word' id='word_1_884' title='bbox 2778 4337 2884 4378; x_wconf 87' lang='lat' dir='ltr'><strong>non</strong></span> <span class='ocrx_word' id='word_1_885' title='bbox 2913 4330 3014 4377; x_wconf 85' lang='lat' dir='ltr'><strong>est.</strong></span> <span class='ocrx_word' id='word_1_886' title='bbox 3044 4319 3203 4375; x_wconf 87' lang='lat' dir='ltr'><strong>Foris</strong></span> <span class='ocrx_word' id='word_1_887' title='bbox 3233 4337 3416 4391; x_wconf 81' lang='lat' dir='ltr'><strong>vagum</strong></span> <span class='ocrx_word' id='word_1_888' title='bbox 3443 4328 3530 4376; x_wconf 90' lang='lat' dir='ltr'><strong>est</strong></span> <span class='ocrx_word' id='word_1_889' title='bbox 3554 4337 3695 4378; x_wconf 86' lang='lat' dir='ltr'><strong>vana</strong></span> <span class='ocrx_word' id='word_1_890' title='bbox 3718 4332 3769 4383; x_wconf 86' lang='lat' dir='ltr'><strong>et</strong></span> 
     </span>
    </p>
   </div>
   <div class='ocr_carea' id='block_1_120' title="bbox 2201 4391 2667 4461">
    <p class='ocr_par' dir='ltr' id='par_1_120' title="bbox 2201 4391 2667 4461">
     <span class='ocr_line' id='line_1_120' title="bbox 2201 4391 2667 4461; baseline 0 -18"><span class='ocrx_word' id='word_1_891' title='bbox 2201 4391 2368 4446; x_wconf 88' lang='lat' dir='ltr'><strong>futilis</strong></span> <span class='ocrx_word' id='word_1_892' title='bbox 2393 4391 2667 4461; x_wconf 83' lang='lat' dir='ltr'><strong>cogitatio.</strong></span> 
     </span>
    </p>
   </div>
   <div class='ocr_carea' id='block_1_121' title="bbox 2272 4460 3767 4530">
    <p class='ocr_par' dir='ltr' id='par_1_121' title="bbox 2272 4460 3767 4530">
     <span class='ocr_line' id='line_1_121' title="bbox 2272 4460 3767 4530; baseline -0.002 -14"><span class='ocrx_word' id='word_1_893' title='bbox 2272 4472 2313 4501; x_wconf 76' lang='grc' dir='ltr'>ω</span> <span class='ocrx_word' id='word_1_894' title='bbox 2337 4461 2405 4515; x_wconf 88' lang='lat' dir='ltr'><strong>Ut</strong></span> <span class='ocrx_word' id='word_1_895' title='bbox 2434 4460 2535 4516; x_wconf 80' lang='lat' dir='ltr'><strong>nan</strong></span> <span class='ocrx_word' id='word_1_896' title='bbox 2557 4462 2852 4515; x_wconf 85' lang='lat' dir='ltr'><strong>inveniatur</strong></span> <span class='ocrx_word' id='word_1_897' title='bbox 2874 4461 3185 4530; x_wconf 85' lang='lat' dir='ltr'><strong>imparatus.</strong></span> <span class='ocrx_word' id='word_1_898' title='bbox 3230 4460 3288 4515; x_wconf 87' lang='lat' dir='ltr'><strong>id</strong></span> <span class='ocrx_word' id='word_1_899' title='bbox 3335 4468 3451 4525; x_wconf 87' lang='lat' dir='ltr'><strong>est,</strong></span> <span class='ocrx_word' id='word_1_900' title='bbox 3478 4460 3767 4519; x_wconf 81' lang='lat' dir='ltr'><strong>destitutus</strong></span> 
     </span>
    </p>
   </div>
   <div class='ocr_carea' id='block_1_122' title="bbox 2196 4530 3765 4614">
    <p class='ocr_par' dir='ltr' id='par_1_122' title="bbox 2196 4530 3765 4614">
     <span class='ocr_line' id='line_1_122' title="bbox 2196 4530 3765 4614; baseline -0.004 -25"><span class='ocrx_word' id='word_1_901' title='bbox 2196 4531 2363 4589; x_wconf 80' lang='lat' dir='ltr'><strong>armis</strong></span> <span class='ocrx_word' id='word_1_902' title='bbox 2389 4531 2799 4614; x_wconf 43' lang='lat' dir='ltr'><strong>humilitatis-et</strong></span> <span class='ocrx_word' id='word_1_903' title='bbox 2816 4531 3136 4614; x_wconf 67' lang='lat' dir='ltr'><strong>obedientize</strong></span> <span class='ocrx_word' id='word_1_904' title='bbox 3163 4546 3270 4614; x_wconf 77' lang='lat' dir='ltr'><strong>non</strong></span> <span class='ocrx_word' id='word_1_905' title='bbox 3290 4530 3620 4614; x_wconf 63' lang='lat' dir='ltr'><strong>inveniatur,</strong></span> <span class='ocrx_word' id='word_1_906' title='bbox 3649 4547 3765 4585; x_wconf 86' lang='lat' dir='ltr'><strong>cum</strong></span> 
     </span>
    </p>
   </div>
   <div class='ocr_carea' id='block_1_123' title="bbox 2194 4600 3765 4740">
    <p class='ocr_par' dir='ltr' id='par_1_123' title="bbox 2194 4600 3765 4740">
     <span class='ocr_line' id='line_1_123' title="bbox 2194 4600 3413 4669; baseline -0.002 -14"><span class='ocrx_word' id='word_1_907' title='bbox 2194 4615 2388 4669; x_wconf 89' lang='lat' dir='ltr'><strong>nempe</strong></span> <span class='ocrx_word' id='word_1_908' title='bbox 2409 4600 2528 4655; x_wconf 89' lang='lat' dir='ltr'><strong>alea</strong></span> <span class='ocrx_word' id='word_1_909' title='bbox 2554 4601 2987 4656; x_wconf 85' lang='lat' dir='ltr'><strong>mortillcationis</strong></span> <span class='ocrx_word' id='word_1_910' title='bbox 3014 4611 3097 4655; x_wconf 89' lang='lat' dir='ltr'><strong>est</strong></span> <span class='ocrx_word' id='word_1_911' title='bbox 3116 4601 3413 4655; x_wconf 88' lang='lat' dir='ltr'><strong>subeunda.</strong></span> 
     </span>
     <span class='ocr_line' id='line_1_124' title="bbox 2213 4668 3765 4740; baseline -0.001 -17"><span class='ocrx_word' id='word_1_912' title='bbox 2213 4738 2231 4740; x_wconf 22' lang='grc' dir='ltr'><em>ὡ</em></span> <span class='ocrx_word' id='word_1_913' title='bbox 2268 4680 2297 4707; x_wconf 79' lang='grc' dir='ltr'><strong>ιι</strong></span> <span class='ocrx_word' id='word_1_914' title='bbox 2333 4669 2390 4723; x_wconf 89' lang='lat' dir='ltr'><strong>Si</strong></span> <span class='ocrx_word' id='word_1_915' title='bbox 2413 4671 2547 4724; x_wconf 88' lang='lat' dir='ltr'><strong>enim</strong></span> <span class='ocrx_word' id='word_1_916' title='bbox 2568 4671 2728 4740; x_wconf 71' lang='lat' dir='ltr'><strong>juxta</strong></span> <span class='ocrx_word' id='word_1_917' title='bbox 2756 4670 2853 4724; x_wconf 86' lang='lat' dir='ltr'><strong>hoc</strong></span> <span class='ocrx_word' id='word_1_918' title='bbox 2874 4671 3104 4725; x_wconf 83' lang='lat' dir='ltr'><strong>studium</strong></span> <span class='ocrx_word' id='word_1_919' title='bbox 3121 4687 3242 4724; x_wconf 88' lang='lat' dir='ltr'><strong>suas</strong></span> <span class='ocrx_word' id='word_1_920' title='bbox 3265 4668 3492 4740; x_wconf 70' lang='lat' dir='ltr'><strong>aliquas.</strong></span> <span class='ocrx_word' id='word_1_921' title='bbox 3522 4669 3603 4724; x_wconf 88' lang='lat' dir='ltr'><strong>Ita</strong></span> <span class='ocrx_word' id='word_1_922' title='bbox 3633 4669 3765 4740; x_wconf 88' lang='lat' dir='ltr'><strong>apud</strong></span> 
     </span>
    </p>
   </div>
   <div class='ocr_carea' id='block_1_124' title="bbox 2197 4737 3767 4811">
    <p class='ocr_par' dir='ltr' id='par_1_124' title="bbox 2197 4737 3767 4811">
     <span class='ocr_line' id='line_1_125' title="bbox 2197 4737 3767 4811; baseline 0.001 -18"><span class='ocrx_word' id='word_1_923' title='bbox 2197 4738 2531 4811; x_wconf 78' lang='lat' dir='ltr'><strong>Goldastum.</strong></span> <span class='ocrx_word' id='word_1_924' title='bbox 2564 4737 2621 4804; x_wconf 83' lang='lat' dir='ltr'><strong>lu</strong></span> <span class='ocrx_word' id='word_1_925' title='bbox 2673 4739 2875 4811; x_wconf 88' lang='lat' dir='ltr'><strong>Regula</strong></span> <span class='ocrx_word' id='word_1_926' title='bbox 2922 4756 3051 4811; x_wconf 87' lang='lat' dir='ltr'><strong>mss.</strong></span> <span class='ocrx_word' id='word_1_927' title='bbox 3091 4741 3210 4811; x_wconf 80' lang='lat' dir='ltr'><strong>cod.</strong></span> <span class='ocrx_word' id='word_1_928' title='bbox 3262 4737 3406 4793; x_wconf 82' lang='lat' dir='ltr'><strong>Flor.</strong></span> <span class='ocrx_word' id='word_1_929' title='bbox 3453 4755 3562 4794; x_wconf 89' lang='lat' dir='ltr'><strong>non</strong></span> <span class='ocrx_word' id='word_1_930' title='bbox 3604 4737 3767 4811; x_wconf 65' lang='lat' dir='ltr'><strong>estsi</strong></span> 
     </span>
    </p>
   </div>
   <div class='ocr_carea' id='block_1_125' title="bbox 2199 4809 3762 4935">
    <p class='ocr_par' dir='ltr' id='par_1_125' title="bbox 2199 4809 3762 4935">
     <span class='ocr_line' id='line_1_126' title="bbox 2199 4809 3762 4881; baseline 0.001 -19"><span class='ocrx_word' id='word_1_931' title='bbox 2199 4809 2295 4863; x_wconf 81' lang='lat' dir='ltr'><strong>hoc</strong></span> <span class='ocrx_word' id='word_1_932' title='bbox 2314 4827 2339 4873; x_wconf 85' lang='grc'><strong><em>;·</em></strong></span> <span class='ocrx_word' id='word_1_933' title='bbox 2362 4820 2507 4864; x_wconf 87' lang='lat' dir='ltr'><strong>recte</strong></span> <span class='ocrx_word' id='word_1_934' title='bbox 2537 4829 2548 4864; x_wconf 89' lang='lat'><strong>:</strong></span> <span class='ocrx_word' id='word_1_935' title='bbox 2573 4818 2630 4864; x_wconf 89' lang='lat' dir='ltr'><strong>et</strong></span> <span class='ocrx_word' id='word_1_936' title='bbox 2654 4825 2750 4877; x_wconf 87' lang='lat' dir='ltr'><strong>pro</strong></span> <span class='ocrx_word' id='word_1_937' title='bbox 2764 4809 2898 4864; x_wconf 74' lang='lat' dir='ltr'><strong>suas</strong></span> <span class='ocrx_word' id='word_1_938' title='bbox 2929 4810 3002 4863; x_wconf 82' lang='lat' dir='ltr'><strong>ali</strong></span> <span class='ocrx_word' id='word_1_939' title='bbox 3041 4827 3156 4874; x_wconf 80' lang='lat' dir='ltr'><strong>uas,</strong></span> <span class='ocrx_word' id='word_1_940' title='bbox 3197 4810 3333 4879; x_wconf 86' lang='lat' dir='ltr'><strong>lege,</strong></span> <span class='ocrx_word' id='word_1_941' title='bbox 3357 4825 3514 4863; x_wconf 84' lang='lat' dir='ltr'><strong>suum</strong></span> <span class='ocrx_word' id='word_1_942' title='bbox 3555 4809 3762 4881; x_wconf 82' lang='lat' dir='ltr'><strong>aliquis.</strong></span> 
     </span>
     <span class='ocr_line' id='line_1_127' title="bbox 2200 4829 3762 4935; baseline 0.001 -3"><span class='ocrx_word' id='word_1_943' title='bbox 2200 4888 2260 4932; x_wconf 93' lang='lat' dir='ltr'><strong>ut</strong></span> <span class='ocrx_word' id='word_1_944' title='bbox 2294 4880 2407 4934; x_wconf 63' lang='lat' dir='ltr'><strong>hinc</strong></span> <span class='ocrx_word' id='word_1_945' title='bbox 2432 4880 2595 4934; x_wconf 87' lang='lat' dir='ltr'><strong>verba</strong></span> <span class='ocrx_word' id='word_1_946' title='bbox 2631 4878 2933 4935; x_wconf 88' lang='lat' dir='ltr'><strong>referantur</strong></span> <span class='ocrx_word' id='word_1_947' title='bbox 2970 4829 3040 4935; x_wconf 63' lang='lat' dir='ltr'><strong>a3</strong></span> <span class='ocrx_word' id='word_1_948' title='bbox 3077 4879 3378 4935; x_wconf 76' lang='lat' dir='ltr'><strong>sequentia.</strong></span> <span class='ocrx_word' id='word_1_949' title='bbox 3419 4895 3528 4935; x_wconf 87' lang='lat' dir='ltr'><strong>non</strong></span> <span class='ocrx_word' id='word_1_950' title='bbox 3582 4883 3653 4934; x_wconf 85' lang='lat' dir='ltr'><strong>ad</strong></span> <span class='ocrx_word' id='word_1_951' title='bbox 3680 4896 3762 4933; x_wconf 80' lang='lat' dir='ltr'><strong>an-</strong></span> 
     </span>
    </p>
   </div>
   <div class='ocr_carea' id='block_1_126' title="bbox 2200 4878 3765 4949">
    <p class='ocr_par' dir='ltr' id='par_1_126' title="bbox 2200 4878 3765 4949">
     <span class='ocr_line' id='line_1_128' title="bbox 2200 4878 3765 4949; baseline 0.001 -17"><span class='ocrx_word' id='word_1_952' title='bbox 2200 4888 2260 4932; x_wconf 93' lang='lat' dir='ltr'><strong>ut</strong></span> <span class='ocrx_word' id='word_1_953' title='bbox 2294 4880 2407 4934; x_wconf 63' lang='lat' dir='ltr'><strong>hinc</strong></span> <span class='ocrx_word' id='word_1_954' title='bbox 2432 4880 2595 4934; x_wconf 87' lang='lat' dir='ltr'><strong>verba</strong></span> <span class='ocrx_word' id='word_1_955' title='bbox 2631 4878 2933 4935; x_wconf 88' lang='lat' dir='ltr'><strong>referantur</strong></span> <span class='ocrx_word' id='word_1_956' title='bbox 2970 4878 3040 4935; x_wconf 88' lang='lat' dir='ltr'><strong>ad</strong></span> <span class='ocrx_word' id='word_1_957' title='bbox 3077 4878 3378 4949; x_wconf 80' lang='lat' dir='ltr'><strong>sequentia,</strong></span> <span class='ocrx_word' id='word_1_958' title='bbox 3419 4895 3528 4935; x_wconf 88' lang='lat' dir='ltr'><strong>non</strong></span> <span class='ocrx_word' id='word_1_959' title='bbox 3582 4878 3657 4934; x_wconf 80' lang='lat' dir='ltr'><strong>ad</strong></span> <span class='ocrx_word' id='word_1_960' title='bbox 3680 4896 3765 4933; x_wconf 80' lang='lat' dir='ltr'><strong>an-</strong></span> 
     </span>
    </p>
   </div>
   <div class='ocr_carea' id='block_1_127' title="bbox 2203 4948 3763 5019">
    <p class='ocr_par' dir='ltr' id='par_1_127' title="bbox 2203 4948 3763 5019">
     <span class='ocr_line' id='line_1_129' title="bbox 2203 4948 3763 5019; baseline 0 -18"><span class='ocrx_word' id='word_1_961' title='bbox 2203 4949 2501 5019; x_wconf 78' lang='lat' dir='ltr'><strong>tecedentia</strong></span> <span class='ocrx_word' id='word_1_962' title='bbox 2532 4951 2637 5004; x_wconf 91' lang='lat' dir='ltr'><strong>hoc</strong></span> <span class='ocrx_word' id='word_1_963' title='bbox 2664 4950 2822 5004; x_wconf 88' lang='lat' dir='ltr'><strong>modo</strong></span> <span class='ocrx_word' id='word_1_964' title='bbox 2848 4967 2861 5002; x_wconf 92' lang='lat'><strong>:</strong></span> <span class='ocrx_word' id='word_1_965' title='bbox 2900 4948 2961 5004; x_wconf 90' lang='lat' dir='ltr'><strong>Si</strong></span> <span class='ocrx_word' id='word_1_966' title='bbox 2999 4950 3143 5005; x_wconf 87' lang='lat' dir='ltr'><strong>enim</strong></span> <span class='ocrx_word' id='word_1_967' title='bbox 3167 4951 3321 5019; x_wconf 83' lang='lat' dir='ltr'><strong>iuxta</strong></span> <span class='ocrx_word' id='word_1_968' title='bbox 3350 4950 3589 5004; x_wconf 86' lang='lat' dir='ltr'><strong>studium</strong></span> <span class='ocrx_word' id='word_1_969' title='bbox 3617 4963 3763 5004; x_wconf 88' lang='lat' dir='ltr'><strong>suum</strong></span> 
     </span>
    </p>
   </div>
   <div class='ocr_carea' id='block_1_128' title="bbox 2201 5017 3759 5088">
    <p class='ocr_par' dir='ltr' id='par_1_128' title="bbox 2201 5017 3759 5088">
     <span class='ocr_line' id='line_1_130' title="bbox 2201 5017 3759 5088; baseline 0.004 -17"><span class='ocrx_word' id='word_1_970' title='bbox 2201 5017 2398 5086; x_wconf 88' lang='lat' dir='ltr'><strong>aliquis</strong></span> <span class='ocrx_word' id='word_1_971' title='bbox 2420 5020 2665 5088; x_wconf 88' lang='lat' dir='ltr'><strong>sequitur</strong></span> <span class='ocrx_word' id='word_1_972' title='bbox 2695 5034 2820 5077; x_wconf 88' lang='lat' dir='ltr'><strong>suas</strong></span> <span class='ocrx_word' id='word_1_973' title='bbox 2841 5017 3190 5082; x_wconf 74' lang='lat' dir='ltr'><strong>intentiones,</strong></span> <span class='ocrx_word' id='word_1_974' title='bbox 3228 5020 3284 5074; x_wconf 91' lang='lat' dir='ltr'><strong>id</strong></span> <span class='ocrx_word' id='word_1_975' title='bbox 3324 5029 3409 5074; x_wconf 91' lang='lat' dir='ltr'><strong>est</strong></span> <span class='ocrx_word' id='word_1_976' title='bbox 3435 5019 3759 5079; x_wconf 76' lang='lat' dir='ltr'><strong>voluntates.</strong></span> 
     </span>
    </p>
   </div>
   <div class='ocr_carea' id='block_1_129' title="bbox 2199 5089 3233 5160">
    <p class='ocr_par' dir='ltr' id='par_1_129' title="bbox 2199 5089 3233 5160">
     <span class='ocr_line' id='line_1_131' title="bbox 2199 5089 3233 5160; baseline 0.001 -19"><span class='ocrx_word' id='word_1_977' title='bbox 2199 5102 2305 5142; x_wconf 90' lang='lat' dir='ltr'><strong>non</strong></span> <span class='ocrx_word' id='word_1_978' title='bbox 2334 5089 2533 5160; x_wconf 78' lang='lat' dir='ltr'><strong>poterit</strong></span> <span class='ocrx_word' id='word_1_979' title='bbox 2558 5089 2713 5160; x_wconf 89' lang='lat' dir='ltr'><strong>sequi</strong></span> <span class='ocrx_word' id='word_1_980' title='bbox 2737 5104 2844 5160; x_wconf 88' lang='lat' dir='ltr'><strong>quo</strong></span> <span class='ocrx_word' id='word_1_981' title='bbox 2864 5089 3039 5160; x_wconf 85' lang='lat' dir='ltr'><strong>iussio</strong></span> <span class='ocrx_word' id='word_1_982' title='bbox 3066 5090 3233 5160; x_wconf 83' lang='lat' dir='ltr'><strong>ducit.</strong></span> 
     </span>
    </p>
   </div>
   <div class='ocr_carea' id='block_1_130' title="bbox 2270 5156 3760 5229">
    <p class='ocr_par' dir='ltr' id='par_1_130' title="bbox 2270 5156 3760 5229">
     <span class='ocr_line' id='line_1_132' title="bbox 2270 5156 3760 5229; baseline 0.005 -19"><span class='ocrx_word' id='word_1_983' title='bbox 2270 5164 2296 5191; x_wconf 90' lang='lat'>°</span> <span class='ocrx_word' id='word_1_984' title='bbox 2337 5156 2456 5229; x_wconf 80' lang='lat' dir='ltr'><strong>Qua</strong></span> <span class='ocrx_word' id='word_1_985' title='bbox 2473 5156 2655 5228; x_wconf 77' lang='lat' dir='ltr'><strong>jussio</strong></span> <span class='ocrx_word' id='word_1_986' title='bbox 2677 5156 2839 5229; x_wconf 65' lang='lat' dir='ltr'><strong>ducit.</strong></span> <span class='ocrx_word' id='word_1_987' title='bbox 2869 5156 2928 5213; x_wconf 82' lang='lat' dir='ltr'><strong>In</strong></span> <span class='ocrx_word' id='word_1_988' title='bbox 2955 5157 3136 5229; x_wconf 89' lang='lat' dir='ltr'><strong>regula</strong></span> <span class='ocrx_word' id='word_1_989' title='bbox 3158 5173 3298 5229; x_wconf 82' lang='lat' dir='ltr'><strong>mss.</strong></span> <span class='ocrx_word' id='word_1_990' title='bbox 3330 5157 3460 5229; x_wconf 44' lang='lat' dir='ltr'><strong>eod:</strong></span> <span class='ocrx_word' id='word_1_991' title='bbox 3481 5168 3539 5212; x_wconf 86' lang='lat' dir='ltr'><strong>et</strong></span> <span class='ocrx_word' id='word_1_992' title='bbox 3564 5158 3620 5229; x_wconf 83' lang='lat' dir='ltr'><strong>in</strong></span> <span class='ocrx_word' id='word_1_993' title='bbox 3662 5158 3760 5214; x_wconf 81' lang='lat' dir='ltr'><strong>edi-</strong></span> 
     </span>
    </p>
   </div>
   <div class='ocr_carea' id='block_1_131' title="bbox 2197 5226 3761 5349">
    <p class='ocr_par' dir='ltr' id='par_1_131' title="bbox 2197 5226 3761 5349">
     <span class='ocr_line' id='line_1_133' title="bbox 2197 5226 3761 5349; baseline -0.003 -67"><span class='ocrx_word' id='word_1_994' title='bbox 2368 5226 2560 5284; x_wconf 76' lang='lat' dir='ltr'><strong>lnsulae</strong></span> <span class='ocrx_word' id='word_1_995' title='bbox 2605 5229 2747 5299; x_wconf 89' lang='lat' dir='ltr'><strong>apud</strong></span> <span class='ocrx_word' id='word_1_996' title='bbox 2792 5226 3107 5284; x_wconf 81' lang='lat' dir='ltr'><strong>Goldastum</strong></span> <span class='ocrx_word' id='word_1_997' title='bbox 3153 5227 3351 5300; x_wconf 64' lang='lat' dir='ltr'><strong>legitur</strong></span> <span class='ocrx_word' id='word_1_998' title='bbox 3381 5246 3394 5282; x_wconf 90' lang='lat'><strong>:</strong></span> <span class='ocrx_word' id='word_1_999' title='bbox 3425 5226 3582 5294; x_wconf 81' lang='lat' dir='ltr'><strong>Quod</strong></span> <span class='ocrx_word' id='word_1_1000' title='bbox 3603 5229 3761 5298; x_wconf 78' lang='lat' dir='ltr'><strong>jussio</strong></span> 
     </span>
    </p>
   </div>
   <div class='ocr_carea' id='block_1_132' title="bbox 2235 5306 2342 5350">
    <p class='ocr_par' dir='ltr' id='par_1_132' title="bbox 2235 5306 2342 5350">
     <span class='ocr_line' id='line_1_134' title="bbox 2235 5306 2342 5350; baseline -0.009 -1"><span class='ocrx_word' id='word_1_1001' title='bbox 2235 5306 2342 5350; x_wconf 77' lang='lat' dir='ltr'><strong>icit.</strong></span> 
     </span>
    </p>
   </div>
   <div class='ocr_carea' id='block_1_133' title="bbox 2272 5363 3763 5438">
    <p class='ocr_par' dir='ltr' id='par_1_133' title="bbox 2272 5363 3763 5438">
     <span class='ocr_line' id='line_1_135' title="bbox 2272 5363 3763 5438; baseline 0.002 -22"><span class='ocrx_word' id='word_1_1002' title='bbox 2272 5375 2300 5414; x_wconf 76' lang='grc' dir='ltr'><strong>ιι</strong></span> <span class='ocrx_word' id='word_1_1003' title='bbox 2337 5363 2550 5420; x_wconf 83' lang='lat' dir='ltr'><strong>Gratus.</strong></span> <span class='ocrx_word' id='word_1_1004' title='bbox 2584 5366 2661 5438; x_wconf 90' lang='lat' dir='ltr'><strong>ld_</strong></span> <span class='ocrx_word' id='word_1_1005' title='bbox 2680 5375 2782 5432; x_wconf 91' lang='lat' dir='ltr'><strong>est,</strong></span> <span class='ocrx_word' id='word_1_1006' title='bbox 2813 5376 3163 5438; x_wconf 87' lang='lat' dir='ltr'><strong>spontaneus,</strong></span> <span class='ocrx_word' id='word_1_1007' title='bbox 3196 5367 3391 5424; x_wconf 88' lang='lat' dir='ltr'><strong>libens.</strong></span> <span class='ocrx_word' id='word_1_1008' title='bbox 3433 5366 3644 5425; x_wconf 61' lang='lat' dir='ltr'><strong>Gloss:</strong></span> <span class='ocrx_word' id='word_1_1009' title='bbox 3686 5379 3763 5420; x_wconf 84' lang='lat' dir='ltr'><strong>ve-</strong></span> 
     </span>
    </p>
   </div>
   <div class='ocr_carea' id='block_1_134' title="bbox 2203 5435 3273 5505">
    <p class='ocr_par' dir='ltr' id='par_1_134' title="bbox 2203 5435 3273 5505">
     <span class='ocr_line' id='line_1_136' title="bbox 2203 5435 3273 5505; baseline -0.001 -17"><span class='ocrx_word' id='word_1_1010' title='bbox 2203 5444 2390 5505; x_wconf 60' lang='lat' dir='ltr'><strong>teres;</strong></span> <span class='ocrx_word' id='word_1_1011' title='bbox 2422 5447 2588 5505; x_wconf 83' lang='lat' dir='ltr'><strong>grate,</strong></span> <span class='ocrx_word' id='word_1_1012' title='bbox 2607 5435 2788 5501; x_wconf 70' lang='grc' dir='ltr'><strong>ἡδέως,</strong></span> <span class='ocrx_word' id='word_1_1013' title='bbox 2821 5435 2873 5493; x_wconf 74' lang='lat' dir='ltr'><strong>id</strong></span> <span class='ocrx_word' id='word_1_1014' title='bbox 2896 5446 2999 5502; x_wconf 87' lang='lat' dir='ltr'><strong>est,</strong></span> <span class='ocrx_word' id='word_1_1015' title='bbox 3028 5438 3273 5492; x_wconf 66' lang='lat' dir='ltr'><strong>libenter.</strong></span> 
     </span>
    </p>
   </div>
   <div class='ocr_carea' id='block_1_135' title="bbox 2272 5503 3759 5574">
    <p class='ocr_par' dir='ltr' id='par_1_135' title="bbox 2272 5503 3759 5574">
     <span class='ocr_line' id='line_1_137' title="bbox 2272 5503 3759 5574; baseline 0.003 -20"><span class='ocrx_word' id='word_1_1016' title='bbox 2272 5515 2300 5553; x_wconf 69' lang='grc' dir='ltr'>ς</span> <span class='ocrx_word' id='word_1_1017' title='bbox 2344 5503 2610 5574; x_wconf 71' lang='lat' dir='ltr'><strong>Ingratus.</strong></span> <span class='ocrx_word' id='word_1_1018' title='bbox 2639 5508 2823 5572; x_wconf 69' lang='lat' dir='ltr'><strong>ld&#39;est,</strong></span> <span class='ocrx_word' id='word_1_1019' title='bbox 2852 5508 3073 5563; x_wconf 88' lang='lat' dir='ltr'><strong>invitus.</strong></span> <span class='ocrx_word' id='word_1_1020' title='bbox 3111 5507 3332 5562; x_wconf 89' lang='lat' dir='ltr'><strong>Plautus</strong></span> <span class='ocrx_word' id='word_1_1021' title='bbox 3368 5507 3423 5561; x_wconf 89' lang='lat' dir='ltr'><strong>in</strong></span> <span class='ocrx_word' id='word_1_1022' title='bbox 3470 5506 3759 5563; x_wconf 71' lang='lat' dir='ltr'><strong>Mercatore</strong></span> 
     </span>
    </p>
   </div>
   <div class='ocr_carea' id='block_1_136' title="bbox 2205 5573 3291 5645">
    <p class='ocr_par' dir='ltr' id='par_1_136' title="bbox 2205 5573 3291 5645">
     <span class='ocr_line' id='line_1_138' title="bbox 2205 5573 3291 5645; baseline 0.002 -17"><span class='ocrx_word' id='word_1_1023' title='bbox 2205 5573 2397 5645; x_wconf 52' lang='grc' dir='ltr'><strong>(ὶίιίιεΔ</strong></span> <span class='ocrx_word' id='word_1_1024' title='bbox 2415 5573 2517 5629; x_wconf 80' lang='lat' dir='ltr'><strong>tuis</strong></span> <span class='ocrx_word' id='word_1_1025' title='bbox 2542 5575 2799 5645; x_wconf 83' lang='lat' dir='ltr'><strong>ingratiis,</strong></span> <span class='ocrx_word' id='word_1_1026' title='bbox 2830 5577 2881 5630; x_wconf 89' lang='lat' dir='ltr'><strong>id</strong></span> <span class='ocrx_word' id='word_1_1027' title='bbox 2908 5585 2993 5631; x_wconf 87' lang='lat' dir='ltr'><strong>est</strong></span> <span class='ocrx_word' id='word_1_1028' title='bbox 3021 5586 3074 5632; x_wconf 89' lang='lat' dir='ltr'><strong>te</strong></span> <span class='ocrx_word' id='word_1_1029' title='bbox 3103 5577 3291 5632; x_wconf 86' lang='lat' dir='ltr'><strong>invito.</strong></span> 
     </span>
    </p>
   </div>
   <div class='ocr_carea' id='block_1_137' title="bbox 2204 5637 3757 5771">
    <p class='ocr_par' dir='ltr' id='par_1_137' title="bbox 2204 5637 3757 5771">
     <span class='ocr_line' id='line_1_139' title="bbox 2204 5637 3757 5771; baseline 0.005 -76"><span class='ocrx_word' id='word_1_1030' title='bbox 2204 5711 2238 5766; x_wconf 63' lang='grc' dir='ltr'><em>ὁ</em></span> <span class='ocrx_word' id='word_1_1031' title='bbox 2343 5637 2463 5766; x_wconf 50' lang='grc' dir='ltr'><strong>Ιῖοη</strong></span> <span class='ocrx_word' id='word_1_1032' title='bbox 2496 5637 2671 5698; x_wconf 67' lang='grc' dir='ltr'><strong>αηὶἦιο</strong></span> <span class='ocrx_word' id='word_1_1033' title='bbox 2709 5637 3031 5703; x_wconf 77' lang='lat' dir='ltr'><strong>discordare.</strong></span> <span class='ocrx_word' id='word_1_1034' title='bbox 3073 5645 3209 5701; x_wconf 87' lang='lat' dir='ltr'><strong>Cum</strong></span> <span class='ocrx_word' id='word_1_1035' title='bbox 3251 5647 3363 5703; x_wconf 88' lang='lat' dir='ltr'><strong>suis</strong></span> <span class='ocrx_word' id='word_1_1036' title='bbox 3402 5645 3664 5702; x_wconf 82' lang='lat' dir='ltr'><strong>fratribus</strong></span> <span class='ocrx_word' id='word_1_1037' title='bbox 3691 5644 3757 5705; x_wconf 63' lang='lat' dir='ltr'><strong>Yi‘</strong></span> 
     </span>
     <span class='ocr_line' id='line_1_140' title="bbox 2240 5727 2416 5767; baseline -0.011 0"><span class='ocrx_word' id='word_1_1038' title='bbox 2240 5728 2271 5767; x_wconf 91' lang='lat' dir='ltr'><strong>e</strong></span> <span class='ocrx_word' id='word_1_1039' title='bbox 2294 5727 2373 5767; x_wconf 81' lang='lat' dir='ltr'><strong>tce</strong></span> <span class='ocrx_word' id='word_1_1040' title='bbox 2404 5751 2416 5765; x_wconf 92' lang='lat'><strong>.</strong></span> 
     </span>
    </p>
   </div>
   <div class='ocr_carea' id='block_1_138' title="bbox 2240 5722 2416 5767">
    <p class='ocr_par' dir='ltr' id='par_1_138' title="bbox 2240 5722 2416 5767">
     <span class='ocr_line' id='line_1_141' title="bbox 2240 5722 2416 5767; baseline -0.011 0"><span class='ocrx_word' id='word_1_1041' title='bbox 2240 5722 2416 5767; x_wconf 73' lang='lat' dir='ltr'><strong>CliCCl.</strong></span> 
     </span>
    </p>
   </div>
  </div>
