3958 6198
461 368 565 424 8ῖ9

1428 357 1486 411 S.
1530 352 1892 408 BENEDICTI
1933 350 2222 406 ABBATIS
2259 343 2672 402 ANIANENSIS

3629 344 3737 401 ΜΟ

460 481 636 552 (Psal.
662 473 945 544 cxxxvm).
977 471 1044 527 Et
1077 489 1089 525 :
1124 470 1262 537 Quia
1292 469 1538 539 cogitatio
1564 468 1789 521 hominis
1832 463 2048 532 conﬁte-
2075 467 2122 525 Α
2151 460 2322 514 bonos
2349 466 2405 512 et
2432 456 2622 522 malos,
2644 463 2699 510 et
2718 452 2981 509 Dominus
3011 453 3077 509 de
3106 453 3243 509 coelo
3265 469 3485 525 semper
3510 458 3739 528 rcSpicit

461 574 606 627 bitur
626 570 718 623 tibi
754 564 927 637 (Psal.
961 560 1147 634 απτ).
1179 560 1315 614 Nam
1366 565 1427 613 ut
1473 558 1738 613 sollicitus
1781 556 1852 611 sit
1898 555 2045 608 circa

462 664 816 736 cogitationes
855 670 1163 726 perversas,
1188 654 1334 708 dicat
1381 666 1597 722 semper
1620 662 1644 691 ιι
1680 649 1830 703 utilis
1876 646 2048 700 frater

463 760 516 813 in
561 754 722 809 corde
772 765 869 803 suo
901 767 914 802 :
951 747 1096 800 Tune
1149 762 1237 800 ero
1287 742 1659 798 immaculatus
1688 742 1715 781 b
1749 756 1925 795 coram
1962 754 2043 803 eo,

460 849 507 903 si
533 847 863 900 observarem
891 856 974 893 me
1003 840 1067 891 ab
1096 837 1374 907 iniquitate
1404 852 1518 889 mea
1553 832 1726 907 (Psal.
1754 828 1912 902 xvn).
1941 830 2049 885 Vo-

461 937 721 990 lnntatem
756 946 885 986 vero
913 928 1189 1000 propriam
1221 928 1295 981 ita
1332 926 1512 980 facere
1536 924 2048 995 probibemur,cum

461 1028 606 1083 dicat
632 1023 914 1093 Scriptura
937 1018 1093 1073 nobis
1131 1036 1145 1072 :
1181 1029 1202 1055 ο
1230 1019 1273 1071 Α
1303 1014 1656 1071 voluntatibus
1684 1013 1788 1066 tuis
1818 1020 2048 1064 avertere

466 1115 657 1188 (Eccli.
684 1111 858 1182 xvm).
882 1110 1088 1164 Etitem
1117 1121 1366 1177 rogemus
1396 1106 1448 1159 in
1476 1104 1743 1168 oratione,
1766 1111 1827 1157 ut
1848 1101 1940 1155 fiat
1961 1115 2051 1153 vo-

464 1203 868 1262 luntasilliusin
887 1199 1271 1271 nobis(Matt/z.
1290 1196 1675 1271 v1).Docemur
1700 1209 1830 1265 ergo
1856 1192 2050 1247 merito

466 1305 707 1352 nostram
739 1309 842 1346 non
876 1291 1058 1346 facere
1092 1289 1455 1350 voluntatem,
1484 1302 1607 1340 cum
1635 1300 1889 1341 cavemus
1919 1282 2049 1337 illud

469 1385 612 1456 quod
636 1383 767 1437 dicit
793 1380 1075 1451 Scriptura
1096 1377 1151 1432 :d
1177 1377 1311 1432 Sunt
1335 1378 1429 1430 vite
1460 1392 1577 1446 qua:
1602 1375 1846 1428 videntur
1864 1373 1928 1426 ab
1952 1374 2048 1426 Ito-

469 1474 695 1529 minibus
724 1483 896 1535 recta’,
925 1485 1147 1540 quarum
1174 1467 1295 1537 ﬁnis
1326 1483 1485 1536 usque
1514 1465 1583 1518 ad
1616 1464 1937 1536 profundum
1969 1465 2052 1516 in-

468 1563 604 1631 ferni
656 1560 904 1630 demergit
955 1556 1136 1628 (Prov.
1168 1560 1300 1627 xiv).
1351 1558 1427 1626 lit.
1462 1571 1583 1610 cum
1620 1556 1748 1609 item
1794 1569 2049 1608 cavemus

468 1653 600 1707 illud
643 1652 788 1721 quod
836 1650 903 1706 de
956 1649 1352 1720 negligentibus
1395 1647 1597 1701 dictum
1641 1652 1767 1699 est:
1804 1643 2051 1713 Corrupti

466 1754 587 1800 sunt
614 1755 659 1798 et
691 1742 1064 1797 abominabiles
1089 1741 1219 1810 facti
1265 1749 1385 1794 sunt
1438 1739 1494 1792 in
1536 1736 1885 1792 voluntatibus
1940 1736 2051 1789 suis

2153 553 2292 608 filios
2317 552 2617 614 hominum,
2649 558 2710 603 ut
2737 547 2916 604 videat
2943 548 2991 603 si
3038 556 3121 604 est
3160 549 3473 619 intelligens
3516 559 3612 603 aut
3652 566 3743 605 rc-

2149 644 2372 716 quirens
2408 643 2577 696 Deum
2618 639 2791 712 (Psal.
2825 639 3055 711 xxxtu);
3109 647 3193 705 et,
3230 640 3280 695 si
3328 650 3353 678 ε
3412 639 3484 694 ab
3530 642 3741 712 angelis

2151 737 2308 792 nobis
2335 736 2607 807 deputatis
2637 734 2654 773 τ
2686 735 2929 804 quotidie
2956 736 3048 790 diu
3076 743 3348 804 noctuque
3391 734 3626 790 Domino
3664 735 3747 790 fa-

2151 826 2289 882 ctori
2325 834 2514 880 nostro
2542 840 2707 895 opera
2734 833 2919 879 nostra
2942 824 3286 889 nuntiantur,
3319 824 3625 879 cavendum
3657 836 3746 881 est

2152 915 2327 989 [ergo]
2360 916 2505 970 omni
2561 915 2722 978 hara,
2767 915 2990 979 fratres,
3042 915 3185 969 sicut
3238 915 3371 970 dicit
3416 915 3473 969 in
3528 916 3745 985 psalmo

2151 1006 2422 1076 Propheta
2474 1003 2591 1076 (Ps.
2638 1005 2736 1077 LI),
2766 1019 2834 1059 nc
2872 1020 2971 1060 nos
3001 1006 3335 1061 declinantes
3361 1006 3416 1060 in
3445 1007 3658 1060 malum
3688 1016 3745 1060 et

2152 1096 2371 1150 inutiles
2398 1095 2568 1150 factos
2591 1095 2769 1164 aliqua
2799 1097 2930 1150 hora
2956 1096 3184 1166 aspiciat
3212 1095 3448 1162 Deus,et
3468 1099 3743 1167 parcendo

2151 1188 2311 1242 nobis
2340 1186 2393 1240 in
2424 1188 2527 1242 hoc
2557 1197 2815 1256 tempore,
2841 1187 2966 1256 quia
2996 1188 3119 1256 pius
3141 1195 3225 1241 est
3249 1195 3306 1242 et
3333 1196 3619 1259 exspectat
3641 1206 3744 1244 nos

2151 1280 2392 1336 converti
2428 1279 2484 1333 in
2518 1278 2729 1343 melius,
2759 1280 2784 1317 ε
2812 1293 2880 1332 ne
2908 1279 3053 1333 dicat
3081 1280 3238 1335 nobis
3262 1280 3319 1336 in
3344 1279 3533 1337 futuro
3566 1298 3581 1335 :
3614 1282 3742 1337 Haec

2151 1368 2347 1433 fecisti,
2377 1376 2432 1424 et
2452 1369 2595 1423 tacui
2627 1366 2742 1440 (Ps.
2773 1369 2947 1439 κως.)

2330 1504 2357 1577 §
2394 1503 2457 1558 ll.
2487 1534 2559 1542 —
2586 1503 2662 1557 Ex
2703 1502 2923 1558 REGULA
2960 1501 3204 1556 CASSMNI
3245 1504 3382 1574 (cap.
3420 1503 3535 1565 42).

2223 1634 2251 1673 ιι
2286 1632 2616 1701 Principium
2659 1646 2790 1701 ergo
2834 1641 3035 1686 nostra:
3084 1631 3274 1686 salutis
3318 1630 3563 1700 ejusdem
3610 1648 3731 1689 cus-

2153 1727 2347 1792 stodia,
2375 1725 2517 1780 sicut
2551 1724 2685 1789 dixi,
2721 1724 2883 1778 timor
2910 1723 3122 1778 Domini
3157 1731 3258 1778 est.
3284 1722 3389 1777 Per
3425 1724 3573 1778 hunc
3594 1725 3737 1779 enim
3826 1780 3830 1783 Α

472 1832 646 1905 (Psal.
668 1833 811 1904 xm).
843 1833 902 1887 ln
933 1831 1221 1887 desideriis
1247 1845 1378 1884 vero
1420 1829 1602 1884 carnis
1630 1828 1705 1882 ita
1734 1827 1893 1883 nobis
1932 1840 2047 1881 cre-

2157 1816 2369 1871 initium
2409 1813 2852 1877 conversationis,
2882 1823 2939 1869 et
2964 1813 3221 1868 vitiorum
3244 1817 3513 1884 purgatio,
3543 1822 3600 1869 et
3624 1816 3736 1868 vir-

469 1927 659 1980 damus
707 1925 876 1978 Deum
934 1938 1148 1993 semper
1192 1936 1312 1976 esse
1365 1929 1709 1990 praesentem,
1740 1934 1863 1974 eum
1919 1918 2050 1972 dicit

470 2015 740 2084 Propheta
771 2032 785 2068 :
812 2014 944 2067 Ante
980 2022 1028 2066 te
1049 2022 1122 2065 est
1151 2028 1301 2066 omne
1323 2010 1639 2064 desiderium
1667 2024 1837 2063 meum
1870 2005 2043 2080 (Psal.

469 2104 629 2176 xvn).
665 2104 974 2160 Cavendum
1001 2118 1130 2174 ergo
1160 2102 1281 2157 ideo
1315 2101 1513 2155 malum
1544 2099 1891 2165 desiderium,
1919 2098 2046 2167 quia

471 2211 623 2249 mors
649 2209 805 2249 secus
836 2193 1115 2247 introitum
1145 2191 1518 2247 delectationis
1539 2189 1718 2259 posita
1745 2197 1850 2244 est.
1892 2187 2047 2243 Unde

475 2283 757 2355 Scriptura
784 2282 1029 2353 prtecipit
1052 2281 1237 2336 dicens
1269 2299 1281 2334 :
1310 2278 1439 2333 Post
1461 2278 1903 2349 concupiscentias
1930 2287 2049 2331 tuas

474 2391 579 2428 non
607 2389 696 2428 eas
726 2372 915 2445 (Eecli.
945 2373 1006 2443 ι).
1040 2372 1203 2443 Ergo,
1231 2371 1275 2426 si
1297 2370 1439 2425 oculi
1466 2368 1678 2425 Domini
1700 2368 2051 2438 speculantur

472 2502 622 2574 ginta
662 2503 1163 2573 interpretationem
1209 2505 1357 2559 τάπό
1386 2504 1654 2578 μακρὸθεν.
1704 2502 1857 2570 Quod
1904 2503 2047 2559 idem

473 2581 650 2628 armat.

550 2655 575 2682 ιι
633 2639 788 2695 Utilis
832 2641 1012 2709 frater.
1054 2643 1127 2697 lza
1178 2642 1229 2696 in
1271 2642 1470 2712 [tegula
1527 2658 1627 2698 ms.
1682 2641 1952 2713 Magistri,
1994 2644 2051 2699 in

472 2713 594 2767 cod.
626 2727 725 2765 ms.
761 2713 918 2767 Vind.
956 2721 1010 2766 et
1053 2721 1283 2782 utroque
1320 2714 1377 2767 S.
1418 2713 1602 2768 Germ.
1644 2714 1775 2767 etin
1812 2714 2052 2769 editione

472 2781 907 2853 Coloniensi.ilta
945 2784 1108 2836 etiam
1140 2781 1279 2853 apud
1326 2782 1699 2852 Smaragdum,
1731 2783 1790 2837 S.
1817 2782 2049 2838 Dunsta—

473 2867 601 2905 num
642 2860 697 2904 et
728 2852 1107 2923 Trithemium,
1137 2853 1228 2921 qui
1267 2853 1341 2907 ita
1378 2853 1654 2923 explicat:
1692 2870 1711 2903 ‹
1752 2853 1912 2923 Utilis
1940 2853 2051 2907 fra-

472 2930 558 2974 ter
588 2929 672 2974 est
697 2922 788 2990 qui
823 2923 1073 2991 omnibus
1109 2923 1365 2991 prodesse
1401 2922 1463 2977 et
1489 2922 1620 2976 nulli
1658 2922 1931 2978 desiderat
1956 2925 2052 2978 ob-

474 3005 615 3061 esse,
644 2993 733 3057 qui
765 2990 897 3044 nihil
925 2992 1067 3059 sapit
1091 2990 1191 3045 nisi
1213 2993 1354 3061 quod
1384 2992 1493 3046 Deo
1514 2991 1726 3061 placere
1750 2994 2049 3061 cognoscit,

475 3060 568 3128 qui
594 3068 780 3131 totam
816 3075 963 3128 spem
993 3077 1145 3114 suam
1183 3060 1334 3130 punit
1368 3062 1421 3115 in
1462 3060 1709 3126 Domino,
1746 3060 1863 3131 sine
1898 3061 2053 3131 cujus

480 3128 682 3200 annilio
717 3144 776 3200 se
810 3131 942 3183 nihil
972 3146 1133 3200 posse
1161 3128 1341 3185 facere
1374 3131 1674 3200 certissime
1705 3130 1896 3186 credit.
1931 3128 2051 3187 {In

472 3197 707 3267 vulgatis
744 3197 992 3268 legiturf
1028 3199 1255 3254 Humilis
1293 3200 1477 3270 frater.
1517 3199 1625 3255 Sed
1658 3200 1762 3256 hoc
1799 3210 1985 3269 manat
2014 3218 2047 3258 a

474 3269 707 3339 quodam
734 3278 1042 3323 correctore
1073 3279 1166 3322 aut
1202 3269 1555 3339 exScriptore.

550 3337 801 3413 b_Corani
842 3354 923 3390 eo.
989 3339 1062 3413 Ita
1102 3340 1165 3413 in
1192 3337 1438 3394 omnibus
1472 3340 1785 3413 codicibus,
1809 3356 1946 3413 quos
1967 3342 2050 3396 vi-

479 3407 674 3470 derim,
702 3409 813 3460 sive
835 3408 1101 3483 excussis,
1123 3409 1237 3483 sive
1273 3425 1406 3483 mss.
1433 3425 1555 3464 cum
1589 3407 1882 3483 in‘psalnio
1906 3412 2051 3483 lega-

477 3483 584 3553 tur,
632 3492 748 3553 eum
774 3493 882 3553 _eo,
931 3477 1093 3553 etiam
1140 3479 1485 3553 in_omnibus
1524 3477 2050 3553 versionjbusrqﬁas

474 3546 741 3619 viderim,
766 3544 922 3619 juxta
964 3548 1314 3619 Septuaginta
1364 3558 1418 3603 et
1458 3560 1660 3604 textum
1703 3544 2044 3607 llebraicum.

475 3614 582 3669 Sed
628 3613 686 3696 S._
712 3613 1055 3673 Benedictus-
1103 3613 1425 3673 vocabulum
1478 3623 1905 3677 accommodavit
1951 3638 2050 3679 suo

473 3696 767 3756 proposito.

548 3766 570 3794 ε
617 3755 661 3806 Α
703 3755 1053 3812 voluntatibus
1098 3760 1219 3813 tuis.
1269 3759 1324 3813 In
1367 3766 1513 3814 textu
1555 3760 1788 3816 Graeco:
1837 3763 2051 3820 Κοιὶᾶπὸ

473 3832 575 3898 τῷν
620 3828 827 3899 aptato»
865 3848 982 3882 σου.
1024 3829 1079 3900 ld
1123 3837 1228 3895 est,
1267 3838 1337 3900 et;
1359 3831 1427 3884 ab
1464 3831 1788 3900 appetitibus
1834 3834 1962 3889 tuis.
1989 3833 2049 3888 ln

472 3897 723 3949 versuone
764 3899 1055 3964 communi,
1092 3908 1142 3952 et
1183 3917 1216 3952 a
1256 3897 1669 3954 uoluntaté'tua.

543 3963 572 4002 τι
611 3964 745 4018 Sunt
786 3967 903 4028 vita,
945 3976 1050 4023 etc.
1083 3969 1209 4023 Haac
1245 3972 1511 4023 sententia
1541 3979 1719 4025 exstat
1755 3971 1811 4025 in
1844 3971 2051 4028 duobus

472 4031 608 4108 locis
643 4034 1055 4108 Proverbiorum
1085 4054 1204 4108 cap.
1235 4053 1363 4093 xiv:
1399 4056 1418 4089 ι
1454 4039 1551 4094 Est
1588 4040 1696 4105 via,
1741 4056 1861 4108 quae
1898 4043 2048 4096 vide-

473 4113 559 4155 tur
580 4103 781 4157 homini
813 4106 978 4174 justa,
1009 4103 1299 4162 novissima
1325 4116 1504 4162 autem
1534 4108 1650 4177 ejus
1682 4103 1953 4165 deducunt
1983 4114 2049 4166 ad

473 4180 733 4233 mortem;
770 4184 823 4225 et
866 4190 984 4247 cap.
1023 4192 1113 4229 xvr
1136 4194 1157 4247 _:
1187 4178 1281 4231 Est
1315 4178 1402 4231 via
1443 4194 1563 4247 qua:
1598 4179 1806 4233 videtur
1844 4181 2048 4236 lminini

473 4249 642 4320 recta,
684 4249 735 4294 et
773 4244 1059 4320 novissima
1101 4244 1216 4313 ejus
1249 4244 1558 4320 ducunt—ad
1600 4259 1848 4320 mortem.
1889 4250 1965 4303 Ita
1995 4252 2047 4305 in

468 4314 1004 4389 versionecommuni
1025 4314 1178 4389 juxta
1198 4322 1402 4369 textum
1426 4317 1768 4389 Heln-nicum,
1792 4320 1887 4373 sed
1910 4322 2051 4389 apud

472 4376 841 4457 Septuaginta,
870 4398 1007 4451 quos
1025 4376 1505 4457 sequitursanctus
1524 4376 1864 4457 Benedictus,
1891 4376 2051 4457 paulo

469 4450 645 4534 aliter.
685 4452 744 4503 (Σ.
791 4450 901 4534 {vt
925 4471 935 4505 :
966 4450 1121 4534 ζ-Εἰσξιῖ
1142 4454 1519 4534 ᾄδοίᾼβρκοῦσᾳι
1548 4450 1866 4534 ὁρθαὶρῖναιζ
1879 4450 2045 4534 ἀνδρὶ2

2150 1916 2325 1963 tutum
2379 1906 2623 1962 custodia
2664 1906 2750 1961 his
2793 1905 2885 1975 qui
2925 1905 3242 1960 imbuuntur
3276 1906 3344 1960 ad
3383 1906 3528 1961 viam
3566 1908 3741 1977 perfe-

2148 1999 2364 2065 ctionis,
2408 1997 2729 2068 acquiritur.
2778 1996 2905 2063 Qui,
2950 2012 3074 2052 cum
3118 1998 3419 2067 penetravit
3458 1999 3736 2053 hominum

2149 2098 2407 2155 mentem,
2452 2096 2820 2159 contemptum
2870 2088 2923 2144 ei
2969 2104 3150 2143 rerum
3196 2090 3438 2146 omnium
3482 2102 3683 2163 parat:
3715 2085 3765 2135 i‘

2149 2180 2476 2236 oblivionem
2513 2188 2818 2250 parentum,
2855 2180 3148 2249 mundique
3182 2181 3350 2251 ipsius
3404 2183 3583 2256 gignit
3619 2184 3741 2240 bor-

2152 2290 2371 2340 rorem;
2405 2271 2419 2324 i
2454 2266 2764 2342 contemptu
2810 2282 2991 2327 autem
3044 2280 3101 2327 et
3144 2273 3448 2344 privatione
3496 2275 3738 2332 omnium

2151 2364 2471 2421 facultatum
2498 2363 2777 2419 humilitas
2810 2362 3127 2433 acquiritur.

2151 2498 2371 2553 tiantur.
2415 2497 2473 2552 Si
2492 2511 2623 2568 ergo
2644 2495 2995 2568 maguumsit
3015 2510 3151 2566 opus
3178 2495 3323 2566 quod
3348 2497 3584 2567 agimus,
3612 2498 3735 2553 dum

2151 2569 2523 2632 annuntiatur,
2552 2566 2667 2637 ipsa
2697 2566 3036 2637 annuntiatio
3060 2566 3430 2637 quasiicantu’s
3459 2569 3603 2622 tuba:
3633 2581 3735 2634 est,

2150 2639 2309 2709 quasi
2349 2635 2842 2709 magnus—clamor.
2870 2656 2919 2709 pL
2942 2636 3151 2706 llaymo
3192 2635 3659 2693 Halberstatensis
3687 2640 3737 2693 in

2151 2706 2272 2779 cap.
2304 2724 2359 2763 tv
2399 2706 2650 2779 Epistula:
2678 2708 2746 2760 ad
2788 2706 3181 2779 Philippenses,
3221 2722 3320 2779 cur
3356 2723 3522 2776 opera
3553 2718 3737 2763 nostra

2152 2775 2260 2860 De};
2273 2780 2344 2860 ab
2369 2775 2574 2860 angelis
2599 2775 2999 2860 renuntiantur,
3028 2778 3168 2831 hanc
3196 2775 3734 2860 profertrationem;

2157 2870 2175 2899 ι
2216 2847 2562 2930 Utnoflicium
2604 2847 3058 2930 etOmini‘swterit’tm
3090 2862 3248 2900 suum
3288 2847 3571 2930 impleant,
3613 2850 3737 2930 quia

2153 2919 2328 2974 nuntii
2358 2925 2501 2973 sunt.
2539 2937 2558 2969 ι
2591 2917 2765 2971 Aliam
2794 2916 2953 2988 all'ert
2970 2915 3249 2988 Origenes,
3287 2915 3401 2971 sive
3432 2919 3558 2988 quis
3578 2915 3736 2983 alius.

2150 2990 2245 3044 lib.
2273 3005 2290 3043 ι
2314 2988 2834 3045 Commentariorum
2859 2989 2913 3041 in
2926 2986 3027 3042 Job
3054 3005 3066 3039 :
3090 3005 3109 3037 ι
3129 2986 3370 3043 Oll'erunt
3386 2986 3739 3044 nihilominus

2153 3060 2326 3115 sancti
2348 3057 2521 3128 angeli
2548 3057 2666 3128 Dei,
2692 3073 2798 3112 non
2823 3058 2977 3127 quasi
3010 3057 3296 3128 nesciatis
3315 3058 3407 3128 qui
3429 3060 3613 3113 omnia
3644 3076 3740 3115 no-

2153 3132 2231 3185 vit
2259 3126 2546 3198 antequam
2571 3126 2724 3193 ﬁant,
2769 3126 2863 3198 sed
2902 3136 2962 3181 ut
2988 3136 3153 3182 testes
3185 3126 3491 3183 elliciantur
3527 3131 3736 3184 sancti-

2156 3201 2282 3254 tatis
2330 3197 2492 3269 atdue
2533 3198 2751 3267 pietatis
2773 3197 3041 3269 justornm
3070 3214 3085 3263 ;
3118 3198 3313 3269 iterum
3356 3206 3617 3268 tanquam
3647 3201 3740 3255 de—

2151 3270 2340 3325 ﬂentes
2369 3267 2673 3340 impietates
2689 3276 2853 3340 atque
2882 3268 3174 3338 injustitias
3201 3267 3546 3337 injustorum,
3576 3278 3739 3340 atque

2149 3337 2519 3411 etiamipsips
2557 3337 2800 3411 diaboli;
2835 3337 3629 3411 hmcnamquehdemonstrans
3653 3337 3738 3395 at-

2147 3424 2254 3481 que
2297 3407 2606 3481 signiﬁcans
2630 3408 2889 3481 Dominus
2914 3408 3047 3464 dicit
3087 3407 3152 3463 de
3191 3407 3300 3462 illis
3341 3408 3500 3481 bonis
3540 3412 3735 3481 servis,

2148 3477 2252 3537 lioc
2278 3477 2383 3545 est,
2408 3477 2612 3549 angelis
2636 3496 2649 3533 :
2679 3478 2998 3534 «Venientes
3026 3487 3204 3532 autem
3232 3479 3736 3549 nuntiaveruntDo-

2148 3552 2297 3606 mino
2324 3565 2420 3605 suo
2441 3548 2623 3621 omnia
2649 3564 2768 3619 qua:
2791 3549 2945 3621 facta
2958 3549 3171 3621 fuerant
3193 3588 3207 3602 .
3240 3569 3259 3601 ι
3287 3548 3549 3621 Nuntiant
3571 3566 3733 3621 opera

2150 3629 2335 3675 nostra
2377 3618 2538 3683 mala,
2563 3618 2677 3690 uta
2705 3620 2814 3675 Deo
2838 3619 3106 3689 accipiant
3130 3619 3402 3688 quomodo
3431 3629 3486 3674 et
3518 3618 3734 3690 quando

2150 3690 2461 3761 castiganda
2512 3688 3098 3761 ademendationem;
3131 3698 3186 3743 et
3237 3690 3359 3761 ideo
3405 3688 3731 3761 renuntiatio

2148 3762 2239 3816 illa
2254 3759 2563 3831 angelorum
2577 3759 2828 3831 timenda,
2847 3767 2899 3814 et
2910 3773 3145 3831 congrua
3158 3759 3535 3815 emendatione
3548 3774 3732 3817 eorum

2150 3830 2421 3898 correptio
2447 3830 2844 3898 praevenienda.

2225 3900 2246 3973 ξ
2281 3898 2525 3973 Quotidie
2547 3900 2631 3953 die
2661 3911 2946 3973 noctuque.
2976 3898 3144 3973 Itajn
3183 3899 3407 3973 Regula
3428 3915 3533 3973 ms.
3568 3900 3730 3973 Magi-

2149 3970 2271 4036 stri,
2312 3971 2366 4024 in
2398 3970 2518 4041 cod.
2541 3984 2673 4024 mss.
2699 3968 2756 4023 S.
2784 3968 3048 4041 EbruLet
3074 3970 3254 4037 Vind.,
3271 3968 3411 4041 apud
3437 3968 3732 4026 Turrecre-

2150 4048 2348 4109 mutam
2384 4048 2440 4093 et
2466 4039 2762 4109 Rupertum
2788 4039 2906 4094 loco
2936 4040 3125 4095 citato.

2226 4113 2253 4150 ε
2281 4108 2364 4163 Ne
2391 4110 2532 4180 dicat
2554 4108 2739 4163 nobis.
2784 4109 2862 4180 Ita
2914 4110 2969 4164 in
2998 4118 3228 4180 utroque
3275 4110 3394 4180 cod.
3427 4109 3487 4165 S.
3516 4110 3732 4178 Germ,

2150 4179 2223 4233 ita
2247 4180 2387 4249 apud
2420 4179 2797 4249 Smaragdum,
2828 4179 2885 4233 S.
2904 4179 3259 4244 Dunstanum,
3287 4179 3652 4236 Trithemium
3682 4192 3736 4237 et

2149 4249 2661 4333 Turrecrem‘atam:
2702 4250 2900 4331 sedda
2943 4250 3145 4333 licgula
3180 4251 3634 4333 “ms...Magistri,
3681 4253 3734 4307 in

2148 4320 2269 4372 cod.
2301 4334 2400 4373 ms.
2446 4318 2503 4373 S.
2539 4317 2781 4380 Faronis,
2814 4320 2869 4373 in
2903 4317 3138 4376 editione
3180 4317 3482 4375 Parisieusi
3519 4333 3734 4377 vetusta

2148 4388 2554 4463 etrecentiore,
2600 4402 2809 4443 necnon
2842 4389 3063 4445 (ΣοΙίηωί
3098 4400 3151 4463 et
3189 4390 3517 4463 Coloniensi,
3566 4394 3735 4463 parti-

2150 4459 2269 4512 cula
2304 4475 2366 4512 ne
2387 4459 2727 4530 desideratur
2758 4473 2772 4512 :
2806 4467 2991 4526 recte;
3023 4462 3155 4530 quid
3189 4462 3333 4515 enim
3359 4459 3734 4517 attinet'illam

468 4521 535 4574 τὰ
560 4525 724 4589 μέντοι
756 4524 1015 4579 τελευταῖα
1040 4529 1203 4580 αὐτῶν
1233 4527 1407 4596 βλέπει
1447 4530 1518 4587 εἰς·
1544 4521 1776 4596 direptae
1807 4526 1953 4601 ᾅδου.
1972 4521 2046 4585 ’Μ
2074 4521 2124 4579 D
2153 4537 2399 4637 regelel‘c
2424 4528 2447 4581 ’ἶ

468 4598 570 4637 est-
605 4590 742 4637 Sunt
765 4594 859 4637 vim
880 4609 997 4637 nllzp
1030 4597 1278 4637 videntur
1304 4595 1504 4637 lmmini
1537 4604 1697 4637 morm
1752 4599 2041 4637 nnviecinm
2282 4598 2447 4637 prim-1

467 4598 570 4653 est,
605 4590 742 4644 Sunt
765 4594 860 4645 viae
880 4609 997 4662 quae
1030 4590 1278 4649 videntur
1304 4595 1507 4649 homini
1536 4590 1715 4659 rectae,
1752 4590 2043 4654 novissima

2275 4598 2632 4670 Principium,
2653 4596 2780 4655 Haec
2807 4607 3020 4670 sumpta
3058 4609 3186 4656 sunt
3236 4616 3303 4656 ex
3338 4599 3479 4655 libro
3506 4616 3560 4655 tv
3593 4601 3728 4658 Cas-

468 4668 649 4713 autcm
693 4675 894 4741 earum
914 4664 1208 4741 respiciunt
1248 4665 1302 4741 in
1344 4665 1924 4741 profundum‘inferni.
1977 4669 2044 4723 Et
2142 4664 2668 4741 siani‘deiln'stitutis
2694 4664 3138 4735 renuntiandum,
3167 4686 3286 4741 cap.
3322 4686 3516 4726 χχχιχ.

466 4744 612 4811 cap.“
629 4744 737 4811 xw:
760 4733 899 4787 Ἐστί
919 4732 1031 4811 ὁδὸς
1057 4735 1088 4792 ἣ
1107 4733 1249 4811 δωειῖ
1277 4732 1394 4809 ὀρθή
1418 4733 1544 4811 εἶναι
1569 4737 1707 4811 nepa?
1732 4739 2040 4811 ἀνθρώποις,

468 4798 929 4879 cabin-talentum:
974 4805 1129 4863 αὐτῆς
1171 4798 1387 4879 ﬁnxerat
1426 4808 1497 4867 sic
1525 4798 1755 4877 «suam
1801 4798 1943 4877 ᾅδου.
1987 4798 2043 4862 Id

468 4878 590 4947 est,_
618 4868 709 4947 Est
740 4872 845 4935 via,
877 4888 998 4947 qum
1030 4882 1176 4927 recta
1197 4868 1415 4947 :v'i'detur
1460 4890 1582 4947 esse
1611 4868 1752 4947 apud
1774 4868 2038 4947 homines,

468 4939 760 5013 novissima
783 4939 924 5013 vero
946 4943 1063 5012 ejus
1086 4944 1310 5013 tendunt
1357 4944 1411 4996 in
1441 4939 1765 5013 profundum
1813 4939 2036 5002 inferni.

467 5005 844 5087 interpretatio
892 5005 1267 5068 S.'llenedicti
1311 5005 1538 5069 conll'ata
1592 5023 1676 5071 est
1715 5032 1783 5072 ex
1812 5025 2043 5087 utroque

466 5074 603 5130 loco.

542 5157 564 5184 ο
595 5146 671 5199 Ab
699 5149 899 5226 angelis
930 5152 1078 5226 nobis
1116 5152 1399 5226 deputatis.
1437 5152 1591 5226 Hunc
1625 5153 1801 5226 locum
1837 5157 2046 5226 profert

467 5212 740 5300 litipertus
768 5212 837 5300 in
866 5224 1050 5300 cap.-9
1104 5212 1625 5300 Commentariorum
1650 5295 1661 5300 Α
1685 5225 1738 5278 in
1776 5212 2043 5300 Apocaly-

467 5244 734 5295 ulipcl‘tus
783 5244 837 5274 Ill
866 5244 984 5291 cap.
1018 5244 1050 5277 υ
1104 5244 1625 5279 υοῐηωειιωτιοτωη
1685 5244 1738 5278 1n
1776 5244 1977 5295 Apocat
1998 5244 2043 5268 ἐ’

467 5298 633 5366 psnm:
657 5304 675 5337 ε
702 5288 1021 5366 Deniqueab
1035 5294 1242 5366 angelis
1261 5295 1414 5348 nobis
1427 5295 1694 5363 deputatis
1705 5298 1944 5366 quotidie
1959 5244 2046 5352 dyie

470 5359 997 5432 uoctuqueDomino
1027 5359 1218 5420 factori
1264 5373 1448 5420 nostro
1489 5359 1653 5439 opera
1687 5359 1873 5422 nostra
1910 5384 2044 5423 nun-

2221 4739 2238 4808 ᾖ
2275 4736 2597 4792 Oblivionem
2627 4749 2921 4808 parentum.
2958 4741 3056 4794 Vix
3101 4736 3250 4796 bene
3281 4756 3577 4796 conversus
3623 4750 3728 4800 est.

2142 4807 2242 4881 qui
2276 4818 2562 4881 parentum
2598 4807 2703 4881 non
2735 4809 3092 4881 obliviscitur.
3118 4809 3229 4866 Nec
3254 4812 3392 4865 bene
3414 4827 3536 4864 cum
3572 4820 3729 4881 patre

2142 4876 2354 4949 caelesti
2388 4877 2882 4949 conjungitur,iqui
2919 4890 3139 4935 terreno
3177 4882 3317 4949 patri
3364 4896 3473 4934 non
3503 4876 3729 4935 omnino

2143 4947 2492 5021 renuntiavit.
2538 4947 2671 5021 Nam
2703 4966 2716 5003 :
2746 4947 2921 5021 Longe
2943 4968 2975 5021 a
2996 4947 3299 5021 parentibus
3336 4949 3503 5021 salus,
3553 4952 3727 5021 inquit

2145 5024 2368 5091 sanctus
2407 5018 2731 5091 Bernartius.
2784 5019 2860 5072 Ea
2890 5018 3003 5091 fuit
3019 5020 3314 5091 disciplina
3356 5019 3487 5091 olim
3518 5020 3574 5074 in
3600 5018 3722 5091 Amo-

2146 5087 2381 5142 nasterio
2412 5087 2673 5160 Magistri,
2708 5087 3227 5160 quemiTrithemius
3266 5090 3519 5160 Vigilium
3561 5089 3725 5143 abba-

2147 5165 2256 5230 tem
2296 5167 2352 5230 _et
2392 5158 2676 5212 diaconum
2716 5158 3058 5230 appellat,‘ut
3101 5158 3400 5216 monachus
3444 5175 3720 5230 nunquam

2148 5227 2201 5280 in
2228 5228 2371 5299 tolles
2397 5235 2649 5296 paternas
2681 5227 2870 5299 pedem
2905 5228 3147 5299 inferret.

2223 5297 2236 5346 i
2284 5294 2592 5366 Contemptu
2631 5294 2828 5361 autem,
2872 5308 2978 5353 etc.
3022 5298 3157 5353 Nam
3192 5300 3283 5368 qui
3323 5307 3538 5354 terrena
3582 5298 3719 5368 sapit

2150 5367 2369 5424 humilis
2394 5381 2515 5422 esse
2545 5382 2652 5422 non
2688 5378 2892 5439 potest,
2922 5370 3017 5425 sed
3044 5370 3135 5441 qui
3163 5367 3429 5426 cmlestia.
