3958 6198
354 321 452 376 Ml

1306 317 1691 375 CONCOBDIA
1732 317 2182 376 IlECIELARl’M.
2223 348 2288 355 ——
2326 316 2472 370 CAP.
2509 319 2619 372 XIII

2325 473 2327 476 ι
2360 471 2386 478 σ-
2417 471 2752 482 ο--α--σ-ς-
2765 474 3388 486 ———.—————-————-—.—_—<
3405 478 3486 485 --.-.

1705 569 2037 646 CAPUT
2112 571 2287 644 XII.

1379 725 1467 779 DE
1505 723 1823 780 SECUNDO
1860 721 2097 777 (ΖΚΜ)ῑᾶ
2141 723 2606 778 IIlJMILI'I'ATIS.

575 907 602 980 ᾗ
638 907 678 961 l.
706 937 776 948 —-
802 905 879 959 Ex
918 905 1134 958 Recens
1174 917 1361 956 SANCTI
1398 901 1710 956 Bessum-rt.

425 998 708 1055 Secundus
757 995 1075 1050 humilitatis
1122 993 1318 1062 gradus
1370 1001 1484 1056 est,
1519 992 1563 1046 si
1591 1005 1616 1031 ει
1658 993 1933 1062 pr0priam

348 1093 476 1162 quis
502 1106 607 1144 non
636 1103 823 1142 amans
843 1086 1198 1148 voluntatem,
1233 1083 1500 1136 desideria
1527 1097 1622 1137 sua
1665 1098 1767 1136 non
1792 1081 1936 1136 dele-

346 1193 533 1238 ctetur
558 1179 799 1249 implere,
828 1177 921 1231 sed
960 1190 1147 1230 vocem
1193 1173 1336 1228 illam
1360 1173 1572 1228 Domini
1605 1172 1766 1227 factis
1813 1171 1934 1226 imi-

352 1280 502 1326 tetur
544 1268 817 1326 dicentis:
859 1265 979 1319 Non
1025 1264 1139 1317 veni
1173 1263 1344 1332 facere
1379 1261 1694 1316 voluntatem
1742 1278 1929 1327 meam,

347 1365 384 1404 δ
419 1363 509 1418 sed
530 1363 644 1432 ejus
669 1361 757 1432 qui
780 1375 858 1412 me
879 1358 1017 1410 misit
1042 1354 1222 1426 (Joan.
1254 1354 1352 1423 vr).
1382 1354 1512 1408 Item
1543 1354 1674 1407 dicit
1697 1353 1936 1424 Scriptu-

344 1470 417 1508 ra
456 1473 469 1507 :
519 1464 542 1492 ε
591 1451 835 1521 Voluptas
877 1447 1029 1502 habet
1073 1462 1305 1517 poenam,
1345 1456 1391 1499 et
1424 1443 1750 1499 dnecessitas
1790 1447 1934 1518 parit

347 1559 626 1600 coronam.

421 1777 450 1803 ε·
483 1763 755 1832 Propriam
779 1761 916 1831 quis,
939 1768 1043 1816 etc.
1071 1761 1131 1814 Β.
1159 1760 1325 1832 Isaias
1363 1758 1528 1832 abbas
1567 1775 1801 1832 sermon.
1826 1759 1926 1832 26:

352 1832 406 1887 ﬂ
415 1829 642 1886 untilitas
654 1843 727 1886 est
739 1829 1027 1885 o6edientia
1044 1841 1089 1883 et
1105 1831 1329 1900 propria?
1343 1829 1618 1884 voluntatis
1637 1829 1927 1899 abnegatio.

425 1904 454 1942 ιι
487 1901 592 1957 Sed
634 1902 745 1972 ejus
785 1902 874 1972 qui
925 1917 1004 1954 me
1049 1899 1211 1972 misit.
1258 1899 1315 1954 In
1364 1900 1611 1972 versione
1659 1901 1931 1972 communi

350 1969 716 2042 repetiturus
758 1969 1091 2042 veluntqtem,
1118 1977 1171 2022 et
1197 1969 1249 2023 in
1290 1977 1440 2024 textu
1470 1969 1676 2034 Graeco,
1722 1970 1926 2039 θέλημα,

353 2037 539 2104 ω’ρδι,
564 2041 912 2094 voluntatem.
943 2037 1096 2092 Joan.
1120 2054 1194 2092 vt.

429 2121 451 2148 ο
490 2111 762 2180 Voluptas,
797 2120 904 2163 etc.
937 2110 1010 2162 Ita
1034 2108 1186 2180 apud
1229 2107 1286 2180 S.
1313 2109 1672 2180 Dunstarnum,
1716 2109 1933 2164 Smara-

393 2182 538 2244 dum,
572 2179 925 2241 Ilhthardum,
949 2188 1005 2250 et
1029 2179 1567 2250 Trithemium,etin
1596 2179 1793 2250 Regula
1821 2195 1922 2250 ms.

1950 905 2000 963 A

2229 901 2257 970 ᾗ
2294 899 2428 953 ll.——
2461 899 2535 952 Ex
2576 897 2792 955 [iscum
2827 899 3074 958 (lassum
3116 902 3252 976 (cap.
3294 908 3404 979 45).

2111 1003 2134 1029 ε
2149 990 2434 1044 llumilitas
2454 1005 2580 1043 vero
2593 989 2677 1044 his
2696 989 2715 1028 τ
2735 990 2944 1047 indiciis
2965 999 3364 1065 comprobatur.
3401 1001 3603 1067 Primo,

2035 1082 2080 1136 si
2111 1079 2462 1135 mortilicatas
2496 1079 2549 1132 in
2592 1092 2650 1132 se
2694 1078 2892 1134 habeat
2922 1097 3108 1139 omnes
3140 1086 3463 1144 voluntates.
3507 1092 3605 1147 Se-

2033 1173 2229 1236 cundo,
2269 1173 2312 1227 si
2358 1189 2464 1226 non
2498 1171 2669 1227 solum
2695 1186 2912 1226 suorum
2955 1183 3192 1241 actuum,
3234 1195 3418 1234 verum
3443 1184 3606 1240 etiam

2033 1264 2418 1334 cogitationum
2465 1263 2600 1318 nihil
2645 1263 2901 1321 celaverit
2926 1281 3024 1322 suo
3052 1269 3272 1324 seniori.
3323 1271 3528 1340 Tertio,
3560 1277 3607 1331 si

2033 1354 2167 1408 nihil
2196 1369 2306 1408 sum
2327 1354 2658 1419 discretioni,
2687 1356 2781 1409 sed
2803 1356 3006 1425 judicio
3033 1357 3152 1426 ejus
3179 1359 3427 1415 universa
3459 1378 3607 1417 com-

2033 1443 2233 1510 mittat,
2270 1459 2333 1498 ae
2361 1443 2563 1498 monita
2587 1443 2703 1512 ejus
2732 1446 2920 1501 sitiens
2958 1462 3022 1501 ac
3048 1447 3278 1503 libenter
3314 1453 3598 1508 auscultet.

2031 1536 2256 1603 Quarto,
2301 1537 2348 1592 si
2378 1537 2430 1591 in
2459 1539 2710 1593 omnibus
2751 1548 2927 1594 servet
2970 1542 3288 1597 obedientize
3313 1558 3601 1602 consuetu-

2030 1628 2236 1692 dinem,
2262 1629 2642 1700 patientiaeque
2665 1632 3045 1687 constantiam.

2032 1774 2214 1829 supra,
2250 1758 2423 1828 capite
2469 1758 2536 1813 de
2577 1773 2772 1831 genere
2819 1761 3202 1816 monachorum
3234 1777 3249 1816 :
3288 1781 3305 1814 ι
3339 1763 3604 1831 Quoniam

2031 1831 2297 1903 scriptura
2335 1836 2566 1903 testatur
2599 1830 2741 1898 quod
2766 1845 2924 1903 omne
2949 1843 3227 1903 peceatum
3252 1830 3393 1903 quod
3417 1837 3605 1889 remis-

2031 1915 2122 1955 sus
2167 1898 2704 1974 iudiscipliuatusque
2755 1898 3033 1974 admiserit
3077 1898 3287 1974 frater;
3327 1903 3394 1957 ad
3432 1905 3606 1974 negli~

2029 1978 2243 2040 gentem
2266 1969 2510 2042 protinus
2536 1977 2836 2042 revert_atu_r
2854 1971 3139 2042 seniorem.
3175 1990 3193 2042 ξ
3234 1972 3363 2042 Quae
3391 1969 3606 2042 quidem

2033 2037 2138 2093 non
2165 2047 2399 2112 exstant_
2420 2037 2470 2091 in
2498 2051 2652 2112 sacra
2692 2037 2992 2112 Scriptura.
3018 2040 3094 2093 Ita
3125 2037 3286 2112 etiam
3315 2037 3604 2112 aliquando

2031 2117 2361 2182 usurpantur
2387 2109 2487 2161 ista
2510 2108 2711 2182 Averba,
2753 2109 3001 2182 scriptum
3025 2119 3120 2174 est,
3153 2117 3212 2182 ut
3237 2108 3604 2182 inl'ra'gradu

2033 2179 2092 2233 11
2134 2176 2203 2232 :t
2240 2176 2392 2248 Sicut
2419 2177 2674 2247 scriptum
2705 2186 2808 2241 est,
2855 2176 3069 2248 Sapiens
3101 2181 3278 2235 verbis
3318 2176 3608 2236 innoiescit

411 2252 620 2321 agistri,
670 2252 740 2304 ita
777 2260 842 2321 ut
881 2250 967 2321 hic
995 2249 1146 2304 locus
1179 2245 1245 2321 ad
1281 2249 1544 2321 desideria
1579 2245 1758 2321 carnis
1784 2248 1926 2305 sefe—
1953 2247 2000 2306 B
2027 2249 2236 2317 paucis.
2273 2267 2291 2299 ι
2317 2247 2453 2321 llaec
2480 2245 2621 2301 enim
2653 2245 2932 2321 sententia
2952 2263 3057 2304 non
3089 2258 3172 2304 est
3195 2250 3251 2304 in
3274 2266 3430 2307 sacra
3456 2250 3602 2306 Scri-

351 2317 523 2399 s'atur.
565 2321 618 2399 In
649 2319 1113 2399 vulgatisﬁlegitur
1164 2317 1424 2399 veluntas:
1485 2317 1582 2372 Hic
1619 2319 1768 2399 locus
1794 2335 1920 2399 _non

348 2391 582 2445 habetur
603 2392 654 2444 in
688 2387 842 2444 sacra
874 2387 1171 2458 Scriptura.
1202 2387 1378 2454 Quare
1403 2389 1519 2458 haec
1542 2390 1705 2443 verba
1733 2408 1745 2442 :
1784 2389 1922 2442 Item

350 2459 630 2530 Scriptura
660 2461 806 2522 dicit,
838 2456 1091 2530 nonsunt
1122 2459 1187 2530 de
1219 2473 1374 2530 sacra
1413 2456 1691 2530 Scriptura
1723 2459 1924 2512 intelli-

2023 2328 2212 2390 ptura,
2239 2317 2332 2372 sed
2354 2317 2405 2390 in
2437 2318 2723 2390 sententiis
2745 2317 2902 2390 Six_ti.

2093 2387 2119 2427 ει
2160 2387 2473 2441 Necessitas.
2501 2386 2796 2457 Angustite,
2825 2387 2999 2457 inquit
3024 2387 3350 2456 Ruthardus,
3390 2391 3474 2446 vel
3505 2405 3601 2446 ne-

2024 2458 2251 2540 cessitas
2284 2457 2567 2540 obediendi
2598 2465 2652 2510 et
2679 2457 3014 2540 relin'quendi
3039 2459 3603 2540 propriasvoluptates

348 2526 546 2654 gentia,
585 2531 678 2584 sed
714 2531 779 2584 de
803 2527 1028 2596 alicujus
1063 2529 1322 2596 sapientis
1351 2527 1575 2596 scripto,
1609 2537 1668 2582 ut
1709 2535 1926 2582 sumunt
2025 2537 2080 2582 et
2104 2526 2388 2606 desideria,
2416 2534 2474 2579 ut
2494 2540 2780 2608 pareamus
2800 2527 2893 2580 Dei
2917 2526 3362 2609 mandatisﬂelix
3383 2526 3600 2601 quidem

399 2639 412 2651 .
438 2599 784 2654 Fructuosus.
808 2615 906 2654 can
933 2637 947 2651 .
978 2599 1044 2652 10
1077 2597 1293 2654 Regula:
1325 2615 1338 2650 :
1383 2615 1402 2648 ‹
1429 2597 1633 2654 Ouarto
1658 2607 1925 2653 retroacta
2028 2606 2342 2654 necessitas,
2374 2611 2493 2654 qua:
2528 2596 2595 2650 ad
2623 2596 2841 2650 meliora
2869 2597 3159 2654 compellit.

438 2599 784 2670 Fructuosus,
808 2615 906 2670 cap
933 2637 947 2651 .
978 2599 1044 2652 10
1077 2597 1293 2668 Regula:
1325 2615 1338 2650 :
1383 2615 1402 2648 ‹
1429 2597 1633 2670 Quarto
1658 2607 1925 2670 retroacta

349 2678 662 2725 sanctorum
691 2667 910 2723 Patrum
945 2683 1039 2738 per
1054 2667 1356 2738 scripturas
1377 2667 1718 2722 sciscitantes
1756 2668 1927 2722 revol-

295 2755 306 2759 ’
341 2745 523 2808 yant:
564 2749 622 2792 ut
663 2748 717 2794 et
754 2740 856 2808 ipsi
885 2736 1012 2808 quid
1042 2736 1221 2792 facere
1257 2737 1508 2802 debeant,
1552 2747 1866 2808 agnoscant.
1901 2756 1920 2789 ι

350 2807 471 2864 Non
511 2810 728 2863 dubium
761 2806 843 2864 est
868 2806 996 2878 quin
1023 2821 1120 2878 per
1141 2806 1803 2878 seripturas,_sanetorum
1831 2806 1928 2861 Pa-

350 2887 495 2932 trum
517 2875 967 2935 anachoretarum
992 2875 1045 2933 ei
1067 2875 1452 2931 monachorum
1470 2875 1619 2932 Vitas
1638 2876 1923 2946 intelligat.

349 2947 625 3027 Ilagister,
660 2964 777 3027 cap.
812 2950 874 3003 51
912 2948 1128 3027 Regulae
1155 2963 1303 3002 sum:
1342 2946 1728 3027 σμρηεῐτξηξς
1757 2946 1925 3027 ‘nohis

349 3018 419 3072 de
437 3013 632 3075 saneto
674 3013 875 3074 Heleno
901 3013 1189 3088 scriptura,
1215 3031 1336 3072 cum
1362 3016 1511 3073 dicit.
1553 3035 1572 3070 ι
1600 3013 1661 3072 S.
1675 3013 1925 3074 Valerius

2028 2597 2342 2658 necessitas,
2374 2611 2493 2664 qua:
2528 2596 2595 2650 ad
2623 2596 2841 2666 meliora
2869 2597 3159 2666 compellit.

2031 2735 2046 2789 1
2106 2677 2129 2705 ο
2163 2666 2449 2788 Ιζῗηῖὶιὶιαε
2487 2681 2622 2719 vero.
2646 2665 2770 2722 Haec
2805 2665 3072 2720 habentur
3109 2668 3250 2738 apud
3278 2667 3597 2725 Cassianum

2051 2751 2148 2789 oco
2171 2753 2216 2789 Cl
2247 2751 2274 2786 a
2302 2750 2354 2788 ο.

2051 2751 2148 2791 oco
2171 2738 2354 2790 citato.

2109 2806 2126 2876 ἰ
2162 2803 2564 2876 lndiciis.Quos
2600 2805 2794 2876 gradus
2842 2806 2900 2862 S.
2930 2807 3270 2872 Benedictus,
3309 2807 3603 2866 Cassianus

2029 2875 2225 2949 indicia
2281 2875 2532 2949 appellat,
2575 2875 2631 2930 et
2668 2875 2725 2930 S.
2756 2876 2988 2949 Thomas
3020 2877 3154 2949 locis
3195 2879 3374 2946 citatis
3423 2879 3596 2949 signa,

2030 2943 2428 3016 quatenus’his
2472 2954 2730 3016 tanquam
2794 2948 2939 3003 notis
2983 2943 3342 3004 exterioribus
3403 2943 3603 3006 méntis

2031 3015 2278 3086 proditur
2316 3015 2612 3070 humilitas.

1667 3270 2004 3352 CAPUT
2075 3268 2305 3347 XIII.

1402 3422 1490 3477 DE
1529 3421 1784 3478 TERTIO
1819 3419 2056 3477 CRADU
2095 3419 2560 3478 HUMILITATlS.

563 3595 592 3668 ᾗ
628 3595 668 3650 1.
702 3624 775 3635 -
814 3594 894 3649 Ex
933 3593 1152 3648 Rasum
1189 3607 1374 3646 salven
1409 3591 1721 3647 BENEDICTI.

418 3688 642 3744 Tertius
687 3684 1008 3742 humilitatis
1047 3685 1243 3755 gradus
1285 3691 1388 3747 est,
1433 3691 1495 3738 ut
1532 3684 1653 3752 quis
1689 3700 1786 3754 pro
1833 3684 1930 3740 Dei

349 3794 538 3834 amore
564 3791 588 3820 ι
620 3777 764 3832 omni
795 3775 1096 3830 obedientia
1136 3789 1194 3828 se
1230 3774 1427 3828 subdat
1453 3771 1666 3842 majori,
1712 3774 1931 3830 imitans

354 3870 664 3933 Dominum,
695 3867 760 3945 de
786 3881 892 3936 quo
920 3865 1051 3920 dicit
1100 3864 1389 3934 Apostolus
1417 3882 1430 3918 :
1462 3862 1663 3920 Factus
1689 3866 1930 3921 obediens

351 3975 514 4030 usque
539 3958 607 4011 ad
638 3967 851 4010 mortem
883 3953 1048 4027 (Phil.
1082 3955 1166 4026 tt).

445 4049 473 4120 ς
511 4047 572 4101 II.
605 4078 673 4088 —
701 4047 780 4101 Ex
819 4045 1036 4102 Rsuuu
1072 4061 1258 4101 SANC'I'I
1296 4046 1496 4101 BASILII
1543 4045 1681 4120 (cap.
1722 4046 1836 4119 45).

423 4139 684 4209 Interrog.
717 4138 746 4178 δ
775 4137 955 4208 Usque
975 4137 1041 4192 ad
1063 4151 1222 4206 quem
1254 4138 1472 4193 modum
1499 4149 1519 4179 ε
1552 4140 1757 4195 servire
1773 4155 1933 4210 opor-

353 4239 429 4285 tet
481 4245 605 4284 eum
644 4229 732 4298 qui
776 4227 1020 4297 placendi
1060 4229 1167 4282 Deo
1202 4227 1424 4299 implere
1447 4228 1708 4301 Regulam
1743 4232 1932 4300 cupit?

349 4351 421 4364 -—
459 4318 614 4388 Resp.
644 4317 930 4387 Apostolus
965 4318 1199 4372 ostendit
1244 4333 1555 4388 proponens
1603 4321 1757 4376 nobis
1798 4321 1930 4375 obe~

352 4410 613 4465 dientiam
657 4407 890 4470 Domini,
938 4406 1026 4478 qui
1073 4406 1242 4476 factus
1287 4418 1398 4473 est,
1440 4409 1644 4478 inquit,
1691 4410 1931 4464 obediens

354 4519 515 4573 usque
539 4502 606 4554 ad
635 4511 876 4563 mortem,
907 4509 1124 4570 mortem
1159 4509 1333 4553 autem
1358 4502 1527 4554 crucis
1557 4500 1723 4572 (Phil.
1754 4503 1836 4572 ll).
1867 4503 1932 4557 Et

353 4591 376 4630 δ
413 4589 700 4659 βττιηάίχίιε
738 4588 852 4642 Hoc
890 4589 1072 4642 sentite
1100 4588 1153 4642 in
1189 4588 1326 4642 robis
1354 4589 1492 4659 quod
1534 4599 1582 4643 et
1627 4591 1681 4644 in
1725 4587 1932 4646 Christo

354 4679 503 4732 lusu.

427 4824 453 4850 ι
481 4807 640 4863 Omni
674 4808 984 4863 obedientia.
1030 4809 1087 4864 Id
1133 4818 1233 4872 est,
1273 4807 1432 4880 faciat
1464 4811 1757 4880 monachus
1787 4827 1932 4880 qure—

356 4895 569 4951 cunque
597 4880 646 4933 ei
673 4880 856 4951 senior
879 4881 1216 4951 praiceperit,
1243 4880 1354 4951 sive
1380 4879 1467 4934 illa
1493 4879 1708 4951 Regula:
1727 4879 1932 4951 legibus

355 4950 662 5034 conscripta
695 4949 822 5012 sint,
857 4949 970 5034 sive
1005 4965 1138 5034 non...
1179 4949 1244 5002 Et
1287 4949 1402 5034 haec
1449 4964 1602 5004 mens
1753 4949 1930 5032 Patris
1953 4975 2007 5034 D

357 5019 652 5082 Benedicti,
680 5033 801 5072 cum
842 5018 1043 5072 nullum
1073 5019 1233 5072 alium
1269 5018 1421 5072 nobis
1443 5021 1694 5088 proponit
1720 5020 1930 5075 imitan-

357 5089 669 5155 dum,quam
699 5088 994 5151 Christum,
1021 5089 1108 5156 qui
1140 5088 1192 5142 in
1219 5088 1468 5156 omnibus
1500 5088 1644 5143 Patri
1671 5091 1928 5147 obediens

358 5157 458 5210 fuit
483 5159 648 5210 etiam
682 5173 852 5229 usque
887 5159 951 5211 ad
992 5155 1415 5229 mortem.jt_txta
1456 5160 1796 5229 antiquorum
1828 5161 1929 5216 Pa-

355 5237 498 5280 trum
528 5243 708 5289 usum,
744 5227 834 5294 qui
873 5228 1238 5280 onmimodam
1267 5227 1623 5284 obedientiam
1650 5245 1755 5283 non
1790 5230 1930 5286 limi-

358 5305 526 5349 tatam
572 5314 600 5350 a
633 5298 745 5350 suis
785 5297 1060 5363 discipulis
1102 5297 1461 5364 requirebant,
1514 5307 1574 5353 ut
1612 5299 1794 5354 videre
1844 5309 1928 5356 est

358 5367 507 5434 apud
520 5364 864 5434 Cassianum,
895 5365 951 5419 S.
983 5365 1236 5420 Basilium
1262 5375 1316 5420 et
1339 5368 1491 5422 alios.
1872 5411 1874 5413 μ

435 5436 460 5475 b
487 5432 659 5506 Usque
687 5435 756 5488 ad
785 5451 933 5506 quem
962 5437 1192 5489 modum.
1227 5435 1462 5492 Habetur
1500 5437 1640 5506 apud
1685 5437 1743 5492 S.
1775 5439 1926 5494 Basi-

360 5504 677 5578 Iipminter.
697 5504 805 5578 Δ116
832 5505 961 5578 Reg.
993 5507 1166 5578 brev_.,
1195 5515 1250 5559 et
1268 5509 1406 5576 apud
1431 5504 1700 5578 Rufinum,
1721 5525 1839 5578 cap.
1871 5509 1930 5571 4,

360 5574 571 5698 υδέάξιει
609 5575 834 5646 legitur:
863 5573 1035 5645 USque
1061 5576 1127 5630 ad
1150 5573 1317 5646 quem'
1344 5577 1553 5632 modum
1593 5573 1932 5650 oportetpro-

360 5658 423 5698 αν
489 5662 506 5698 ι
543 5662 678 5698 eum.

357 5658 506 5714 great
543 5662 678 5700 eum.

762 5821 1031 5883 Parnm.
1091 5822 1225 5883 CIII

1961 3598 2008 3660 C

2320 3593 2348 3666 §
2385 3594 2467 3648 lII.
2501 3625 2569 3635 —
2595 3594 2728 3649 Item
2763 3597 2996 3662 eiusdem
3036 3598 3171 3671 (cap.
3211 3601 3322 3671 80).

2100 3682 2364 3753 Interrog.
2425 3695 2448 3724 ο
2488 3683 2622 3739 Cum
2676 3685 2821 3754 quali
2873 3687 3066 3744 affectu
3123 3691 3344 3747 obedire
3391 3702 3606 3764 oportet

2030 3771 2081 3827 ei
2120 3772 2211 3841 qui
2255 3787 2353 3826 nos
2393 3773 2461 3828 ad
2503 3789 2638 3843 opus
2683 3776 2922 3830 mandati
2963 3777 3319 3834 cohortatur?
3350 3808 3417 3822 —-
3450 3780 3601 3852 Resp.

2031 3863 2109 3917 Eo
2134 3861 2326 3918 aﬂ‘ectu
2355 3879 2462 3935 quo
2488 3865 2737 3921 esuriens
2764 3867 3020 3935 parvulus
3047 3869 3246 3924 nutrici
3271 3872 3607 3943 obtemperat

2030 3956 2096 4011 ad
2151 3956 2316 4010 ubera
2362 3956 2636 4026 invitanti,
2696 3957 2780 4013 vel
2827 3973 2934 4027 quo
2986 3957 3178 4015 affectu
3226 3963 3402 4018 omnis
3444 3965 3606 4020 homo

2031 4045 2254 4116 suscipit
2296 4047 2366 4102 ab
2410 4045 2589 4116 aliquo
2619 4061 2682 4101 ea
2707 4061 2828 4116 quae
2861 4049 2931 4103 ad
2975 4049 3142 4103 vitam
3171 4051 3460 4120 pertinent,
3495 4054 3604 4108 imo

2031 4145 2086 4192 et
2108 4137 2154 4192 si
2177 4135 2304 4205 quid
2328 4137 2558 4208 amplius
2583 4154 2596 4192 :
2629 4153 2727 4208 pro
2756 4153 2820 4194 eo
2846 4140 2988 4209 quod
3014 4141 3182 4196 multo
3209 4150 3294 4198 est
3316 4145 3606 4214 pretiosior

2032 4225 2210 4282 futura
2234 4227 2346 4282 vita
2374 4242 2534 4298 quam
2555 4243 2812 4298 praesens.
2850 4228 2870 4268 ί
2900 4230 3040 4285 sicut
3067 4240 3122 4285 et
3147 4233 3403 4289 Dominus
3429 4233 3564 4291 dixit
3591 4255 3604 4292 :

2034 4318 2174 4384 Quia
2224 4320 2474 4374 mandata
2529 4337 2644 4375 mea
2697 4322 2800 4375 vita
2842 4331 3037 4377 wterna
3082 4335 3204 4379 sunt
3252 4323 3433 4397 (Joan.
3482 4331 3602 4399 xtl).

2034 4407 2186 4463 Sicut
2213 4425 2341 4480 ergo
2383 4409 2489 4463 vita
2539 4425 2776 4480 praesens
2824 4420 3037 4466 constat
3081 4413 3134 4467 in
3177 4413 3298 4469 cibo
3326 4416 3499 4485 panis,
3533 4417 3606 4470 ita

2032 4509 2236 4556 aeterna
2265 4501 2377 4556 vita
2422 4501 2475 4556 in
2518 4517 2683 4572 opere
2724 4504 2986 4571 mandati,
3026 4505 3164 4560 sicut
3191 4506 3306 4575 ipse
3350 4507 3608 4563 Dominus

2034 4593 2230 4646 iterum
2271 4593 2437 4648 dicit:
2471 4593 2622 4648 Meus
2647 4595 2792 4650 cibus
2835 4605 2911 4650 est
2960 4606 3018 4650 ut
3061 4597 3254 4667 faciam
3292 4598 3606 4654 voluntatem

2031 4685 2146 4754 ejus
2173 4686 2264 4755 qui
2296 4685 2434 4739 misit
2463 4702 2561 4752 me,
2594 4683 2772 4741 Patris
2805 4687 2984 4759 (Joan.
3014 4688 3112 4760 tv).

2104 4826 2126 4854 ο
2158 4812 2381 4889 §ervire.
2427 4815 2487 4889 In
2526 4825 2672 4889 textu
2713 4817 2900 4874 ϐῆξοο
2933 4829 3016 4875 est
3057 4822 3361 4887 ὐπακόυιιν,
3407 4824 3460 4878 id
3501 4835 3604 4889 cst,

2034 4885 2274 4948 obedire,
2305 4887 2504 4941 rectius
2534 4887 2600 4940 ad
2639 4903 2876 4942 sensum.

2105 4954 2130 4994 ἀ
2163 4954 2438 5010 Ρηεάὶίιὶι.
2467 4956 2522 5011 ld
2551 4965 2653 5023 est,
2684 4965 2842 5013 antea
2871 4957 3025 5025 dixit,
3043 4957 3198 5028 juxta
3227 4967 3432 5016 textum
3458 4961 3607 5019 Grat-

2032 5040 2175 5080 cum.

2107 5105 2131 5133 ο
2155 5091 2297 5169 ϐειφῄ
2325 5094 2475 5169 quali
2518 5097 2727 5166 σπαρτα.
2761 5097 2948 5169 Exstat
2977 5099 3116 5169 apud
3157 5099 3413 5158 Basilium
3441 5103 3608 5159 inter-

2031 5165 2430 5272 τοξξιὲβϐξςιξ.
2455 5165 2644 5272 ιῆι-ηςι
2671 5168 2809 5272 apgd
2838 5165 3112 5272 Ifuﬂnum,
3139 5169 3376 5272 cap..46.

2165 5231 2315 5308 Si_cut
2361 5247 2408 5288 et
2436 5231 2720 5308 pominus'
2739 5235 2893 5308 dixit,
2923 5239 3046 5308 quia
3074 5231 3324 5293 mandata
3363 5257 3496 5297 utea.
3544 5243 3601 5302 In

2030 5310 2179 5385 textu
2207 5301 2487 5385 Gurges.
2503 5379 2515 5385 _
2531 5304 2748 5385 Basilii:
2778 5303 2832 5360 Ἠ
2977 5309 3271 5385 incili-sou
3287 5318 3434 5377 Θεοῦ,
3456 5301 3603 5385 φηάᾶ

2032 5326 2179 5357 textu
2207 5326 2396 5358 urwco
2431 5326 2487 5359 δ.
2531 5326 2709 5360 uasmt
2735 5326 2748 5358 :
2799 5326 2832 5360 ιι
2854 5326 2952 5432 77.5
2977 5326 3146 5368 ιντολη
3171 5326 3262 5366 του
3287 5326 3434 5377 θεοῦ,
3456 5326 3600 5385 φησιν

2031 5373 2064 5446 ᾖ
2102 5373 2296 5446 stripitu,
2316 5379 2422 5446 ζωῇ
2463 5375 2655 5446 αἰὼνιὸς
2700 5376 2852 5430 ἔστιν·
2891 5377 2906 5430 i
2989 5386 3088 5442 est,
3118 5377 3420 5434 Mandatum
3458 5384 3600 5438 enim

2033 5442 2146 5504 Dei,
2170 5442 2352 5511 inquit
2387 5444 2666 5507 Dominus,
2700 5446 2807 5498 vita
2836 5455 3035 5500 aeterna
3057 5455 3158 5501 est.
3189 5448 3246 5504 In
3275 5449 3562 5511 Evangelia
3587 5471 3602 5506 :

2029 5523 2082 5586 ⁸11
2104 5514 2400 5586 yépivrolri
2424 5517 2574 5570 αὐτοῦ
2597 5515 2907 5586 (uictimam,-
2929 5517 3062 5572 ἂστυ
3084 5517 3136 5571 id
3167 5525 3271 5580 est,
3296 5514 3604 5578 Mandatum

2033 5579 2149 5655 eius
2173 5579 2288 5655 vita
2314 5589 2511 5655 {eterna
2529 5592 2641 5655 est.
2675 5583 2773 5638 Ubi
2797 5585 2932 5655 ejus,
2963 5586 3016 5641 id
3046 5594 3126 5642 est
3151 5579 3357 5654 Patris;
3390 5604 3511 5645 nam
3541 5607 3606 5649 eo

1959 5707 1964 5710 .
2036 5650 2139 5706 loci
2165 5651 2412 5706 Christus
2439 5653 2505 5708 de
2529 5651 2688 5709 Patre
2722 5650 2969 5728 suo'agit.

3135 5829 3211 5891 27
