  <div class='ocr_page' id='page_1' title='image "/cluster/home/n/w/nwhite01/storage/ocr_20150623/103/hvd.32044054759691/430.png"; bbox 0 0 3958 6198; ppageno 0'>
   <div class='ocr_carea' id='block_1_1' title="bbox 284 359 390 418">
    <p class='ocr_par' dir='ltr' id='par_1_1' title="bbox 284 359 390 418">
     <span class='ocr_line' id='line_1_1' title="bbox 284 359 390 418; baseline 0.019 -2"><span class='ocrx_word' id='word_1_1' title='bbox 284 359 390 418; x_wconf 62' lang='lat' dir='ltr'><strong>8m</strong></span> 
     </span>
    </p>
   </div>
   <div class='ocr_carea' id='block_1_2' title="bbox 1284 347 2621 418">
    <p class='ocr_par' dir='ltr' id='par_1_2' title="bbox 1284 347 2621 418">
     <span class='ocr_line' id='line_1_2' title="bbox 1284 347 2621 418; baseline -0.004 -1"><span class='ocrx_word' id='word_1_2' title='bbox 1284 358 1674 418; x_wconf 79' lang='lat' dir='ltr'><strong>CONCORDIA</strong></span> <span class='ocrx_word' id='word_1_3' title='bbox 1717 355 2279 415; x_wconf 63' lang='lat' dir='ltr'><strong>REGULARUM..-—</strong></span> <span class='ocrx_word' id='word_1_4' title='bbox 2311 356 2463 414; x_wconf 70' lang='lat' dir='ltr'><strong>CAP.</strong></span> <span class='ocrx_word' id='word_1_5' title='bbox 2509 347 2621 412; x_wconf 72' lang='lat' dir='ltr'><strong>XV.</strong></span> 
     </span>
    </p>
   </div>
   <div class='ocr_carea' id='block_1_3' title="bbox 3436 343 3544 413">
    <p class='ocr_par' dir='ltr' id='par_1_3' title="bbox 3436 343 3544 413">
     <span class='ocr_line' id='line_1_3' title="bbox 3436 343 3544 413; baseline -0.019 0"><span class='ocrx_word' id='word_1_6' title='bbox 3436 343 3544 413; x_wconf 60' lang='lat' dir='ltr'><strong>sic</strong></span> 
     </span>
    </p>
   </div>
   <div class='ocr_carea' id='block_1_4' title="bbox 283 470 3551 547">
    <p class='ocr_par' dir='ltr' id='par_1_4' title="bbox 283 470 3551 547">
     <span class='ocr_line' id='line_1_4' title="bbox 283 470 3551 547; baseline -0 -15"><span class='ocrx_word' id='word_1_7' title='bbox 283 478 368 532; x_wconf 92' lang='lat' dir='ltr'><strong>ria</strong></span> <span class='ocrx_word' id='word_1_8' title='bbox 397 474 653 540; x_wconf 74' lang='lat' dir='ltr'><strong>faciente,</strong></span> <span class='ocrx_word' id='word_1_9' title='bbox 678 474 763 528; x_wconf 88' lang='lat' dir='ltr'><strong>vel</strong></span> <span class='ocrx_word' id='word_1_10' title='bbox 785 476 1123 531; x_wconf 79' lang='lat' dir='ltr'><strong>contumacia</strong></span> <span class='ocrx_word' id='word_1_11' title='bbox 1150 489 1495 547; x_wconf 74' lang='lat' dir='ltr'><strong>perurgente.</strong></span> <span class='ocrx_word' id='word_1_12' title='bbox 1529 474 1635 531; x_wconf 90' lang='lat' dir='ltr'><strong>Sed</strong></span> <span class='ocrx_word' id='word_1_13' title='bbox 1662 488 1876 544; x_wconf 87' lang='lat' dir='ltr'><strong>semper</strong></span> <span class='ocrx_word' id='word_1_14' title='bbox 1901 470 1951 527; x_wconf 81' lang='grc' dir='ltr'><strong>Α</strong></span> <span class='ocrx_word' id='word_1_15' title='bbox 1979 472 2157 527; x_wconf 86' lang='lat' dir='ltr'><strong>anima</strong></span> <span class='ocrx_word' id='word_1_16' title='bbox 2186 473 2501 528; x_wconf 76' lang='lat' dir='ltr'><strong>sentiamus.</strong></span> <span class='ocrx_word' id='word_1_17' title='bbox 2546 472 2661 528; x_wconf 83' lang='lat' dir='ltr'><strong>Hoc</strong></span> <span class='ocrx_word' id='word_1_18' title='bbox 2687 478 2799 536; x_wconf 87' lang='lat' dir='ltr'><strong>est,</strong></span> <span class='ocrx_word' id='word_1_19' title='bbox 2829 470 2982 540; x_wconf 90' lang='lat' dir='ltr'><strong>prius</strong></span> <span class='ocrx_word' id='word_1_20' title='bbox 3008 472 3267 529; x_wconf 83' lang='lat' dir='ltr'><strong>debemus</strong></span> <span class='ocrx_word' id='word_1_21' title='bbox 3292 471 3361 529; x_wconf 90' lang='lat' dir='ltr'><strong>de</strong></span> <span class='ocrx_word' id='word_1_22' title='bbox 3388 476 3551 531; x_wconf 79' lang='lat' dir='ltr'><strong>corde</strong></span> 
     </span>
    </p>
   </div>
   <div class='ocr_carea' id='block_1_5' title="bbox 284 562 1871 637">
    <p class='ocr_par' dir='ltr' id='par_1_5' title="bbox 284 562 1871 637">
     <span class='ocr_line' id='line_1_5' title="bbox 284 562 1871 637; baseline 0.001 -19"><span class='ocrx_word' id='word_1_23' title='bbox 284 563 659 633; x_wconf 77' lang='lat' dir='ltr'><strong>hujuscemodi</strong></span> <span class='ocrx_word' id='word_1_24' title='bbox 686 562 817 618; x_wconf 89' lang='lat' dir='ltr'><strong>vitia</strong></span> <span class='ocrx_word' id='word_1_25' title='bbox 847 580 969 620; x_wconf 92' lang='lat' dir='ltr'><strong>cum</strong></span> <span class='ocrx_word' id='word_1_26' title='bbox 994 565 1248 637; x_wconf 78' lang='lat' dir='ltr'><strong>lacrymis</strong></span> <span class='ocrx_word' id='word_1_27' title='bbox 1275 573 1436 635; x_wconf 84' lang='lat' dir='ltr'><strong>atque</strong></span> <span class='ocrx_word' id='word_1_28' title='bbox 1461 566 1871 635; x_wconf 88' lang='lat' dir='ltr'><strong>eompunctione</strong></span> 
     </span>
    </p>
   </div>
   <div class='ocr_carea' id='block_1_6' title="bbox 283 654 1872 726">
    <p class='ocr_par' dir='ltr' id='par_1_6' title="bbox 283 654 1872 726">
     <span class='ocr_line' id='line_1_6' title="bbox 283 654 1872 726; baseline -0.002 -16"><span class='ocrx_word' id='word_1_29' title='bbox 283 655 469 710; x_wconf 82' lang='lat' dir='ltr'><strong>cordis</strong></span> <span class='ocrx_word' id='word_1_30' title='bbox 503 662 667 722; x_wconf 85' lang='lat' dir='ltr'><strong>atque</strong></span> <span class='ocrx_word' id='word_1_31' title='bbox 697 654 999 710; x_wconf 86' lang='lat' dir='ltr'><strong>humilitate</strong></span> <span class='ocrx_word' id='word_1_32' title='bbox 1026 657 1305 711; x_wconf 89' lang='lat' dir='ltr'><strong>verissime</strong></span> <span class='ocrx_word' id='word_1_33' title='bbox 1331 655 1544 720; x_wconf 89' lang='lat' dir='ltr'><strong>abbati,</strong></span> <span class='ocrx_word' id='word_1_34' title='bbox 1582 655 1872 726; x_wconf 72' lang='lat' dir='ltr'><strong>prmposito</strong></span> 
     </span>
    </p>
   </div>
   <div class='ocr_carea' id='block_1_7' title="bbox 284 744 1873 814">
    <p class='ocr_par' dir='ltr' id='par_1_7' title="bbox 284 744 1873 814">
     <span class='ocr_line' id='line_1_7' title="bbox 284 744 1873 814; baseline 0.001 -17"><span class='ocrx_word' id='word_1_35' title='bbox 284 744 402 798; x_wconf 88' lang='lat' dir='ltr'><strong>sive</strong></span> <span class='ocrx_word' id='word_1_36' title='bbox 430 744 672 814; x_wconf 73' lang='lat' dir='ltr'><strong>prmlatis</strong></span> <span class='ocrx_word' id='word_1_37' title='bbox 699 745 1004 800; x_wconf 86' lang='lat' dir='ltr'><strong>senioribus</strong></span> <span class='ocrx_word' id='word_1_38' title='bbox 1031 746 1317 802; x_wconf 86' lang='lat' dir='ltr'><strong>revelanda</strong></span> <span class='ocrx_word' id='word_1_39' title='bbox 1348 754 1471 801; x_wconf 90' lang='lat' dir='ltr'><strong>sunt</strong></span> <span class='ocrx_word' id='word_1_40' title='bbox 1497 764 1509 799; x_wconf 87' lang='lat'><strong>:</strong></span> <span class='ocrx_word' id='word_1_41' title='bbox 1546 755 1602 801; x_wconf 91' lang='lat' dir='ltr'><strong>et</strong></span> <span class='ocrx_word' id='word_1_42' title='bbox 1628 746 1873 801; x_wconf 88' lang='lat' dir='ltr'><strong>consola-</strong></span> 
     </span>
    </p>
   </div>
   <div class='ocr_carea' id='block_1_8' title="bbox 283 833 1872 906">
    <p class='ocr_par' dir='ltr' id='par_1_8' title="bbox 283 833 1872 906">
     <span class='ocr_line' id='line_1_8' title="bbox 283 833 1872 906; baseline 0.002 -21"><span class='ocrx_word' id='word_1_43' title='bbox 283 833 457 896; x_wconf 91' lang='lat' dir='ltr'><strong>tione,</strong></span> <span class='ocrx_word' id='word_1_44' title='bbox 489 833 757 897; x_wconf 90' lang='lat' dir='ltr'><strong>oratione,</strong></span> <span class='ocrx_word' id='word_1_45' title='bbox 796 835 1185 906; x_wconf 83' lang='lat' dir='ltr'><strong>castigatione,</strong></span> <span class='ocrx_word' id='word_1_46' title='bbox 1227 835 1340 891; x_wconf 84' lang='lat' dir='ltr'><strong>sive</strong></span> <span class='ocrx_word' id='word_1_47' title='bbox 1367 837 1529 890; x_wconf 85' lang='lat' dir='ltr'><strong>etiam</strong></span> <span class='ocrx_word' id='word_1_48' title='bbox 1555 848 1577 875; x_wconf 72' lang='grc' dir='ltr'><strong><em>η</em></strong></span> <span class='ocrx_word' id='word_1_49' title='bbox 1602 836 1872 891; x_wconf 78' lang='lat' dir='ltr'><strong>exercita-</strong></span> 
     </span>
    </p>
   </div>
   <div class='ocr_carea' id='block_1_9' title="bbox 284 921 1197 994">
    <p class='ocr_par' dir='ltr' id='par_1_9' title="bbox 284 921 1197 994">
     <span class='ocr_line' id='line_1_9' title="bbox 284 921 1197 994; baseline 0.004 -19"><span class='ocrx_word' id='word_1_50' title='bbox 284 922 434 976; x_wconf 84' lang='lat' dir='ltr'><strong>tione</strong></span> <span class='ocrx_word' id='word_1_51' title='bbox 456 921 631 977; x_wconf 83' lang='lat' dir='ltr'><strong>idonei</strong></span> <span class='ocrx_word' id='word_1_52' title='bbox 659 923 839 992; x_wconf 90' lang='lat' dir='ltr'><strong>operis</strong></span> <span class='ocrx_word' id='word_1_53' title='bbox 865 925 1197 994; x_wconf 87' lang='lat' dir='ltr'><strong>castiganda.</strong></span> 
     </span>
    </p>
   </div>
   <div class='ocr_carea' id='block_1_10' title="bbox 464 1010 1694 1087">
    <p class='ocr_par' dir='ltr' id='par_1_10' title="bbox 464 1010 1694 1087">
     <span class='ocr_line' id='line_1_10' title="bbox 464 1010 1694 1087; baseline 0.004 -23"><span class='ocrx_word' id='word_1_54' title='bbox 464 1010 491 1083; x_wconf 85' lang='lat'>§</span> <span class='ocrx_word' id='word_1_55' title='bbox 521 1010 629 1065; x_wconf 69' lang='grc' dir='ltr'><strong>νη.</strong></span> <span class='ocrx_word' id='word_1_56' title='bbox 660 1042 730 1052; x_wconf 90' lang='grc'><strong><em>-</em></strong></span> <span class='ocrx_word' id='word_1_57' title='bbox 764 1013 841 1067; x_wconf 80' lang='lat' dir='ltr'><strong>Ex</strong></span> <span class='ocrx_word' id='word_1_58' title='bbox 883 1013 1098 1069; x_wconf 67' lang='lat' dir='ltr'><strong>[iscum</strong></span> <span class='ocrx_word' id='word_1_59' title='bbox 1134 1015 1382 1071; x_wconf 64' lang='lat' dir='ltr'><strong>(lassus-1</strong></span> <span class='ocrx_word' id='word_1_60' title='bbox 1412 1014 1552 1087; x_wconf 94' lang='lat' dir='ltr'><strong>(cap.</strong></span> <span class='ocrx_word' id='word_1_61' title='bbox 1582 1015 1694 1085; x_wconf 70' lang='lat'><strong>29).</strong></span> 
     </span>
    </p>
   </div>
   <div class='ocr_carea' id='block_1_11' title="bbox 358 1104 1874 1177">
    <p class='ocr_par' dir='ltr' id='par_1_11' title="bbox 358 1104 1874 1177">
     <span class='ocr_line' id='line_1_11' title="bbox 358 1104 1874 1177; baseline 0.003 -19"><span class='ocrx_word' id='word_1_62' title='bbox 358 1104 388 1143; x_wconf 73' lang='grc' dir='ltr'><strong>ιι</strong></span> <span class='ocrx_word' id='word_1_63' title='bbox 413 1104 546 1159; x_wconf 86' lang='lat' dir='ltr'><strong>illud</strong></span> <span class='ocrx_word' id='word_1_64' title='bbox 576 1112 704 1159; x_wconf 84' lang='lat' dir='ltr'><strong>ante</strong></span> <span class='ocrx_word' id='word_1_65' title='bbox 733 1106 914 1160; x_wconf 87' lang='lat' dir='ltr'><strong>omnia</strong></span> <span class='ocrx_word' id='word_1_66' title='bbox 944 1121 974 1159; x_wconf 91' lang='lat' dir='ltr'><strong>a</strong></span> <span class='ocrx_word' id='word_1_67' title='bbox 1005 1107 1220 1161; x_wconf 85' lang='lat' dir='ltr'><strong>seniore</strong></span> <span class='ocrx_word' id='word_1_68' title='bbox 1246 1123 1345 1162; x_wconf 91' lang='lat' dir='ltr'><strong>suo</strong></span> <span class='ocrx_word' id='word_1_69' title='bbox 1375 1107 1535 1163; x_wconf 83' lang='lat' dir='ltr'><strong>debet</strong></span> <span class='ocrx_word' id='word_1_70' title='bbox 1563 1107 1748 1177; x_wconf 89' lang='lat' dir='ltr'><strong>jnnior</strong></span> <span class='ocrx_word' id='word_1_71' title='bbox 1776 1107 1874 1162; x_wconf 89' lang='lat' dir='ltr'><strong>do-</strong></span> 
     </span>
    </p>
   </div>
   <div class='ocr_carea' id='block_1_12' title="bbox 283 1194 1873 1268">
    <p class='ocr_par' dir='ltr' id='par_1_12' title="bbox 283 1194 1873 1268">
     <span class='ocr_line' id='line_1_12' title="bbox 283 1194 1873 1268; baseline 0.002 -19"><span class='ocrx_word' id='word_1_72' title='bbox 283 1194 436 1259; x_wconf 89' lang='lat' dir='ltr'><strong>ceri,</strong></span> <span class='ocrx_word' id='word_1_73' title='bbox 464 1202 526 1249; x_wconf 91' lang='lat' dir='ltr'><strong>ut</strong></span> <span class='ocrx_word' id='word_1_74' title='bbox 552 1194 754 1250; x_wconf 87' lang='lat' dir='ltr'><strong>nullam</strong></span> <span class='ocrx_word' id='word_1_75' title='bbox 778 1194 890 1263; x_wconf 86' lang='lat' dir='ltr'><strong>jam</strong></span> <span class='ocrx_word' id='word_1_76' title='bbox 921 1197 1138 1266; x_wconf 86' lang='lat' dir='ltr'><strong>penitus</strong></span> <span class='ocrx_word' id='word_1_77' title='bbox 1169 1198 1551 1268; x_wconf 81' lang='lat' dir='ltr'><strong>cogitationem</strong></span> <span class='ocrx_word' id='word_1_78' title='bbox 1570 1240 1584 1261; x_wconf 93' lang='lat'><strong>,</strong></span> <span class='ocrx_word' id='word_1_79' title='bbox 1625 1196 1873 1267; x_wconf 82' lang='lat' dir='ltr'><strong>quamvis</strong></span> 
     </span>
    </p>
   </div>
   <div class='ocr_carea' id='block_1_13' title="bbox 282 1285 1870 1355">
    <p class='ocr_par' dir='ltr' id='par_1_13' title="bbox 282 1285 1870 1355">
     <span class='ocr_line' id='line_1_13' title="bbox 282 1285 1870 1355; baseline 0.001 -17"><span class='ocrx_word' id='word_1_80' title='bbox 282 1287 521 1355; x_wconf 84' lang='lat' dir='ltr'><strong>turpiter</strong></span> <span class='ocrx_word' id='word_1_81' title='bbox 562 1294 915 1350; x_wconf 83' lang='lat' dir='ltr'><strong>nascentem,</strong></span> <span class='ocrx_word' id='word_1_82' title='bbox 969 1286 1108 1341; x_wconf 84' lang='lat' dir='ltr'><strong>celet</strong></span> <span class='ocrx_word' id='word_1_83' title='bbox 1153 1286 1353 1341; x_wconf 89' lang='lat' dir='ltr'><strong>seniori</strong></span> <span class='ocrx_word' id='word_1_84' title='bbox 1402 1300 1501 1340; x_wconf 90' lang='lat' dir='ltr'><strong>suo</strong></span> <span class='ocrx_word' id='word_1_85' title='bbox 1545 1285 1870 1340; x_wconf 89' lang='lat' dir='ltr'><strong>verecundia</strong></span> 
     </span>
    </p>
   </div>
   <div class='ocr_carea' id='block_1_14' title="bbox 284 1375 1872 1447">
    <p class='ocr_par' dir='ltr' id='par_1_14' title="bbox 284 1375 1872 1447">
     <span class='ocr_line' id='line_1_14' title="bbox 284 1375 1872 1447; baseline 0 -16"><span class='ocrx_word' id='word_1_86' title='bbox 284 1375 524 1431; x_wconf 79' lang='lat' dir='ltr'><strong>faciente</strong></span> <span class='ocrx_word' id='word_1_87' title='bbox 564 1392 686 1447; x_wconf 79' lang='lat' dir='ltr'><strong>qua:</strong></span> <span class='ocrx_word' id='word_1_88' title='bbox 727 1376 971 1432; x_wconf 81' lang='lat' dir='ltr'><strong>confusio</strong></span> <span class='ocrx_word' id='word_1_89' title='bbox 1012 1376 1317 1447; x_wconf 85' lang='lat' dir='ltr'><strong>periculosa</strong></span> <span class='ocrx_word' id='word_1_90' title='bbox 1364 1384 1451 1432; x_wconf 89' lang='lat' dir='ltr'><strong>est</strong></span> <span class='ocrx_word' id='word_1_91' title='bbox 1495 1376 1710 1431; x_wconf 70' lang='lat' dir='ltr'><strong>animm.</strong></span> <span class='ocrx_word' id='word_1_92' title='bbox 1765 1375 1872 1431; x_wconf 90' lang='lat' dir='ltr'><strong>Sed</strong></span> 
     </span>
    </p>
   </div>
   <div class='ocr_carea' id='block_1_15' title="bbox 284 1466 1873 1538">
    <p class='ocr_par' dir='ltr' id='par_1_15' title="bbox 284 1466 1873 1538">
     <span class='ocr_line' id='line_1_15' title="bbox 284 1466 1873 1538; baseline 0 -19"><span class='ocrx_word' id='word_1_93' title='bbox 284 1482 413 1520; x_wconf 77' lang='lat' dir='ltr'><strong>mox</strong></span> <span class='ocrx_word' id='word_1_94' title='bbox 438 1508 452 1530; x_wconf 89' lang='lat'><strong>,</strong></span> <span class='ocrx_word' id='word_1_95' title='bbox 490 1472 549 1520; x_wconf 90' lang='lat' dir='ltr'><strong>ut</strong></span> <span class='ocrx_word' id='word_1_96' title='bbox 571 1478 595 1506; x_wconf 77' lang='grc' dir='ltr'><strong>ο</strong></span> <span class='ocrx_word' id='word_1_97' title='bbox 622 1476 818 1521; x_wconf 66' lang='lat' dir='ltr'><strong>exortae</strong></span> <span class='ocrx_word' id='word_1_98' title='bbox 857 1466 1058 1522; x_wconf 80' lang='lat' dir='ltr'><strong>fuerint</strong></span> <span class='ocrx_word' id='word_1_99' title='bbox 1095 1468 1451 1538; x_wconf 76' lang='lat' dir='ltr'><strong>cogitationes</strong></span> <span class='ocrx_word' id='word_1_100' title='bbox 1469 1507 1484 1531; x_wconf 92' lang='lat'><strong>,</strong></span> <span class='ocrx_word' id='word_1_101' title='bbox 1522 1482 1621 1522; x_wconf 90' lang='lat' dir='ltr'><strong>suo</strong></span> <span class='ocrx_word' id='word_1_102' title='bbox 1650 1482 1745 1522; x_wconf 90' lang='lat' dir='ltr'><strong>eas</strong></span> <span class='ocrx_word' id='word_1_103' title='bbox 1773 1481 1873 1537; x_wconf 82' lang='lat' dir='ltr'><strong>pu—</strong></span> 
     </span>
    </p>
   </div>
   <div class='ocr_carea' id='block_1_16' title="bbox 282 1555 1872 1628">
    <p class='ocr_par' dir='ltr' id='par_1_16' title="bbox 282 1555 1872 1628">
     <span class='ocr_line' id='line_1_16' title="bbox 282 1555 1872 1628; baseline 0.001 -18"><span class='ocrx_word' id='word_1_104' title='bbox 282 1555 455 1610; x_wconf 85' lang='lat' dir='ltr'><strong>blicct</strong></span> <span class='ocrx_word' id='word_1_105' title='bbox 478 1556 799 1621; x_wconf 30' lang='lat' dir='ltr'><strong>seniori,‘ne</strong></span> <span class='ocrx_word' id='word_1_106' title='bbox 827 1572 927 1611; x_wconf 87' lang='lat' dir='ltr'><strong>suo</strong></span> <span class='ocrx_word' id='word_1_107' title='bbox 955 1556 1158 1626; x_wconf 86' lang='lat' dir='ltr'><strong>aliquid</strong></span> <span class='ocrx_word' id='word_1_108' title='bbox 1182 1557 1411 1628; x_wconf 89' lang='lat' dir='ltr'><strong>judicio,</strong></span> <span class='ocrx_word' id='word_1_109' title='bbox 1435 1557 1521 1614; x_wconf 89' lang='lat' dir='ltr'><strong>vel</strong></span> <span class='ocrx_word' id='word_1_110' title='bbox 1547 1558 1872 1613; x_wconf 83' lang='lat' dir='ltr'><strong>discretione</strong></span> 
     </span>
    </p>
   </div>
   <div class='ocr_carea' id='block_1_17' title="bbox 282 1646 1869 1714">
    <p class='ocr_par' dir='ltr' id='par_1_17' title="bbox 282 1646 1869 1714">
     <span class='ocr_line' id='line_1_17' title="bbox 282 1646 1869 1714; baseline 0.001 -14"><span class='ocrx_word' id='word_1_111' title='bbox 282 1647 634 1701; x_wconf 84' lang='lat' dir='ltr'><strong>committat:</strong></span> <span class='ocrx_word' id='word_1_112' title='bbox 671 1647 766 1701; x_wconf 92' lang='lat' dir='ltr'><strong>sed</strong></span> <span class='ocrx_word' id='word_1_113' title='bbox 790 1646 918 1701; x_wconf 89' lang='lat' dir='ltr'><strong>illud</strong></span> <span class='ocrx_word' id='word_1_114' title='bbox 949 1647 1136 1702; x_wconf 86' lang='lat' dir='ltr'><strong>credat</strong></span> <span class='ocrx_word' id='word_1_115' title='bbox 1162 1647 1365 1701; x_wconf 89' lang='lat' dir='ltr'><strong>malum</strong></span> <span class='ocrx_word' id='word_1_116' title='bbox 1392 1662 1512 1703; x_wconf 89' lang='lat' dir='ltr'><strong>esse</strong></span> <span class='ocrx_word' id='word_1_117' title='bbox 1537 1647 1621 1703; x_wconf 90' lang='lat' dir='ltr'><strong>vel</strong></span> <span class='ocrx_word' id='word_1_118' title='bbox 1649 1648 1869 1714; x_wconf 89' lang='lat' dir='ltr'><strong>bonum,</strong></span> 
     </span>
    </p>
   </div>
   <div class='ocr_carea' id='block_1_18' title="bbox 284 1734 1874 1810">
    <p class='ocr_par' dir='ltr' id='par_1_18' title="bbox 284 1734 1874 1810">
     <span class='ocr_line' id='line_1_18' title="bbox 284 1734 1874 1810; baseline 0.004 -23"><span class='ocrx_word' id='word_1_119' title='bbox 284 1737 433 1805; x_wconf 83' lang='lat' dir='ltr'><strong>quod</strong></span> <span class='ocrx_word' id='word_1_120' title='bbox 460 1736 691 1792; x_wconf 88' lang='lat' dir='ltr'><strong>senioris</strong></span> <span class='ocrx_word' id='word_1_121' title='bbox 707 1734 910 1806; x_wconf 88' lang='lat' dir='ltr'><strong>judicio</strong></span> <span class='ocrx_word' id='word_1_122' title='bbox 937 1735 1101 1792; x_wconf 86' lang='lat' dir='ltr'><strong>fuerit</strong></span> <span class='ocrx_word' id='word_1_123' title='bbox 1125 1737 1428 1793; x_wconf 87' lang='lat' dir='ltr'><strong>deﬁnitum.</strong></span> <span class='ocrx_word' id='word_1_124' title='bbox 1461 1738 1578 1793; x_wconf 86' lang='lat' dir='ltr'><strong>Non</strong></span> <span class='ocrx_word' id='word_1_125' title='bbox 1606 1740 1752 1795; x_wconf 90' lang='lat' dir='ltr'><strong>enim</strong></span> <span class='ocrx_word' id='word_1_126' title='bbox 1777 1754 1874 1810; x_wconf 91' lang='lat' dir='ltr'><strong>po-</strong></span> 
     </span>
    </p>
   </div>
   <div class='ocr_carea' id='block_1_19' title="bbox 283 1813 1948 1909">
    <p class='ocr_par' dir='ltr' id='par_1_19' title="bbox 283 1813 1948 1909">
     <span class='ocr_line' id='line_1_19' title="bbox 283 1813 1948 1909; baseline 0.004 -29"><span class='ocrx_word' id='word_1_127' title='bbox 283 1828 417 1881; x_wconf 89' lang='lat' dir='ltr'><strong>terit</strong></span> <span class='ocrx_word' id='word_1_128' title='bbox 466 1828 714 1883; x_wconf 83' lang='lat' dir='ltr'><strong>diabolus</strong></span> <span class='ocrx_word' id='word_1_129' title='bbox 760 1828 1158 1884; x_wconf 84' lang='lat' dir='ltr'><strong>circumvenire</strong></span> <span class='ocrx_word' id='word_1_130' title='bbox 1204 1830 1289 1885; x_wconf 92' lang='lat' dir='ltr'><strong>vel</strong></span> <span class='ocrx_word' id='word_1_131' title='bbox 1339 1830 1576 1900; x_wconf 86' lang='lat' dir='ltr'><strong>dejicere</strong></span> <span class='ocrx_word' id='word_1_132' title='bbox 1618 1830 1873 1909; x_wconf 83' lang='lat' dir='ltr'><strong>juvenem</strong></span> <span class='ocrx_word' id='word_1_133' title='bbox 1900 1813 1948 1873; x_wconf 82' lang='grc' dir='ltr'><strong><em>Β</em></strong></span> 
     </span>
    </p>
   </div>
   <div class='ocr_carea' id='block_1_20' title="bbox 282 1919 1873 1994">
    <p class='ocr_par' dir='ltr' id='par_1_20' title="bbox 282 1919 1873 1994">
     <span class='ocr_line' id='line_1_20' title="bbox 282 1919 1873 1994; baseline 0.004 -23"><span class='ocrx_word' id='word_1_134' title='bbox 282 1919 649 1984; x_wconf 87' lang='lat' dir='ltr'><strong>monachum,</strong></span> <span class='ocrx_word' id='word_1_135' title='bbox 694 1920 793 1974; x_wconf 91' lang='lat' dir='ltr'><strong>nisi</strong></span> <span class='ocrx_word' id='word_1_136' title='bbox 832 1934 958 1974; x_wconf 89' lang='lat' dir='ltr'><strong>eum</strong></span> <span class='ocrx_word' id='word_1_137' title='bbox 998 1935 1158 1990; x_wconf 89' lang='lat' dir='ltr'><strong>quem</strong></span> <span class='ocrx_word' id='word_1_138' title='bbox 1192 1921 1388 1977; x_wconf 90' lang='lat' dir='ltr'><strong>viderit</strong></span> <span class='ocrx_word' id='word_1_139' title='bbox 1426 1931 1520 1976; x_wconf 86' lang='lat' dir='ltr'><strong>aut</strong></span> <span class='ocrx_word' id='word_1_140' title='bbox 1557 1938 1656 1994; x_wconf 90' lang='lat' dir='ltr'><strong>per</strong></span> <span class='ocrx_word' id='word_1_141' title='bbox 1683 1939 1873 1994; x_wconf 87' lang='lat' dir='ltr'><strong>super-</strong></span> 
     </span>
    </p>
   </div>
   <div class='ocr_carea' id='block_1_21' title="bbox 281 2006 1872 2081">
    <p class='ocr_par' dir='ltr' id='par_1_21' title="bbox 281 2006 1872 2081">
     <span class='ocr_line' id='line_1_21' title="bbox 281 2006 1872 2081; baseline 0.004 -22"><span class='ocrx_word' id='word_1_142' title='bbox 281 2006 455 2068; x_wconf 87' lang='lat' dir='ltr'><strong>biam,</strong></span> <span class='ocrx_word' id='word_1_143' title='bbox 491 2016 585 2061; x_wconf 87' lang='lat' dir='ltr'><strong>aut</strong></span> <span class='ocrx_word' id='word_1_144' title='bbox 608 2023 707 2078; x_wconf 91' lang='lat' dir='ltr'><strong>per</strong></span> <span class='ocrx_word' id='word_1_145' title='bbox 730 2009 1112 2063; x_wconf 83' lang='lat' dir='ltr'><strong>verecundiam</strong></span> <span class='ocrx_word' id='word_1_146' title='bbox 1138 2025 1265 2065; x_wconf 88' lang='lat' dir='ltr'><strong>suas</strong></span> <span class='ocrx_word' id='word_1_147' title='bbox 1290 2011 1645 2081; x_wconf 78' lang='lat' dir='ltr'><strong>cogitationes</strong></span> <span class='ocrx_word' id='word_1_148' title='bbox 1672 2013 1872 2067; x_wconf 87' lang='lat' dir='ltr'><strong>seniori</strong></span> 
     </span>
    </p>
   </div>
   <div class='ocr_carea' id='block_1_22' title="bbox 283 2097 1871 2170">
    <p class='ocr_par' dir='ltr' id='par_1_22' title="bbox 283 2097 1871 2170">
     <span class='ocr_line' id='line_1_22' title="bbox 283 2097 1871 2170; baseline 0.004 -21"><span class='ocrx_word' id='word_1_149' title='bbox 283 2097 488 2152; x_wconf 87' lang='lat' dir='ltr'><strong>celare.</strong></span> <span class='ocrx_word' id='word_1_150' title='bbox 535 2097 669 2153; x_wconf 83' lang='lat' dir='ltr'><strong>Nam</strong></span> <span class='ocrx_word' id='word_1_151' title='bbox 698 2100 978 2153; x_wconf 86' lang='lat' dir='ltr'><strong>evidenter</strong></span> <span class='ocrx_word' id='word_1_152' title='bbox 1006 2098 1325 2154; x_wconf 88' lang='lat' dir='ltr'><strong>diabolicam</strong></span> <span class='ocrx_word' id='word_1_153' title='bbox 1360 2101 1742 2170; x_wconf 76' lang='lat' dir='ltr'><strong>cogitationem</strong></span> <span class='ocrx_word' id='word_1_154' title='bbox 1772 2101 1871 2157; x_wconf 84' lang='lat' dir='ltr'><strong>Pa-</strong></span> 
     </span>
    </p>
   </div>
   <div class='ocr_carea' id='block_1_23' title="bbox 283 2189 1873 2258">
    <p class='ocr_par' dir='ltr' id='par_1_23' title="bbox 283 2189 1873 2258">
     <span class='ocr_line' id='line_1_23' title="bbox 283 2189 1873 2258; baseline 0.002 -16"><span class='ocrx_word' id='word_1_155' title='bbox 283 2196 402 2243; x_wconf 88' lang='lat' dir='ltr'><strong>tres</strong></span> <span class='ocrx_word' id='word_1_156' title='bbox 422 2202 544 2242; x_wconf 84' lang='lat' dir='ltr'><strong>esse</strong></span> <span class='ocrx_word' id='word_1_157' title='bbox 564 2189 844 2256; x_wconf 75' lang='lat' dir='ltr'><strong>dixerunt;</strong></span> <span class='ocrx_word' id='word_1_158' title='bbox 875 2203 1035 2258; x_wconf 87' lang='lat' dir='ltr'><strong>quam</strong></span> <span class='ocrx_word' id='word_1_159' title='bbox 1051 2189 1238 2258; x_wconf 88' lang='lat' dir='ltr'><strong>junior</strong></span> <span class='ocrx_word' id='word_1_160' title='bbox 1256 2191 1454 2245; x_wconf 88' lang='lat' dir='ltr'><strong>seniori</strong></span> <span class='ocrx_word' id='word_1_161' title='bbox 1477 2189 1503 2229; x_wconf 75' lang='grc' dir='ltr'>ά</span> <span class='ocrx_word' id='word_1_162' title='bbox 1525 2189 1873 2246; x_wconf 82' lang='lat' dir='ltr'><strong>confunditur</strong></span> 
     </span>
    </p>
   </div>
   <div class='ocr_carea' id='block_1_24' title="bbox 282 2280 521 2349">
    <p class='ocr_par' dir='ltr' id='par_1_24' title="bbox 282 2280 521 2349">
     <span class='ocr_line' id='line_1_24' title="bbox 282 2280 521 2349; baseline 0.004 -16"><span class='ocrx_word' id='word_1_163' title='bbox 282 2280 521 2349; x_wconf 84' lang='lat' dir='ltr'><strong>aperire.</strong></span> 
     </span>
    </p>
   </div>
   <div class='ocr_carea' id='block_1_25' title="bbox 432 2373 1725 2448">
    <p class='ocr_par' dir='ltr' id='par_1_25' title="bbox 432 2373 1725 2448">
     <span class='ocr_line' id='line_1_25' title="bbox 432 2373 1725 2448; baseline -0.002 -18"><span class='ocrx_word' id='word_1_164' title='bbox 432 2373 459 2445; x_wconf 84' lang='lat'>§</span> <span class='ocrx_word' id='word_1_165' title='bbox 499 2373 629 2430; x_wconf 69' lang='lat' dir='ltr'><strong>\‘Ill.</strong></span> <span class='ocrx_word' id='word_1_166' title='bbox 665 2405 738 2416; x_wconf 93' lang='lat'><strong><em>—</em></strong></span> <span class='ocrx_word' id='word_1_167' title='bbox 771 2375 852 2430; x_wconf 78' lang='lat' dir='ltr'><strong>Ex</strong></span> <span class='ocrx_word' id='word_1_168' title='bbox 888 2375 1109 2432; x_wconf 70' lang='lat' dir='ltr'><strong>Rscuu</strong></span> <span class='ocrx_word' id='word_1_169' title='bbox 1145 2376 1408 2432; x_wconf 68' lang='lat' dir='ltr'><strong>Macrsmr</strong></span> <span class='ocrx_word' id='word_1_170' title='bbox 1446 2375 1586 2448; x_wconf 80' lang='lat' dir='ltr'><strong>(cap.</strong></span> <span class='ocrx_word' id='word_1_171' title='bbox 1616 2375 1725 2447; x_wconf 72' lang='grc'><strong>15).</strong></span> 
     </span>
    </p>
   </div>
   <div class='ocr_carea' id='block_1_26' title="bbox 360 2466 1867 2534">
    <p class='ocr_par' dir='ltr' id='par_1_26' title="bbox 360 2466 1867 2534">
     <span class='ocr_line' id='line_1_26' title="bbox 360 2466 1867 2534; baseline 0.003 -16"><span class='ocrx_word' id='word_1_172' title='bbox 360 2477 385 2505; x_wconf 75' lang='grc' dir='ltr'>ε</span> <span class='ocrx_word' id='word_1_173' title='bbox 413 2466 666 2533; x_wconf 85' lang='lat' dir='ltr'><strong>Fratres,</strong></span> <span class='ocrx_word' id='word_1_174' title='bbox 709 2479 839 2523; x_wconf 90' lang='lat' dir='ltr'><strong>tunc</strong></span> <span class='ocrx_word' id='word_1_175' title='bbox 868 2468 1003 2523; x_wconf 85' lang='lat' dir='ltr'><strong>rami</strong></span> <span class='ocrx_word' id='word_1_176' title='bbox 1042 2470 1255 2525; x_wconf 90' lang='lat' dir='ltr'><strong>arboris</strong></span> <span class='ocrx_word' id='word_1_177' title='bbox 1292 2469 1477 2524; x_wconf 89' lang='lat' dir='ltr'><strong>mundi</strong></span> <span class='ocrx_word' id='word_1_178' title='bbox 1516 2477 1675 2534; x_wconf 89' lang='lat' dir='ltr'><strong>sunt,</strong></span> <span class='ocrx_word' id='word_1_179' title='bbox 1717 2472 1762 2523; x_wconf 90' lang='lat' dir='ltr'><strong>si</strong></span> <span class='ocrx_word' id='word_1_180' title='bbox 1801 2468 1867 2522; x_wconf 88' lang='lat' dir='ltr'><strong>li—</strong></span> 
     </span>
    </p>
   </div>
   <div class='ocr_carea' id='block_1_27' title="bbox 284 2557 1872 2630">
    <p class='ocr_par' dir='ltr' id='par_1_27' title="bbox 284 2557 1872 2630">
     <span class='ocr_line' id='line_1_27' title="bbox 284 2557 1872 2630; baseline 0.003 -21"><span class='ocrx_word' id='word_1_181' title='bbox 284 2571 455 2627; x_wconf 88' lang='lat' dir='ltr'><strong>gnum</strong></span> <span class='ocrx_word' id='word_1_182' title='bbox 485 2557 603 2626; x_wconf 89' lang='lat' dir='ltr'><strong>ejus</strong></span> <span class='ocrx_word' id='word_1_183' title='bbox 629 2571 661 2610; x_wconf 89' lang='lat' dir='ltr'><strong>a</strong></span> <span class='ocrx_word' id='word_1_184' title='bbox 691 2558 870 2613; x_wconf 89' lang='lat' dir='ltr'><strong>radice</strong></span> <span class='ocrx_word' id='word_1_185' title='bbox 898 2566 1175 2630; x_wconf 80' lang='lat' dir='ltr'><strong>purgetur.</strong></span> <span class='ocrx_word' id='word_1_186' title='bbox 1224 2558 1333 2614; x_wconf 85' lang='lat' dir='ltr'><strong>Nec</strong></span> <span class='ocrx_word' id='word_1_187' title='bbox 1359 2560 1504 2614; x_wconf 89' lang='lat' dir='ltr'><strong>enim</strong></span> <span class='ocrx_word' id='word_1_188' title='bbox 1530 2560 1753 2629; x_wconf 85' lang='lat' dir='ltr'><strong>dignum</strong></span> <span class='ocrx_word' id='word_1_189' title='bbox 1787 2568 1872 2615; x_wconf 88' lang='lat' dir='ltr'><strong>est</strong></span> 
     </span>
    </p>
   </div>
   <div class='ocr_carea' id='block_1_28' title="bbox 280 2645 1867 2720">
    <p class='ocr_par' dir='ltr' id='par_1_28' title="bbox 280 2645 1867 2720">
     <span class='ocr_line' id='line_1_28' title="bbox 280 2645 1867 2720; baseline 0.003 -22"><span class='ocrx_word' id='word_1_190' title='bbox 280 2646 559 2700; x_wconf 87' lang='lat' dir='ltr'><strong>mundatis</strong></span> <span class='ocrx_word' id='word_1_191' title='bbox 584 2645 719 2702; x_wconf 87' lang='lat' dir='ltr'><strong>foris</strong></span> <span class='ocrx_word' id='word_1_192' title='bbox 747 2647 768 2687; x_wconf 72' lang='grc' dir='ltr'><em>τ</em></span> <span class='ocrx_word' id='word_1_193' title='bbox 796 2649 986 2718; x_wconf 90' lang='lat' dir='ltr'><strong>regiis,</strong></span> <span class='ocrx_word' id='word_1_194' title='bbox 1028 2650 1174 2705; x_wconf 92' lang='lat' dir='ltr'><strong>intus</strong></span> <span class='ocrx_word' id='word_1_195' title='bbox 1200 2650 1471 2720; x_wconf 84' lang='lat' dir='ltr'><strong>inquinari</strong></span> <span class='ocrx_word' id='word_1_196' title='bbox 1502 2650 1569 2705; x_wconf 92' lang='lat' dir='ltr'><strong>de</strong></span> <span class='ocrx_word' id='word_1_197' title='bbox 1597 2649 1867 2704; x_wconf 90' lang='lat' dir='ltr'><strong>sordibus.</strong></span> 
     </span>
    </p>
   </div>
   <div class='ocr_carea' id='block_1_29' title="bbox 282 2732 1869 2809">
    <p class='ocr_par' dir='ltr' id='par_1_29' title="bbox 282 2732 1869 2809">
     <span class='ocr_line' id='line_1_29' title="bbox 282 2732 1869 2809; baseline 0.005 -22"><span class='ocrx_word' id='word_1_198' title='bbox 282 2732 398 2788; x_wconf 85' lang='lat' dir='ltr'><strong>Sed</strong></span> <span class='ocrx_word' id='word_1_199' title='bbox 429 2735 686 2791; x_wconf 86' lang='lat' dir='ltr'><strong>decenter</strong></span> <span class='ocrx_word' id='word_1_200' title='bbox 709 2736 960 2803; x_wconf 83' lang='lat' dir='ltr'><strong>ellicitur,</strong></span> <span class='ocrx_word' id='word_1_201' title='bbox 999 2739 1045 2793; x_wconf 92' lang='lat' dir='ltr'><strong>si</strong></span> <span class='ocrx_word' id='word_1_202' title='bbox 1074 2739 1140 2795; x_wconf 87' lang='lat' dir='ltr'><strong>de</strong></span> <span class='ocrx_word' id='word_1_203' title='bbox 1167 2740 1313 2795; x_wconf 90' lang='lat' dir='ltr'><strong>intus</strong></span> <span class='ocrx_word' id='word_1_204' title='bbox 1338 2738 1485 2796; x_wconf 88' lang='lat' dir='ltr'><strong>foras</strong></span> <span class='ocrx_word' id='word_1_205' title='bbox 1509 2738 1680 2809; x_wconf 86' lang='lat' dir='ltr'><strong>ejecta</strong></span> <span class='ocrx_word' id='word_1_206' title='bbox 1709 2739 1869 2795; x_wconf 87' lang='lat' dir='ltr'><strong>sorde</strong></span> 
     </span>
    </p>
   </div>
   <div class='ocr_carea' id='block_1_30' title="bbox 274 2823 1869 2901">
    <p class='ocr_par' dir='ltr' id='par_1_30' title="bbox 274 2823 1869 2901">
     <span class='ocr_line' id='line_1_30' title="bbox 274 2823 1869 2901; baseline 0.006 -24"><span class='ocrx_word' id='word_1_207' title='bbox 274 2823 394 2895; x_wconf 86' lang='lat' dir='ltr'><strong>jam</strong></span> <span class='ocrx_word' id='word_1_208' title='bbox 421 2833 535 2880; x_wconf 86' lang='lat' dir='ltr'><strong>tum</strong></span> <span class='ocrx_word' id='word_1_209' title='bbox 561 2827 775 2883; x_wconf 91' lang='lat' dir='ltr'><strong>demum</strong></span> <span class='ocrx_word' id='word_1_210' title='bbox 799 2836 853 2885; x_wconf 92' lang='lat' dir='ltr'><strong>et</strong></span> <span class='ocrx_word' id='word_1_211' title='bbox 875 2828 1018 2885; x_wconf 86' lang='lat' dir='ltr'><strong>fores</strong></span> <span class='ocrx_word' id='word_1_212' title='bbox 1039 2828 1188 2901; x_wconf 90' lang='lat' dir='ltr'><strong>juste</strong></span> <span class='ocrx_word' id='word_1_213' title='bbox 1210 2831 1553 2887; x_wconf 81' lang='lat' dir='ltr'><strong>mandentur.</strong></span> <span class='ocrx_word' id='word_1_214' title='bbox 1584 2830 1702 2886; x_wconf 87' lang='lat' dir='ltr'><strong>Non</strong></span> <span class='ocrx_word' id='word_1_215' title='bbox 1723 2831 1869 2887; x_wconf 90' lang='lat' dir='ltr'><strong>enim</strong></span> 
     </span>
    </p>
   </div>
   <div class='ocr_carea' id='block_1_31' title="bbox 282 2921 1863 2989">
    <p class='ocr_par' dir='ltr' id='par_1_31' title="bbox 282 2921 1863 2989">
     <span class='ocr_line' id='line_1_31' title="bbox 282 2921 1863 2989; baseline 0.005 -20"><span class='ocrx_word' id='word_1_216' title='bbox 282 2930 474 2972; x_wconf 84' lang='lat' dir='ltr'><strong>secura</strong></span> <span class='ocrx_word' id='word_1_217' title='bbox 512 2929 735 2988; x_wconf 90' lang='lat' dir='ltr'><strong>possunt</strong></span> <span class='ocrx_word' id='word_1_218' title='bbox 763 2936 885 2976; x_wconf 89' lang='lat' dir='ltr'><strong>esse</strong></span> <span class='ocrx_word' id='word_1_219' title='bbox 927 2924 952 2962; x_wconf 69' lang='grc' dir='ltr'><strong><em>Β</em></strong></span> <span class='ocrx_word' id='word_1_220' title='bbox 973 2921 1211 2989; x_wconf 87' lang='lat' dir='ltr'><strong>fossata,</strong></span> <span class='ocrx_word' id='word_1_221' title='bbox 1252 2922 1345 2978; x_wconf 92' lang='lat' dir='ltr'><strong>ubi</strong></span> <span class='ocrx_word' id='word_1_222' title='bbox 1382 2924 1528 2978; x_wconf 90' lang='lat' dir='ltr'><strong>intus</strong></span> <span class='ocrx_word' id='word_1_223' title='bbox 1555 2931 1639 2979; x_wconf 92' lang='lat' dir='ltr'><strong>est</strong></span> <span class='ocrx_word' id='word_1_224' title='bbox 1668 2923 1863 2979; x_wconf 88' lang='lat' dir='ltr'><strong>hostis.</strong></span> 
     </span>
    </p>
   </div>
   <div class='ocr_carea' id='block_1_32' title="bbox 283 3005 1868 3086">
    <p class='ocr_par' dir='ltr' id='par_1_32' title="bbox 283 3005 1868 3086">
     <span class='ocr_line' id='line_1_32' title="bbox 283 3005 1868 3086; baseline 0.006 -25"><span class='ocrx_word' id='word_1_225' title='bbox 283 3005 460 3063; x_wconf 87' lang='lat' dir='ltr'><strong>Simul</strong></span> <span class='ocrx_word' id='word_1_226' title='bbox 492 3018 545 3065; x_wconf 89' lang='lat' dir='ltr'><strong>et</strong></span> <span class='ocrx_word' id='word_1_227' title='bbox 574 3023 727 3081; x_wconf 89' lang='lat' dir='ltr'><strong>porta</strong></span> <span class='ocrx_word' id='word_1_228' title='bbox 759 3014 1010 3069; x_wconf 87' lang='lat' dir='ltr'><strong>clausura</strong></span> <span class='ocrx_word' id='word_1_229' title='bbox 1041 3030 1137 3070; x_wconf 86' lang='lat' dir='ltr'><strong>sua</strong></span> <span class='ocrx_word' id='word_1_230' title='bbox 1167 3016 1380 3086; x_wconf 89' lang='lat' dir='ltr'><strong>captiva</strong></span> <span class='ocrx_word' id='word_1_231' title='bbox 1418 3024 1539 3081; x_wconf 90' lang='lat' dir='ltr'><strong>est,</strong></span> <span class='ocrx_word' id='word_1_232' title='bbox 1589 3016 1678 3070; x_wconf 91' lang='lat' dir='ltr'><strong>ubi</strong></span> <span class='ocrx_word' id='word_1_233' title='bbox 1725 3016 1868 3071; x_wconf 87' lang='lat' dir='ltr'><strong>muri</strong></span> 
     </span>
    </p>
   </div>
   <div class='ocr_carea' id='block_1_33' title="bbox 280 3100 1862 3171">
    <p class='ocr_par' dir='ltr' id='par_1_33' title="bbox 280 3100 1862 3171">
     <span class='ocr_line' id='line_1_33' title="bbox 280 3100 1862 3171; baseline 0.008 -21"><span class='ocrx_word' id='word_1_234' title='bbox 280 3111 395 3152; x_wconf 86' lang='lat' dir='ltr'><strong>non</strong></span> <span class='ocrx_word' id='word_1_235' title='bbox 450 3100 753 3171; x_wconf 88' lang='lat' dir='ltr'><strong>repellunt,</strong></span> <span class='ocrx_word' id='word_1_236' title='bbox 806 3105 899 3159; x_wconf 88' lang='lat' dir='ltr'><strong>sed</strong></span> <span class='ocrx_word' id='word_1_237' title='bbox 947 3104 1216 3160; x_wconf 90' lang='lat' dir='ltr'><strong>inclusum</strong></span> <span class='ocrx_word' id='word_1_238' title='bbox 1270 3106 1509 3162; x_wconf 90' lang='lat' dir='ltr'><strong>retinent</strong></span> <span class='ocrx_word' id='word_1_239' title='bbox 1564 3105 1862 3162; x_wconf 89' lang='lat' dir='ltr'><strong>inimicum.</strong></span> 
     </span>
    </p>
   </div>
   <div class='ocr_carea' id='block_1_34' title="bbox 281 3185 1862 3269">
    <p class='ocr_par' dir='ltr' id='par_1_34' title="bbox 281 3185 1862 3269">
     <span class='ocr_line' id='line_1_34' title="bbox 281 3185 1862 3269; baseline 0.008 -28"><span class='ocrx_word' id='word_1_240' title='bbox 281 3185 422 3243; x_wconf 81' lang='lat' dir='ltr'><strong>Nam</strong></span> <span class='ocrx_word' id='word_1_241' title='bbox 460 3198 517 3245; x_wconf 90' lang='lat' dir='ltr'><strong>et</strong></span> <span class='ocrx_word' id='word_1_242' title='bbox 545 3193 741 3249; x_wconf 86' lang='lat' dir='ltr'><strong>vulnus</strong></span> <span class='ocrx_word' id='word_1_243' title='bbox 778 3195 1000 3252; x_wconf 88' lang='lat' dir='ltr'><strong>ebullire</strong></span> <span class='ocrx_word' id='word_1_244' title='bbox 1041 3198 1191 3252; x_wconf 89' lang='lat' dir='ltr'><strong>novit</strong></span> <span class='ocrx_word' id='word_1_245' title='bbox 1235 3197 1499 3268; x_wconf 89' lang='lat' dir='ltr'><strong>repletum</strong></span> <span class='ocrx_word' id='word_1_246' title='bbox 1539 3198 1862 3269; x_wconf 86' lang='lat' dir='ltr'><strong>putredine,</strong></span> 
     </span>
    </p>
   </div>
   <div class='ocr_carea' id='block_1_35' title="bbox 280 3281 1868 3359">
    <p class='ocr_par' dir='ltr' id='par_1_35' title="bbox 280 3281 1868 3359">
     <span class='ocr_line' id='line_1_35' title="bbox 280 3281 1868 3359; baseline 0.006 -23"><span class='ocrx_word' id='word_1_247' title='bbox 280 3281 390 3336; x_wconf 86' lang='lat' dir='ltr'><strong>nisi</strong></span> <span class='ocrx_word' id='word_1_248' title='bbox 423 3283 758 3353; x_wconf 82' lang='lat' dir='ltr'><strong>exprimatur</strong></span> <span class='ocrx_word' id='word_1_249' title='bbox 784 3294 839 3342; x_wconf 91' lang='lat' dir='ltr'><strong>et</strong></span> <span class='ocrx_word' id='word_1_250' title='bbox 867 3286 934 3344; x_wconf 95' lang='lat' dir='ltr'><strong>de</strong></span> <span class='ocrx_word' id='word_1_251' title='bbox 961 3303 1026 3344; x_wconf 83' lang='lat' dir='ltr'><strong>eo</strong></span> <span class='ocrx_word' id='word_1_252' title='bbox 1054 3287 1219 3344; x_wconf 86' lang='lat' dir='ltr'><strong>fuerit</strong></span> <span class='ocrx_word' id='word_1_253' title='bbox 1247 3290 1428 3346; x_wconf 85' lang='lat' dir='ltr'><strong>sanies</strong></span> <span class='ocrx_word' id='word_1_254' title='bbox 1456 3289 1630 3359; x_wconf 88' lang='lat' dir='ltr'><strong>ejecta</strong></span> <span class='ocrx_word' id='word_1_255' title='bbox 1662 3291 1868 3346; x_wconf 76' lang='lat' dir='ltr'><strong>extrin-</strong></span> 
     </span>
    </p>
   </div>
   <div class='ocr_carea' id='block_1_36' title="bbox 280 3377 1868 3454">
    <p class='ocr_par' dir='ltr' id='par_1_36' title="bbox 280 3377 1868 3454">
     <span class='ocr_line' id='line_1_36' title="bbox 280 3377 1868 3454; baseline 0.007 -25"><span class='ocrx_word' id='word_1_256' title='bbox 280 3390 465 3441; x_wconf 86' lang='lat' dir='ltr'><strong>secus,</strong></span> <span class='ocrx_word' id='word_1_257' title='bbox 488 3383 545 3430; x_wconf 89' lang='lat' dir='ltr'><strong>et</strong></span> <span class='ocrx_word' id='word_1_258' title='bbox 564 3377 590 3417; x_wconf 72' lang='grc' dir='ltr'>δ</span> <span class='ocrx_word' id='word_1_259' title='bbox 609 3377 676 3433; x_wconf 90' lang='lat' dir='ltr'><strong>de</strong></span> <span class='ocrx_word' id='word_1_260' title='bbox 701 3378 846 3451; x_wconf 89' lang='lat' dir='ltr'><strong>ipsas</strong></span> <span class='ocrx_word' id='word_1_261' title='bbox 868 3381 1182 3450; x_wconf 90' lang='lat' dir='ltr'><strong>operatione</strong></span> <span class='ocrx_word' id='word_1_262' title='bbox 1202 3388 1483 3454; x_wconf 86' lang='lat' dir='ltr'><strong>purgetur,</strong></span> <span class='ocrx_word' id='word_1_263' title='bbox 1511 3382 1670 3439; x_wconf 86' lang='lat' dir='ltr'><strong>altius</strong></span> <span class='ocrx_word' id='word_1_264' title='bbox 1688 3392 1868 3453; x_wconf 90' lang='lat' dir='ltr'><strong>potest</strong></span> 
     </span>
    </p>
   </div>
   <div class='ocr_carea' id='block_1_37' title="bbox 277 3469 1866 3544">
    <p class='ocr_par' dir='ltr' id='par_1_37' title="bbox 277 3469 1866 3544">
     <span class='ocr_line' id='line_1_37' title="bbox 277 3469 1866 3544; baseline 0.007 -24"><span class='ocrx_word' id='word_1_265' title='bbox 277 3480 438 3520; x_wconf 90' lang='lat' dir='ltr'><strong>suam</strong></span> <span class='ocrx_word' id='word_1_266' title='bbox 473 3480 668 3523; x_wconf 88' lang='lat' dir='ltr'><strong>cavare</strong></span> <span class='ocrx_word' id='word_1_267' title='bbox 706 3469 987 3526; x_wconf 86' lang='lat' dir='ltr'><strong>malitiam.</strong></span> <span class='ocrx_word' id='word_1_268' title='bbox 1042 3471 1158 3528; x_wconf 82' lang='lat' dir='ltr'><strong>Hoc</strong></span> <span class='ocrx_word' id='word_1_269' title='bbox 1193 3488 1323 3544; x_wconf 87' lang='lat' dir='ltr'><strong>ergo</strong></span> <span class='ocrx_word' id='word_1_270' title='bbox 1360 3481 1416 3529; x_wconf 89' lang='lat' dir='ltr'><strong>et</strong></span> <span class='ocrx_word' id='word_1_271' title='bbox 1448 3489 1546 3529; x_wconf 92' lang='lat' dir='ltr'><strong>nos</strong></span> <span class='ocrx_word' id='word_1_272' title='bbox 1576 3474 1643 3530; x_wconf 91' lang='lat' dir='ltr'><strong>de</strong></span> <span class='ocrx_word' id='word_1_273' title='bbox 1678 3485 1866 3532; x_wconf 90' lang='lat' dir='ltr'><strong>nostra</strong></span> 
     </span>
    </p>
   </div>
   <div class='ocr_carea' id='block_1_38' title="bbox 356 3601 1864 3679">
    <p class='ocr_par' dir='ltr' id='par_1_38' title="bbox 356 3601 1864 3679">
     <span class='ocr_line' id='line_1_38' title="bbox 356 3601 1864 3679; baseline 0.008 -24"><span class='ocrx_word' id='word_1_274' title='bbox 356 3614 382 3643; x_wconf 74' lang='grc' dir='ltr'>ι</span> <span class='ocrx_word' id='word_1_275' title='bbox 414 3601 812 3679; x_wconf 16' lang='grc' dir='ltr'><strong>Επενσίείιιὶοηεί</strong></span> <span class='ocrx_word' id='word_1_276' title='bbox 844 3608 1019 3664; x_wconf 81' lang='lat' dir='ltr'><strong>idonei</strong></span> <span class='ocrx_word' id='word_1_277' title='bbox 1057 3608 1247 3679; x_wconf 88' lang='lat' dir='ltr'><strong>operis.</strong></span> <span class='ocrx_word' id='word_1_278' title='bbox 1286 3608 1433 3677; x_wconf 89' lang='lat' dir='ltr'><strong>Opus</strong></span> <span class='ocrx_word' id='word_1_279' title='bbox 1470 3611 1719 3667; x_wconf 89' lang='lat' dir='ltr'><strong>manuale.</strong></span> <span class='ocrx_word' id='word_1_280' title='bbox 1755 3627 1864 3667; x_wconf 91' lang='lat' dir='ltr'><strong>non</strong></span> 
     </span>
    </p>
   </div>
   <div class='ocr_carea' id='block_1_39' title="bbox 281 3673 1869 3748">
    <p class='ocr_par' dir='ltr' id='par_1_39' title="bbox 281 3673 1869 3748">
     <span class='ocr_line' id='line_1_39' title="bbox 281 3673 1869 3748; baseline 0.007 -22"><span class='ocrx_word' id='word_1_281' title='bbox 281 3686 489 3748; x_wconf 62' lang='lat' dir='ltr'><strong>parum</strong></span> <span class='ocrx_word' id='word_1_282' title='bbox 511 3673 723 3748; x_wconf 75' lang='lat' dir='ltr'><strong>confert</strong></span> <span class='ocrx_word' id='word_1_283' title='bbox 748 3678 815 3731; x_wconf 91' lang='lat' dir='ltr'><strong>ad</strong></span> <span class='ocrx_word' id='word_1_284' title='bbox 838 3673 1176 3748; x_wconf 78' lang='lat' dir='ltr'><strong>tentatiooes</strong></span> <span class='ocrx_word' id='word_1_285' title='bbox 1217 3673 1551 3748; x_wconf 77' lang='lat' dir='ltr'><strong>abigendas.</strong></span> <span class='ocrx_word' id='word_1_286' title='bbox 1576 3681 1732 3736; x_wconf 90' lang='lat' dir='ltr'><strong>Unde</strong></span> <span class='ocrx_word' id='word_1_287' title='bbox 1762 3683 1869 3737; x_wconf 82' lang='lat' dir='ltr'><strong>Re-</strong></span> 
     </span>
    </p>
   </div>
   <div class='ocr_carea' id='block_1_40' title="bbox 283 3741 1869 3816">
    <p class='ocr_par' dir='ltr' id='par_1_40' title="bbox 283 3741 1869 3816">
     <span class='ocr_line' id='line_1_40' title="bbox 283 3741 1869 3816; baseline 0.008 -23"><span class='ocrx_word' id='word_1_288' title='bbox 283 3741 408 3816; x_wconf 84' lang='lat' dir='ltr'><strong>gula</strong></span> <span class='ocrx_word' id='word_1_289' title='bbox 438 3741 657 3799; x_wconf 83' lang='lat' dir='ltr'><strong>Macarii</strong></span> <span class='ocrx_word' id='word_1_290' title='bbox 692 3753 748 3800; x_wconf 89' lang='lat' dir='ltr'><strong>et</strong></span> <span class='ocrx_word' id='word_1_291' title='bbox 778 3747 1006 3804; x_wconf 89' lang='lat' dir='ltr'><strong>aliorum</strong></span> <span class='ocrx_word' id='word_1_292' title='bbox 1042 3741 1404 3803; x_wconf 58' lang='lat' dir='ltr'><strong>abbatum&#39;ait</strong></span> <span class='ocrx_word' id='word_1_293' title='bbox 1430 3766 1443 3800; x_wconf 91' lang='lat'><strong>:</strong></span> <span class='ocrx_word' id='word_1_294' title='bbox 1479 3766 1497 3799; x_wconf 76' lang='grc' dir='ltr'>ι</span> <span class='ocrx_word' id='word_1_295' title='bbox 1529 3747 1681 3816; x_wconf 85' lang='lat' dir='ltr'><strong>Quod</strong></span> <span class='ocrx_word' id='word_1_296' title='bbox 1709 3751 1752 3805; x_wconf 87' lang='lat' dir='ltr'><strong>si</strong></span> <span class='ocrx_word' id='word_1_297' title='bbox 1784 3752 1869 3805; x_wconf 81' lang='lat' dir='ltr'><strong>in-</strong></span> 
     </span>
    </p>
   </div>
   <div class='ocr_carea' id='block_1_41' title="bbox 286 3815 1871 3895">
    <p class='ocr_par' dir='ltr' id='par_1_41' title="bbox 286 3815 1871 3895">
     <span class='ocr_line' id='line_1_41' title="bbox 286 3815 1871 3895; baseline 0.008 -32"><span class='ocrx_word' id='word_1_298' title='bbox 286 3815 479 3895; x_wconf 74' lang='lat' dir='ltr'><strong>firmus</strong></span> <span class='ocrx_word' id='word_1_299' title='bbox 505 3820 588 3895; x_wconf 82' lang='lat' dir='ltr'><strong>est</strong></span> <span class='ocrx_word' id='word_1_300' title='bbox 614 3816 794 3895; x_wconf 79' lang='lat' dir='ltr'><strong>animo</strong></span> <span class='ocrx_word' id='word_1_301' title='bbox 821 3818 1125 3889; x_wconf 87' lang='lat' dir='ltr'><strong>bujusmodi</strong></span> <span class='ocrx_word' id='word_1_302' title='bbox 1154 3816 1341 3883; x_wconf 87' lang='lat' dir='ltr'><strong>frater,</strong></span> <span class='ocrx_word' id='word_1_303' title='bbox 1374 3815 1585 3888; x_wconf 84' lang='lat' dir='ltr'><strong>oportet</strong></span> <span class='ocrx_word' id='word_1_304' title='bbox 1612 3835 1735 3873; x_wconf 93' lang='lat' dir='ltr'><strong>eum</strong></span> <span class='ocrx_word' id='word_1_305' title='bbox 1764 3820 1871 3876; x_wconf 88' lang='lat' dir='ltr'><strong>fre-</strong></span> 
     </span>
    </p>
   </div>
   <div class='ocr_carea' id='block_1_42' title="bbox 283 3886 849 3954">
    <p class='ocr_par' dir='ltr' id='par_1_42' title="bbox 283 3886 849 3954">
     <span class='ocr_line' id='line_1_42' title="bbox 283 3886 849 3954; baseline 0.011 -22"><span class='ocrx_word' id='word_1_306' title='bbox 283 3886 798 3954; x_wconf 32' lang='lat' dir='ltr'><strong>quentiusioperari.</strong></span> <span class='ocrx_word' id='word_1_307' title='bbox 832 3906 849 3938; x_wconf 73' lang='grc' dir='ltr'><strong>ι</strong></span> 
     </span>
    </p>
   </div>
   <div class='ocr_carea' id='block_1_43' title="bbox 310 3951 1869 4033">
    <p class='ocr_par' dir='ltr' id='par_1_43' title="bbox 310 3951 1869 4033">
     <span class='ocr_line' id='line_1_43' title="bbox 310 3951 1869 4033; baseline 0.004 -27"><span class='ocrx_word' id='word_1_308' title='bbox 310 4021 342 4033; x_wconf 54' lang='grc' dir='ltr'>η</span> <span class='ocrx_word' id='word_1_309' title='bbox 359 3952 388 3992; x_wconf 69' lang='grc' dir='ltr'><strong>ιι</strong></span> <span class='ocrx_word' id='word_1_310' title='bbox 416 3951 563 4033; x_wconf 55' lang='lat' dir='ltr'><strong>Illud</strong></span> <span class='ocrx_word' id='word_1_311' title='bbox 588 3951 929 4033; x_wconf 51' lang='lat' dir='ltr'><strong>linteamina.</strong></span> <span class='ocrx_word' id='word_1_312' title='bbox 966 3956 1092 4033; x_wconf 68' lang='lat' dir='ltr'><strong>Haec</strong></span> <span class='ocrx_word' id='word_1_313' title='bbox 1109 3964 1330 4033; x_wconf 71' lang='lat' dir='ltr'><strong>sumpta</strong></span> <span class='ocrx_word' id='word_1_314' title='bbox 1357 3964 1485 4033; x_wconf 78' lang='lat' dir='ltr'><strong>sunt</strong></span> <span class='ocrx_word' id='word_1_315' title='bbox 1511 3956 1869 4033; x_wconf 76' lang='lat' dir='ltr'><strong>ex_Cas_siano</strong></span> 
     </span>
    </p>
   </div>
   <div class='ocr_carea' id='block_1_44' title="bbox 284 4019 1870 4101">
    <p class='ocr_par' dir='ltr' id='par_1_44' title="bbox 284 4019 1870 4101">
     <span class='ocr_line' id='line_1_44' title="bbox 284 4019 1870 4101; baseline 0.007 -27"><span class='ocrx_word' id='word_1_316' title='bbox 284 4019 382 4101; x_wconf 82' lang='lat' dir='ltr'><strong>li_b.</strong></span> <span class='ocrx_word' id='word_1_317' title='bbox 410 4038 465 4101; x_wconf 57' lang='grc' dir='ltr'><strong>ιγ</strong></span> <span class='ocrx_word' id='word_1_318' title='bbox 504 4023 916 4101; x_wconf 45' lang='grc' dir='ltr'><strong>ἀρηιηβιίωιὶξλ</strong></span> <span class='ocrx_word' id='word_1_319' title='bbox 952 4030 1081 4101; x_wconf 59' lang='grc' dir='ltr'><strong>αιῆ</strong></span> <span class='ocrx_word' id='word_1_320' title='bbox 1103 4028 1156 4101; x_wconf 61' lang='lat' dir='ltr'><strong>Si.</strong></span> <span class='ocrx_word' id='word_1_321' title='bbox 1212 4019 1356 4101; x_wconf 64' lang='lat' dir='ltr'><strong>[item</strong></span> <span class='ocrx_word' id='word_1_322' title='bbox 1388 4028 1545 4101; x_wconf 77' lang='lat' dir='ltr'><strong>docet</strong></span> <span class='ocrx_word' id='word_1_323' title='bbox 1578 4026 1870 4086; x_wconf 85' lang='lat' dir='ltr'><strong>Cassianus</strong></span> 
     </span>
    </p>
   </div>
   <div class='ocr_carea' id='block_1_45' title="bbox 285 4092 1530 4168">
    <p class='ocr_par' dir='ltr' id='par_1_45' title="bbox 285 4092 1530 4168">
     <span class='ocr_line' id='line_1_45' title="bbox 285 4092 1530 4168; baseline 0.005 -24"><span class='ocrx_word' id='word_1_324' title='bbox 285 4092 529 4168; x_wconf 72' lang='lat' dir='ltr'><strong>ejusdem</strong></span> <span class='ocrx_word' id='word_1_325' title='bbox 559 4093 825 4168; x_wconf 68' lang='lat' dir='ltr'><strong>libri_gap.</strong></span> <span class='ocrx_word' id='word_1_326' title='bbox 849 4098 937 4161; x_wconf 79' lang='grc'><strong>57,</strong></span> <span class='ocrx_word' id='word_1_327' title='bbox 965 4092 1177 4168; x_wconf 69' lang='grc' dir='ltr'><strong>θιῖοοιι.</strong></span> <span class='ocrx_word' id='word_1_328' title='bbox 1212 4097 1269 4162; x_wconf 77' lang='grc'><strong>2,</strong></span> <span class='ocrx_word' id='word_1_329' title='bbox 1297 4112 1415 4168; x_wconf 88' lang='lat' dir='ltr'><strong>cap.</strong></span> <span class='ocrx_word' id='word_1_330' title='bbox 1443 4096 1530 4168; x_wconf 80' lang='lat' dir='ltr'><strong>l0.</strong></span> 
     </span>
    </p>
   </div>
   <div class='ocr_carea' id='block_1_46' title="bbox 320 4160 1870 4284">
    <p class='ocr_par' dir='ltr' id='par_1_46' title="bbox 320 4160 1870 4284">
     <span class='ocr_line' id='line_1_46' title="bbox 320 4160 1870 4284; baseline 0.008 -72"><span class='ocrx_word' id='word_1_331' title='bbox 320 4160 647 4284; x_wconf 51' lang='grc' dir='ltr'><strong>ἀῗιξπονεω.</strong></span> <span class='ocrx_word' id='word_1_332' title='bbox 687 4160 802 4221; x_wconf 76' lang='lat' dir='ltr'><strong>Hoc</strong></span> <span class='ocrx_word' id='word_1_333' title='bbox 826 4160 1144 4223; x_wconf 84' lang='lat' dir='ltr'><strong>vocabulum</strong></span> <span class='ocrx_word' id='word_1_334' title='bbox 1172 4160 1344 4239; x_wconf 88' lang='lat' dir='ltr'><strong>adjeei</strong></span> <span class='ocrx_word' id='word_1_335' title='bbox 1363 4160 1438 4223; x_wconf 74' lang='lat' dir='ltr'><strong>ex</strong></span> <span class='ocrx_word' id='word_1_336' title='bbox 1464 4166 1602 4223; x_wconf 90' lang='lat' dir='ltr'><strong>libro</strong></span> <span class='ocrx_word' id='word_1_337' title='bbox 1623 4166 1870 4225; x_wconf 85' lang='lat' dir='ltr'><strong>Cassiani</strong></span> 
     </span>
    </p>
   </div>
   <div class='ocr_carea' id='block_1_47' title="bbox 229 4244 454 4285">
    <p class='ocr_par' dir='ltr' id='par_1_47' title="bbox 229 4244 454 4285">
     <span class='ocr_line' id='line_1_47' title="bbox 229 4244 454 4285; baseline -0.013 1"><span class='ocrx_word' id='word_1_338' title='bbox 229 4256 257 4275; x_wconf 77' lang='lat'><strong><em>&#39;</em></strong></span> <span class='ocrx_word' id='word_1_339' title='bbox 282 4244 454 4285; x_wconf 74' lang='lat' dir='ltr'><strong>culto.</strong></span> 
     </span>
    </p>
   </div>
   <div class='ocr_carea' id='block_1_48' title="bbox 288 4299 1868 4439">
    <p class='ocr_par' dir='ltr' id='par_1_48' title="bbox 288 4299 1868 4439">
     <span class='ocr_line' id='line_1_48' title="bbox 288 4299 1868 4439; baseline 0.005 -83"><span class='ocrx_word' id='word_1_340' title='bbox 288 4299 785 4439; x_wconf 52' lang='lat' dir='ltr'><strong>Sciigangmditur.</strong></span> <span class='ocrx_word' id='word_1_341' title='bbox 839 4305 897 4361; x_wconf 71' lang='grc' dir='ltr'><strong>ιρι</strong></span> <span class='ocrx_word' id='word_1_342' title='bbox 933 4314 1048 4373; x_wconf 92' lang='lat' dir='ltr'><strong>est,</strong></span> <span class='ocrx_word' id='word_1_343' title='bbox 1090 4307 1393 4373; x_wconf 89' lang='lat' dir='ltr'><strong>erubescit,</strong></span> <span class='ocrx_word' id='word_1_344' title='bbox 1438 4322 1582 4380; x_wconf 67' lang='lat' dir='ltr'><strong>saepe</strong></span> <span class='ocrx_word' id='word_1_345' title='bbox 1619 4308 1674 4363; x_wconf 87' lang='lat' dir='ltr'><strong>in</strong></span> <span class='ocrx_word' id='word_1_346' title='bbox 1714 4324 1868 4364; x_wconf 89' lang='lat' dir='ltr'><strong>sacra</strong></span> 
     </span>
    </p>
   </div>
   <div class='ocr_carea' id='block_1_49' title="bbox 364 4440 1868 4518">
    <p class='ocr_par' dir='ltr' id='par_1_49' title="bbox 364 4440 1868 4518">
     <span class='ocr_line' id='line_1_49' title="bbox 364 4440 1868 4518; baseline 0.006 -25"><span class='ocrx_word' id='word_1_347' title='bbox 364 4451 391 4518; x_wconf 59' lang='grc' dir='ltr'>ξ</span> <span class='ocrx_word' id='word_1_348' title='bbox 433 4440 675 4518; x_wconf 52' lang='lat' dir='ltr'><strong>fratres.</strong></span> <span class='ocrx_word' id='word_1_349' title='bbox 728 4445 988 4516; x_wconf 80' lang='lat' dir='ltr'><strong>Reperire</strong></span> <span class='ocrx_word' id='word_1_350' title='bbox 1028 4454 1114 4502; x_wconf 92' lang='lat' dir='ltr'><strong>est</strong></span> <span class='ocrx_word' id='word_1_351' title='bbox 1149 4447 1205 4502; x_wconf 90' lang='lat' dir='ltr'><strong>in</strong></span> <span class='ocrx_word' id='word_1_352' title='bbox 1246 4446 1449 4518; x_wconf 87' lang='lat' dir='ltr'><strong>Regula</strong></span> <span class='ocrx_word' id='word_1_353' title='bbox 1482 4462 1586 4502; x_wconf 89' lang='lat' dir='ltr'><strong>ms.</strong></span> <span class='ocrx_word' id='word_1_354' title='bbox 1626 4447 1868 4518; x_wconf 78' lang='lat' dir='ltr'><strong>Magistri</strong></span> 
     </span>
    </p>
   </div>
   <div class='ocr_carea' id='block_1_50' title="bbox 284 4510 1079 4586">
    <p class='ocr_par' dir='ltr' id='par_1_50' title="bbox 284 4510 1079 4586">
     <span class='ocr_line' id='line_1_50' title="bbox 284 4510 1079 4586; baseline 0.011 -24"><span class='ocrx_word' id='word_1_355' title='bbox 284 4510 409 4586; x_wconf 77' lang='lat' dir='ltr'><strong>cod.</strong></span> <span class='ocrx_word' id='word_1_356' title='bbox 439 4511 627 4586; x_wconf 44' lang='lat' dir='ltr'><strong>fieri)&quot;</strong></span> <span class='ocrx_word' id='word_1_357' title='bbox 656 4510 847 4586; x_wconf 67' lang='lat' dir='ltr'><strong>endem</strong></span> <span class='ocrx_word' id='word_1_358' title='bbox 882 4518 1079 4586; x_wconf 86' lang='lat' dir='ltr'><strong>capite.</strong></span> 
     </span>
    </p>
   </div>
   <div class='ocr_carea' id='block_1_51' title="bbox 363 4579 1869 4667">
    <p class='ocr_par' dir='ltr' id='par_1_51' title="bbox 363 4579 1869 4667">
     <span class='ocr_line' id='line_1_51' title="bbox 363 4579 1869 4667; baseline 0.006 -34"><span class='ocrx_word' id='word_1_359' title='bbox 363 4579 388 4667; x_wconf 54' lang='grc' dir='ltr'>ξ</span> <span class='ocrx_word' id='word_1_360' title='bbox 430 4579 650 4667; x_wconf 52' lang='lat' dir='ltr'><strong>Regiis.‘</strong></span> <span class='ocrx_word' id='word_1_361' title='bbox 684 4579 1035 4667; x_wconf 56' lang='lat' dir='ltr'><strong>liegiaa&#39;sunt</strong></span> <span class='ocrx_word' id='word_1_362' title='bbox 1082 4586 1251 4654; x_wconf 88' lang='lat' dir='ltr'><strong>fores,</strong></span> <span class='ocrx_word' id='word_1_363' title='bbox 1296 4588 1508 4659; x_wconf 75' lang='lat' dir='ltr'><strong>januae,</strong></span> <span class='ocrx_word' id='word_1_364' title='bbox 1543 4593 1734 4656; x_wconf 61' lang='lat' dir='ltr'><strong>porta).</strong></span> <span class='ocrx_word' id='word_1_365' title='bbox 1790 4587 1869 4642; x_wconf 86' lang='lat' dir='ltr'><strong>De</strong></span> 
     </span>
    </p>
   </div>
   <div class='ocr_carea' id='block_1_52' title="bbox 284 4654 1867 4800">
    <p class='ocr_par' dir='ltr' id='par_1_52' title="bbox 284 4654 1867 4800">
     <span class='ocr_line' id='line_1_52' title="bbox 284 4654 1559 4717; baseline 0.013 -15"><span class='ocrx_word' id='word_1_366' title='bbox 284 4663 398 4717; x_wconf 85' lang='lat' dir='ltr'><strong>quo</strong></span> <span class='ocrx_word' id='word_1_367' title='bbox 431 4654 687 4708; x_wconf 60' lang='lat' dir='ltr'><strong>vocabulo</strong></span> <span class='ocrx_word' id='word_1_368' title='bbox 715 4654 874 4710; x_wconf 80' lang='lat' dir='ltr'><strong>infra.</strong></span> <span class='ocrx_word' id='word_1_369' title='bbox 1297 4654 1314 4659; x_wconf 60' lang='grc'><strong>⁷</strong></span> <span class='ocrx_word' id='word_1_370' title='bbox 1546 4654 1559 4656; x_wconf 17' lang='grc' dir='ltr'><em>ἡ</em></span> 
     </span>
     <span class='ocr_line' id='line_1_53' title="bbox 356 4719 1867 4800; baseline 0.004 -26"><span class='ocrx_word' id='word_1_371' title='bbox 356 4719 730 4800; x_wconf 64' lang='lat' dir='ltr'><strong>§_Fossatum._</strong></span> <span class='ocrx_word' id='word_1_372' title='bbox 774 4726 1061 4800; x_wconf 84' lang='lat' dir='ltr'><strong>Fossatum</strong></span> <span class='ocrx_word' id='word_1_373' title='bbox 1100 4734 1184 4782; x_wconf 90' lang='lat' dir='ltr'><strong>est</strong></span> <span class='ocrx_word' id='word_1_374' title='bbox 1224 4725 1371 4800; x_wconf 81' lang='lat' dir='ltr'><strong>fossa</strong></span> <span class='ocrx_word' id='word_1_375' title='bbox 1410 4726 1655 4782; x_wconf 88' lang='lat' dir='ltr'><strong>ambiens</strong></span> <span class='ocrx_word' id='word_1_376' title='bbox 1685 4739 1867 4800; x_wconf 78' lang='lat' dir='ltr'><strong>muros</strong></span> 
     </span>
    </p>
   </div>
   <div class='ocr_carea' id='block_1_53' title="bbox 288 4789 1861 4866">
    <p class='ocr_par' dir='ltr' id='par_1_53' title="bbox 288 4789 1861 4866">
     <span class='ocr_line' id='line_1_54' title="bbox 288 4789 1861 4866; baseline 0.001 -18"><span class='ocrx_word' id='word_1_377' title='bbox 288 4789 461 4866; x_wconf 53' lang='lat' dir='ltr'><strong>Eligis,</strong></span> <span class='ocrx_word' id='word_1_378' title='bbox 496 4801 591 4866; x_wconf 80' lang='lat' dir='ltr'><strong>aut</strong></span> <span class='ocrx_word' id='word_1_379' title='bbox 618 4794 733 4865; x_wconf 89' lang='lat' dir='ltr'><strong>agri</strong></span> <span class='ocrx_word' id='word_1_380' title='bbox 759 4806 853 4866; x_wconf 80' lang='lat' dir='ltr'><strong>aut</strong></span> <span class='ocrx_word' id='word_1_381' title='bbox 878 4798 1068 4852; x_wconf 89' lang='lat' dir='ltr'><strong>domus</strong></span> <span class='ocrx_word' id='word_1_382' title='bbox 1087 4838 1102 4863; x_wconf 90' lang='lat'><strong>,</strong></span> <span class='ocrx_word' id='word_1_383' title='bbox 1140 4805 1233 4851; x_wconf 89' lang='lat' dir='ltr'><strong>aut</strong></span> <span class='ocrx_word' id='word_1_384' title='bbox 1258 4796 1401 4850; x_wconf 81' lang='lat' dir='ltr'><strong>arcis</strong></span> <span class='ocrx_word' id='word_1_385' title='bbox 1428 4795 1861 4866; x_wconf 82' lang='lat' dir='ltr'><strong>propugnacula;</strong></span> 
     </span>
    </p>
   </div>
   <div class='ocr_carea' id='block_1_54' title="bbox 285 4859 1862 4938">
    <p class='ocr_par' dir='ltr' id='par_1_54' title="bbox 285 4859 1862 4938">
     <span class='ocr_line' id='line_1_55' title="bbox 285 4859 1862 4938; baseline 0.003 -26"><span class='ocrx_word' id='word_1_386' title='bbox 285 4859 512 4938; x_wconf 57' lang='lat' dir='ltr'><strong>Gallice,</strong></span> <span class='ocrx_word' id='word_1_387' title='bbox 543 4859 700 4938; x_wconf 55' lang='lat' dir='ltr'><strong>(esse.</strong></span> <span class='ocrx_word' id='word_1_388' title='bbox 748 4864 953 4922; x_wconf 66' lang='lat' dir='ltr'><strong>Glossaa</strong></span> <span class='ocrx_word' id='word_1_389' title='bbox 978 4859 1165 4938; x_wconf 80' lang='lat' dir='ltr'><strong>Cyrilli</strong></span> <span class='ocrx_word' id='word_1_390' title='bbox 1205 4859 1480 4938; x_wconf 59' lang='lat' dir='ltr'><strong>:_Téppo},</strong></span> <span class='ocrx_word' id='word_1_391' title='bbox 1506 4859 1669 4938; x_wconf 67' lang='lat' dir='ltr'><strong>fossa,</strong></span> <span class='ocrx_word' id='word_1_392' title='bbox 1694 4880 1862 4938; x_wconf 70' lang='lat' dir='ltr'><strong>sepes,</strong></span> 
     </span>
    </p>
   </div>
   <div class='ocr_carea' id='block_1_55' title="bbox 289 4928 1860 5011">
    <p class='ocr_par' dir='ltr' id='par_1_55' title="bbox 289 4928 1860 5011">
     <span class='ocr_line' id='line_1_56' title="bbox 289 4928 1860 5011; baseline 0 -23"><span class='ocrx_word' id='word_1_393' title='bbox 289 4928 566 5011; x_wconf 54' lang='lat' dir='ltr'><strong>rogatum.</strong></span> <span class='ocrx_word' id='word_1_394' title='bbox 611 4935 867 5011; x_wconf 70' lang='lat' dir='ltr'><strong>Yegetius</strong></span> <span class='ocrx_word' id='word_1_395' title='bbox 902 4928 1104 5011; x_wconf 46' lang='grc' dir='ltr'><strong>Ιίὺηίν</strong></span> <span class='ocrx_word' id='word_1_396' title='bbox 1137 4937 1201 4992; x_wconf 87' lang='lat' dir='ltr'><strong>de</strong></span> <span class='ocrx_word' id='word_1_397' title='bbox 1226 4936 1307 4991; x_wconf 82' lang='lat' dir='ltr'><strong>Re</strong></span> <span class='ocrx_word' id='word_1_398' title='bbox 1337 4928 1721 5011; x_wconf 48' lang='lat' dir='ltr'><strong>Militat-neat).</strong></span> <span class='ocrx_word' id='word_1_399' title='bbox 1749 4928 1860 5011; x_wconf 56' lang='lat' dir='ltr'><strong>ili:</strong></span> 
     </span>
    </p>
   </div>
   <div class='ocr_carea' id='block_1_56' title="bbox 295 5000 1860 5077">
    <p class='ocr_par' dir='ltr' id='par_1_56' title="bbox 295 5000 1860 5077">
     <span class='ocr_line' id='line_1_57' title="bbox 295 5000 1860 5077; baseline 0.006 -28"><span class='ocrx_word' id='word_1_400' title='bbox 295 5017 314 5049; x_wconf 70' lang='grc' dir='ltr'><strong>ε</strong></span> <span class='ocrx_word' id='word_1_401' title='bbox 344 5000 593 5077; x_wconf 65' lang='lat' dir='ltr'><strong>initatis</strong></span> <span class='ocrx_word' id='word_1_402' title='bbox 618 5000 900 5072; x_wconf 70' lang='lat' dir='ltr'><strong>fossatum,</strong></span> <span class='ocrx_word' id='word_1_403' title='bbox 938 5007 1101 5077; x_wconf 88' lang='lat' dir='ltr'><strong>etiam</strong></span> <span class='ocrx_word' id='word_1_404' title='bbox 1132 5007 1435 5077; x_wconf 87' lang='lat' dir='ltr'><strong>apportatis</strong></span> <span class='ocrx_word' id='word_1_405' title='bbox 1464 5000 1766 5077; x_wconf 61' lang='lat' dir='ltr'><strong>lapidibus,</strong></span> <span class='ocrx_word' id='word_1_406' title='bbox 1791 5002 1860 5056; x_wconf 88' lang='lat' dir='ltr'><strong>li-</strong></span> 
     </span>
    </p>
   </div>
   <div class='ocr_carea' id='block_1_57' title="bbox 288 5070 1865 5146">
    <p class='ocr_par' dir='ltr' id='par_1_57' title="bbox 288 5070 1865 5146">
     <span class='ocr_line' id='line_1_58' title="bbox 288 5070 1865 5146; baseline 0.003 -24"><span class='ocrx_word' id='word_1_407' title='bbox 288 5070 412 5146; x_wconf 74' lang='lat' dir='ltr'><strong>gnis</strong></span> <span class='ocrx_word' id='word_1_408' title='bbox 456 5080 553 5125; x_wconf 89' lang='lat' dir='ltr'><strong>aut</strong></span> <span class='ocrx_word' id='word_1_409' title='bbox 598 5081 766 5146; x_wconf 84' lang='lat' dir='ltr'><strong>terra,</strong></span> <span class='ocrx_word' id='word_1_410' title='bbox 818 5070 926 5131; x_wconf 85' lang='lat' dir='ltr'><strong>non</strong></span> <span class='ocrx_word' id='word_1_411' title='bbox 977 5070 1490 5146; x_wconf 62' lang='lat' dir='ltr'><strong>solum&#39;complent.</strong></span> <span class='ocrx_word' id='word_1_412' title='bbox 1517 5070 1544 5146; x_wconf 58' lang='grc' dir='ltr'><strong>ξι</strong></span> <span class='ocrx_word' id='word_1_413' title='bbox 1582 5072 1865 5146; x_wconf 81' lang='lat' dir='ltr'><strong>Significat</strong></span> 
     </span>
    </p>
   </div>
   <div class='ocr_carea' id='block_1_58' title="bbox 287 5140 1864 5224">
    <p class='ocr_par' dir='ltr' id='par_1_58' title="bbox 287 5140 1864 5224">
     <span class='ocr_line' id='line_1_59' title="bbox 287 5140 1864 5224; baseline 0.004 -32"><span class='ocrx_word' id='word_1_414' title='bbox 287 5140 455 5196; x_wconf 82' lang='lat' dir='ltr'><strong>etiam</strong></span> <span class='ocrx_word' id='word_1_415' title='bbox 482 5140 800 5224; x_wconf 70' lang='lat' dir='ltr'><strong>exercitum.</strong></span> <span class='ocrx_word' id='word_1_416' title='bbox 834 5145 1232 5224; x_wconf 68' lang='lat' dir='ltr'><strong>Moschopulns,</strong></span> <span class='ocrx_word' id='word_1_417' title='bbox 1265 5140 1383 5224; x_wconf 63' lang='grc' dir='ltr'><strong>ιη’ρί</strong></span> <span class='ocrx_word' id='word_1_418' title='bbox 1405 5144 1631 5224; x_wconf 47' lang='grc' dir='ltr'><strong>ξχιδῶνἶ</strong></span> <span class='ocrx_word' id='word_1_419' title='bbox 1648 5140 1864 5224; x_wconf 33' lang='lat' dir='ltr'><strong>{sqqs-</strong></span> 
     </span>
    </p>
   </div>
   <div class='ocr_carea' id='block_1_59' title="bbox 285 5212 1863 5282">
    <p class='ocr_par' dir='ltr' id='par_1_59' title="bbox 285 5212 1863 5282">
     <span class='ocr_line' id='line_1_60' title="bbox 285 5212 1863 5282; baseline 0.001 -18"><span class='ocrx_word' id='word_1_420' title='bbox 285 5229 396 5274; x_wconf 84' lang='grc' dir='ltr'><strong>τον,</strong></span> <span class='ocrx_word' id='word_1_421' title='bbox 428 5215 675 5282; x_wconf 68' lang='grc' dir='ltr'><strong>στρατὸς,</strong></span> <span class='ocrx_word' id='word_1_422' title='bbox 714 5215 767 5269; x_wconf 91' lang='lat' dir='ltr'><strong>id</strong></span> <span class='ocrx_word' id='word_1_423' title='bbox 790 5225 894 5280; x_wconf 89' lang='lat' dir='ltr'><strong>est,</strong></span> <span class='ocrx_word' id='word_1_424' title='bbox 932 5212 1190 5273; x_wconf 76' lang='lat' dir='ltr'><strong>fossatum</strong></span> <span class='ocrx_word' id='word_1_425' title='bbox 1210 5257 1225 5282; x_wconf 88' lang='lat'><strong>,</strong></span> <span class='ocrx_word' id='word_1_426' title='bbox 1253 5212 1523 5270; x_wconf 77' lang='lat' dir='ltr'><strong>exercitus</strong></span> <span class='ocrx_word' id='word_1_427' title='bbox 1541 5253 1556 5273; x_wconf 91' lang='lat'><strong>.</strong></span> <span class='ocrx_word' id='word_1_428' title='bbox 1586 5221 1642 5282; x_wconf 86' lang='lat' dir='ltr'><strong>et</strong></span> <span class='ocrx_word' id='word_1_429' title='bbox 1669 5212 1863 5282; x_wconf 83' lang='lat' dir='ltr'><strong>Suidas</strong></span> 
     </span>
    </p>
   </div>
   <div class='ocr_carea' id='block_1_60' title="bbox 289 5280 1858 5356">
    <p class='ocr_par' dir='ltr' id='par_1_60' title="bbox 289 5280 1858 5356">
     <span class='ocr_line' id='line_1_61' title="bbox 289 5280 1858 5356; baseline 0.003 -25"><span class='ocrx_word' id='word_1_430' title='bbox 289 5293 416 5332; x_wconf 79' lang='lat' dir='ltr'><strong>mox</strong></span> <span class='ocrx_word' id='word_1_431' title='bbox 440 5280 707 5356; x_wconf 81' lang='lat' dir='ltr'><strong>citandus.</strong></span> <span class='ocrx_word' id='word_1_432' title='bbox 759 5284 1006 5341; x_wconf 90' lang='lat' dir='ltr'><strong>Sumitur</strong></span> <span class='ocrx_word' id='word_1_433' title='bbox 1032 5280 1340 5356; x_wconf 85' lang='lat' dir='ltr'><strong>etiampro</strong></span> <span class='ocrx_word' id='word_1_434' title='bbox 1370 5285 1582 5356; x_wconf 78' lang='lat' dir='ltr'><strong>castris.</strong></span> <span class='ocrx_word' id='word_1_435' title='bbox 1625 5280 1820 5356; x_wconf 91' lang='lat' dir='ltr'><strong>Su_idas</strong></span> <span class='ocrx_word' id='word_1_436' title='bbox 1845 5300 1858 5335; x_wconf 88' lang='lat'><strong>:</strong></span> 
     </span>
    </p>
   </div>
   <div class='ocr_carea' id='block_1_61' title="bbox 286 5351 1860 5434">
    <p class='ocr_par' dir='ltr' id='par_1_61' title="bbox 286 5351 1860 5434">
     <span class='ocr_line' id='line_1_62' title="bbox 286 5351 1860 5434; baseline -0.001 0"><span class='ocrx_word' id='word_1_437' title='bbox 286 5353 569 5434; x_wconf 51' lang='grc' dir='ltr'><strong>ἓτράτονν</strong></span> <span class='ocrx_word' id='word_1_438' title='bbox 603 5352 927 5434; x_wconf 47' lang='lat' dir='ltr'><strong>iamsi“</strong></span> <span class='ocrx_word' id='word_1_439' title='bbox 957 5359 1015 5413; x_wconf 72' lang='grc' dir='ltr'><strong>τὸ</strong></span> <span class='ocrx_word' id='word_1_440' title='bbox 1057 5351 1436 5434; x_wconf 48' lang='lat' dir='ltr'><strong>veniatin,</strong></span> <span class='ocrx_word' id='word_1_441' title='bbox 1465 5354 1520 5434; x_wconf 67' lang='lat' dir='ltr'><strong>id</strong></span> <span class='ocrx_word' id='word_1_442' title='bbox 1547 5361 1653 5415; x_wconf 60' lang='lat' dir='ltr'><strong>es&quot;</strong></span> <span class='ocrx_word' id='word_1_443' title='bbox 1678 5351 1860 5434; x_wconf 60' lang='lat'><strong>$9.583:</strong></span> 
     </span>
    </p>
   </div>
   <div class='ocr_carea' id='block_1_62' title="bbox 287 5422 1867 5494">
    <p class='ocr_par' dir='ltr' id='par_1_62' title="bbox 287 5422 1867 5494">
     <span class='ocr_line' id='line_1_63' title="bbox 287 5422 1867 5494; baseline 0.002 -24"><span class='ocrx_word' id='word_1_444' title='bbox 287 5425 437 5494; x_wconf 75' lang='lat' dir='ltr'><strong>tum,</strong></span> <span class='ocrx_word' id='word_1_445' title='bbox 485 5422 793 5494; x_wconf 53' lang='lat' dir='ltr'><strong>egerc&#39;rtus,</strong></span> <span class='ocrx_word' id='word_1_446' title='bbox 841 5434 1039 5481; x_wconf 89' lang='lat' dir='ltr'><strong>castra.</strong></span> <span class='ocrx_word' id='word_1_447' title='bbox 1081 5422 1252 5479; x_wconf 72' lang='lat' dir='ltr'><strong>Rufus</strong></span> <span class='ocrx_word' id='word_1_448' title='bbox 1286 5425 1342 5494; x_wconf 83' lang='lat' dir='ltr'><strong>in</strong></span> <span class='ocrx_word' id='word_1_449' title='bbox 1376 5423 1584 5494; x_wconf 81' lang='lat' dir='ltr'><strong>legibus</strong></span> <span class='ocrx_word' id='word_1_450' title='bbox 1618 5422 1867 5494; x_wconf 44' lang='lat' dir='ltr'><strong>militari:</strong></span> 
     </span>
    </p>
   </div>
   <div class='ocr_carea' id='block_1_63' title="bbox 284 5486 1865 5569">
    <p class='ocr_par' dir='ltr' id='par_1_63' title="bbox 284 5486 1865 5569">
     <span class='ocr_line' id='line_1_64' title="bbox 284 5486 1865 5569; baseline 0 -25"><span class='ocrx_word' id='word_1_451' title='bbox 284 5486 392 5569; x_wconf 58' lang='lat' dir='ltr'><strong>bus</strong></span> <span class='ocrx_word' id='word_1_452' title='bbox 419 5500 435 5541; x_wconf 91' lang='lat'><strong>:</strong></span> <span class='ocrx_word' id='word_1_453' title='bbox 472 5507 492 5540; x_wconf 74' lang='grc' dir='ltr'>ι</span> <span class='ocrx_word' id='word_1_454' title='bbox 524 5486 817 5569; x_wconf 65' lang='lat' dir='ltr'><strong>Sifossato</strong></span> <span class='ocrx_word' id='word_1_455' title='bbox 841 5496 1018 5569; x_wconf 66' lang='lat' dir='ltr'><strong>adhuc</strong></span> <span class='ocrx_word' id='word_1_456' title='bbox 1041 5496 1254 5569; x_wconf 71' lang='lat' dir='ltr'><strong>integro</strong></span> <span class='ocrx_word' id='word_1_457' title='bbox 1281 5491 1403 5564; x_wconf 84' lang='lat' dir='ltr'><strong>fuga</strong></span> <span class='ocrx_word' id='word_1_458' title='bbox 1427 5486 1599 5569; x_wconf 74' lang='lat' dir='ltr'><strong>partis</strong></span> <span class='ocrx_word' id='word_1_459' title='bbox 1622 5489 1708 5544; x_wconf 89' lang='lat' dir='ltr'><strong>vel</strong></span> <span class='ocrx_word' id='word_1_460' title='bbox 1728 5490 1865 5569; x_wconf 76' lang='lat' dir='ltr'><strong>aciei</strong></span> 
     </span>
    </p>
   </div>
   <div class='ocr_carea' id='block_1_64' title="bbox 288 5558 1866 5634">
    <p class='ocr_par' dir='ltr' id='par_1_64' title="bbox 288 5558 1866 5634">
     <span class='ocr_line' id='line_1_65' title="bbox 288 5558 1866 5634; baseline 0.004 -29"><span class='ocrx_word' id='word_1_461' title='bbox 288 5558 459 5634; x_wconf 62' lang='lat' dir='ltr'><strong>totius</strong></span> <span class='ocrx_word' id='word_1_462' title='bbox 487 5562 768 5628; x_wconf 87' lang='lat' dir='ltr'><strong>acciderit,</strong></span> <span class='ocrx_word' id='word_1_463' title='bbox 799 5574 853 5618; x_wconf 89' lang='lat' dir='ltr'><strong>et</strong></span> <span class='ocrx_word' id='word_1_464' title='bbox 875 5565 1074 5619; x_wconf 89' lang='lat' dir='ltr'><strong>milites</strong></span> <span class='ocrx_word' id='word_1_465' title='bbox 1103 5558 1367 5634; x_wconf 71' lang='lat' dir='ltr'><strong>in&#39;fugani</strong></span> <span class='ocrx_word' id='word_1_466' title='bbox 1393 5558 1521 5634; x_wconf 74' lang='lat' dir='ltr'><strong>acti,</strong></span> <span class='ocrx_word' id='word_1_467' title='bbox 1550 5575 1651 5615; x_wconf 87' lang='lat' dir='ltr'><strong>nec</strong></span> <span class='ocrx_word' id='word_1_468' title='bbox 1676 5558 1745 5613; x_wconf 88' lang='lat' dir='ltr'><strong>ad</strong></span> <span class='ocrx_word' id='word_1_469' title='bbox 1772 5558 1866 5613; x_wconf 90' lang='lat' dir='ltr'><strong>de-</strong></span> 
     </span>
    </p>
   </div>
   <div class='ocr_carea' id='block_1_65' title="bbox 290 5623 1870 5709">
    <p class='ocr_par' dir='ltr' id='par_1_65' title="bbox 290 5623 1870 5709">
     <span class='ocr_line' id='line_1_66' title="bbox 290 5623 1870 5709; baseline 0.004 -31"><span class='ocrx_word' id='word_1_470' title='bbox 290 5623 537 5709; x_wconf 49' lang='lat' dir='ltr'><strong>fensores</strong></span> <span class='ocrx_word' id='word_1_471' title='bbox 570 5623 945 5709; x_wconf 75' lang='lat' dir='ltr'><strong>cucurr-crint,</strong></span> <span class='ocrx_word' id='word_1_472' title='bbox 974 5649 1076 5690; x_wconf 90' lang='lat' dir='ltr'><strong>nec</strong></span> <span class='ocrx_word' id='word_1_473' title='bbox 1107 5634 1175 5690; x_wconf 90' lang='lat' dir='ltr'><strong>ad</strong></span> <span class='ocrx_word' id='word_1_474' title='bbox 1204 5623 1378 5704; x_wconf 74' lang='lat' dir='ltr'><strong>ipsum</strong></span> <span class='ocrx_word' id='word_1_475' title='bbox 1411 5630 1669 5686; x_wconf 84' lang='lat' dir='ltr'><strong>fossatum</strong></span> <span class='ocrx_word' id='word_1_476' title='bbox 1699 5642 1760 5682; x_wconf 90' lang='lat' dir='ltr'><strong>se</strong></span> <span class='ocrx_word' id='word_1_477' title='bbox 1784 5642 1870 5684; x_wconf 86' lang='lat' dir='ltr'><strong>re-</strong></span> 
     </span>
    </p>
   </div>
   <div class='ocr_carea' id='block_1_66' title="bbox 290 5707 1697 5762">
    <p class='ocr_par' dir='ltr' id='par_1_66' title="bbox 290 5707 1697 5762">
     <span class='ocr_line' id='line_1_67' title="bbox 290 5707 1697 5762; baseline 0.011 -13"><span class='ocrx_word' id='word_1_478' title='bbox 290 5707 555 5762; x_wconf 79' lang='lat' dir='ltr'><strong>ceperint,</strong></span> <span class='ocrx_word' id='word_1_479' title='bbox 581 5708 689 5755; x_wconf 90' lang='lat' dir='ltr'><strong>etc.</strong></span> <span class='ocrx_word' id='word_1_480' title='bbox 714 5722 733 5754; x_wconf 74' lang='grc' dir='ltr'><strong><em>ι</em></strong></span> <span class='ocrx_word' id='word_1_481' title='bbox 1690 5734 1697 5741; x_wconf 72' lang='grc'><strong>”</strong></span> 
     </span>
    </p>
   </div>
   <div class='ocr_carea' id='block_1_67' title="bbox 362 5765 1881 5840">
    <p class='ocr_par' dir='ltr' id='par_1_67' title="bbox 362 5765 1881 5840">
     <span class='ocr_line' id='line_1_68' title="bbox 362 5765 1881 5840; baseline 0.001 -19"><span class='ocrx_word' id='word_1_482' title='bbox 362 5766 390 5805; x_wconf 71' lang='grc'><em>³³</em></span> <span class='ocrx_word' id='word_1_483' title='bbox 431 5765 510 5821; x_wconf 76' lang='lat' dir='ltr'><strong>De</strong></span> <span class='ocrx_word' id='word_1_484' title='bbox 537 5770 680 5840; x_wconf 81' lang='lat' dir='ltr'><strong>ipsas</strong></span> <span class='ocrx_word' id='word_1_485' title='bbox 723 5773 1038 5836; x_wconf 76' lang='lat' dir='ltr'><strong>operatione.</strong></span> <span class='ocrx_word' id='word_1_486' title='bbox 1079 5773 1137 5828; x_wconf 88' lang='lat' dir='ltr'><strong>ln</strong></span> <span class='ocrx_word' id='word_1_487' title='bbox 1180 5771 1310 5829; x_wconf 63' lang='lat' dir='ltr'><strong>cod.</strong></span> <span class='ocrx_word' id='word_1_488' title='bbox 1343 5769 1498 5827; x_wconf 79' lang='lat' dir='ltr'><strong>Vind.</strong></span> <span class='ocrx_word' id='word_1_489' title='bbox 1532 5768 1763 5840; x_wconf 75' lang='lat' dir='ltr'><strong>legitur:</strong></span> <span class='ocrx_word' id='word_1_490' title='bbox 1805 5769 1881 5826; x_wconf 78' lang='lat' dir='ltr'><strong>de</strong></span> 
     </span>
    </p>
   </div>
   <div class='ocr_carea' id='block_1_68' title="bbox 1973 560 3553 632">
    <p class='ocr_par' dir='ltr' id='par_1_68' title="bbox 1973 560 3553 632">
     <span class='ocr_line' id='line_1_69' title="bbox 1973 560 3553 632; baseline 0.003 -16"><span class='ocrx_word' id='word_1_491' title='bbox 1973 561 2238 631; x_wconf 87' lang='lat' dir='ltr'><strong>projicere</strong></span> <span class='ocrx_word' id='word_1_492' title='bbox 2258 564 2401 632; x_wconf 86' lang='lat' dir='ltr'><strong>quod</strong></span> <span class='ocrx_word' id='word_1_493' title='bbox 2429 565 2480 617; x_wconf 91' lang='lat' dir='ltr'><strong>in</strong></span> <span class='ocrx_word' id='word_1_494' title='bbox 2503 577 2729 632; x_wconf 87' lang='lat' dir='ltr'><strong>corpore</strong></span> <span class='ocrx_word' id='word_1_495' title='bbox 2751 560 3002 617; x_wconf 90' lang='lat' dir='ltr'><strong>nolumus</strong></span> <span class='ocrx_word' id='word_1_496' title='bbox 3026 560 3293 629; x_wconf 79' lang='lat' dir='ltr'><strong>baiulare,</strong></span> <span class='ocrx_word' id='word_1_497' title='bbox 3309 562 3553 620; x_wconf 83' lang='lat' dir='ltr'><strong>dicentes</strong></span> 
     </span>
    </p>
   </div>
   <div class='ocr_carea' id='block_1_69' title="bbox 1972 654 3550 725">
    <p class='ocr_par' dir='ltr' id='par_1_69' title="bbox 1972 654 3550 725">
     <span class='ocr_line' id='line_1_70' title="bbox 1972 654 3550 725; baseline 0.001 -18"><span class='ocrx_word' id='word_1_498' title='bbox 1972 655 2372 725; x_wconf 84' lang='lat' dir='ltr'><strong>nobismetipsis</strong></span> <span class='ocrx_word' id='word_1_499' title='bbox 2396 673 2408 707; x_wconf 90' lang='lat'><strong>:</strong></span> <span class='ocrx_word' id='word_1_500' title='bbox 2443 655 2581 721; x_wconf 85' lang='lat' dir='ltr'><strong>Quid</strong></span> <span class='ocrx_word' id='word_1_501' title='bbox 2613 664 2759 710; x_wconf 85' lang='lat' dir='ltr'><strong>taces</strong></span> <span class='ocrx_word' id='word_1_502' title='bbox 2786 654 2988 719; x_wconf 90' lang='lat' dir='ltr'><strong>anima,</strong></span> <span class='ocrx_word' id='word_1_503' title='bbox 3015 662 3071 708; x_wconf 92' lang='lat' dir='ltr'><strong>et</strong></span> <span class='ocrx_word' id='word_1_504' title='bbox 3098 668 3203 708; x_wconf 90' lang='lat' dir='ltr'><strong>non</strong></span> <span class='ocrx_word' id='word_1_505' title='bbox 3228 655 3468 724; x_wconf 82' lang='lat' dir='ltr'><strong>ernmpis</strong></span> <span class='ocrx_word' id='word_1_506' title='bbox 3498 656 3550 709; x_wconf 90' lang='lat' dir='ltr'><strong>in</strong></span> 
     </span>
    </p>
   </div>
   <div class='ocr_carea' id='block_1_70' title="bbox 1973 744 3551 817">
    <p class='ocr_par' dir='ltr' id='par_1_70' title="bbox 1973 744 3551 817">
     <span class='ocr_line' id='line_1_71' title="bbox 1973 744 3551 817; baseline 0.005 -22"><span class='ocrx_word' id='word_1_507' title='bbox 1973 758 2135 808; x_wconf 87' lang='lat' dir='ltr'><strong>voce,</strong></span> <span class='ocrx_word' id='word_1_508' title='bbox 2176 753 2232 799; x_wconf 89' lang='lat' dir='ltr'><strong>et</strong></span> <span class='ocrx_word' id='word_1_509' title='bbox 2264 745 2462 799; x_wconf 89' lang='lat' dir='ltr'><strong>mentis</strong></span> <span class='ocrx_word' id='word_1_510' title='bbox 2490 752 2595 800; x_wconf 71' lang='lat' dir='ltr'><strong>tua:</strong></span> <span class='ocrx_word' id='word_1_511' title='bbox 2626 746 2851 815; x_wconf 81' lang='lat' dir='ltr'><strong>exponis</strong></span> <span class='ocrx_word' id='word_1_512' title='bbox 2881 744 3163 813; x_wconf 84' lang='lat' dir='ltr'><strong>ardorem,</strong></span> <span class='ocrx_word' id='word_1_513' title='bbox 3199 754 3257 801; x_wconf 87' lang='lat' dir='ltr'><strong>et</strong></span> <span class='ocrx_word' id='word_1_514' title='bbox 3285 747 3458 817; x_wconf 77' lang='lat' dir='ltr'><strong>cjrcto</strong></span> <span class='ocrx_word' id='word_1_515' title='bbox 3486 749 3551 803; x_wconf 90' lang='lat' dir='ltr'><strong>de</strong></span> 
     </span>
    </p>
   </div>
   <div class='ocr_carea' id='block_1_71' title="bbox 1974 834 3554 907">
    <p class='ocr_par' dir='ltr' id='par_1_71' title="bbox 1974 834 3554 907">
     <span class='ocr_line' id='line_1_72' title="bbox 1974 834 3554 907; baseline 0.003 -20"><span class='ocrx_word' id='word_1_516' title='bbox 1974 834 2118 889; x_wconf 88' lang='lat' dir='ltr'><strong>intus</strong></span> <span class='ocrx_word' id='word_1_517' title='bbox 2146 835 2264 903; x_wconf 90' lang='lat' dir='ltr'><strong>ipso</strong></span> <span class='ocrx_word' id='word_1_518' title='bbox 2292 835 2777 899; x_wconf 80' lang='lat' dir='ltr'><strong>fervoremalitiae,</strong></span> <span class='ocrx_word' id='word_1_519' title='bbox 2807 844 3035 906; x_wconf 83' lang='lat' dir='ltr'><strong>praestes</strong></span> <span class='ocrx_word' id='word_1_520' title='bbox 3065 835 3302 907; x_wconf 68' lang='lat' dir='ltr'><strong>fatigata:</strong></span> <span class='ocrx_word' id='word_1_521' title='bbox 3329 836 3554 907; x_wconf 85' lang='lat' dir='ltr'><strong>refrige-</strong></span> 
     </span>
    </p>
   </div>
   <div class='ocr_carea' id='block_1_72' title="bbox 1973 924 3550 996">
    <p class='ocr_par' dir='ltr' id='par_1_72' title="bbox 1973 924 3550 996">
     <span class='ocr_line' id='line_1_73' title="bbox 1973 924 3550 996; baseline 0.001 -18"><span class='ocrx_word' id='word_1_522' title='bbox 1973 924 2114 978; x_wconf 92' lang='lat' dir='ltr'><strong>rium</strong></span> <span class='ocrx_word' id='word_1_523' title='bbox 2159 925 2440 995; x_wconf 88' lang='lat' dir='ltr'><strong>passioni?</strong></span> <span class='ocrx_word' id='word_1_524' title='bbox 2494 925 2637 996; x_wconf 86' lang='lat' dir='ltr'><strong>Ergo</strong></span> <span class='ocrx_word' id='word_1_525' title='bbox 2683 940 2807 980; x_wconf 90' lang='lat' dir='ltr'><strong>cum</strong></span> <span class='ocrx_word' id='word_1_526' title='bbox 2851 925 3012 979; x_wconf 89' lang='lat' dir='ltr'><strong>alicui</strong></span> <span class='ocrx_word' id='word_1_527' title='bbox 3060 924 3214 980; x_wconf 87' lang='lat' dir='ltr'><strong>fratri</strong></span> <span class='ocrx_word' id='word_1_528' title='bbox 3258 925 3550 995; x_wconf 88' lang='lat' dir='ltr'><strong>cogitatum</strong></span> 
     </span>
    </p>
   </div>
   <div class='ocr_carea' id='block_1_73' title="bbox 1972 1014 3554 1079">
    <p class='ocr_par' dir='ltr' id='par_1_73' title="bbox 1972 1014 3554 1079">
     <span class='ocr_line' id='line_1_74' title="bbox 1972 1014 3554 1079; baseline 0.002 -10"><span class='ocrx_word' id='word_1_529' title='bbox 1972 1014 2173 1069; x_wconf 85' lang='lat' dir='ltr'><strong>malum</strong></span> <span class='ocrx_word' id='word_1_530' title='bbox 2217 1015 2273 1068; x_wconf 92' lang='lat' dir='ltr'><strong>in</strong></span> <span class='ocrx_word' id='word_1_531' title='bbox 2313 1015 2476 1069; x_wconf 86' lang='lat' dir='ltr'><strong>corde</strong></span> <span class='ocrx_word' id='word_1_532' title='bbox 2521 1015 2820 1079; x_wconf 81' lang='lat' dir='ltr'><strong>advenerit,</strong></span> <span class='ocrx_word' id='word_1_533' title='bbox 2854 1016 2869 1056; x_wconf 79' lang='grc' dir='ltr'><strong>ί</strong></span> <span class='ocrx_word' id='word_1_534' title='bbox 2899 1023 2955 1070; x_wconf 91' lang='lat' dir='ltr'><strong>et</strong></span> <span class='ocrx_word' id='word_1_535' title='bbox 2983 1016 3214 1070; x_wconf 86' lang='lat' dir='ltr'><strong>senserit</strong></span> <span class='ocrx_word' id='word_1_536' title='bbox 3260 1030 3317 1070; x_wconf 90' lang='lat' dir='ltr'><strong>se</strong></span> <span class='ocrx_word' id='word_1_537' title='bbox 3358 1014 3554 1072; x_wconf 79' lang='lat' dir='ltr'><strong>exinde</strong></span> 
     </span>
    </p>
   </div>
   <div class='ocr_carea' id='block_1_74' title="bbox 1972 1103 3555 1173">
    <p class='ocr_par' dir='ltr' id='par_1_74' title="bbox 1972 1103 3555 1173">
     <span class='ocr_line' id='line_1_75' title="bbox 1972 1103 3555 1173; baseline 0 -15"><span class='ocrx_word' id='word_1_538' title='bbox 1972 1103 2222 1159; x_wconf 86' lang='lat' dir='ltr'><strong>fluctuari</strong></span> <span class='ocrx_word' id='word_1_539' title='bbox 2249 1145 2263 1169; x_wconf 87' lang='lat'><strong>,</strong></span> <span class='ocrx_word' id='word_1_540' title='bbox 2310 1105 2496 1159; x_wconf 84' lang='lat' dir='ltr'><strong>statim</strong></span> <span class='ocrx_word' id='word_1_541' title='bbox 2547 1104 2660 1159; x_wconf 89' lang='lat' dir='ltr'><strong>suis</strong></span> <span class='ocrx_word' id='word_1_542' title='bbox 2707 1104 2812 1159; x_wconf 88' lang='lat' dir='ltr'><strong>hoc</strong></span> <span class='ocrx_word' id='word_1_543' title='bbox 2857 1104 3162 1173; x_wconf 68' lang='lat' dir='ltr'><strong>praepositis</strong></span> <span class='ocrx_word' id='word_1_544' title='bbox 3197 1103 3452 1169; x_wconf 84' lang='lat' dir='ltr'><strong>fateatur,</strong></span> <span class='ocrx_word' id='word_1_545' title='bbox 3499 1114 3555 1158; x_wconf 89' lang='lat' dir='ltr'><strong>et</strong></span> 
     </span>
    </p>
   </div>
   <div class='ocr_carea' id='block_1_75' title="bbox 1973 1194 3553 1263">
    <p class='ocr_par' dir='ltr' id='par_1_75' title="bbox 1973 1194 3553 1263">
     <span class='ocr_line' id='line_1_76' title="bbox 1973 1194 3553 1263; baseline 0 -14"><span class='ocrx_word' id='word_1_546' title='bbox 1973 1210 2096 1249; x_wconf 78' lang='lat' dir='ltr'><strong>mox</strong></span> <span class='ocrx_word' id='word_1_547' title='bbox 2127 1196 2373 1250; x_wconf 90' lang='lat' dir='ltr'><strong>oratione</strong></span> <span class='ocrx_word' id='word_1_548' title='bbox 2401 1194 2541 1250; x_wconf 88' lang='lat' dir='ltr'><strong>facta</strong></span> <span class='ocrx_word' id='word_1_549' title='bbox 2570 1195 2817 1248; x_wconf 89' lang='lat' dir='ltr'><strong>nuntient</strong></span> <span class='ocrx_word' id='word_1_550' title='bbox 2847 1195 2949 1249; x_wconf 84' lang='lat' dir='ltr'><strong>hoc</strong></span> <span class='ocrx_word' id='word_1_551' title='bbox 2977 1195 3149 1263; x_wconf 89' lang='lat' dir='ltr'><strong>ipsum</strong></span> <span class='ocrx_word' id='word_1_552' title='bbox 3177 1195 3378 1249; x_wconf 89' lang='lat' dir='ltr'><strong>abbati.</strong></span> <span class='ocrx_word' id='word_1_553' title='bbox 3417 1195 3553 1249; x_wconf 84' lang='lat' dir='ltr'><strong>Nam</strong></span> 
     </span>
    </p>
   </div>
   <div class='ocr_carea' id='block_1_76' title="bbox 1971 1282 3552 1356">
    <p class='ocr_par' dir='ltr' id='par_1_76' title="bbox 1971 1282 3552 1356">
     <span class='ocr_line' id='line_1_77' title="bbox 1971 1282 3552 1356; baseline -0.002 -16"><span class='ocrx_word' id='word_1_554' title='bbox 1971 1285 2075 1355; x_wconf 82' lang='lat' dir='ltr'><strong>ipsi</strong></span> <span class='ocrx_word' id='word_1_555' title='bbox 2125 1284 2402 1356; x_wconf 84' lang='lat' dir='ltr'><strong>praepositi</strong></span> <span class='ocrx_word' id='word_1_556' title='bbox 2450 1285 2555 1338; x_wconf 88' lang='lat' dir='ltr'><strong>hoc</strong></span> <span class='ocrx_word' id='word_1_557' title='bbox 2604 1285 2776 1354; x_wconf 89' lang='lat' dir='ltr'><strong>ipsum</strong></span> <span class='ocrx_word' id='word_1_558' title='bbox 2830 1284 2973 1337; x_wconf 91' lang='lat' dir='ltr'><strong>ultro</strong></span> <span class='ocrx_word' id='word_1_559' title='bbox 3015 1298 3230 1354; x_wconf 88' lang='lat' dir='ltr'><strong>semper</strong></span> <span class='ocrx_word' id='word_1_560' title='bbox 3253 1282 3486 1338; x_wconf 86' lang='lat' dir='ltr'><strong>debenti</strong></span> <span class='ocrx_word' id='word_1_561' title='bbox 3522 1300 3552 1337; x_wconf 92' lang='lat' dir='ltr'><strong>a</strong></span> 
     </span>
    </p>
   </div>
   <div class='ocr_carea' id='block_1_77' title="bbox 1973 1374 3555 1448">
    <p class='ocr_par' dir='ltr' id='par_1_77' title="bbox 1973 1374 3555 1448">
     <span class='ocr_line' id='line_1_78' title="bbox 1973 1374 3555 1448; baseline -0.003 -17"><span class='ocrx_word' id='word_1_562' title='bbox 1973 1378 2240 1448; x_wconf 90' lang='lat' dir='ltr'><strong>susceptis</strong></span> <span class='ocrx_word' id='word_1_563' title='bbox 2270 1376 2384 1431; x_wconf 88' lang='lat' dir='ltr'><strong>suis</strong></span> <span class='ocrx_word' id='word_1_564' title='bbox 2410 1377 2739 1445; x_wconf 84' lang='lat' dir='ltr'><strong>exquirere:</strong></span> <span class='ocrx_word' id='word_1_565' title='bbox 2777 1390 2845 1430; x_wconf 91' lang='lat' dir='ltr'><strong>ne</strong></span> <span class='ocrx_word' id='word_1_566' title='bbox 2886 1374 3025 1430; x_wconf 81' lang='lat' dir='ltr'><strong>forte</strong></span> <span class='ocrx_word' id='word_1_567' title='bbox 3069 1382 3166 1429; x_wconf 89' lang='lat' dir='ltr'><strong>aut</strong></span> <span class='ocrx_word' id='word_1_568' title='bbox 3209 1374 3555 1445; x_wconf 82' lang='lat' dir='ltr'><strong>simplicitate</strong></span> 
     </span>
    </p>
   </div>
   <div class='ocr_carea' id='block_1_78' title="bbox 1973 1463 3627 1536">
    <p class='ocr_par' dir='ltr' id='par_1_78' title="bbox 1973 1463 3627 1536">
     <span class='ocr_line' id='line_1_79' title="bbox 1973 1463 3627 1536; baseline -0.001 -16"><span class='ocrx_word' id='word_1_569' title='bbox 1973 1467 2355 1536; x_wconf 88' lang='lat' dir='ltr'><strong>quorumdam,</strong></span> <span class='ocrx_word' id='word_1_570' title='bbox 2385 1474 2479 1522; x_wconf 90' lang='lat' dir='ltr'><strong>aut</strong></span> <span class='ocrx_word' id='word_1_571' title='bbox 2505 1472 2652 1522; x_wconf 90' lang='lat' dir='ltr'><strong>certe</strong></span> <span class='ocrx_word' id='word_1_572' title='bbox 2678 1467 2794 1536; x_wconf 92' lang='lat' dir='ltr'><strong>ipsa</strong></span> <span class='ocrx_word' id='word_1_573' title='bbox 2824 1463 3149 1520; x_wconf 88' lang='lat' dir='ltr'><strong>verecundia</strong></span> <span class='ocrx_word' id='word_1_574' title='bbox 3178 1464 3442 1519; x_wconf 82' lang='lat' dir='ltr'><strong>malorum</strong></span> <span class='ocrx_word' id='word_1_575' title='bbox 3476 1464 3554 1519; x_wconf 87' lang='lat' dir='ltr'><strong>fa-</strong></span> <span class='ocrx_word' id='word_1_576' title='bbox 3624 1486 3627 1491; x_wconf 57' lang='grc' dir='ltr'><strong>ε</strong></span> 
     </span>
    </p>
   </div>
   <div class='ocr_carea' id='block_1_79' title="bbox 1973 1557 3548 1631">
    <p class='ocr_par' dir='ltr' id='par_1_79' title="bbox 1973 1557 3548 1631">
     <span class='ocr_line' id='line_1_80' title="bbox 1973 1557 3548 1631; baseline -0.002 -16"><span class='ocrx_word' id='word_1_577' title='bbox 1973 1560 2149 1615; x_wconf 86' lang='lat' dir='ltr'><strong>ciente</strong></span> <span class='ocrx_word' id='word_1_578' title='bbox 2169 1601 2184 1627; x_wconf 88' lang='lat'><strong>,</strong></span> <span class='ocrx_word' id='word_1_579' title='bbox 2214 1575 2304 1616; x_wconf 87' lang='lat' dir='ltr'><strong>res</strong></span> <span class='ocrx_word' id='word_1_580' title='bbox 2321 1575 2519 1631; x_wconf 87' lang='lat' dir='ltr'><strong>pravas</strong></span> <span class='ocrx_word' id='word_1_581' title='bbox 2540 1575 2603 1615; x_wconf 88' lang='lat' dir='ltr'><strong>ac</strong></span> <span class='ocrx_word' id='word_1_582' title='bbox 2622 1568 2809 1629; x_wconf 90' lang='lat' dir='ltr'><strong>turpes</strong></span> <span class='ocrx_word' id='word_1_583' title='bbox 2826 1558 3047 1614; x_wconf 84' lang='lat' dir='ltr'><strong>fratrem</strong></span> <span class='ocrx_word' id='word_1_584' title='bbox 3066 1559 3264 1629; x_wconf 87' lang='lat' dir='ltr'><strong>pudeat</strong></span> <span class='ocrx_word' id='word_1_585' title='bbox 3281 1557 3548 1614; x_wconf 73' lang='lat' dir='ltr'><strong>confiteri.</strong></span> 
     </span>
    </p>
   </div>
   <div class='ocr_carea' id='block_1_80' title="bbox 1973 1650 3548 1722">
    <p class='ocr_par' dir='ltr' id='par_1_80' title="bbox 1973 1650 3548 1722">
     <span class='ocr_line' id='line_1_81' title="bbox 1973 1650 3548 1722; baseline 0 -17"><span class='ocrx_word' id='word_1_586' title='bbox 1973 1650 2081 1705; x_wconf 86' lang='lat' dir='ltr'><strong>Sed</strong></span> <span class='ocrx_word' id='word_1_587' title='bbox 2116 1666 2239 1706; x_wconf 91' lang='lat' dir='ltr'><strong>cum</strong></span> <span class='ocrx_word' id='word_1_588' title='bbox 2269 1651 2411 1706; x_wconf 91' lang='lat' dir='ltr'><strong>ultro</strong></span> <span class='ocrx_word' id='word_1_589' title='bbox 2432 1652 2460 1691; x_wconf 75' lang='grc' dir='ltr'><strong>ιι</strong></span> <span class='ocrx_word' id='word_1_590' title='bbox 2484 1662 2650 1707; x_wconf 86' lang='lat' dir='ltr'><strong>ausus</strong></span> <span class='ocrx_word' id='word_1_591' title='bbox 2678 1652 2848 1722; x_wconf 86' lang='lat' dir='ltr'><strong>magis</strong></span> <span class='ocrx_word' id='word_1_592' title='bbox 2877 1666 2907 1704; x_wconf 86' lang='lat' dir='ltr'><strong>a</strong></span> <span class='ocrx_word' id='word_1_593' title='bbox 2937 1652 3195 1720; x_wconf 85' lang='lat' dir='ltr'><strong>magistro</strong></span> <span class='ocrx_word' id='word_1_594' title='bbox 3221 1650 3548 1720; x_wconf 88' lang='lat' dir='ltr'><strong>acceperint,</strong></span> 
     </span>
    </p>
   </div>
   <div class='ocr_carea' id='block_1_81' title="bbox 1968 1739 3550 1815">
    <p class='ocr_par' dir='ltr' id='par_1_81' title="bbox 1968 1739 3550 1815">
     <span class='ocr_line' id='line_1_82' title="bbox 1968 1739 3550 1815; baseline 0 -20"><span class='ocrx_word' id='word_1_595' title='bbox 1968 1739 2082 1811; x_wconf 91' lang='lat' dir='ltr'><strong>jam</strong></span> <span class='ocrx_word' id='word_1_596' title='bbox 2126 1742 2448 1797; x_wconf 83' lang='lat' dir='ltr'><strong>fiducialiter</strong></span> <span class='ocrx_word' id='word_1_597' title='bbox 2494 1743 2613 1798; x_wconf 88' lang='lat' dir='ltr'><strong>sine</strong></span> <span class='ocrx_word' id='word_1_598' title='bbox 2658 1743 2981 1798; x_wconf 82' lang='lat' dir='ltr'><strong>verecundia</strong></span> <span class='ocrx_word' id='word_1_599' title='bbox 3031 1742 3270 1798; x_wconf 86' lang='lat' dir='ltr'><strong>indicent</strong></span> <span class='ocrx_word' id='word_1_600' title='bbox 3316 1743 3550 1815; x_wconf 83' lang='lat' dir='ltr'><strong>cogitata</strong></span> 
     </span>
    </p>
   </div>
   <div class='ocr_carea' id='block_1_82' title="bbox 1974 1833 3551 1907">
    <p class='ocr_par' dir='ltr' id='par_1_82' title="bbox 1974 1833 3551 1907">
     <span class='ocr_line' id='line_1_83' title="bbox 1974 1833 3551 1907; baseline 0.003 -19"><span class='ocrx_word' id='word_1_601' title='bbox 1974 1834 2203 1903; x_wconf 85' lang='lat' dir='ltr'><strong>peccati.</strong></span> <span class='ocrx_word' id='word_1_602' title='bbox 2240 1833 2392 1900; x_wconf 85' lang='lat' dir='ltr'><strong>Quod</strong></span> <span class='ocrx_word' id='word_1_603' title='bbox 2422 1841 2477 1889; x_wconf 91' lang='lat' dir='ltr'><strong>et</strong></span> <span class='ocrx_word' id='word_1_604' title='bbox 2504 1835 2604 1904; x_wconf 87' lang='lat' dir='ltr'><strong>ipsi</strong></span> <span class='ocrx_word' id='word_1_605' title='bbox 2632 1836 2922 1905; x_wconf 70' lang='lat' dir='ltr'><strong>praepositi,</strong></span> <span class='ocrx_word' id='word_1_606' title='bbox 2952 1844 3007 1890; x_wconf 89' lang='lat' dir='ltr'><strong>et</strong></span> <span class='ocrx_word' id='word_1_607' title='bbox 3036 1836 3080 1891; x_wconf 90' lang='lat' dir='ltr'><strong>si</strong></span> <span class='ocrx_word' id='word_1_608' title='bbox 3113 1836 3212 1907; x_wconf 87' lang='lat' dir='ltr'><strong>ipsi</strong></span> <span class='ocrx_word' id='word_1_609' title='bbox 3242 1838 3343 1891; x_wconf 84' lang='lat' dir='ltr'><strong>hoc</strong></span> <span class='ocrx_word' id='word_1_610' title='bbox 3366 1852 3551 1892; x_wconf 85' lang='lat' dir='ltr'><strong>sense—</strong></span> 
     </span>
    </p>
   </div>
   <div class='ocr_carea' id='block_1_83' title="bbox 1971 1924 3546 1996">
    <p class='ocr_par' dir='ltr' id='par_1_83' title="bbox 1971 1924 3546 1996">
     <span class='ocr_line' id='line_1_84' title="bbox 1971 1924 3546 1996; baseline 0.002 -18"><span class='ocrx_word' id='word_1_611' title='bbox 1971 1925 2121 1988; x_wconf 89' lang='lat' dir='ltr'><strong>rint,</strong></span> <span class='ocrx_word' id='word_1_612' title='bbox 2171 1924 2413 1979; x_wconf 86' lang='lat' dir='ltr'><strong>referant</strong></span> <span class='ocrx_word' id='word_1_613' title='bbox 2438 1931 2494 1979; x_wconf 91' lang='lat' dir='ltr'><strong>et</strong></span> <span class='ocrx_word' id='word_1_614' title='bbox 2524 1925 2589 1979; x_wconf 92' lang='lat' dir='ltr'><strong>de</strong></span> <span class='ocrx_word' id='word_1_615' title='bbox 2623 1939 2682 1980; x_wconf 91' lang='lat' dir='ltr'><strong>se</strong></span> <span class='ocrx_word' id='word_1_616' title='bbox 2709 1925 2910 1982; x_wconf 88' lang='lat' dir='ltr'><strong>abbati.</strong></span> <span class='ocrx_word' id='word_1_617' title='bbox 2961 1924 3097 1979; x_wconf 85' lang='lat' dir='ltr'><strong>Nam</strong></span> <span class='ocrx_word' id='word_1_618' title='bbox 3128 1933 3185 1980; x_wconf 86' lang='lat' dir='ltr'><strong>et</strong></span> <span class='ocrx_word' id='word_1_619' title='bbox 3210 1927 3325 1996; x_wconf 84' lang='lat' dir='ltr'><strong>ipse</strong></span> <span class='ocrx_word' id='word_1_620' title='bbox 3358 1926 3546 1996; x_wconf 84' lang='lat' dir='ltr'><strong>Major,</strong></span> 
     </span>
    </p>
   </div>
   <div class='ocr_carea' id='block_1_84' title="bbox 1970 2012 3551 2087">
    <p class='ocr_par' dir='ltr' id='par_1_84' title="bbox 1970 2012 3551 2087">
     <span class='ocr_line' id='line_1_85' title="bbox 1970 2012 3551 2087; baseline 0.001 -19"><span class='ocrx_word' id='word_1_621' title='bbox 1970 2027 2094 2068; x_wconf 89' lang='lat' dir='ltr'><strong>cum</strong></span> <span class='ocrx_word' id='word_1_622' title='bbox 2122 2012 2189 2066; x_wconf 89' lang='lat' dir='ltr'><strong>de</strong></span> <span class='ocrx_word' id='word_1_623' title='bbox 2221 2027 2279 2067; x_wconf 90' lang='lat' dir='ltr'><strong>se</strong></span> <span class='ocrx_word' id='word_1_624' title='bbox 2308 2012 2415 2067; x_wconf 86' lang='lat' dir='ltr'><strong>hoc</strong></span> <span class='ocrx_word' id='word_1_625' title='bbox 2440 2012 2703 2079; x_wconf 89' lang='lat' dir='ltr'><strong>senserit,</strong></span> <span class='ocrx_word' id='word_1_626' title='bbox 2742 2020 2892 2082; x_wconf 87' lang='lat' dir='ltr'><strong>petat</strong></span> <span class='ocrx_word' id='word_1_627' title='bbox 2921 2013 2976 2068; x_wconf 91' lang='lat' dir='ltr'><strong>in</strong></span> <span class='ocrx_word' id='word_1_628' title='bbox 3002 2013 3239 2069; x_wconf 90' lang='lat' dir='ltr'><strong>oratorio</strong></span> <span class='ocrx_word' id='word_1_629' title='bbox 3268 2029 3299 2069; x_wconf 90' lang='lat' dir='ltr'><strong>a</strong></span> <span class='ocrx_word' id='word_1_630' title='bbox 3327 2031 3551 2087; x_wconf 66' lang='lat' dir='ltr'><strong>congre~</strong></span> 
     </span>
    </p>
   </div>
   <div class='ocr_carea' id='block_1_85' title="bbox 1970 2103 3551 2175">
    <p class='ocr_par' dir='ltr' id='par_1_85' title="bbox 1970 2103 3551 2175">
     <span class='ocr_line' id='line_1_86' title="bbox 1970 2103 3551 2175; baseline 0.003 -17"><span class='ocrx_word' id='word_1_631' title='bbox 1970 2104 2185 2174; x_wconf 86' lang='lat' dir='ltr'><strong>gatione</strong></span> <span class='ocrx_word' id='word_1_632' title='bbox 2213 2104 2463 2159; x_wconf 89' lang='lat' dir='ltr'><strong>universa</strong></span> <span class='ocrx_word' id='word_1_633' title='bbox 2492 2119 2592 2175; x_wconf 91' lang='lat' dir='ltr'><strong>pro</strong></span> <span class='ocrx_word' id='word_1_634' title='bbox 2621 2119 2680 2159; x_wconf 88' lang='lat' dir='ltr'><strong>se</strong></span> <span class='ocrx_word' id='word_1_635' title='bbox 2703 2103 2903 2160; x_wconf 90' lang='lat' dir='ltr'><strong>debere</strong></span> <span class='ocrx_word' id='word_1_636' title='bbox 2928 2106 3096 2161; x_wconf 90' lang='lat' dir='ltr'><strong>orari.</strong></span> <span class='ocrx_word' id='word_1_637' title='bbox 3146 2106 3289 2175; x_wconf 82' lang='lat' dir='ltr'><strong>Ergo</strong></span> <span class='ocrx_word' id='word_1_638' title='bbox 3321 2122 3446 2162; x_wconf 91' lang='lat' dir='ltr'><strong>cum</strong></span> <span class='ocrx_word' id='word_1_639' title='bbox 3483 2108 3551 2163; x_wconf 85' lang='lat' dir='ltr'><strong>de</strong></span> 
     </span>
    </p>
   </div>
   <div class='ocr_carea' id='block_1_86' title="bbox 1971 2191 3547 2266">
    <p class='ocr_par' dir='ltr' id='par_1_86' title="bbox 1971 2191 3547 2266">
     <span class='ocr_line' id='line_1_87' title="bbox 1971 2191 3547 2266; baseline 0.004 -20"><span class='ocrx_word' id='word_1_640' title='bbox 1971 2192 2151 2261; x_wconf 86' lang='lat' dir='ltr'><strong>aliquo</strong></span> <span class='ocrx_word' id='word_1_641' title='bbox 2180 2191 2350 2248; x_wconf 88' lang='lat' dir='ltr'><strong>fratre</strong></span> <span class='ocrx_word' id='word_1_642' title='bbox 2387 2194 2693 2249; x_wconf 89' lang='lat' dir='ltr'><strong>nuntiatum</strong></span> <span class='ocrx_word' id='word_1_643' title='bbox 2726 2192 2888 2249; x_wconf 89' lang='lat' dir='ltr'><strong>fuerit</strong></span> <span class='ocrx_word' id='word_1_644' title='bbox 2924 2210 2954 2248; x_wconf 90' lang='lat' dir='ltr'><strong>a</strong></span> <span class='ocrx_word' id='word_1_645' title='bbox 2990 2196 3297 2266; x_wconf 74' lang='lat' dir='ltr'><strong>praepositis</strong></span> <span class='ocrx_word' id='word_1_646' title='bbox 3333 2197 3547 2262; x_wconf 88' lang='lat' dir='ltr'><strong>abbati,</strong></span> 
     </span>
    </p>
   </div>
   <div class='ocr_carea' id='block_1_87' title="bbox 1971 2283 3551 2355">
    <p class='ocr_par' dir='ltr' id='par_1_87' title="bbox 1971 2283 3551 2355">
     <span class='ocr_line' id='line_1_88' title="bbox 1971 2283 3551 2355; baseline 0.003 -17"><span class='ocrx_word' id='word_1_647' title='bbox 1971 2290 2231 2338; x_wconf 86' lang='lat' dir='ltr'><strong>convocet</strong></span> <span class='ocrx_word' id='word_1_648' title='bbox 2265 2297 2388 2337; x_wconf 87' lang='lat' dir='ltr'><strong>mox</strong></span> <span class='ocrx_word' id='word_1_649' title='bbox 2424 2283 2731 2339; x_wconf 88' lang='lat' dir='ltr'><strong>universam</strong></span> <span class='ocrx_word' id='word_1_650' title='bbox 2767 2286 3243 2355; x_wconf 85' lang='lat' dir='ltr'><strong>congregationem</strong></span> <span class='ocrx_word' id='word_1_651' title='bbox 3266 2326 3281 2351; x_wconf 92' lang='lat'><strong>,</strong></span> <span class='ocrx_word' id='word_1_652' title='bbox 3319 2294 3374 2342; x_wconf 92' lang='lat' dir='ltr'><strong>et</strong></span> <span class='ocrx_word' id='word_1_653' title='bbox 3407 2288 3551 2343; x_wconf 88' lang='lat' dir='ltr'><strong>dicat</strong></span> 
     </span>
    </p>
   </div>
   <div class='ocr_carea' id='block_1_88' title="bbox 1968 2373 3552 2450">
    <p class='ocr_par' dir='ltr' id='par_1_88' title="bbox 1968 2373 3552 2450">
     <span class='ocr_line' id='line_1_89' title="bbox 1968 2373 3552 2450; baseline 0.004 -22"><span class='ocrx_word' id='word_1_654' title='bbox 1968 2374 2222 2429; x_wconf 90' lang='lat' dir='ltr'><strong>omnibus</strong></span> <span class='ocrx_word' id='word_1_655' title='bbox 2268 2374 2472 2430; x_wconf 85' lang='lat' dir='ltr'><strong>abbas:</strong></span> <span class='ocrx_word' id='word_1_656' title='bbox 2512 2373 2726 2440; x_wconf 80' lang='lat' dir='ltr'><strong>Venite,</strong></span> <span class='ocrx_word' id='word_1_657' title='bbox 2749 2375 2976 2442; x_wconf 85' lang='lat' dir='ltr'><strong>fratres,</strong></span> <span class='ocrx_word' id='word_1_658' title='bbox 3024 2378 3409 2434; x_wconf 88' lang='lat' dir='ltr'><strong>subveniamus</strong></span> <span class='ocrx_word' id='word_1_659' title='bbox 3451 2395 3552 2450; x_wconf 90' lang='lat' dir='ltr'><strong>per</strong></span> 
     </span>
    </p>
   </div>
   <div class='ocr_carea' id='block_1_89' title="bbox 1970 2465 3552 2536">
    <p class='ocr_par' dir='ltr' id='par_1_89' title="bbox 1970 2465 3552 2536">
     <span class='ocr_line' id='line_1_90' title="bbox 1970 2465 3552 2536; baseline 0.004 -17"><span class='ocrx_word' id='word_1_660' title='bbox 1970 2465 2314 2521; x_wconf 88' lang='lat' dir='ltr'><strong>dilectionem</strong></span> <span class='ocrx_word' id='word_1_661' title='bbox 2360 2466 2589 2521; x_wconf 88' lang='lat' dir='ltr'><strong>invicem</strong></span> <span class='ocrx_word' id='word_1_662' title='bbox 2629 2465 2784 2521; x_wconf 91' lang='lat' dir='ltr'><strong>nobis</strong></span> <span class='ocrx_word' id='word_1_663' title='bbox 2810 2468 2950 2536; x_wconf 83' lang='lat' dir='ltr'><strong>apud</strong></span> <span class='ocrx_word' id='word_1_664' title='bbox 2979 2467 3295 2535; x_wconf 88' lang='lat' dir='ltr'><strong>Dominum,</strong></span> <span class='ocrx_word' id='word_1_665' title='bbox 3339 2469 3552 2526; x_wconf 73' lang='lat' dir='ltr'><strong>dicente</strong></span> 
     </span>
    </p>
   </div>
   <div class='ocr_carea' id='block_1_90' title="bbox 1969 2555 3553 2631">
    <p class='ocr_par' dir='ltr' id='par_1_90' title="bbox 1969 2555 3553 2631">
     <span class='ocr_line' id='line_1_91' title="bbox 1969 2555 3553 2631; baseline 0.003 -21"><span class='ocrx_word' id='word_1_666' title='bbox 1969 2555 2265 2625; x_wconf 84' lang='lat' dir='ltr'><strong>Apostolo:</strong></span> <span class='ocrx_word' id='word_1_667' title='bbox 2308 2555 2555 2622; x_wconf 86' lang='lat' dir='ltr'><strong>Fratres,</strong></span> <span class='ocrx_word' id='word_1_668' title='bbox 2601 2565 2651 2611; x_wconf 87' lang='lat' dir='ltr'><strong>et</strong></span> <span class='ocrx_word' id='word_1_669' title='bbox 2689 2556 2734 2611; x_wconf 94' lang='lat' dir='ltr'><strong>si</strong></span> <span class='ocrx_word' id='word_1_670' title='bbox 2773 2567 3168 2629; x_wconf 75' lang='lat' dir='ltr'><strong>prteoccupatus</strong></span> <span class='ocrx_word' id='word_1_671' title='bbox 3197 2559 3361 2630; x_wconf 76' lang='lat' dir='ltr'><strong>fuerit</strong></span> <span class='ocrx_word' id='word_1_672' title='bbox 3390 2558 3553 2631; x_wconf 81' lang='lat' dir='ltr'><strong>1quis</strong></span> 
     </span>
    </p>
   </div>
   <div class='ocr_carea' id='block_1_91' title="bbox 1968 2644 3553 2722">
    <p class='ocr_par' dir='ltr' id='par_1_91' title="bbox 1968 2644 3553 2722">
     <span class='ocr_line' id='line_1_92' title="bbox 1968 2644 3553 2722; baseline 0.004 -23"><span class='ocrx_word' id='word_1_673' title='bbox 1968 2645 2022 2699; x_wconf 85' lang='lat' dir='ltr'><strong>in</strong></span> <span class='ocrx_word' id='word_1_674' title='bbox 2054 2644 2231 2716; x_wconf 89' lang='lat' dir='ltr'><strong>aliqua</strong></span> <span class='ocrx_word' id='word_1_675' title='bbox 2262 2645 2473 2713; x_wconf 85' lang='lat' dir='ltr'><strong>delicto,</strong></span> <span class='ocrx_word' id='word_1_676' title='bbox 2502 2662 2589 2701; x_wconf 77' lang='lat' dir='ltr'><strong>vos</strong></span> <span class='ocrx_word' id='word_1_677' title='bbox 2632 2647 2722 2718; x_wconf 86' lang='lat' dir='ltr'><strong>qui</strong></span> <span class='ocrx_word' id='word_1_678' title='bbox 2764 2646 3028 2717; x_wconf 73' lang='lat' dir='ltr'><strong>spiritales</strong></span> <span class='ocrx_word' id='word_1_679' title='bbox 3067 2650 3215 2715; x_wconf 83' lang='lat' dir='ltr'><strong>estis,</strong></span> <span class='ocrx_word' id='word_1_680' title='bbox 3241 2661 3282 2690; x_wconf 80' lang='grc' dir='ltr'>ιι</span> <span class='ocrx_word' id='word_1_681' title='bbox 3306 2652 3553 2722; x_wconf 77' lang='lat' dir='ltr'><strong>corripite</strong></span> 
     </span>
    </p>
   </div>
   <div class='ocr_carea' id='block_1_92' title="bbox 1969 2736 3550 2813">
    <p class='ocr_par' dir='ltr' id='par_1_92' title="bbox 1969 2736 3550 2813">
     <span class='ocr_line' id='line_1_93' title="bbox 1969 2736 3550 2813; baseline 0.003 -22"><span class='ocrx_word' id='word_1_682' title='bbox 1969 2736 2229 2808; x_wconf 80' lang='lat' dir='ltr'><strong>ejusmodi</strong></span> <span class='ocrx_word' id='word_1_683' title='bbox 2249 2738 2304 2793; x_wconf 88' lang='lat' dir='ltr'><strong>in</strong></span> <span class='ocrx_word' id='word_1_684' title='bbox 2322 2738 2510 2809; x_wconf 85' lang='lat' dir='ltr'><strong>spiritu</strong></span> <span class='ocrx_word' id='word_1_685' title='bbox 2525 2748 2553 2776; x_wconf 82' lang='grc' dir='ltr'>ιι</span> <span class='ocrx_word' id='word_1_686' title='bbox 2573 2738 3012 2806; x_wconf 81' lang='lat' dir='ltr'><strong>mansuetudinis,</strong></span> <span class='ocrx_word' id='word_1_687' title='bbox 3037 2747 3062 2776; x_wconf 91' lang='lat'>°</span> <span class='ocrx_word' id='word_1_688' title='bbox 3082 2740 3426 2796; x_wconf 77' lang='lat' dir='ltr'><strong>consolamini</strong></span> <span class='ocrx_word' id='word_1_689' title='bbox 3452 2759 3550 2813; x_wconf 77' lang='lat' dir='ltr'><strong>pu—</strong></span> 
     </span>
    </p>
   </div>
   <div class='ocr_carea' id='block_1_93' title="bbox 1967 2827 3550 2905">
    <p class='ocr_par' dir='ltr' id='par_1_93' title="bbox 1967 2827 3550 2905">
     <span class='ocr_line' id='line_1_94' title="bbox 1967 2827 3550 2905; baseline 0.004 -24"><span class='ocrx_word' id='word_1_690' title='bbox 1967 2827 2293 2905; x_wconf 72' lang='lat' dir='ltr'><strong>sillanimes,</strong></span> <span class='ocrx_word' id='word_1_691' title='bbox 2343 2828 2681 2883; x_wconf 83' lang='lat' dir='ltr'><strong>considerans</strong></span> <span class='ocrx_word' id='word_1_692' title='bbox 2725 2828 2986 2899; x_wconf 81' lang='lat' dir='ltr'><strong>teipsum,</strong></span> <span class='ocrx_word' id='word_1_693' title='bbox 3041 2847 3104 2886; x_wconf 84' lang='lat' dir='ltr'><strong>ne</strong></span> <span class='ocrx_word' id='word_1_694' title='bbox 3143 2840 3190 2886; x_wconf 86' lang='lat' dir='ltr'><strong>et</strong></span> <span class='ocrx_word' id='word_1_695' title='bbox 3236 2841 3293 2887; x_wconf 89' lang='lat' dir='ltr'><strong>tu</strong></span> <span class='ocrx_word' id='word_1_696' title='bbox 3337 2834 3550 2888; x_wconf 73' lang='lat' dir='ltr'><strong>tentet-is</strong></span> 
     </span>
    </p>
   </div>
   <div class='ocr_carea' id='block_1_94' title="bbox 1971 2913 3544 2997">
    <p class='ocr_par' dir='ltr' id='par_1_94' title="bbox 1971 2913 3544 2997">
     <span class='ocr_line' id='line_1_95' title="bbox 1971 2913 3544 2997; baseline 0.006 -28"><span class='ocrx_word' id='word_1_697' title='bbox 1971 2913 2230 2987; x_wconf 53' lang='grc' dir='ltr'><strong>(ϐαίη).</strong></span> <span class='ocrx_word' id='word_1_698' title='bbox 2260 2915 2359 2970; x_wconf 82' lang='grc' dir='ltr'><strong>Ει;</strong></span> <span class='ocrx_word' id='word_1_699' title='bbox 2389 2926 2415 2965; x_wconf 83' lang='lat' dir='ltr'><strong>P</strong></span> <span class='ocrx_word' id='word_1_700' title='bbox 2436 2915 2513 2969; x_wconf 87' lang='lat' dir='ltr'><strong>Tu</strong></span> <span class='ocrx_word' id='word_1_701' title='bbox 2533 2917 2621 2987; x_wconf 84' lang='lat' dir='ltr'><strong>qui</strong></span> <span class='ocrx_word' id='word_1_702' title='bbox 2646 2924 2777 2983; x_wconf 86' lang='lat' dir='ltr'><strong>stas,</strong></span> <span class='ocrx_word' id='word_1_703' title='bbox 2801 2918 2934 2984; x_wconf 74' lang='lat' dir='ltr'><strong>vide,</strong></span> <span class='ocrx_word' id='word_1_704' title='bbox 2986 2936 3049 2975; x_wconf 79' lang='lat' dir='ltr'><strong>ne</strong></span> <span class='ocrx_word' id='word_1_705' title='bbox 3074 2921 3234 2976; x_wconf 85' lang='lat' dir='ltr'><strong>cadas</strong></span> <span class='ocrx_word' id='word_1_706' title='bbox 3251 2921 3305 2993; x_wconf 88' lang='grc'><strong>(1</strong></span> <span class='ocrx_word' id='word_1_707' title='bbox 3326 2922 3448 2977; x_wconf 87' lang='lat' dir='ltr'><strong>Cor.</strong></span> <span class='ocrx_word' id='word_1_708' title='bbox 3467 2922 3544 2997; x_wconf 71' lang='grc' dir='ltr'><strong>χ).</strong></span> 
     </span>
    </p>
   </div>
   <div class='ocr_carea' id='block_1_95' title="bbox 1968 3009 3551 3080">
    <p class='ocr_par' dir='ltr' id='par_1_95' title="bbox 1968 3009 3551 3080">
     <span class='ocr_line' id='line_1_96' title="bbox 1968 3009 3551 3080; baseline 0.004 -16"><span class='ocrx_word' id='word_1_709' title='bbox 1968 3009 2111 3080; x_wconf 83' lang='lat' dir='ltr'><strong>Ergo</strong></span> <span class='ocrx_word' id='word_1_710' title='bbox 2152 3010 2438 3065; x_wconf 88' lang='lat' dir='ltr'><strong>unanimes</strong></span> <span class='ocrx_word' id='word_1_711' title='bbox 2481 3024 2583 3079; x_wconf 90' lang='lat' dir='ltr'><strong>pro</strong></span> <span class='ocrx_word' id='word_1_712' title='bbox 2629 3010 2736 3067; x_wconf 86' lang='lat' dir='ltr'><strong>hoc</strong></span> <span class='ocrx_word' id='word_1_713' title='bbox 2780 3009 2952 3067; x_wconf 85' lang='lat' dir='ltr'><strong>fratre</strong></span> <span class='ocrx_word' id='word_1_714' title='bbox 2993 3020 3181 3069; x_wconf 88' lang='lat' dir='ltr'><strong>nostro</strong></span> <span class='ocrx_word' id='word_1_715' title='bbox 3221 3028 3438 3071; x_wconf 90' lang='lat' dir='ltr'><strong>oremus</strong></span> <span class='ocrx_word' id='word_1_716' title='bbox 3482 3015 3551 3070; x_wconf 89' lang='lat' dir='ltr'><strong>ad</strong></span> 
     </span>
    </p>
   </div>
   <div class='ocr_carea' id='block_1_96' title="bbox 1970 3101 3552 3178">
    <p class='ocr_par' dir='ltr' id='par_1_96' title="bbox 1970 3101 3552 3178">
     <span class='ocr_line' id='line_1_97' title="bbox 1970 3101 3552 3178; baseline 0.004 -22"><span class='ocrx_word' id='word_1_717' title='bbox 1970 3101 2294 3168; x_wconf 85' lang='lat' dir='ltr'><strong>Dominum,</strong></span> <span class='ocrx_word' id='word_1_718' title='bbox 2335 3110 2397 3157; x_wconf 93' lang='lat' dir='ltr'><strong>ut</strong></span> <span class='ocrx_word' id='word_1_719' title='bbox 2432 3102 2684 3173; x_wconf 88' lang='lat' dir='ltr'><strong>dignetur</strong></span> <span class='ocrx_word' id='word_1_720' title='bbox 2713 3104 2769 3158; x_wconf 90' lang='lat' dir='ltr'><strong>in</strong></span> <span class='ocrx_word' id='word_1_721' title='bbox 2804 3118 2872 3160; x_wconf 92' lang='lat' dir='ltr'><strong>eo</strong></span> <span class='ocrx_word' id='word_1_722' title='bbox 2907 3119 3031 3161; x_wconf 88' lang='lat' dir='ltr'><strong>cum</strong></span> <span class='ocrx_word' id='word_1_723' title='bbox 3068 3106 3345 3178; x_wconf 87' lang='lat' dir='ltr'><strong>signaculo</strong></span> <span class='ocrx_word' id='word_1_724' title='bbox 3372 3106 3552 3163; x_wconf 88' lang='lat' dir='ltr'><strong>crucis</strong></span> 
     </span>
    </p>
   </div>
   <div class='ocr_carea' id='block_1_97' title="bbox 1970 3192 3546 3265">
    <p class='ocr_par' dir='ltr' id='par_1_97' title="bbox 1970 3192 3546 3265">
     <span class='ocr_line' id='line_1_98' title="bbox 1970 3192 3546 3265; baseline 0.003 -16"><span class='ocrx_word' id='word_1_725' title='bbox 1970 3209 2083 3249; x_wconf 74' lang='lat' dir='ltr'><strong>sua:</strong></span> <span class='ocrx_word' id='word_1_726' title='bbox 2111 3192 2196 3249; x_wconf 90' lang='lat' dir='ltr'><strong>vel</strong></span> <span class='ocrx_word' id='word_1_727' title='bbox 2220 3193 2467 3265; x_wconf 90' lang='lat' dir='ltr'><strong>jussione</strong></span> <span class='ocrx_word' id='word_1_728' title='bbox 2490 3204 2518 3245; x_wconf 74' lang='grc' dir='ltr'><strong>(ί</strong></span> <span class='ocrx_word' id='word_1_729' title='bbox 2543 3195 2881 3264; x_wconf 67' lang='lat' dir='ltr'><strong>paenitentia:</strong></span> <span class='ocrx_word' id='word_1_730' title='bbox 2914 3212 3028 3253; x_wconf 67' lang='lat' dir='ltr'><strong>suae</strong></span> <span class='ocrx_word' id='word_1_731' title='bbox 3060 3197 3260 3254; x_wconf 88' lang='lat' dir='ltr'><strong>diaboli</strong></span> <span class='ocrx_word' id='word_1_732' title='bbox 3290 3199 3546 3254; x_wconf 70' lang='lat' dir='ltr'><strong>tentatio~</strong></span> 
     </span>
    </p>
   </div>
   <div class='ocr_carea' id='block_1_98' title="bbox 1968 3284 3547 3357">
    <p class='ocr_par' dir='ltr' id='par_1_98' title="bbox 1968 3284 3547 3357">
     <span class='ocr_line' id='line_1_99' title="bbox 1968 3284 3547 3357; baseline 0.001 -18"><span class='ocrx_word' id='word_1_733' title='bbox 1968 3299 2067 3340; x_wconf 89' lang='lat' dir='ltr'><strong>nes</strong></span> <span class='ocrx_word' id='word_1_734' title='bbox 2095 3298 2463 3355; x_wconf 88' lang='lat' dir='ltr'><strong>compescere.</strong></span> <span class='ocrx_word' id='word_1_735' title='bbox 2509 3284 2645 3340; x_wconf 91' lang='lat' dir='ltr'><strong>Cum</strong></span> <span class='ocrx_word' id='word_1_736' title='bbox 2675 3301 2806 3357; x_wconf 90' lang='lat' dir='ltr'><strong>ergo</strong></span> <span class='ocrx_word' id='word_1_737' title='bbox 2835 3301 2936 3357; x_wconf 91' lang='lat' dir='ltr'><strong>pro</strong></span> <span class='ocrx_word' id='word_1_738' title='bbox 2961 3301 3027 3343; x_wconf 91' lang='lat' dir='ltr'><strong>eo</strong></span> <span class='ocrx_word' id='word_1_739' title='bbox 3054 3286 3124 3342; x_wconf 91' lang='lat' dir='ltr'><strong>ab</strong></span> <span class='ocrx_word' id='word_1_740' title='bbox 3149 3286 3400 3344; x_wconf 89' lang='lat' dir='ltr'><strong>omnibus</strong></span> <span class='ocrx_word' id='word_1_741' title='bbox 3426 3288 3547 3343; x_wconf 91' lang='lat' dir='ltr'><strong>diu-</strong></span> 
     </span>
    </p>
   </div>
   <div class='ocr_carea' id='block_1_99' title="bbox 1967 3375 3547 3448">
    <p class='ocr_par' dir='ltr' id='par_1_99' title="bbox 1967 3375 3547 3448">
     <span class='ocr_line' id='line_1_100' title="bbox 1967 3375 3547 3448; baseline 0.002 -19"><span class='ocrx_word' id='word_1_742' title='bbox 1967 3375 2177 3431; x_wconf 90' lang='lat' dir='ltr'><strong>tissime</strong></span> <span class='ocrx_word' id='word_1_743' title='bbox 2197 3385 2412 3431; x_wconf 91' lang='lat' dir='ltr'><strong>oratum</strong></span> <span class='ocrx_word' id='word_1_744' title='bbox 2440 3375 2628 3444; x_wconf 87' lang='lat' dir='ltr'><strong>fuerit,</strong></span> <span class='ocrx_word' id='word_1_745' title='bbox 2655 3386 2678 3414; x_wconf 70' lang='grc' dir='ltr'><strong><em>τ</em></strong></span> <span class='ocrx_word' id='word_1_746' title='bbox 2694 3392 2921 3448; x_wconf 89' lang='lat' dir='ltr'><strong>surgens</strong></span> <span class='ocrx_word' id='word_1_747' title='bbox 2948 3379 3115 3434; x_wconf 87' lang='lat' dir='ltr'><strong>abbas</strong></span> <span class='ocrx_word' id='word_1_748' title='bbox 3139 3393 3259 3433; x_wconf 89' lang='lat' dir='ltr'><strong>cum</strong></span> <span class='ocrx_word' id='word_1_749' title='bbox 3272 3378 3547 3444; x_wconf 87' lang='lat' dir='ltr'><strong>omnibus,</strong></span> 
     </span>
    </p>
   </div>
   <div class='ocr_carea' id='block_1_100' title="bbox 1971 3459 3550 3539">
    <p class='ocr_par' dir='ltr' id='par_1_100' title="bbox 1971 3459 3550 3539">
     <span class='ocr_line' id='line_1_101' title="bbox 1971 3459 3550 3539; baseline -0.001 -16"><span class='ocrx_word' id='word_1_750' title='bbox 1971 3478 1992 3507; x_wconf 75' lang='grc' dir='ltr'>α</span> <span class='ocrx_word' id='word_1_751' title='bbox 2020 3475 2075 3523; x_wconf 90' lang='lat' dir='ltr'><strong>ct</strong></span> <span class='ocrx_word' id='word_1_752' title='bbox 2103 3467 2408 3538; x_wconf 89' lang='lat' dir='ltr'><strong>complens,</strong></span> <span class='ocrx_word' id='word_1_753' title='bbox 2454 3482 2579 3522; x_wconf 78' lang='lat' dir='ltr'><strong>mox</strong></span> <span class='ocrx_word' id='word_1_754' title='bbox 2612 3459 2856 3523; x_wconf 60' lang='lat' dir='ltr'><strong>exient&#39;es</strong></span> <span class='ocrx_word' id='word_1_755' title='bbox 2896 3468 3090 3539; x_wconf 89' lang='lat' dir='ltr'><strong>singuli</strong></span> <span class='ocrx_word' id='word_1_756' title='bbox 3130 3483 3266 3537; x_wconf 87' lang='lat' dir='ltr'><strong>opus</strong></span> <span class='ocrx_word' id='word_1_757' title='bbox 3298 3470 3442 3539; x_wconf 89' lang='lat' dir='ltr'><strong>quod</strong></span> <span class='ocrx_word' id='word_1_758' title='bbox 3471 3468 3550 3522; x_wconf 86' lang='lat' dir='ltr'><strong>fa-</strong></span> 
     </span>
    </p>
   </div>
   <div class='ocr_carea' id='block_1_101' title="bbox 1968 3601 3551 3674">
    <p class='ocr_par' dir='ltr' id='par_1_101' title="bbox 1968 3601 3551 3674">
     <span class='ocr_line' id='line_1_102' title="bbox 1968 3601 3551 3674; baseline 0 -19"><span class='ocrx_word' id='word_1_759' title='bbox 1968 3602 2083 3674; x_wconf 82' lang='lat' dir='ltr'><strong>ipsa</strong></span> <span class='ocrx_word' id='word_1_760' title='bbox 2112 3603 2460 3674; x_wconf 67' lang='lat' dir='ltr'><strong>speratione;</strong></span> <span class='ocrx_word' id='word_1_761' title='bbox 2497 3602 2659 3658; x_wconf 89' lang='lat' dir='ltr'><strong>male.</strong></span> <span class='ocrx_word' id='word_1_762' title='bbox 2684 3601 2848 3674; x_wconf 87' lang='lat' dir='ltr'><strong>Lege,</strong></span> <span class='ocrx_word' id='word_1_763' title='bbox 2891 3608 2951 3674; x_wconf 76' lang='lat' dir='ltr'><strong>u_t</strong></span> <span class='ocrx_word' id='word_1_764' title='bbox 2980 3601 3034 3655; x_wconf 92' lang='lat' dir='ltr'><strong>in</strong></span> <span class='ocrx_word' id='word_1_765' title='bbox 3068 3601 3272 3674; x_wconf 79' lang='lat' dir='ltr'><strong>Regula</strong></span> <span class='ocrx_word' id='word_1_766' title='bbox 3302 3617 3403 3656; x_wconf 87' lang='lat' dir='ltr'><strong>ms.</strong></span> <span class='ocrx_word' id='word_1_767' title='bbox 3444 3601 3551 3674; x_wconf 75' lang='lat' dir='ltr'><strong>Ma~</strong></span> 
     </span>
    </p>
   </div>
   <div class='ocr_carea' id='block_1_102' title="bbox 1968 3670 3549 3743">
    <p class='ocr_par' dir='ltr' id='par_1_102' title="bbox 1968 3670 3549 3743">
     <span class='ocr_line' id='line_1_103' title="bbox 1968 3670 3549 3743; baseline 0 -18"><span class='ocrx_word' id='word_1_768' title='bbox 1968 3670 2125 3741; x_wconf 83' lang='lat' dir='ltr'><strong>gistri</strong></span> <span class='ocrx_word' id='word_1_769' title='bbox 2152 3670 2169 3727; x_wconf 77' lang='grc' dir='ltr'><strong><em>ἑ</em></strong></span> <span class='ocrx_word' id='word_1_770' title='bbox 2194 3672 2295 3743; x_wconf 79' lang='lat' dir='ltr'><strong>De</strong></span> <span class='ocrx_word' id='word_1_771' title='bbox 2326 3674 2441 3742; x_wconf 88' lang='lat' dir='ltr'><strong>ipsa</strong></span> <span class='ocrx_word' id='word_1_772' title='bbox 2470 3670 2864 3743; x_wconf 73' lang='lat' dir='ltr'><strong>suppuratione.</strong></span> <span class='ocrx_word' id='word_1_773' title='bbox 2916 3670 3242 3740; x_wconf 78' lang='lat' dir='ltr'><strong>Suppuratio</strong></span> <span class='ocrx_word' id='word_1_774' title='bbox 3281 3681 3365 3725; x_wconf 89' lang='lat' dir='ltr'><strong>est</strong></span> <span class='ocrx_word' id='word_1_775' title='bbox 3399 3672 3549 3743; x_wconf 85' lang='lat' dir='ltr'><strong>puris</strong></span> 
     </span>
    </p>
   </div>
   <div class='ocr_carea' id='block_1_103' title="bbox 1969 3741 3547 3824">
    <p class='ocr_par' dir='ltr' id='par_1_103' title="bbox 1969 3741 3547 3824">
     <span class='ocr_line' id='line_1_104' title="bbox 1969 3741 3547 3824; baseline -0.001 -28"><span class='ocrx_word' id='word_1_776' title='bbox 1969 3757 2064 3796; x_wconf 90' lang='lat' dir='ltr'><strong>seu</strong></span> <span class='ocrx_word' id='word_1_777' title='bbox 2087 3742 2260 3824; x_wconf 73' lang='lat' dir='ltr'><strong>saniei</strong></span> <span class='ocrx_word' id='word_1_778' title='bbox 2289 3741 2588 3813; x_wconf 70' lang='lat' dir='ltr'><strong>expressio.</strong></span> <span class='ocrx_word' id='word_1_779' title='bbox 2631 3741 2943 3811; x_wconf 89' lang='lat' dir='ltr'><strong>Suppurare</strong></span> <span class='ocrx_word' id='word_1_780' title='bbox 2969 3750 3053 3796; x_wconf 87' lang='lat' dir='ltr'><strong>est</strong></span> <span class='ocrx_word' id='word_1_781' title='bbox 3083 3757 3183 3811; x_wconf 90' lang='lat' dir='ltr'><strong>pus</strong></span> <span class='ocrx_word' id='word_1_782' title='bbox 3215 3757 3310 3796; x_wconf 91' lang='lat' dir='ltr'><strong>seu</strong></span> <span class='ocrx_word' id='word_1_783' title='bbox 3339 3742 3547 3796; x_wconf 88' lang='lat' dir='ltr'><strong>saniem</strong></span> 
     </span>
    </p>
   </div>
   <div class='ocr_carea' id='block_1_104' title="bbox 1968 3826 2293 3868">
    <p class='ocr_par' dir='ltr' id='par_1_104' title="bbox 1968 3826 2293 3868">
     <span class='ocr_line' id='line_1_105' title="bbox 1968 3826 2293 3868; baseline 0 -2"><span class='ocrx_word' id='word_1_784' title='bbox 1968 3826 2293 3868; x_wconf 81' lang='lat' dir='ltr'><strong>exnnmere.</strong></span> 
     </span>
    </p>
   </div>
   <div class='ocr_carea' id='block_1_105' title="bbox 2039 3828 3548 3950">
    <p class='ocr_par' dir='ltr' id='par_1_105' title="bbox 2039 3828 3548 3950">
     <span class='ocr_line' id='line_1_106' title="bbox 2039 3828 3548 3950; baseline 0 -15"><span class='ocrx_word' id='word_1_785' title='bbox 2039 3828 2293 3937; x_wconf 45' lang='lat' dir='ltr'><strong>gnEmte&#39;s‘E.</strong></span> <span class='ocrx_word' id='word_1_786' title='bbox 2313 3881 2533 3936; x_wconf 85' lang='lat' dir='ltr'><strong>senserit</strong></span> <span class='ocrx_word' id='word_1_787' title='bbox 2568 3880 2756 3936; x_wconf 71' lang='lat' dir='ltr'><strong>exinde</strong></span> <span class='ocrx_word' id='word_1_788' title='bbox 2792 3881 3058 3950; x_wconf 84' lang='lat' dir='ltr'><strong>ﬂuctuari.</strong></span> <span class='ocrx_word' id='word_1_789' title='bbox 3122 3880 3259 3935; x_wconf 87' lang='lat' dir='ltr'><strong>Nota</strong></span> <span class='ocrx_word' id='word_1_790' title='bbox 3281 3897 3376 3937; x_wconf 87' lang='lat' dir='ltr'><strong>eas</strong></span> <span class='ocrx_word' id='word_1_791' title='bbox 3404 3881 3548 3938; x_wconf 87' lang='lat' dir='ltr'><strong>solas</strong></span> 
     </span>
    </p>
   </div>
   <div class='ocr_carea' id='block_1_106' title="bbox 1969 3952 3546 4023">
    <p class='ocr_par' dir='ltr' id='par_1_106' title="bbox 1969 3952 3546 4023">
     <span class='ocr_line' id='line_1_107' title="bbox 1969 3952 3546 4023; baseline -0.001 -16"><span class='ocrx_word' id='word_1_792' title='bbox 1969 3952 2328 4023; x_wconf 87' lang='lat' dir='ltr'><strong>cogitationes</strong></span> <span class='ocrx_word' id='word_1_793' title='bbox 2354 3952 2561 4023; x_wconf 87' lang='lat' dir='ltr'><strong>malas,</strong></span> <span class='ocrx_word' id='word_1_794' title='bbox 2614 3966 2743 4023; x_wconf 51' lang='lat' dir='ltr'><strong>qua:</strong></span> <span class='ocrx_word' id='word_1_795' title='bbox 2767 3959 3231 4023; x_wconf 80' lang='lat' dir='ltr'><strong>nospremuntac</strong></span> <span class='ocrx_word' id='word_1_796' title='bbox 3258 3959 3450 4023; x_wconf 87' lang='lat' dir='ltr'><strong>urgent</strong></span> <span class='ocrx_word' id='word_1_797' title='bbox 3478 3952 3546 4007; x_wconf 85' lang='lat' dir='ltr'><strong>ad</strong></span> 
     </span>
    </p>
   </div>
   <div class='ocr_carea' id='block_1_107' title="bbox 1969 4021 3547 4092">
    <p class='ocr_par' dir='ltr' id='par_1_107' title="bbox 1969 4021 3547 4092">
     <span class='ocr_line' id='line_1_108' title="bbox 1969 4021 3547 4092; baseline 0.002 -16"><span class='ocrx_word' id='word_1_798' title='bbox 1969 4021 2292 4078; x_wconf 88' lang='lat' dir='ltr'><strong>consensum</strong></span> <span class='ocrx_word' id='word_1_799' title='bbox 2318 4022 2529 4092; x_wconf 89' lang='lat' dir='ltr'><strong>peccati</strong></span> <span class='ocrx_word' id='word_1_800' title='bbox 2552 4036 2672 4075; x_wconf 89' lang='lat' dir='ltr'><strong>esse</strong></span> <span class='ocrx_word' id='word_1_801' title='bbox 2698 4021 3262 4092; x_wconf 82' lang='lat' dir='ltr'><strong>abbaliretegendas;</strong></span> <span class='ocrx_word' id='word_1_802' title='bbox 3286 4021 3547 4079; x_wconf 79' lang='lat' dir='ltr'><strong>nonvero</strong></span> 
     </span>
    </p>
   </div>
   <div class='ocr_carea' id='block_1_108' title="bbox 1970 4091 3072 4161">
    <p class='ocr_par' dir='ltr' id='par_1_108' title="bbox 1970 4091 3072 4161">
     <span class='ocr_line' id='line_1_109' title="bbox 1970 4091 3072 4161; baseline -0.001 -16"><span class='ocrx_word' id='word_1_803' title='bbox 1970 4105 2065 4161; x_wconf 87' lang='lat' dir='ltr'><strong>eas</strong></span> <span class='ocrx_word' id='word_1_804' title='bbox 2087 4107 2209 4161; x_wconf 68' lang='lat' dir='ltr'><strong>quae</strong></span> <span class='ocrx_word' id='word_1_805' title='bbox 2233 4091 2396 4148; x_wconf 89' lang='lat' dir='ltr'><strong>simul</strong></span> <span class='ocrx_word' id='word_1_806' title='bbox 2424 4108 2488 4148; x_wconf 88' lang='lat' dir='ltr'><strong>ac</strong></span> <span class='ocrx_word' id='word_1_807' title='bbox 2517 4099 2659 4161; x_wconf 66' lang='lat' dir='ltr'><strong>natae</strong></span> <span class='ocrx_word' id='word_1_808' title='bbox 2678 4099 2825 4161; x_wconf 74' lang='lat' dir='ltr'><strong>sunt,</strong></span> <span class='ocrx_word' id='word_1_809' title='bbox 2854 4091 3072 4145; x_wconf 89' lang='lat' dir='ltr'><strong>abeunt.</strong></span> 
     </span>
    </p>
   </div>
   <div class='ocr_carea' id='block_1_109' title="bbox 2045 4159 3546 4239">
    <p class='ocr_par' dir='ltr' id='par_1_109' title="bbox 2045 4159 3546 4239">
     <span class='ocr_line' id='line_1_110' title="bbox 2045 4159 3546 4239; baseline 0.005 -28"><span class='ocrx_word' id='word_1_810' title='bbox 2045 4160 2058 4211; x_wconf 89' lang='lat' dir='ltr'><strong>i</strong></span> <span class='ocrx_word' id='word_1_811' title='bbox 2104 4159 2150 4239; x_wconf 67' lang='grc' dir='ltr'><strong><em>ᾉ</em></strong></span> <span class='ocrx_word' id='word_1_812' title='bbox 2197 4162 2455 4239; x_wconf 75' lang='lat' dir='ltr'><strong>susceptis</strong></span> <span class='ocrx_word' id='word_1_813' title='bbox 2489 4160 2619 4217; x_wconf 85' lang='lat' dir='ltr'><strong>suis.</strong></span> <span class='ocrx_word' id='word_1_814' title='bbox 2671 4159 2916 4231; x_wconf 88' lang='lat' dir='ltr'><strong>Suscepti</strong></span> <span class='ocrx_word' id='word_1_815' title='bbox 2962 4169 3090 4216; x_wconf 90' lang='lat' dir='ltr'><strong>sunt</strong></span> <span class='ocrx_word' id='word_1_816' title='bbox 3119 4163 3371 4219; x_wconf 85' lang='lat' dir='ltr'><strong>monachi</strong></span> <span class='ocrx_word' id='word_1_817' title='bbox 3406 4165 3546 4239; x_wconf 80' lang='lat' dir='ltr'><strong>apud</strong></span> 
     </span>
    </p>
   </div>
   <div class='ocr_carea' id='block_1_110' title="bbox 1970 4230 3470 4302">
    <p class='ocr_par' dir='ltr' id='par_1_110' title="bbox 1970 4230 3470 4302">
     <span class='ocr_line' id='line_1_111' title="bbox 1970 4230 3470 4302; baseline -0.001 -14"><span class='ocrx_word' id='word_1_818' title='bbox 1970 4230 2288 4288; x_wconf 88' lang='lat' dir='ltr'><strong>Cassianum</strong></span> <span class='ocrx_word' id='word_1_819' title='bbox 2315 4230 2537 4302; x_wconf 83' lang='lat' dir='ltr'><strong>passim.</strong></span> <span class='ocrx_word' id='word_1_820' title='bbox 2842 4230 2855 4231; x_wconf 31' lang='grc' dir='ltr'>ί</span> <span class='ocrx_word' id='word_1_821' title='bbox 3440 4230 3470 4239; x_wconf 54' lang='grc'><strong>⁷</strong></span> 
     </span>
    </p>
   </div>
   <div class='ocr_carea' id='block_1_111' title="bbox 2040 4301 3318 4372">
    <p class='ocr_par' dir='ltr' id='par_1_111' title="bbox 2040 4301 3318 4372">
     <span class='ocr_line' id='line_1_112' title="bbox 2040 4301 3318 4372; baseline -0.001 -15"><span class='ocrx_word' id='word_1_822' title='bbox 2040 4302 2069 4372; x_wconf 56' lang='grc' dir='ltr'><em>ιε</em></span> <span class='ocrx_word' id='word_1_823' title='bbox 2106 4303 2278 4357; x_wconf 80' lang='lat' dir='ltr'><strong>Ausus</strong></span> <span class='ocrx_word' id='word_1_824' title='bbox 2304 4301 2491 4372; x_wconf 75' lang='lat' dir='ltr'><strong>inagis.</strong></span> <span class='ocrx_word' id='word_1_825' title='bbox 2525 4303 2581 4359; x_wconf 89' lang='lat' dir='ltr'><strong>Id</strong></span> <span class='ocrx_word' id='word_1_826' title='bbox 2601 4311 2703 4367; x_wconf 88' lang='lat' dir='ltr'><strong>est,</strong></span> <span class='ocrx_word' id='word_1_827' title='bbox 2729 4303 2988 4372; x_wconf 86' lang='lat' dir='ltr'><strong>majorem</strong></span> <span class='ocrx_word' id='word_1_828' title='bbox 3015 4301 3318 4371; x_wconf 77' lang='lat' dir='ltr'><strong>audaciam.</strong></span> 
     </span>
    </p>
   </div>
   <div class='ocr_carea' id='block_1_112' title="bbox 2050 4371 3558 4454">
    <p class='ocr_par' dir='ltr' id='par_1_112' title="bbox 2050 4371 3558 4454">
     <span class='ocr_line' id='line_1_113' title="bbox 2050 4371 3558 4454; baseline -0.001 -27"><span class='ocrx_word' id='word_1_829' title='bbox 2050 4371 2069 4454; x_wconf 61' lang='grc' dir='ltr'><strong>ξ</strong></span> <span class='ocrx_word' id='word_1_830' title='bbox 2112 4372 2349 4454; x_wconf 81' lang='lat' dir='ltr'><strong>Quis._ln</strong></span> <span class='ocrx_word' id='word_1_831' title='bbox 2388 4371 2539 4428; x_wconf 79' lang='lat' dir='ltr'><strong>textu</strong></span> <span class='ocrx_word' id='word_1_832' title='bbox 2564 4372 2770 4454; x_wconf 53' lang='lat' dir='ltr'><strong>Grmco,</strong></span> <span class='ocrx_word' id='word_1_833' title='bbox 2797 4371 3090 4450; x_wconf 66' lang='grc' dir='ltr'><strong>ἄνθρωπος,</strong></span> <span class='ocrx_word' id='word_1_834' title='bbox 3132 4373 3187 4426; x_wconf 90' lang='lat' dir='ltr'><strong>id</strong></span> <span class='ocrx_word' id='word_1_835' title='bbox 3221 4380 3324 4437; x_wconf 81' lang='lat' dir='ltr'><strong>est;</strong></span> <span class='ocrx_word' id='word_1_836' title='bbox 3358 4372 3558 4435; x_wconf 64' lang='lat' dir='ltr'><strong>homo,</strong></span> 
     </span>
    </p>
   </div>
   <div class='ocr_carea' id='block_1_113' title="bbox 1970 4444 2707 4498">
    <p class='ocr_par' dir='ltr' id='par_1_113' title="bbox 1970 4444 2707 4498">
     <span class='ocr_line' id='line_1_114' title="bbox 1970 4444 2707 4498; baseline 0.003 -2"><span class='ocrx_word' id='word_1_837' title='bbox 1970 4450 2032 4496; x_wconf 90' lang='lat' dir='ltr'><strong>ut</strong></span> <span class='ocrx_word' id='word_1_838' title='bbox 2056 4444 2111 4497; x_wconf 90' lang='lat' dir='ltr'><strong>in</strong></span> <span class='ocrx_word' id='word_1_839' title='bbox 2138 4444 2391 4497; x_wconf 88' lang='lat' dir='ltr'><strong>versione</strong></span> <span class='ocrx_word' id='word_1_840' title='bbox 2414 4444 2707 4498; x_wconf 89' lang='lat' dir='ltr'><strong>communi.</strong></span> 
     </span>
    </p>
   </div>
   <div class='ocr_carea' id='block_1_114' title="bbox 1895 4509 3381 4583">
    <p class='ocr_par' dir='ltr' id='par_1_114' title="bbox 1895 4509 3381 4583">
     <span class='ocr_line' id='line_1_115' title="bbox 1895 4509 3381 4583; baseline -0.005 -14"><span class='ocrx_word' id='word_1_841' title='bbox 1895 4509 1947 4569; x_wconf 91' lang='lat' dir='ltr'><strong>D</strong></span> <span class='ocrx_word' id='word_1_842' title='bbox 2043 4525 2083 4552; x_wconf 79' lang='grc' dir='ltr'>ω</span> <span class='ocrx_word' id='word_1_843' title='bbox 2109 4510 2390 4583; x_wconf 67' lang='lat' dir='ltr'><strong>corripite.</strong></span> <span class='ocrx_word' id='word_1_844' title='bbox 2427 4512 2484 4566; x_wconf 85' lang='lat' dir='ltr'><strong>In</strong></span> <span class='ocrx_word' id='word_1_845' title='bbox 2509 4515 2759 4583; x_wconf 78' lang='lat' dir='ltr'><strong>versione</strong></span> <span class='ocrx_word' id='word_1_846' title='bbox 2787 4512 3083 4575; x_wconf 88' lang='lat' dir='ltr'><strong>communi,</strong></span> <span class='ocrx_word' id='word_1_847' title='bbox 3113 4511 3381 4583; x_wconf 62' lang='lat' dir='ltr'><strong>instruita.</strong></span> 
     </span>
    </p>
   </div>
   <div class='ocr_carea' id='block_1_115' title="bbox 2044 4578 3540 4643">
    <p class='ocr_par' dir='ltr' id='par_1_115' title="bbox 2044 4578 3540 4643">
     <span class='ocr_line' id='line_1_116' title="bbox 2044 4578 3540 4643; baseline -0.001 -9"><span class='ocrx_word' id='word_1_848' title='bbox 2044 4592 2072 4620; x_wconf 83' lang='grc' dir='ltr'>ιι</span> <span class='ocrx_word' id='word_1_849' title='bbox 2113 4578 2556 4636; x_wconf 72' lang='grc' dir='ltr'><strong>Μαηείιειιιάίηὶε.</strong></span> <span class='ocrx_word' id='word_1_850' title='bbox 2601 4582 2657 4637; x_wconf 83' lang='lat' dir='ltr'><strong>In</strong></span> <span class='ocrx_word' id='word_1_851' title='bbox 2685 4584 2938 4638; x_wconf 89' lang='lat' dir='ltr'><strong>versione</strong></span> <span class='ocrx_word' id='word_1_852' title='bbox 2961 4580 3261 4643; x_wconf 86' lang='lat' dir='ltr'><strong>communi,</strong></span> <span class='ocrx_word' id='word_1_853' title='bbox 3290 4578 3540 4634; x_wconf 79' lang='lat' dir='ltr'><strong>lenitatis.</strong></span> 
     </span>
    </p>
   </div>
   <div class='ocr_carea' id='block_1_116' title="bbox 2044 4649 3553 4723">
    <p class='ocr_par' dir='ltr' id='par_1_116' title="bbox 2044 4649 3553 4723">
     <span class='ocr_line' id='line_1_117' title="bbox 2044 4649 3553 4723; baseline -0.002 -19"><span class='ocrx_word' id='word_1_854' title='bbox 2044 4659 2070 4687; x_wconf 84' lang='grc' dir='ltr'><strong>ο</strong></span> <span class='ocrx_word' id='word_1_855' title='bbox 2105 4649 2465 4723; x_wconf 63' lang='lat' dir='ltr'><strong>Consolamini</strong></span> <span class='ocrx_word' id='word_1_856' title='bbox 2515 4652 2900 4723; x_wconf 86' lang='lat' dir='ltr'><strong>pusillanimes.</strong></span> <span class='ocrx_word' id='word_1_857' title='bbox 2974 4651 3101 4706; x_wconf 65' lang='lat' dir='ltr'><strong>llazc</strong></span> <span class='ocrx_word' id='word_1_858' title='bbox 3139 4649 3303 4706; x_wconf 86' lang='lat' dir='ltr'><strong>verba</strong></span> <span class='ocrx_word' id='word_1_859' title='bbox 3359 4649 3553 4705; x_wconf 68' lang='lat' dir='ltr'><strong>addita.</strong></span> 
     </span>
    </p>
   </div>
   <div class='ocr_carea' id='block_1_117' title="bbox 1969 4719 2450 4790">
    <p class='ocr_par' dir='ltr' id='par_1_117' title="bbox 1969 4719 2450 4790">
     <span class='ocr_line' id='line_1_118' title="bbox 1969 4719 2450 4790; baseline -0.006 -14"><span class='ocrx_word' id='word_1_860' title='bbox 1969 4729 2097 4776; x_wconf 89' lang='lat' dir='ltr'><strong>sunt</strong></span> <span class='ocrx_word' id='word_1_861' title='bbox 2116 4735 2151 4790; x_wconf 55' lang='grc' dir='ltr'><strong>ρ</strong></span> <span class='ocrx_word' id='word_1_862' title='bbox 2176 4719 2450 4790; x_wconf 86' lang='lat' dir='ltr'><strong>Magistro.</strong></span> 
     </span>
    </p>
   </div>
   <div class='ocr_carea' id='block_1_118' title="bbox 2044 4788 3545 4858">
    <p class='ocr_par' dir='ltr' id='par_1_118' title="bbox 2044 4788 3545 4858">
     <span class='ocr_line' id='line_1_119' title="bbox 2044 4788 3545 4858; baseline 0.004 -19"><span class='ocrx_word' id='word_1_863' title='bbox 2044 4801 2071 4839; x_wconf 72' lang='grc' dir='ltr'><strong>ι»</strong></span> <span class='ocrx_word' id='word_1_864' title='bbox 2110 4788 2187 4843; x_wconf 83' lang='lat' dir='ltr'><strong>Tu</strong></span> <span class='ocrx_word' id='word_1_865' title='bbox 2207 4788 2298 4858; x_wconf 79' lang='lat' dir='ltr'><strong>qui</strong></span> <span class='ocrx_word' id='word_1_866' title='bbox 2320 4799 2452 4853; x_wconf 86' lang='lat' dir='ltr'><strong>stas,</strong></span> <span class='ocrx_word' id='word_1_867' title='bbox 2478 4797 2583 4845; x_wconf 90' lang='lat' dir='ltr'><strong>etc.</strong></span> <span class='ocrx_word' id='word_1_868' title='bbox 2616 4790 2643 4844; x_wconf 39' lang='lat' dir='ltr'><strong>l.</strong></span> <span class='ocrx_word' id='word_1_869' title='bbox 2661 4789 2787 4846; x_wconf 90' lang='lat' dir='ltr'><strong>Cor.</strong></span> <span class='ocrx_word' id='word_1_870' title='bbox 2817 4808 2852 4845; x_wconf 73' lang='grc' dir='ltr'>χ</span> <span class='ocrx_word' id='word_1_871' title='bbox 2882 4791 2937 4844; x_wconf 89' lang='lat' dir='ltr'><strong>in</strong></span> <span class='ocrx_word' id='word_1_872' title='bbox 2962 4791 3210 4846; x_wconf 89' lang='lat' dir='ltr'><strong>versione</strong></span> <span class='ocrx_word' id='word_1_873' title='bbox 3235 4789 3545 4847; x_wconf 74' lang='lat' dir='ltr'><strong>communi:</strong></span> 
     </span>
    </p>
   </div>
   <div class='ocr_carea' id='block_1_119' title="bbox 1967 4858 3542 4986">
    <p class='ocr_par' dir='ltr' id='par_1_119' title="bbox 1967 4858 3542 4986">
     <span class='ocr_line' id='line_1_120' title="bbox 1967 4858 3542 4986; baseline 0 -72"><span class='ocrx_word' id='word_1_874' title='bbox 1967 4859 2073 4986; x_wconf 68' lang='lat' dir='ltr'><strong>gui</strong></span> <span class='ocrx_word' id='word_1_875' title='bbox 2097 4876 2151 4914; x_wconf 88' lang='lat' dir='ltr'><strong>se</strong></span> <span class='ocrx_word' id='word_1_876' title='bbox 2178 4859 2437 4914; x_wconf 73' lang='lat' dir='ltr'><strong>existimat</strong></span> <span class='ocrx_word' id='word_1_877' title='bbox 2464 4869 2626 4927; x_wconf 85' lang='lat' dir='ltr'><strong>stare,</strong></span> <span class='ocrx_word' id='word_1_878' title='bbox 2672 4861 2842 4917; x_wconf 79' lang='lat' dir='ltr'><strong>videat</strong></span> <span class='ocrx_word' id='word_1_879' title='bbox 2886 4877 2949 4914; x_wconf 77' lang='lat' dir='ltr'><strong>ne</strong></span> <span class='ocrx_word' id='word_1_880' title='bbox 2981 4860 3157 4914; x_wconf 85' lang='lat' dir='ltr'><strong>cadat.</strong></span> <span class='ocrx_word' id='word_1_881' title='bbox 3192 4858 3263 4915; x_wconf 88' lang='lat' dir='ltr'><strong>Ut</strong></span> <span class='ocrx_word' id='word_1_882' title='bbox 3303 4858 3358 4913; x_wconf 89' lang='lat' dir='ltr'><strong>in</strong></span> <span class='ocrx_word' id='word_1_883' title='bbox 3390 4865 3542 4914; x_wconf 78' lang='lat' dir='ltr'><strong>textu</strong></span> 
     </span>
     <span class='ocr_line' id='line_1_121' title="bbox 2017 4944 2176 4985; baseline -0.019 0"><span class='ocrx_word' id='word_1_884' title='bbox 2017 4944 2176 4985; x_wconf 72' lang='lat' dir='ltr'><strong>rauco.</strong></span> 
     </span>
    </p>
   </div>
   <div class='ocr_carea' id='block_1_120' title="bbox 2017 4944 2176 4985">
    <p class='ocr_par' dir='ltr' id='par_1_120' title="bbox 2017 4944 2176 4985">
     <span class='ocr_line' id='line_1_122' title="bbox 2017 4944 2176 4985; baseline -0.019 0"><span class='ocrx_word' id='word_1_885' title='bbox 2017 4944 2176 4985; x_wconf 72' lang='lat' dir='ltr'><strong>rauco.</strong></span> 
     </span>
    </p>
   </div>
   <div class='ocr_carea' id='block_1_121' title="bbox 2039 4997 3032 5071">
    <p class='ocr_par' dir='ltr' id='par_1_121' title="bbox 2039 4997 3032 5071">
     <span class='ocr_line' id='line_1_123' title="bbox 2039 4997 3032 5071; baseline 0.005 -22"><span class='ocrx_word' id='word_1_886' title='bbox 2039 5011 2067 5049; x_wconf 74' lang='grc' dir='ltr'><strong>ιι</strong></span> <span class='ocrx_word' id='word_1_887' title='bbox 2108 4997 2455 5071; x_wconf 65' lang='lat' dir='ltr'><strong>{’mnitentire.</strong></span> <span class='ocrx_word' id='word_1_888' title='bbox 2488 4999 2644 5071; x_wconf 82' lang='lat' dir='ltr'><strong>Leg.,</strong></span> <span class='ocrx_word' id='word_1_889' title='bbox 2674 5000 2938 5071; x_wconf 65' lang='lat' dir='ltr'><strong>potentiae,</strong></span> <span class='ocrx_word' id='word_1_890' title='bbox 2962 5007 3032 5071; x_wconf 87' lang='lat' dir='ltr'><strong>ut</strong></span> 
     </span>
    </p>
   </div>
   <div class='ocr_carea' id='block_1_122' title="bbox 2045 5067 3077 5139">
    <p class='ocr_par' dir='ltr' id='par_1_122' title="bbox 2045 5067 3077 5139">
     <span class='ocr_line' id='line_1_124' title="bbox 2045 5067 3077 5139; baseline 0 -15"><span class='ocrx_word' id='word_1_891' title='bbox 2045 5080 2068 5139; x_wconf 60' lang='grc' dir='ltr'><strong>ι’</strong></span> <span class='ocrx_word' id='word_1_892' title='bbox 2108 5067 2337 5139; x_wconf 84' lang='lat' dir='ltr'><strong>Surgens</strong></span> <span class='ocrx_word' id='word_1_893' title='bbox 2364 5069 2544 5139; x_wconf 66' lang='lat' dir='ltr'><strong>abbas.</strong></span> <span class='ocrx_word' id='word_1_894' title='bbox 2570 5067 2683 5124; x_wconf 77' lang='lat' dir='ltr'><strong>Est</strong></span> <span class='ocrx_word' id='word_1_895' title='bbox 2710 5070 3077 5126; x_wconf 89' lang='lat' dir='ltr'><strong>nominativus</strong></span> 
     </span>
    </p>
   </div>
   <div class='ocr_carea' id='block_1_123' title="bbox 1971 5138 3094 5211">
    <p class='ocr_par' dir='ltr' id='par_1_123' title="bbox 1971 5138 3094 5211">
     <span class='ocr_line' id='line_1_125' title="bbox 1971 5138 3094 5211; baseline -0.002 -16"><span class='ocrx_word' id='word_1_896' title='bbox 1971 5138 2194 5211; x_wconf 67' lang='lat' dir='ltr'><strong>ablativi</strong></span> <span class='ocrx_word' id='word_1_897' title='bbox 2218 5138 2353 5194; x_wconf 86' lang='lat' dir='ltr'><strong>satis</strong></span> <span class='ocrx_word' id='word_1_898' title='bbox 2372 5138 2668 5211; x_wconf 65' lang='lat' dir='ltr'><strong>familiaris</strong></span> <span class='ocrx_word' id='word_1_899' title='bbox 2695 5139 2796 5210; x_wconf 86' lang='lat' dir='ltr'><strong>ipsi</strong></span> <span class='ocrx_word' id='word_1_900' title='bbox 2820 5140 3094 5211; x_wconf 69' lang='lat' dir='ltr'><strong>Magistro.</strong></span> 
     </span>
    </p>
   </div>
   <div class='ocr_carea' id='block_1_124' title="bbox 2044 5207 3539 5279">
    <p class='ocr_par' dir='ltr' id='par_1_124' title="bbox 2044 5207 3539 5279">
     <span class='ocr_line' id='line_1_126' title="bbox 2044 5207 3539 5279; baseline 0.002 -18"><span class='ocrx_word' id='word_1_901' title='bbox 2044 5222 2066 5248; x_wconf 72' lang='grc' dir='ltr'><strong>ς</strong></span> <span class='ocrx_word' id='word_1_902' title='bbox 2106 5207 2175 5261; x_wconf 86' lang='lat' dir='ltr'><strong>Et</strong></span> <span class='ocrx_word' id='word_1_903' title='bbox 2213 5207 2495 5279; x_wconf 59' lang='lat' dir='ltr'><strong>complens.</strong></span> <span class='ocrx_word' id='word_1_904' title='bbox 2543 5208 2599 5264; x_wconf 86' lang='lat' dir='ltr'><strong>Id</strong></span> <span class='ocrx_word' id='word_1_905' title='bbox 2626 5207 2737 5274; x_wconf 69' lang='lat' dir='ltr'><strong>est,</strong></span> <span class='ocrx_word' id='word_1_906' title='bbox 2770 5207 3084 5276; x_wconf 75' lang='lat' dir='ltr'><strong>collectam,</strong></span> <span class='ocrx_word' id='word_1_907' title='bbox 3116 5223 3210 5264; x_wconf 88' lang='lat' dir='ltr'><strong>seu</strong></span> <span class='ocrx_word' id='word_1_908' title='bbox 3234 5211 3539 5265; x_wconf 86' lang='lat' dir='ltr'><strong>orationem</strong></span> 
     </span>
    </p>
   </div>
   <div class='ocr_carea' id='block_1_125' title="bbox 1974 5277 3538 5348">
    <p class='ocr_par' dir='ltr' id='par_1_125' title="bbox 1974 5277 3538 5348">
     <span class='ocr_line' id='line_1_127' title="bbox 1974 5277 3538 5348; baseline 0 -15"><span class='ocrx_word' id='word_1_909' title='bbox 1974 5279 2185 5348; x_wconf 65' lang='lat' dir='ltr'><strong>dicens,</strong></span> <span class='ocrx_word' id='word_1_910' title='bbox 2210 5277 2592 5348; x_wconf 72' lang='lat' dir='ltr'><strong>utlbquimur,</strong></span> <span class='ocrx_word' id='word_1_911' title='bbox 2622 5294 2714 5335; x_wconf 90' lang='lat' dir='ltr'><strong>seu</strong></span> <span class='ocrx_word' id='word_1_912' title='bbox 2737 5278 3080 5335; x_wconf 88' lang='lat' dir='ltr'><strong>concludens.</strong></span> <span class='ocrx_word' id='word_1_913' title='bbox 3109 5279 3188 5334; x_wconf 85' lang='lat' dir='ltr'><strong>Ita</strong></span> <span class='ocrx_word' id='word_1_914' title='bbox 3226 5279 3456 5335; x_wconf 87' lang='lat' dir='ltr'><strong>habetur</strong></span> <span class='ocrx_word' id='word_1_915' title='bbox 3484 5279 3538 5333; x_wconf 93' lang='lat' dir='ltr'><strong>in</strong></span> 
     </span>
    </p>
   </div>
   <div class='ocr_carea' id='block_1_126' title="bbox 1974 5346 3557 5422">
    <p class='ocr_par' dir='ltr' id='par_1_126' title="bbox 1974 5346 3557 5422">
     <span class='ocr_line' id='line_1_128' title="bbox 1974 5346 3557 5422; baseline -0.002 -19"><span class='ocrx_word' id='word_1_916' title='bbox 1974 5349 2132 5418; x_wconf 88' lang='lat' dir='ltr'><strong>epist.</strong></span> <span class='ocrx_word' id='word_1_917' title='bbox 2164 5346 2223 5402; x_wconf 90' lang='lat' dir='ltr'><strong>S.</strong></span> <span class='ocrx_word' id='word_1_918' title='bbox 2253 5346 2542 5422; x_wconf 79' lang='lat' dir='ltr'><strong>Epiphanii</strong></span> <span class='ocrx_word' id='word_1_919' title='bbox 2571 5349 2641 5403; x_wconf 88' lang='lat' dir='ltr'><strong>ad</strong></span> <span class='ocrx_word' id='word_1_920' title='bbox 2666 5348 2828 5422; x_wconf 79' lang='lat' dir='ltr'><strong>_Joan.</strong></span> <span class='ocrx_word' id='word_1_921' title='bbox 2864 5348 3217 5422; x_wconf 81' lang='lat' dir='ltr'><strong>Hierosolym.</strong></span> <span class='ocrx_word' id='word_1_922' title='bbox 3256 5368 3295 5422; x_wconf 14' lang='lat' dir='ltr'><strong>Ac</strong></span> <span class='ocrx_word' id='word_1_923' title='bbox 3313 5348 3557 5417; x_wconf 87' lang='lat' dir='ltr'><strong>Quando.</strong></span> 
     </span>
    </p>
   </div>
   <div class='ocr_carea' id='block_1_127' title="bbox 1968 5417 3542 5491">
    <p class='ocr_par' dir='ltr' id='par_1_127' title="bbox 1968 5417 3542 5491">
     <span class='ocr_line' id='line_1_129' title="bbox 1968 5417 3542 5491; baseline 0.003 -20"><span class='ocrx_word' id='word_1_924' title='bbox 1968 5417 2149 5491; x_wconf 85' lang='lat' dir='ltr'><strong>autem</strong></span> <span class='ocrx_word' id='word_1_925' title='bbox 2185 5417 2515 5491; x_wconf 58' lang='lat' dir='ltr'><strong>complentes</strong></span> <span class='ocrx_word' id='word_1_926' title='bbox 2540 5419 2867 5491; x_wconf 17' lang='lat' dir='ltr'><strong>orationemg</strong></span> <span class='ocrx_word' id='word_1_927' title='bbox 2883 5417 3180 5491; x_wconf 60' lang='lat' dir='ltr'><strong>secundum</strong></span> <span class='ocrx_word' id='word_1_928' title='bbox 3219 5420 3383 5475; x_wconf 87' lang='lat' dir='ltr'><strong>ritum</strong></span> <span class='ocrx_word' id='word_1_929' title='bbox 3423 5434 3542 5491; x_wconf 66' lang='lat' dir='ltr'><strong>inv-</strong></span> 
     </span>
    </p>
   </div>
   <div class='ocr_carea' id='block_1_128' title="bbox 1970 5487 3534 5560">
    <p class='ocr_par' dir='ltr' id='par_1_128' title="bbox 1970 5487 3534 5560">
     <span class='ocr_line' id='line_1_130' title="bbox 1970 5487 3534 5560; baseline 0.001 -18"><span class='ocrx_word' id='word_1_930' title='bbox 1970 5488 2341 5560; x_wconf 61' lang='lat' dir='ltr'><strong>steriorum.g_</strong></span> <span class='ocrx_word' id='word_1_931' title='bbox 2373 5487 2492 5541; x_wconf 88' lang='lat' dir='ltr'><strong>Lib.</strong></span> <span class='ocrx_word' id='word_1_932' title='bbox 2540 5503 2600 5541; x_wconf 83' lang='grc' dir='ltr'>ιιι</span> <span class='ocrx_word' id='word_1_933' title='bbox 2650 5488 2785 5543; x_wconf 83' lang='lat' dir='ltr'><strong>Dial.</strong></span> <span class='ocrx_word' id='word_1_934' title='bbox 2836 5488 3206 5560; x_wconf 19' lang='lat' dir='ltr'><strong>S.»Gregorii,</strong></span> <span class='ocrx_word' id='word_1_935' title='bbox 3260 5504 3379 5559; x_wconf 88' lang='lat' dir='ltr'><strong>cap.</strong></span> <span class='ocrx_word' id='word_1_936' title='bbox 3415 5487 3534 5560; x_wconf 74' lang='lat' dir='ltr'><strong>i7:</strong></span> 
     </span>
    </p>
   </div>
   <div class='ocr_carea' id='block_1_129' title="bbox 1974 5556 3547 5629">
    <p class='ocr_par' dir='ltr' id='par_1_129' title="bbox 1974 5556 3547 5629">
     <span class='ocr_line' id='line_1_131' title="bbox 1974 5556 3547 5629; baseline 0.003 -18"><span class='ocrx_word' id='word_1_937' title='bbox 1974 5575 1999 5629; x_wconf 62' lang='grc' dir='ltr'><strong>ς</strong></span> <span class='ocrx_word' id='word_1_938' title='bbox 2022 5557 2265 5629; x_wconf 80' lang='lat' dir='ltr'><strong>Cumque</strong></span> <span class='ocrx_word' id='word_1_939' title='bbox 2291 5556 2382 5610; x_wconf 80' lang='lat' dir='ltr'><strong>diu</strong></span> <span class='ocrx_word' id='word_1_940' title='bbox 2419 5565 2668 5629; x_wconf 72' lang='lat' dir='ltr'><strong>grassent</strong></span> <span class='ocrx_word' id='word_1_941' title='bbox 2692 5600 2708 5624; x_wconf 90' lang='lat'><strong>,</strong></span> <span class='ocrx_word' id='word_1_942' title='bbox 2757 5558 3031 5629; x_wconf 87' lang='lat' dir='ltr'><strong>complere</strong></span> <span class='ocrx_word' id='word_1_943' title='bbox 3054 5556 3370 5629; x_wconf 61' lang='lat' dir='ltr'><strong>orationem</strong></span> <span class='ocrx_word' id='word_1_944' title='bbox 3397 5559 3547 5628; x_wconf 47' lang='lat' dir='ltr'><strong>Qua:</strong></span> 
     </span>
    </p>
   </div>
   <div class='ocr_carea' id='block_1_130' title="bbox 1969 5625 3539 5696">
    <p class='ocr_par' dir='ltr' id='par_1_130' title="bbox 1969 5625 3539 5696">
     <span class='ocr_line' id='line_1_132' title="bbox 1969 5625 3539 5696; baseline 0.001 -14"><span class='ocrx_word' id='word_1_945' title='bbox 1969 5626 2332 5696; x_wconf 87' lang='lat' dir='ltr'><strong>dragesimum</strong></span> <span class='ocrx_word' id='word_1_946' title='bbox 2367 5625 2752 5682; x_wconf 86' lang='lat' dir='ltr'><strong>subdiaconum</strong></span> <span class='ocrx_word' id='word_1_947' title='bbox 2792 5625 2982 5684; x_wconf 72' lang='lat' dir='ltr'><strong>servus</strong></span> <span class='ocrx_word' id='word_1_948' title='bbox 3014 5628 3109 5684; x_wconf 88' lang='lat' dir='ltr'><strong>Dei</strong></span> <span class='ocrx_word' id='word_1_949' title='bbox 3145 5627 3314 5696; x_wconf 86' lang='lat' dir='ltr'><strong>jubet.</strong></span> <span class='ocrx_word' id='word_1_950' title='bbox 3347 5648 3367 5682; x_wconf 86' lang='grc'><strong>›</strong></span> <span class='ocrx_word' id='word_1_951' title='bbox 3420 5625 3539 5684; x_wconf 75' lang='lat' dir='ltr'><strong>Ru-</strong></span> 
     </span>
    </p>
   </div>
   <div class='ocr_carea' id='block_1_131' title="bbox 1970 5696 3539 5769">
    <p class='ocr_par' dir='ltr' id='par_1_131' title="bbox 1970 5696 3539 5769">
     <span class='ocr_line' id='line_1_133' title="bbox 1970 5696 3539 5769; baseline 0.003 -19"><span class='ocrx_word' id='word_1_952' title='bbox 1970 5697 2110 5767; x_wconf 90' lang='lat' dir='ltr'><strong>perti</strong></span> <span class='ocrx_word' id='word_1_953' title='bbox 2137 5696 2254 5769; x_wconf 90' lang='lat' dir='ltr'><strong>__lib.</strong></span> <span class='ocrx_word' id='word_1_954' title='bbox 2298 5711 2314 5749; x_wconf 87' lang='grc' dir='ltr'><strong>ι</strong></span> <span class='ocrx_word' id='word_1_955' title='bbox 2360 5697 2427 5750; x_wconf 91' lang='lat' dir='ltr'><strong>de</strong></span> <span class='ocrx_word' id='word_1_956' title='bbox 2450 5696 2666 5769; x_wconf 75' lang='lat' dir='ltr'><strong>Divinis</strong></span> <span class='ocrx_word' id='word_1_957' title='bbox 2689 5698 2911 5769; x_wconf 87' lang='lat' dir='ltr'><strong>Olliciis,</strong></span> <span class='ocrx_word' id='word_1_958' title='bbox 2953 5713 3069 5769; x_wconf 86' lang='lat' dir='ltr'><strong>cap.</strong></span> <span class='ocrx_word' id='word_1_959' title='bbox 3097 5699 3199 5754; x_wconf 84' lang='lat' dir='ltr'><strong>l9:</strong></span> <span class='ocrx_word' id='word_1_960' title='bbox 3237 5717 3256 5750; x_wconf 71' lang='grc' dir='ltr'>ι</span> <span class='ocrx_word' id='word_1_961' title='bbox 3285 5698 3539 5754; x_wconf 66' lang='lat' dir='ltr'><strong>Collectm</strong></span> 
     </span>
    </p>
   </div>
   <div class='ocr_carea' id='block_1_132' title="bbox 1973 5766 3531 5839">
    <p class='ocr_par' dir='ltr' id='par_1_132' title="bbox 1973 5766 3531 5839">
     <span class='ocr_line' id='line_1_134' title="bbox 1973 5766 3531 5839; baseline 0.004 -20"><span class='ocrx_word' id='word_1_962' title='bbox 1973 5766 2091 5837; x_wconf 63' lang='lat' dir='ltr'><strong>Quae</strong></span> <span class='ocrx_word' id='word_1_963' title='bbox 2120 5766 2373 5823; x_wconf 83' lang='lat' dir='ltr'><strong>dicuntur</strong></span> <span class='ocrx_word' id='word_1_964' title='bbox 2396 5767 2465 5822; x_wconf 86' lang='lat' dir='ltr'><strong>ad</strong></span> <span class='ocrx_word' id='word_1_965' title='bbox 2493 5767 2897 5839; x_wconf 83' lang='lat' dir='ltr'><strong>complendum,</strong></span> <span class='ocrx_word' id='word_1_966' title='bbox 2919 5766 3188 5827; x_wconf 79' lang='lat' dir='ltr'><strong>orationes</strong></span> <span class='ocrx_word' id='word_1_967' title='bbox 3213 5770 3448 5826; x_wconf 84' lang='lat' dir='ltr'><strong>sedentis</strong></span> <span class='ocrx_word' id='word_1_968' title='bbox 3474 5770 3531 5825; x_wconf 74' lang='lat' dir='ltr'><strong>in</strong></span> 
     </span>
    </p>
   </div>
   <div class='ocr_carea' id='block_1_133' title="bbox 3211 4998 3396 5055">
    <p class='ocr_par' dir='ltr' id='par_1_133' title="bbox 3211 4998 3396 5055">
     <span class='ocr_line' id='line_1_135' title="bbox 3211 4998 3396 5055; baseline 0 -3"><span class='ocrx_word' id='word_1_969' title='bbox 3211 4998 3261 5053; x_wconf 90' lang='lat' dir='ltr'><strong>la</strong></span> <span class='ocrx_word' id='word_1_970' title='bbox 3292 5013 3396 5055; x_wconf 90' lang='lat' dir='ltr'><strong>ms.</strong></span> 
     </span>
    </p>
   </div>
   <div class='ocr_carea' id='block_1_134' title="bbox 3186 5068 3541 5126">
    <p class='ocr_par' dir='ltr' id='par_1_134' title="bbox 3186 5068 3541 5126">
     <span class='ocr_line' id='line_1_136' title="bbox 3186 5068 3541 5126; baseline 0.006 -2"><span class='ocrx_word' id='word_1_971' title='bbox 3186 5068 3394 5125; x_wconf 87' lang='lat' dir='ltr'><strong>solutus</strong></span> <span class='ocrx_word' id='word_1_972' title='bbox 3422 5068 3541 5126; x_wconf 91' lang='lat' dir='ltr'><strong>loco</strong></span> 
     </span>
    </p>
   </div>
  </div>
