3958 6198
442 325 543 392 851
844 326 887 341 ’”

1436 329 1495 384 8.
1537 322 1903 384 BENEDICTI
1939 320 2233 380 ABBATIS
2269 324 2680 381 ANIANENSIS

3582 329 3707 387 852

444 445 683 510 ciebant,
705 455 731 485 ι
755 439 1269 511 νερτοὺεηάειηιλει
1295 444 1507 492 retento
1532 439 1673 509 apud
1699 454 1757 493 se
1786 438 1877 493 illo
1903 437 2005 492 solt

2121 437 2316 492 nentize
2334 437 2665 493 cruciatione
2688 437 2865 495 nullus
2886 447 3091 510 pereat,
3110 441 3205 496 sed
3224 457 3413 498 omnes
3432 445 3700 511 evadant;

444 535 615 589 fratre
634 532 726 603 qui
754 530 898 586 malo
920 527 1265 600 c0gitationis
1289 526 1517 592 laborat,
1539 528 1780 598 proferat
1805 527 2021 582 codices

443 632 498 679 et
521 626 780 679 adversus
809 618 1187 675 necessitatem
1212 618 1452 673 vulneris
1482 615 1597 686 ejus
1623 618 1815 674 similis
1839 617 2018 672 divina

444 712 709 768 medicina
733 709 961 780 legatur.
998 706 1131 762 Nam
1161 716 1217 763 et
1240 723 1337 778 per
1359 709 1476 763 dies
1497 706 1692 778 quibus
1716 706 1831 776 ipse
1851 704 2022 759 frater

445 807 809 871 interrogatus
851 798 921 855 ab
962 798 1156 854 abbate
1183 839 1197 864 ,
1247 800 1292 853 si
1341 798 1480 853 forte
1522 797 1862 868 responderit
1909 812 2017 852 non

444 893 723 955 transisse,
753 892 860 946 illis
889 890 1060 956 horis,
1090 889 1288 960 quibus
1314 890 1592 960 continget
1618 888 1722 960 legi
1767 889 1882 944 sive
1920 898 2019 959 per

440 986 677 1041 hiemem
708 985 821 1039 sive
854 998 953 1054 per
976 990 1219 1038 aestatem
1238 1022 1253 1048 ,
1279 982 1307 1021 δ
1330 982 1647 1052 pumitentia
1678 982 1923 1037 codicum
1949 982 2017 1038 ad

440 1078 613 1148 ipsam
661 1076 1007 1149 cogitationis
1051 1074 1433 1130 necessitatem
1480 1072 1730 1143 legantur
1757 1084 1778 1111 ε
1806 1073 1860 1128 in
1898 1073 2015 1143 ipsa

438 1168 665 1233 decada,
693 1169 760 1223 de
787 1181 893 1236 qua
923 1172 1007 1222 est
1035 1163 1205 1219 frater
1228 1182 1243 1217 :
1283 1164 1433 1218 verbi
1463 1162 1635 1234 gratia
1655 1202 1672 1228 ,
1714 1163 1759 1218 si
1787 1164 2019 1219 suaserit

441 1257 872 1322 fornicationem,
904 1255 1116 1324 legatur
1143 1254 1217 1309 illi
1248 1270 1313 1308 ex
1342 1253 1570 1309 diversis
1598 1253 1896 1319 codicibus,
1924 1254 2015 1309 ubi

439 1349 750 1404 castitatem
779 1346 953 1414 diligit
985 1345 1148 1400 Deus.
1203 1343 1259 1399 Si
1282 1342 1306 1383 α
1332 1344 1663 1399 mentionem
1692 1344 1883 1399 suadet
1909 1344 2017 1400 fre.

440 1446 689 1507 quenter,
716 1436 927 1505 legatur
950 1450 1017 1490 ex
1045 1432 1294 1499 diversis,
1321 1433 1412 1488 ubi
1441 1432 1685 1503 praecipit
1707 1433 2011 1488 veritatem.

441 1528 497 1583 Si
520 1528 845 1585 desiderium
866 1527 1104 1597 aliquod,
1127 1526 1337 1599 legatur
1358 1525 1459 1593 illi,
1480 1525 1572 1581 ubi
1593 1528 1696 1583 hoc
1720 1526 2014 1597 temporale

439 1619 683 1690 praecipit
709 1618 854 1674 Deus
880 1616 1173 1685 contemni,
1203 1626 1259 1673 et
1283 1625 1486 1677 aeterna
1515 1617 1685 1687 quaeri
1710 1607 1769 1674 et
1788 1631 2011 1690 regnum

336 1702 343 1707 ’
436 1712 720 1793 caelorum.
773 1709 923 1767 Unde
957 1715 1171 1780 oportet
1212 1708 1466 1763 abbatem
1510 1705 1738 1762 multum
1782 1722 1903 1763 esse
1945 1708 2013 1763 de

2120 534 2180 580 ut
2205 526 2259 580 in
2289 525 2575 582 aﬂlictione
2600 529 2841 583 omnium
2876 531 3069 585 divina:
3106 532 3496 590 misericordia:
3524 549 3702 592 reme-

2119 614 2268 669 dium
2290 625 2558 686 speretur,
2574 617 2999 687 utapostolicum
3015 620 3350 690 compleatur
3368 633 3703 694 praeceptum

2118 706 2339 783 dicens:
2383 707 2614 763 Invicem
2656 726 2817 765 onera
2854 719 3079 781 portate,
3125 721 3175 767 et
3220 714 3296 767 sic
3341 713 3703 785 witnplebitis

2118 795 2278 868 legem
2306 798 2503 854 Christi
2532 798 2675 872 (Gal.
2700 800 2797 873 vr).
2850 800 2989 857 Nam
3027 810 3083 857 et
3116 802 3286 858 frater
3313 802 3613 860 mittendus
3646 806 3701 859 in

2118 888 2204 942 via
2234 903 2265 941 a
2295 891 2601 959 praepositis
2628 892 2742 947 suis
2767 892 2928 948 debet
2952 893 3182 958 moneri,
3209 901 3270 947 ut
3298 894 3449 948 omni
3480 894 3614 949 hora
3645 896 3701 950 in

2117 980 2312 1048 quovis
2342 980 2460 1036 loco
2486 981 2557 1036 sit
2584 982 2847 1039 sollicitus
2876 982 3137 1039 adversus
3160 984 3433 1040 diabolum
3452 1027 3469 1052 ,
3508 987 3601 1058 qui
3640 987 3698 1045 in

2118 1070 2204 1124 via
2236 1085 2418 1126 secum
2449 1087 2547 1128 nos
2577 1073 2692 1127 vult
2723 1075 2940 1129 trahere
2968 1075 3021 1128 in
3050 1075 3352 1147 gehennam
3377 1094 3391 1129 :
3432 1092 3557 1131 cum
3587 1092 3700 1132 non

2115 1159 2320 1229 patitur
2347 1161 2484 1217 bene
2518 1163 2727 1233 agendo
2764 1163 2821 1219 in
2860 1164 3015 1221 ccelis
3048 1166 3342 1223 ascendere
3379 1168 3696 1235 hominem,

2115 1252 2258 1325 unde
2292 1269 2390 1324 per
2417 1257 2443 1294 ε
2463 1256 2772 1326 superbiam
2799 1272 3021 1314 causam
3048 1257 3288 1328 iactatus
3309 1270 3415 1316 est.
3458 1262 3698 1333 Ideoque

2115 1342 2274 1396 debet
2306 1357 2499 1399 servus
2521 1343 2726 1402 Christi
2772 1347 2828 1402 in
2874 1348 3068 1418 quovis
3112 1348 3232 1405 loco
3280 1357 3335 1406 et
3380 1352 3551 1407 etiam
3576 1352 3699 1407 sine

2113 1432 2401 1500 prmsentia
2428 1431 2650 1503 Maioris
2675 1444 2867 1494 cautus
2893 1439 3213 1504 consistere,
3240 1448 3298 1497 et
3319 1441 3612 1513 diligenter
3636 1458 3697 1499 se

2115 1530 2226 1576 tam
2265 1539 2297 1577 a
2338 1524 2495 1580 malis
2518 1524 2702 1595 factis,
2750 1542 2914 1598 quam
2965 1544 2997 1584 a
3041 1530 3227 1600 pravis
3273 1531 3697 1603 cogitationibus

2111 1610 2423 1667 observare.
2478 1614 2545 1669 Et
2585 1614 2691 1673 hoc
2734 1615 2896 1672 debet
2935 1615 3107 1674 frater
3131 1619 3375 1686 moneri,
3425 1629 3520 1684 ut,
3566 1636 3695 1676 cum

2113 1703 2372 1774 cngitatio
2400 1704 2581 1776 aliqua
2612 1707 2662 1763 ei
2693 1709 2920 1765 adversa
2946 1709 3256 1775 advenerit,
3302 1726 3430 1767 mox
3474 1698 3605 1769 lixis.
3639 1715 3694 1768 in

437 1789 554 1873 lege
579 1812 603 1841 ε
624 1807 910 1865 structum,
932 1804 1106 1853 utaut
1132 1797 1451 1854 testimoniis
1475 1796 1655 1852 omnia
1680 1797 1893 1863 doceat,
1916 1803 2012 1850 aut
2038 1789 2084 1849 B
2114 1806 2260 1854 terra
2284 1815 2410 1856 cum
2434 1803 2646 1859 cervice
2670 1804 2916 1875 genibus,
2940 1804 3026 1860 vel
3053 1804 3209 1877 signo
3230 1808 3411 1862 crucis
3435 1806 3491 1861 in
3516 1806 3696 1863 fronte

434 1891 760 1961 pertinentia
787 1891 857 1945 ad
880 1888 1058 1945 locum
1089 1888 1313 1958 legenda
1340 1886 1640 1957 consignet.
1672 1884 1860 1942 Nonne
1883 1900 2014 1959 ergo

437 1997 561 2039 cum
607 1981 702 2037 tali
746 1979 909 2035 fuerit
952 1986 1188 2048 aegrotus
1227 1975 1458 2033 refertus
1494 1990 1659 2032 succo
1695 1975 2011 2046 discipulus,

437 2088 543 2130 non
575 2074 751 2131 solum
778 2072 1036 2144 pristinas
1065 2071 1258 2141 recipit
1282 2072 1461 2137 vires,
1503 2070 1598 2127 sed
1626 2076 1684 2126 et
1714 2085 1884 2127 novas
1912 2071 2012 2126 ad-

436 2172 625 2222 versus
664 2162 938 2218 inimicum
978 2162 1241 2232 acquirit;
1298 2169 1355 2217 et
1400 2160 1745 2218 adversarius
1788 2161 2009 2231 perdet,

435 2256 579 2327 quod
609 2256 723 2326 ipse
753 2261 1040 2325 putaverat
1064 2252 1387 2325 possidere?
1428 2251 1583 2309 Unde
1607 2251 1715 2308 alio
1740 2252 1827 2307 die
1854 2266 2014 2307 mane

435 2348 796 2415 interrogetur
826 2343 895 2399 ab
921 2343 1118 2400 abbate
1152 2343 1268 2414 ipse
1306 2340 1619 2414 discipulus,
1663 2341 1710 2398 si
1755 2342 2013 2412 cogitatio

435 2435 651 2493 inimica
688 2434 951 2500 cessavit,
993 2441 1087 2489 aut
1123 2449 1252 2489 non.
1299 2432 1452 2500 Quod
1480 2432 1527 2488 si
1556 2430 1882 2502 respondeat
1904 2445 2011 2486 non

431 2544 694 2592 cessasse.
741 2535 1139 2600 superponatur
1161 2524 1427 2598 jejunium
1452 2526 1522 2581 ab
1547 2524 1821 2587 omnibus.
1858 2522 2012 2590 Quod

433 2616 630 2671 iterum
675 2615 723 2671 si
771 2615 878 2670 alio
923 2614 1010 2671 die
1055 2614 1482 2683 reinterrogatus
1520 2611 1862 2682 responderit
1900 2625 2010 2666 non

433 2705 694 2762 transisse
738 2704 1109 2761 reﬂeientibus
1135 2704 1387 2760 omnibus
1409 2702 1630 2769 mensis,
1658 2701 2012 2758 subtrahatur
2036 2770 2046 2779 .

430 2799 634 2853 vinum.
665 2795 686 2836 τ
710 2795 848 2853 Nam
888 2796 932 2851 si
974 2796 1132 2851 tertia
1156 2832 1173 2861 ,
1221 2794 1365 2867 quod
1409 2793 1588 2857 absit,
1632 2790 1744 2861 jam
1775 2792 2010 2848 dictione

425 2876 732 2956 iudicemur
757 2887 983 2944 modica:
1011 2886 1134 2941 lidei
1149 2926 1164 2950 ,
1205 2899 1274 2940 ne
1298 2885 1580 2941 videamur
1609 2883 1762 2940 tarde
1787 2883 2010 2940 credere

2113 1891 2348 1967 depictq,
2377 1893 2630 1964 precibus
2655 1894 2816 1951 debet
2847 1896 2914 1951 ad
2951 1895 3237 1951 Dominum
3268 1897 3587 1961 convolare.
3635 1907 3698 1954 ut

2113 1981 2364 2053 dignetur
2413 1998 2541 2040 suos
2592 1985 2794 2042 milites
2842 2001 2874 2041 a
2921 1985 3137 2045 diabolo
3183 1986 3497 2045 defendere.
3551 1989 3691 2057 Quia

2110 2072 2242 2128 vitia
2266 2074 2370 2130 nisi
2407 2075 2773 2146 reprimantur
2800 2092 2923 2133 cum
2952 2092 3116 2147 parva
3145 2086 3296 2144 sunt,
3331 2094 3455 2135 cum
3490 2094 3688 2151 magna

2113 2161 2253 2219 fiunt
2290 2180 2399 2220 non
2429 2165 2792 2238 stringuntur.
2840 2166 2908 2222 Et
2946 2182 3071 2224 cum
3096 2169 3331 2240 cogitata
3360 2169 3505 2224 mala
3535 2168 3697 2225 factis

2111 2253 2422 2325 implentur,
2470 2255 2538 2312 de
2582 2255 2825 2327 perfecto
2868 2266 3096 2328 peccato
3138 2257 3380 2329 perfecta
3415 2275 3566 2316 mors
3598 2275 3693 2316 ac-

2110 2344 2365 2414 quiritur.

2294 2478 2323 2553 δ
2354 2477 2446 2534 ιχ.
2477 2510 2547 2520 -
2578 2477 2659 2536 Ex
2697 2480 2919 2537 iiscum
2955 2496 3220 2539 εωυεωι
3261 2482 3401 2555 (cap.
3428 2482 3508 2553 6).

2179 2608 2462 2667 Confessio
2497 2626 2659 2683 quam
2702 2611 2894 2668 crebra
2943 2619 3001 2668 et
3047 2613 3228 2685 sagaci
3257 2629 3390 2669 cura
3412 2614 3487 2669 sit
3511 2613 3691 2670 danda

2108 2700 2398 2755 multorum
2418 2701 2641 2757 Patrum
2657 2701 2813 2773 juxta
2841 2703 3231 2775 scripturarum
3254 2703 3453 2760 seriem
3474 2704 3693 2760 traditio

2108 2791 2517 2848 demonstravit.
2570 2789 2756 2848 Danda
2785 2807 2916 2864 ergo
2941 2792 3211 2850 confessio
3244 2808 3461 2865 semper
3486 2803 3594 2860 est,
3633 2803 3693 2851 ut

2107 2890 2539 2939 veterascentem
2566 2884 2765 2939 mentis
2792 2891 3011 2949 statum,
3043 2886 3071 2926 δ
3094 2892 3150 2940 et
3166 2893 3517 2956 peccatorum
3541 2894 3691 2943 tene-

432 2971 525 3033 Dei
555 2992 714 3048 posse
749 2976 905 3033 nobis
943 2976 1203 3031 auxilium
1239 2975 1561 3040 subvenire;
1595 2982 1856 3043 praeterea
1882 2989 2007 3029 eum
2105 2975 2221 3032 bris
2242 2973 2852 3046 quotidianisillecebris
2877 2973 3370 3040 fuscatum,rudem
3397 2976 3687 3041 custodiat,

431 3068 669 3124 sciamus
694 3083 819 3123 eum
848 3083 970 3124 esse
997 3068 1159 3123 nimis
1186 3066 1620 3131 misericordem,
1654 3065 1739 3121 vel
1774 3066 1923 3137 pium
1948 3073 2006 3122 et
2049 3137 2059 3138 ί
2108 3066 2248 3123 sicut
2283 3066 2563 3138 Scriptura
2603 3067 2788 3123 docuit
2822 3068 3042 3124 dicens:
3095 3063 3251 3121 Omni
3276 3067 3517 3123 custodia
3540 3072 3690 3124 serra

432 3159 502 3214 ad
530 3158 891 3229 praestandum
924 3164 1171 3228 paratum
1190 3198 1206 3221 ,
1251 3158 1379 3227 quia
1405 3172 1512 3211 non
1539 3154 1879 3211 obliviscitur
1903 3156 2005 3211 mi-
2032 3137 2076 3199 C
2109 3168 2256 3212 tuum
2297 3137 2413 3223 cor,
2453 3159 2579 3229 quia
2599 3173 2665 3213 ea:
2692 3158 2804 3229 ipso
2841 3159 2946 3212 vita
2968 3157 3199 3229 procedit
3226 3153 3410 3228 (Prov.
3437 3157 3538 3228 tv).
3596 3156 3690 3213 Sic

431 3248 601 3303 severi
620 3247 782 3313 Deus,
798 3262 898 3304 nec
920 3246 1217 3304 continebit
1241 3248 1294 3302 in
1318 3247 1398 3302 ira
1421 3247 1823 3303 misericordias
1841 3262 2003 3303 suas:
2106 3249 2303 3319 quippe”
2318 3248 2507 3304 beatus
2521 3246 2688 3304 David
2716 3248 2922 3303 orando
2948 3249 3160 3303 dicebat
3185 3265 3199 3302 :
3234 3247 3495 3301 Delictnm
3518 3265 3688 3303 meum

430 3353 579 3410 ergo,
610 3339 753 3409 quod
784 3353 949 3409 supra
976 3338 1235 3405 diximus,
1266 3338 1311 3395 si
1340 3338 1500 3394 tertio
1526 3338 1612 3393 die
1642 3338 2008 3409 interrogatus
2107 3342 2371 3412 cognitum
2401 3340 2494 3395 tibi
2523 3341 2647 3411 feci,
2696 3350 2745 3394 et
2776 3341 2793 3381 ί
2827 3339 3117 3411 injustitias
3162 3356 3306 3394 meas
3344 3356 3452 3395 non
3483 3341 3685 3411 operai.

432 3429 768 3501 responderit
795 3445 902 3486 non
939 3429 1229 3496 transisse,
1274 3429 1403 3485 item
1431 3428 1608 3485 oleum
1646 3429 1847 3484 mensis
1879 3429 2008 3484 sub-
2106 3431 2253 3497 Dixi,
2284 3430 2581 3502 Conﬁtebor
2602 3431 2878 3485 adcersum
2915 3448 2996 3485 me
3033 3431 3347 3502 injustitiam
3383 3447 3555 3485 meam
3580 3431 3690 3487 Do-

428 3522 678 3577 trahatur
712 3536 853 3611 cunL
874 3520 1041 3576 vino:
1086 3528 1145 3575 ut
1183 3520 1477 3575 multorum
1518 3519 1704 3573 labore
1727 3518 1810 3573 vel
1840 3519 2008 3574 absti-
2107 3524 2248 3610 ruina
2286 3533 2334 3579 et
2382 3534 2439 3577 tu
2486 3521 2770 3578 remisistii
2809 3523 3125 3592 impietatem
3148 3521 3321 3575 cordis
3365 3520 3470 3575 mei
3511 3519 3687 3592 (Psal.

429 3651 566 3706 c0310
614 3650 810 3718 capitis
864 3650 1034 3704 nostri
1081 3648 1207 3705 Jesu
1249 3649 1446 3705 Christi
1492 3649 1727 3721 signant.
1761 3669 1779 3701 ι
1822 3649 2005 3706 Abbas

426 3730 610 3776 autem
657 3721 746 3791 hic
782 3722 1019 3791 complvt
1055 3721 1354 3775 orationem
1384 3738 1397 3773 :
1430 3718 1564 3791 quia
1592 3718 1721 3791 olim
1750 3721 1852 3791 hoc
1887 3728 2006 3775 erat

430 3807 624 3846 munus
666 3789 817 3859 ejus,
867 3789 955 3860 qui
1001 3791 1210 3845 cmtcris
1248 3789 1650 3860 przeemluebat.
1711 3790 2006 3860 Walfridus

430 3862 678 3926 Strabus,
696 3856 806 3916 'lib.
835 3856 902 3915 de
928 3856 1110 3915 Rebus
1127 3856 1545 3925 Ecclesiasticis,
1577 3874 1699 3929 cap.
1724 3859 1826 3914 2‘2:
1863 3880 1881 3911 ς
1905 3859 2005 3915 So-

424 3931 608 3986 lebant
630 3932 775 3987 enim
823 3945 930 3985 non
972 3931 1146 3985 solum
1195 3931 1335 3985 inter
1364 3930 1534 3986 ollicia
1571 3929 1778 3993 missae,
1816 3946 2003 3985 verum

430 4002 596 4056 etiam
622 4002 674 4056 in
707 4001 828 4055 aliis
869 4001 1204 4055 orationibus
1228 4040 1243 4064 ,
1289 4000 1643 4056 conventibus
1673 4009 1727 4055 et
1765 4001 2003 4055 collocu-

425 4072 702 4134 tionibus,
750 4069 843 4138 qui
891 4071 1102 4124 caeteris
1141 4071 1365 4124 aderant
1409 4069 1822 4134 eminentiores,
1849 4070 2000 4124 brevi

423 4140 670 4194 oratione
694 4152 831 4209 opus
854 4140 1194 4203 concludere,
1224 4141 1367 4209 quod
1396 4148 1451 4195 et
1479 4140 1532 4194 in
1564 4147 1873 4209 sanctorum
1903 4139 2004 4193 l‘a-

429 4219 574 4264 trum
603 4207 865 4278 exemplis
890 4207 1270 4277 agnoscimus,
1302 4210 1429 4263 dum
1459 4210 1550 4263 alii
1581 4208 1715 4263 alios
1737 4209 2000 4264 honorifi-

428 4279 621 4361 centia:
644 4292 809 4333 causa
834 4279 1110 4361 orationes
1132 4279 1385 4350 colligere
1400 4279 1816 4403 gostulabant._i
1848 4279 2000 4346 Quod

428 4357 563 4403 satis
604 4356 752 4403 natet
799 4363 865 4403 ex
908 4358 1074 4403 eitato
1113 4356 1259 4403 textu
1308 4349 1367 4403 8.
1450 4363 1667 4403 reaoru.
1695 4350 1787 4403 ubi
1818 4366 2000 4403 mona-

426 4351 563 4405 satis
604 4356 752 4419 patet
799 4363 865 4404 ex
908 4350 1074 4404 citato
1113 4348 1280 4419 textu
1308 4349 1367 4403 8.
1400 4348 1667 4419 Gregorii,
1695 4349 1787 4404 ubi
1818 4366 2002 4404 mona-

425 4421 563 4475 chus
588 4418 1068 4488 Quadragesimum
1098 4418 1484 4474 subdiaconum
1505 4418 1658 4489 jubet
1679 4420 1999 4475 concludere

2177 3665 2201 3692 ι
2244 3651 2665 3722 (lepra/tendant.
2695 3651 2751 3706 ιιι
2782 3660 2888 3714 est,
2918 3667 3107 3722 rursus
3128 3651 3362 3722 capiant.

2177 3723 2205 3764 ιι
2244 3719 2556 3777 Prém'tentia
2580 3722 2835 3777 codicum.
2863 3723 3004 3792 Lege
3030 3736 3044 3774 :
3074 3719 3398 3776 Pertinentia
3419 3721 3684 3792 codicum.

2102 3791 2182 3848 ita
2207 3793 2258 3848 in
2294 3793 2495 3861 Regula
2520 3808 2621 3864 ms.
2654 3792 2788 3864 Mag.
2813 3802 2869 3849 et
2897 3790 3135 3847 in'conc-
3171 3806 3273 3846 ms.
3316 3790 3477 3846 Vind.
3504 3792 3683 3853 idest,

2102 3865 2439 3934 pertinentes
2467 3863 2700 3934 codices.

2177 3944 2199 3972 ο
2242 3932 2310 3988 In
2338 3934 2450 4003 ipsa
2477 3933 2696 3987 decada.
2716 4001 2723 4003 ξ
2745 3932 3110 4003 Decada,_seu
3149 3932 3470 4003 dems,_aut
3497 3930 3685 3987 Griecc

2101 4002 2253 4073 δεκὰς
2283 4001 2366 4059 est
2403 4003 2625 4058 decania
2645 4041 2659 4067 ,
2696 4001 2935 4057 decuria.
2978 4001 3184 4057 Glossa:
3216 4001 3440 4073 Cyrilli:
3474 4004 3683 4063 Δεκὰςό

2102 4070 2327 4136 duravi“,
2360 4074 2600 4128 decuria.

2171 4143 2197 4183 ἀ
2239 4142 2579 4198 Mentionem.
2611 4141 2669 4196 Id
2712 4148 2818 4207 est,
2857 4140 3217 4197 Mendacium.
3262 4139 3471 4196 Glossze
3500 4140 3684 4195 Philo-

2101 4214 2225 4269 xeni
2255 4231 2267 4266 :
2299 4213 2519 4275 Mentio,
2549 4215 2829 4282 ἁνάμγῃσις
2852 4216 2935 4267 καὶ
2959 4212 3192 4282 ψεῦσμα,
3214 4211 3269 4282 id
3294 4220 3395 4274 est,
3431 4212 3684 4266 recorda-

2101 4285 2177 4339 tio
2204 4293 2258 4339 et
2285 4282 2646 4337 mendacium.
2692 4281 2831 4336 Hinc
2862 4281 3178 4344 mentiosus,
3209 4281 3261 4335 id
3285 4289 3389 4343 est,
3422 4282 3674 4335 mendax.

2100 4353 2211 4408 Lex
2249 4352 2497 4407 Alaman.
2528 4352 2611 4405 tit.
2640 4351 2730 4415 «il,
2760 4351 2795 4404 l.
2828 4353 2853 4406 l
2885 4371 2897 4407 :
2931 4371 2949 4403 ‹
2982 4352 3083 4419 Qui
3110 4366 3209 4405 nec
3230 4352 3551 4413 meutiosus,
3580 4367 3682 4406 nec

2139 4423 2488 4478 rrevaricatm'
2514 4460 2530 4483 .
2583 4437 2685 4476 nec
2722 4437 3008 4477 munerum
3044 4430 3298 4490 acceptor
3338 4421 3430 4475 sit.
3461 4440 3501 4473 »κ
3523 4421 3677 4490 Apud

426 4469 760 4563 magna;
774 4469 1490 4563 wretmia'eailzaana
1505 4469 1776 4563 esse;
1789 4469 1997 4563 ’ἔνῖιῖιξιῖ
2023 4469 2075 4529 ἶ)
2102 4469 3008 4563 βὸᾘῑύᾜίἷῖὶῐάηὶξνὲὸὲῖιεῖῗὶιῖὶᾶἱξ
3044 4469 3153 4546 “alii
3174 4469 3429 4545 nam;
3441 4469 3476 4554 ,5
3509 4469 3676 4562 13,2;

422 4562 680 4685 grumam
720 4562 924 4615 nostris
949 4569 1224 4628 utcunque
1267 4559 1496 4623 similes,
1525 4566 1586 4613 ut
1612 4560 1795 4614 videre
1826 4569 1911 4614 est
1941 4561 1994 4614 in

478 4646 545 4685 eo
568 4632 734 4685 citato
784 4630 843 4684 S.
878 4629 1201 4685 Epiphanii:
1249 4647 1268 4681 ι
1296 4628 1521 4685 Ouaudo
1548 4639 1727 4683 autem
1762 4629 1994 4685 comnle—

478 4646 545 4687 eo
568 4632 734 4686 citato
784 4630 843 4684 S.
878 4629 1201 4700 Epiphanii:
1249 4647 1268 4681 ι
1296 4628 1521 4695 Quando
1548 4639 1727 4683 autem
1762 4629 1998 4699 comple-

424 4717 545 4757 mus
589 4701 889 4755 orationem
934 4701 1225 4755 secundum
1273 4700 1434 4753 ritum
1474 4700 1891 4768 mysteriorum,
1941 4708 1996 4755 et

421 4784 523 4840 pro
570 4770 855 4840 omnibus,
889 4778 945 4824 et
988 4784 1086 4838 pro
1117 4779 1172 4825 te
1218 4780 1431 4840 quoque
1460 4768 1689 4840 dicimus
1721 4786 1734 4822 :
1760 4768 1995 4840 _(.'ustodi

421 4838 686 4923 illunt_qtti
708 4838 964 4923 pradicet
1010 4840 1311 4923 ueritatem.
1329 4838 1424 4923 vel
1449 4839 1693 4923 certe
1716 4856 1737 4923 ε⁸
1757 4838 1834 4891 Tu
1858 4855 1996 4923 prte-

429 4922 533 4973 sta,
563 4908 825 4974 Domine,
875 4919 924 4964 et
958 4909 1199 4974 custodi,
1256 4918 1312 4963 ut
1358 4908 1447 4962 ille
1493 4908 1995 4977 prmdicctgrerbum

421 4983 673 5035 veritatis.
707 5000 725 5032 ι
757 4980 891 5035 Alia:
917 4979 1161 5043 minime,
1185 4979 1283 5034 sed
1304 4988 1463 5032 erant
1488 4975 1730 5046 quadam
1756 4975 1853 5048 Dei
1878 4977 1995 5048 glo-

424 5051 653 5106 rilicatio
675 5052 728 5105 in
752 5050 859 5106 fine
888 5049 1068 5111 cilicii.
1101 5059 1160 5103 ut
1183 5055 1395 5104 constat
1426 5063 1495 5102 ex
1531 5048 1790 5118 Dynamio
1822 5046 1997 5118 Patri-

422 5123 507 5174 cio
556 5122 609 5174 in
660 5122 783 5176 Vita
832 5121 890 5175 S.
946 5120 1163 5175 Maximi
1215 5119 1457 5173 Reicnsis
1502 5117 1775 5187 episcopi:
1810 5117 1992 5172 «Cum

419 5192 583 5261 igitur
612 5192 680 5246 ad
716 5192 883 5261 ipsius
904 5190 1046 5245 arcis
1067 5189 1391 5261 vestibulum
1417 5202 1678 5261 suspenso
1695 5202 1790 5261 me
1822 5188 1989 5256 gradu

418 5257 620 5316 εῖιιιιυιί
643 5302 658 5326 ,
686 5257 848 5332 afque
883 5261 993 5316 illic
1020 5260 1365 5332 beatissimos
1393 5257 1664 5332 apostolos
1695 5257 1916 5332 Petrum
1937 5264 1993 5311 et

416 5332 722 5394 Andream,
762 5327 832 5387 ad
858 5331 1227 5399 eomplendam
1268 5344 1388 5383 cum
1426 5328 1659 5381 Maximo
1686 5327 1985 5381 orationem

419 5401 642 5455 alternis
671 5402 964 5456 honoribus
988 5416 1049 5455 se
1077 5400 1467 5467 praevenientcs
1494 5412 1593 5467 ego
1618 5406 1873 5468 peccator
1893 5411 1988 5450 au-

2098 4565 2405 4618 mentiosus.

2177 4645 2199 4672 °
2241 4632 2527 4687 Structum.
2572 4628 2649 4687 ita
2684 4632 2734 4687 in
2767 4629 2968 4701 Regula
3017 4645 3121 4685 ms.
3168 4629 3451 4700 Magistri,
3490 4630 3545 4685 id
3568 4638 3672 4693 est,

2101 4703 2422 4758 instructum
2452 4742 2467 4769 ,
2519 4712 2576 4758 ut
2618 4711 2976 4759 strumcntum
3006 4716 3104 4770 pro
3143 4701 3583 4765 instrumentum,
3610 4703 3678 4755 de

2098 4787 2207 4842 quo
2234 4788 2416 4841 supra.

2177 4842 2196 4914 ξ
2240 4842 2451 4914 Nam_s_i
2478 4844 2630 4914 tertia
2651 4883 2678 4914 ,.

2098 4910 2221 4983 gula
2250 4928 2349 4966 ms.
2394 4911 2634 4983 Magistri
2663 4910 2677 4967 ἐ

2098 4979 2204 5034 dici
2249 4998 2330 5044 ne,
2376 4979 2555 5044 recte;
2599 4990 2654 5036 et
2700 4980 2964 5043 subaudi,
3000 4979 3351 5046 interrogata:
3386 4980 3572 5047 fuerit.
3604 4979 3670 5035 Et

2097 5050 2223 5114 ista,
2261 5050 2400 5121 quod
2440 5052 2572 5105 absit
2590 5052 2706 5121 jam
2739 5049 2864 5113 dici,
2889 5050 3163 5121 usquead
3183 5049 3271 5121 illa
3296 5050 3503 5104 verba:
3536 5049 3669 5121 Ergo

2095 5120 2235 5190 quod
2248 5117 2422 5190 supra
2447 5117 2677 5175 diximus
2695 5162 2708 5185 ,
2753 5128 2877 5174 sunt
2905 5117 3303 5190 intercludcnda
3335 5117 3665 5190 parenthesi.

2172 5193 2198 5231 ε
2236 5186 2684 5260 Ρεέγειιρενιιῑιῑηι
2728 5205 2967 5260 causam.
3024 5186 3214 5260 Lege:
3266 5186 3372 5260 Per
3413 5187 3670 5260 superbae

2096 5275 2332 5313 causam.
2352 5256 2525 5313 ita'in
2555 5259 2761 5331 Regula
2784 5274 2886 5331 ms.
2922 5256 3161 5326 Magistri
3188 5265 3243 5331 et
3274 5256 3326 5331 in
3350 5256 3490 5331 cod.
3510 5258 3663 5313 Vind.

2743 4840 2847 4895 uod
2875 4839 3012 4894 absit
3038 4839 3153 4909 jam
3188 4838 3435 4893 dictione.
3480 4838 3539 4894 in
3568 4838 3675 4894 Re-

2767 4927 2851 4964 am
2892 4910 2937 4963 si
2973 4910 3157 4980 tertio,
3194 4912 3332 4980 quod
3362 4911 3534 4973 absit,
3554 4911 3670 4979 jam

2080 5344 2256 5399 causa
2288 5338 2371 5383 est
2399 5332 2577 5399 culpa,
2603 5325 2802 5399 reatus.
2841 5329 2916 5399 De
2936 5342 3043 5397 quo
3073 5325 3332 5399 vocabulo
3356 5325 3525 5382 infra.

2164 5401 2190 5440 h
2229 5398 2295 5451 Et
2315 5395 2666 5467 peccatorum.
2712 5397 2911 5468 Copula
2936 5395 2985 5451 et
3008 5395 3277 5451 translata
3309 5404 3445 5453 ante
3463 5400 3522 5455 τὸ
3541 5414 3669 5467 φαο-

416 5472 550 5525 divi.
587 5471 830 5540 Cumque
853 5470 1067 5526 tandem
1080 5466 1085 5467 ⁷
1088 5468 1203 5540 jugi
1230 5468 1502 5540 oblatione
1523 5466 1834 5535 compulsus
1860 5466 1988 5540 bea-
2089 5466 2325 5540 tidianis,
2346 5477 2599 5540 ponatur.

418 5542 505 5594 tus
548 5534 812 5597 Maximus
854 5556 950 5597 eos
997 5534 1201 5593 diutiu's
1243 5538 1463 5593 differre
1509 5552 1615 5592 non
1646 5534 1858 5605 posset,
1902 5534 1988 5590 his

415 5609 600 5663 verbis
634 5612 919 5680 complevit
943 5607 1177 5680 ofﬁcium
1204 5625 1218 5661 :
1260 5605 1340 5680 Sit
1366 5608 1536 5680 gloria
1572 5604 1671 5680 Dei
1700 5604 1986 5680 _bcncdicta

415 5680 472 5731 in
495 5676 818 5733 arternum—et
839 5678 1118 5741 in,sa:cula
1146 5676 1477 5732 sucularum.
1503 5676 1744 5745 Reliquis
1765 5690 1988 5743 respon-

415 5748 666 5808 dentibus
691 5764 704 5802 :
736 5749 917 5804 Amen.
947 5768 967 5799 ι
1475 5772 1481 5778 -

2169 5541 2185 5580 ί
2230 5534 2534 5608 Injtistitias
2556 5553 2698 5593 meas
2723 5552 2826 5592 non
2856 5536 3057 5607 operui.
3100 5536 3177 5591 Ita
3196 5536 3251 5591 in
3278 5534 3668 5593 Psalteriolto-

2092 5624 2554 5746 mainciinpietatem
2596 5677 2768 5733 cordis
2800 5678 2923 5731 mei.
2988 5672 3146 5730 Juxta
3182 5674 3507 5731 Psalterium
3558 5675 3665 5730 Ro-

2090 5764 2311 5804 manum
2336 5757 2392 5804 ut
2418 5747 2767 5819 Septuaginta
2800 5765 2814 5802 :
2866 5749 2958 5804 sui
2994 5751 3060 5803 σὺ
3090 5749 3278 5818 ἀφῆκας
3300 5747 3549 5803 ἀσέϐειαν
3574 5753 3661 5801 τὸς
