3958 6198
381 303 490 360 855

1337 295 1723 352 (ΣΟΝΟΟΒΟΙᾹ
1764 295 2218 352 REGULARL'M.
2263 326 2327 332 —
2368 297 2520 351 CAP.
2567 295 2672 349 XV.

3531 298 3636 352 851

380 419 557 486 xxxi).
615 428 638 455 ι
693 412 962 480 Quantum
1007 410 1146 464 valet
1174 426 1308 479 pura
1332 418 1384 464 et
1413 425 1519 464 non
1560 409 1713 464 tarda
1745 410 1957 464 confes-
1988 411 2030 468 Α
2063 415 2168 461 tem
2206 408 2511 478 deliquerit,
2559 418 2682 478 post
2702 408 2993 462 secundam
3025 424 3118 476 per
3137 408 3525 464 confessionem
3553 426 3642 462 cu-

367 510 506 571 ‘sio,
563 514 620 559 ut
672 505 752 560 sic
813 518 1003 558 secura
1052 518 1171 556 eam
1221 503 1582 570 subsequatur
1635 502 1959 572 impetratio.

383 601 411 640 ιι
433 597 723 654 Confessus
753 610 832 658 se,
856 603 914 648 ut
962 593 1260 648 facinorum
1287 594 1481 648 molem
1515 593 1738 662 pelleret
1777 595 1842 648 dc
1881 607 1960 646 sc.

383 691 487 759 Qui
524 687 783 758 ingemuit
810 686 1138 749 confitendo,
1184 697 1206 724 ο
1233 686 1554 758 glorificavit
1591 686 1964 741 remissionem

383 779 726 850 recipiendo;
759 777 991 832 dolendo
1031 777 1287 846 patefecit
1309 777 1538 841 crimen,
1569 777 1747 831 dando
1785 776 1966 830 redin-

387 870 616 940 tegravit
642 883 812 938 spem.
871 866 988 920 Non
1035 867 1177 920 enim
1206 867 1484 934 praecessit
1534 867 1647 936 spei
1692 866 1964 931 fiduciam,

384 960 512 1029 quia
539 958 858 1012 meminerat
879 971 936 1010 se
959 956 1085 1009 olim
1113 971 1211 1024 per
1236 954 1497 1025 Spiritum
1535 963 1781 1009 sanctum
1810 971 1838 1008 a
1862 955 1966 1008 Do-

385 1050 536 1103 mino
559 1047 887 1102 illuminatus
913 1047 1141 1101 dixisse:
1175 1046 1312 1112 Quia
1341 1047 1481 1115 apud
1517 1056 1566 1098 te
1593 1057 1666 1099 est
1717 1045 1966 1116 propitia-

388 1139 481 1203 tio,
513 1146 561 1191 et
589 1147 798 1206 propter
823 1136 983 1206 legem
1010 1145 1151 1189 tuam
1181 1137 1407 1190 sustinui
1439 1146 1505 1200 te,
1549 1133 1770 1188 Domine
1792 1133 1962 1204 (Psal.

388 1227 594 1298 cunt).
650 1226 718 1280 Et
745 1227 940 1280 iterum
974 1243 988 1279 :
1033 1225 1155 1296 quia
1210 1227 1350 1295 apud
1377 1227 1657 1278 Dominum
1704 1225 1730 1264 ά
1759 1227 1966 1278 miseri-

390 1317 572 1372 cordia
616 1326 709 1380 est,
752 1325 802 1370 et
841 1318 1050 1386 copiosa
1095 1315 1236 1385 apud
1273 1332 1390 1370 eum
1441 1316 1721 1385 redemptio
1755 1316 1964 1387 (Ibid.).

390 1407 543 1476 Apud
558 1421 718 1476 quem
750 1405 1179 1460 misericordiam
1213 1421 1506 1475 perennem
1541 1408 1802 1478 agnoscit,
1828 1407 1967 1475 apud

391 1514 514 1553 eum
542 1499 814 1566 copiosam
844 1506 897 1552 et
921 1499 1362 1567 redemptionem.
1406 1497 1720 1564 Quaeramus
1741 1514 1869 1569 ergo
1896 1499 1968 1553 ibi

391 1587 837 1652 miscricordiam,
866 1587 954 1640 ubi
983 1588 1400 1658 redemptionem
1435 1604 1655 1644 manere
1680 1588 1791 1657 jam
1820 1589 1970 1643 novi-

391 1695 515 1734 mus
547 1679 843 1748 cepiosam.
888 1677 1109 1733 Crescat
1133 1679 1287 1732 dolor
1308 1688 1428 1748 post
1456 1681 1686 1743 ruinam,
1721 1690 1779 1734 ut
1800 1679 1969 1750 culpae

2069 499 2295 552 randum
2343 509 2427 554 est
2472 500 2701 568 expiari.
2763 499 3033 568 Quidquid
3091 515 3216 554 vero
3261 499 3454 552 diurno
3493 507 3640 559 actu,

2065 591 2150 645 vel
2188 592 2327 672 visul
2355 593 2562 656 auditu,
2591 592 2826 661 cogitatu
2859 591 3174 661 tepescendo
3217 589 3462 658 deliquit,
3489 604 3643 643 nonae

2066 684 2211 737 hora!
2227 683 2439 753 expleto
2462 699 2641 745 cursu,
2661 691 3009 752 utpurgetur,
3027 681 3357 736 censendum
3379 687 3484 735 est.
3514 677 3645 733 Post

2065 790 2194 829 vero
2223 775 2480 844 quidquid
2504 775 2572 829 ab
2593 775 2724 828 hora
2741 790 2878 828 nona
2905 789 3059 828 mens
3081 772 3302 828 macula:
3321 770 3608 825 attraxerit
3627 785 3642 830 ;

2070 870 2095 908 ⁸
2121 876 2246 922 ante
2263 867 2582 935 completam
2604 867 2964 921 confitendum
2979 875 3080 921 est.
3114 865 3246 920 Illud
3277 873 3454 919 tamen
3477 861 3646 917 abbas

2066 961 2281 1015 studere
2304 959 2483 1023 debet,
2527 967 2587 1012 ut
2622 968 2744 1028 post
2763 959 3075 1019 secundam,
3121 959 3150 997 ιι
3195 957 3432 1012 scholam
3471 957 3646 1026 ingre-

2067 1053 2241 1114 diens,
2274 1057 2490 1121 peracta
2519 1049 2781 1112 oratione,
2812 1049 3018 1101 nullum
3049 1048 3193 1101 foras
3227 1045 3648 1117 egredipermit-

2071 1150 2167 1205 tat,
2220 1142 2319 1197 nisi
2349 1143 2496 1210 prius
2519 1141 2674 1194 detur
2702 1137 2975 1195 confessio
3001 1155 3014 1194 :
3043 1138 3290 1192 similiter
3319 1145 3372 1190 et
3401 1144 3524 1204 post
3554 1151 3648 1189 no-

2069 1248 2190 1286 nam
2218 1239 2274 1284 et
2295 1241 2418 1284 ante
2441 1229 2846 1299 complctorium
2870 1227 3172 1282 faciendum
3200 1234 3300 1280 cst.

2323 1321 2349 1392 §
2386 1321 2449 1374 .\'.
2474 1351 2543 1360 -—
2567 1321 2640 1372 Ex
2669 1319 2887 1373 Renum
2923 1318 3130 1371 Doxul
3160 1316 3295 1387 (cap.
3319 1313 3462 1396 25)._

2141 1413 2282 1466 Inter
2311 1421 2532 1465 ceteras
2561 1409 2777 1479 Regulm
2805 1409 3177 1463 observantius
3201 1409 3304 1462 hoc
3328 1407 3500 1477 magis
3541 1413 3650 1460 tam

2064 1505 2308 1575 juniores
2329 1517 2490 1572 quam
2516 1501 2758 1556 seniores
2787 1515 3068 1554 monenms
3110 1498 3328 1560 fratres,
3357 1506 3418 1552 ut
3440 1497 3654 1552 assidue

2071 1601 2125 1649 et
2159 1593 2477 1647 indesinenti
2505 1591 2682 1645 studio
2705 1598 2816 1644 tam
2838 1591 2904 1645 de
2926 1590 3160 1660 cogitatu
3205 1605 3365 1658 quam
3393 1588 3459 1642 de
3490 1587 3656 1642 verbo

2074 1685 2270 1750 inutili,
2298 1684 2381 1738 vel
2404 1696 2589 1752 opere,
2618 1681 2702 1735 vel
2723 1681 2900 1750 aliqua
2938 1681 3298 1736 commotione
3325 1677 3490 1733 animi
3529 1692 3658 1733 con-

390 1771 700 1825 inveniatur
732 1770 1016 1824 medicina.
1088 1769 1451 1825 Conﬁleamur
1489 1771 1715 1824 invicem
1755 1770 1969 1832 delicta.
2005 1780 2047 1837 Β
2076 1777 2240 1832 fessio
2268 1775 2516 1830 omnibus
2546 1775 2759 1839 diebus,
2806 1774 3057 1829 omnibus
3105 1772 3256 1827 horis
3298 1770 3656 1840 omnibusque

391 1870 453 1915 ut
478 1869 661 1915 nostra
701 1860 856 1914 nobis
892 1858 1244 1929 Omnipotens
1283 1861 1518 1914 dimittat
1559 1869 1798 1930 peccata.
1880 1859 1973 1915 Sic

391 1967 492 2007 nos
522 1951 798 2021 Scriptura
827 1952 1074 2006 hortatur
1105 1969 1120 2006 :
1159 1950 1491 2020 Conﬁtemini
1519 1952 1831 2007 alterutrum
1855 1969 1972 2022 pec-

391 2052 513 2096 cata
540 2051 728 2107 uestra,
758 2051 807 2096 et
843 2051 990 2096 orate
1038 2059 1134 2115 pro
1171 2043 1389 2096 invicem
1439 2041 1582 2114 (Jac.
1638 2043 1711 2114 v).
1762 2042 1972 2110 Quanta

391 2133 679 2188 clementis
701 2131 906 2188 Judicis
927 2133 1102 2203 pietas
1123 2148 1249 2204 erga
1279 2148 1377 2188 nos
1403 2133 1592 2188 diﬂ‘usa
1619 2133 1972 2205 dignoscitur,

391 2235 456 2280 ut
483 2224 626 2294 quod
648 2223 857 2280 actibus
887 2225 1208 2279 aerumnosis
1245 2223 1454 2280 facinus
1483 2233 1821 2280 contractum
1851 2223 1972 2291 fuit,

393 2324 582 2370 mutua
611 2330 769 2386 prece
796 2314 1055 2370 solvatur.
1110 2315 1275 2370 Detur
1304 2331 1434 2386 ergo
1486 2323 1686 2370 mutua:
1715 2315 1977 2372 orationis

395 2406 648 2464 solatium
679 2447 694 2473 ,
742 2414 802 2462 ut
840 2407 1068 2461 invicem
1115 2407 1320 2462 orando
1360 2407 1605 2477 capiatur
1645 2407 1972 2477 praesidium.

398 2497 590 2568 Magna
616 2496 813 2551 etenim
842 2496 996 2566 copia
1020 2495 1254 2550 fructum
1280 2495 1462 2560 habet,
1504 2497 1721 2566 quando
1739 2511 1806 2552 ex
1827 2511 1978 2551 reve-

395 2589 600 2644 latione
625 2587 942 2642 delictorum
969 2587 1116 2642 salus
1137 2587 1456 2657 acquiritur.
1511 2597 1535 2627 ο
1566 2586 1773 2653 Revela,
1805 2587 1980 2657 inquit

398 2684 707 2749 Psalmista,
727 2683 948 2737 Domino
970 2684 1104 2738 viam
1121 2693 1288 2747 tuam,
1310 2693 1357 2737 et
1381 2684 1488 2754 ipse
1502 2689 1551 2736 te
1569 2682 1787 2736 enutriet
1803 2679 1975 2753 (Psal.

399 2774 610 2846 xxxvr).
651 2775 709 2829 Si
735 2773 1022 2829 revelando
1049 2779 1270 2842 peccata
1308 2772 1545 2828 nutritur
1572 2772 1772 2837 anima,
1801 2771 1981 2842 quoti-

401 2869 563 2922 diano
594 2880 721 2934 ergo
751 2864 930 2920 studio
978 2878 1075 2933 per
1116 2860 1508 2917 confessionem
1555 2860 1882 2944 rpvelentur,
1921 2869 1982 2915 ut

400 2956 714 3028 quotidiana
740 2954 1008 3009 medicina
1043 2952 1266 3006 vulnera
1293 2960 1572 3006 sanentur.
1630 2949 1738 3006 Sed
1783 2949 1982 3018 quibus

401 3049 551 3104 horis
563 3047 978 3120 congruentibus
998 3045 1310 3114 quotidiana
1325 3043 1521 3098 delicta
1549 3050 1675 3098 sunt
1695 3039 1978 3108 abluenda,

2075 1869 2362 1926 momentis
2385 1881 2596 1936 semper
2621 1867 2871 1931 donetur,
2904 1873 2959 1920 et
2977 1865 3124 1918 Patri
3159 1862 3384 1934 spiritali
3415 1860 3548 1916 nihil
3567 1875 3657 1914 oc-

2074 1963 2325 2020 cultetur.
2357 1960 2491 2028 Quia
2526 1966 2786 2014 statutum
2819 1965 2903 2013 est
2938 1958 3042 2012 hoc
3080 1971 3110 2010 a
3160 1956 3362 2011 sanctis
3382 1952 3656 2014 Patribus,

2075 2063 2136 2110 ut
2169 2056 2184 2095 ί
2219 2054 2376 2108 detur
2403 2050 2670 2106 conlegio
2699 2056 2824 2104 ante
2873 2063 3136 2112 mensam,
3179 2047 3291 2102 sive
3315 2053 3440 2100 ante
3467 2043 3660 2098 introi-

2079 2151 2188 2199 tum
2210 2143 2496 2205 Iectorum,
2528 2141 3062 2211 autquandocunque
3090 2137 3258 2192 fuerit.
3279 2135 3487 2192 facile!
3519 2133 3658 2202 Quia

2076 2236 2348 2293 confessio
2388 2234 2723 2306 poenitentiae
2759 2234 2828 2289 de
2860 2237 3035 2288 morte
3069 2230 3279 2286 liberat.
3317 2229 3343 2270 it
3374 2227 3516 2300 Ergo
3560 2241 3662 2281 nec

2080 2327 2194 2396 ipsa
2221 2341 2384 2396 parva
2417 2323 2431 2363 ι
2468 2323 2807 2380 confessione
2848 2331 2974 2378 sunt
2994 2320 3310 2394 negligenda
3336 2331 3376 2359 ω
3401 2318 3660 2390 cogitata,

2078 2417 2204 2486 quia
2231 2416 2491 2485 scriptum
2508 2421 2592 2469 est
2618 2430 2632 2469 :
2660 2423 2689 2452 ιι
2717 2411 2822 2480 Qui
2848 2423 3010 2484 parva
3036 2411 3267 2483 negligit,
3289 2410 3545 2483 paulatim
3566 2409 3660 2463 de-

2080 2507 2194 2578 ﬂuit
2226 2503 2415 2578 (Eccli.
2440 2503 2573 2576 xix).

2289 2593 2316 2666 δ
2353 2593 2620 2648 XL—Ex
2655 2593 2874 2650 “suum
2907 2608 3168 2650 CUJCSDAI
3197 2593 3334 2663 (cap.
3371 2591 3446 2665 8).

2151 2686 2336 2742 Abbas
2355 2686 2438 2740 vel
2459 2686 2802 2756 praepositus,
2855 2670 2940 2740 vel
2970 2684 3200 2754 quiﬁbet
3241 2685 3512 2739 seniorum
3554 2681 3663 2737 fra-

2082 2783 2248 2842 trum,
2271 2776 2355 2832 cui
2384 2776 2452 2831 ab
2480 2777 2673 2832 abbate
2695 2776 3042 2832 commissum
3080 2774 3261 2837 fuerit,
3285 2783 3344 2828 ut
3368 2772 3662 2829 confessio-

2081 2883 2179 2926 nes
2205 2869 2449 2939 recipiat,
2475 2867 2702 2924 crimina
2729 2865 2933 2937 majora
2956 2865 3042 2924 vel
3066 2868 3273 2922 minora
3303 2872 3328 2901 °
3359 2864 3664 2921 nullatenus

2083 2958 2410 3025 manifestet,
2452 2958 2554 3015 nisi
2577 2958 2676 3014 soli
2713 2957 2863 3028 justo
2894 2957 3088 3029 judici,
3117 2957 3208 3027 qui
3235 2956 3474 3013 omnium
3499 2953 3663 3010 confl-

2087 3051 2317 3108 tentium
2344 3051 2571 3106 crimina
2593 3050 2755 3106 lavat.
2812 3049 2906 3105 Ille
2931 3051 3132 3105 etenim
3153 3049 3246 3118 qui
3271 3047 3548 3103 confessus
3580 3054 3666 3102 est

404 3140 560 3194 nobis
614 3136 954 3192 inserendum
980 3143 1061 3190 est
1084 3149 1100 3188 Ξ
1133 3132 1154 3172 ί
1190 3141 1250 3187 III.
1275 3132 1401 3204 quid
1429 3141 1550 3204 post
1574 3131 1982 3203 completorium
2011 3138 2056 3202 ρ
2087 3158 2182 3199 sua
2205 3142 2427 3198 vulnera
2448 3139 2772 3209 verecunde;
2796 3155 2904 3196 non
2930 3139 2997 3195 ad
3020 3138 3365 3210 opprobrium
3395 3136 3662 3206 recipien-

405 3244 504 3299 per
540 3243 723 3298 opaca:
755 3226 928 3282 noctis
954 3225 1127 3296 spatia
1157 3239 1312 3280 mens
1338 3223 1424 3280 vel
1447 3239 1572 3280 caro
1599 3239 1698 3295 per
1722 3222 1983 3296 fragilita-

407 3379 617 3504 aqua“
641 3401 763 3450 μου,
812 3380 865 3434 id
893 3386 996 3444 est,
1033 3386 1090 3434 et
1132 3386 1186 3432 tu
1221 3377 1474 3432 remisisti
1502 3377 1832 3447 impietatem
1862 3391 1985 3432 cor-

447 3471 491 3504 18
520 3468 641 3504 IIICI.
1690 3503 1695 3504 ,

447 3471 491 3504 18
520 3468 641 3504 IIICI.

480 3533 506 3559 ει
549 3519 816 3584 Quantum
846 3518 995 3574 valet.
1021 3517 1117 3573 Est
1141 3518 1518 3588 epiphonema.

479 3590 508 3628 ι)
547 3588 826 3658 Confessus
846 3606 920 3643 se.
975 3589 1116 3654 Lege
1149 3586 1416 3656 confessus
1456 3597 1528 3640 est
1555 3603 1628 3658 se.
1676 3586 1773 3641 Est
1803 3594 1984 3641 autem

409 3660 498 3714 hic
525 3657 998 3721 homnioteleuton,
1031 3659 1084 3712 id
1114 3665 1218 3720 est,
1249 3658 1496 3712 similiter
1517 3657 1787 3712 desinens.

484 3742 506 3798 ιξ
552 3728 895 3797 Cleri/ienuit.
947 3727 1144 3798 Supple
1168 3727 1378 3798 Deum.

480 3797 506 3836 τι
545 3795 910 3852 Misericordia
935 3795 1039 3852 est:
1063 3795 1071 3796 7
1091 3798 1167 3852 lla
1196 3797 1248 3850 in
1272 3796 1534 3852 Psalterio
1552 3795 1814 3850 Romano.

485 3881 509 3908 ο
551 3867 737 3921 Revela
767 3868 1011 3922 Domino.
1060 3867 1236 3923 Locus
1273 3875 1556 3921 contextus
1602 3881 1668 3921 ex
1710 3864 1990 3935 particulis

409 3937 601 4008 psalmi
627 3953 715 3991 LIV
741 3945 797 3992 et
835 3953 941 3992 va.
1089 4006 1095 4008 _
1218 3985 1252 4008 _.

353 4059 358 4062 .
411 4005 427 4008 “
491 4007 508 4045 ῐ
557 4005 620 4059 Ut
642 4008 767 4078 quid
789 4017 900 4078 post
930 4006 1465 4078 completoriunt,etc.
1517 4005 1618 4078 llic
1647 4005 1882 4078 notanda
1905 4012 1990 4060 est

412 4078 554 4130 trina
571 4076 806 4144 quatidie
821 4077 1204 4131 monachorum
1231 4077 1518 4131 confessio.
1537 4076 1664 4142 Quae
1686 4076 1850 4130 etiam
1873 4082 1993 4128 erat

413 4148 465 4200 in
492 4162 588 4200 usu
628 4147 680 4200 in
715 4148 1042 4201 monasterio
1068 4148 1124 4200 8.
1158 4147 1325 4207 Farze,
1351 4155 1408 4199 ut
1437 4155 1586 4200 notat
1607 4145 1772 4200 Jonas
1792 4146 1844 4198 in
1873 4144 1990 4210 ejus

413 4217 535 4270 Vita
562 4233 574 4268 :
616 4233 633 4265 ι
666 4217 794 4270 Erat
818 4223 960 4272 enim
983 4216 1385 4270 consuetudinis
1413 4217 1724 4271 monasterii
1750 4216 1987 4284 Itegulm,

411 4295 473 4340 ut
511 4295 592 4339 ter
627 4287 681 4340 in
723 4287 809 4341 die
858 4302 956 4356 per
999 4285 1394 4341 confessionem
1431 4301 1766 4356 unaquaeque
1804 4300 1992 4340 earum

413 4365 648 4410 mentem
679 4365 950 4426 purgaret.
991 4375 1008 4408 ι

490 4429 513 4465 ε
550 4424 693 4479 Ante
718 4424 1046 4496 completam.
1097 4424 1373 4495 Completa
1413 4433 1497 4479 est
1551 4425 1980 4496 complctorium.

2083 3237 2231 3302 dum,
2258 3236 2352 3291 sed
2376 3234 2445 3290 ad
2473 3233 2702 3290 salutem
2743 3231 3214 3304 redintegrandam
3253 3227 3534 3286 confessus
3557 3234 3662 3293 est,

2162 3383 2180 3424 ί
2227 3381 2293 3436 Ut
2322 3383 2476 3436 detur
2501 3381 2779 3506 confessio.
2822 3382 2948 3437 Haec
2975 3391 3190 3452 sumpta
3221 3389 3347 3436 sunt
3397 3395 3464 3435 ex
3489 3379 3666 3435 Paeni-

2162 3453 2292 3506 itiali
2319 3454 2376 3506 8.
2408 3453 2594 3506 Colum
2637 3453 2726 3506 ani
2749 3453 2895 3506 circa
2926 3453 3138 3506 initium
3171 3469 3184 3504 :
3218 3469 3237 3502 ι
3270 3450 3518 3506 Utdetur
3540 3464 3666 3504 con-

2085 3453 2292 3508 tentiali
2319 3454 2376 3507 8.
2408 3450 2726 3507 Columbani
2749 3453 2895 3508 circa
2926 3450 3138 3507 initium
3171 3469 3184 3504 :
3218 3469 3237 3502 ι
3270 3450 3342 3506 Ut
3362 3452 3518 3504 detur
3540 3464 3666 3504 con-

2086 3522 2250 3578 fessio
2279 3531 2404 3576 ante
2435 3538 2694 3583 mensam,
2726 3529 2851 3575 ante
2873 3521 3149 3575 introitum
3175 3519 3465 3583 lectus,vel
3489 3534 3663 3588 quan-

2087 3593 2372 3662 docunque
2422 3590 2586 3662 fuerit
2629 3591 2788 3645 facile
2823 3591 2973 3645 dare.
3015 3609 3034 3641 ι
3089 3590 3190 3662 Ubi
3243 3589 3525 3662 legendum
3554 3599 3659 3662 est,

2085 3663 2195 3716 sive
2240 3658 2360 3714 ante
2413 3661 2706 3723 introitum,
2764 3667 2894 3725 etc.,
2958 3658 3412 3730 quemadmodum
3468 3658 3662 3728 legitur

2087 3731 2224 3802 apud
2245 3731 2539 3802 Donatum.
2602 3798 2612 3802 Α
2643 3769 2658 3778 .

2163 3800 2175 3850 i
2225 3800 2362 3865 Quia
2391 3798 2666 3865 confessio.
2699 3799 2776 3852 Ex
2810 3797 3176 3852 Pmnitentiali
3222 3813 3324 3853 ms.
3356 3795 3413 3852 8.
3439 3795 3658 3850 Colum-

2087 3870 2236 3932 hani,
2269 3870 2357 3923 ubi
2389 3870 2468 3923 sic
2490 3869 2643 3938 juxta
2692 3869 2811 3922 cod.
2847 3869 2990 3922 Flor.
3050 3867 3247 3938 legitur
3276 3885 3289 3920 :
3325 3867 3583 3936 confessio
3609 3876 3657 3921 et

2087 3941 2405 4009 pcenilentia,
2435 3948 2539 3992 etc.

2163 4009 2184 4048 ι
2231 4009 2368 4077 Ergo
2415 4026 2507 4062 nec
2558 4010 2672 4079 ipsa
2725 4027 2908 4078 parva.
2948 4009 3026 4062 Ex
3054 4009 3242 4062 eodem
3292 4005 3661 4079 Pceniteutiali

2088 4087 2515 4147 consequenter:
2555 4077 2586 4128 «⁷
2617 4077 2760 4149 Ergo
2799 4095 2898 4134 nec
2924 4081 3036 4149 ipsa
3069 4095 3234 4148 parva
3261 4095 3290 4132 a
3317 4077 3661 4133 confessione

2090 4158 2213 4205 sunt
2241 4150 2554 4218 negligenda
2584 4157 2828 4218 peccata,
2868 4158 2973 4203 etc.
3017 4169 3034 4201 ι

2168 4221 2182 4257 ι
2223 4217 2774 4288 Εοὴίεὲδξοηεζιιρεε,
2806 4237 2838 4272 a
2870 4219 3211 4288 confessione,
3259 4227 3319 4273 ut
3347 4218 3575 4273 habetur
3605 4217 3662 4272 in

2090 4290 2256 4344 citato
2284 4289 2668 4352 Paenitentiali,
2701 4298 2756 4343 et
2785 4290 2838 4343 iu
2862 4291 3046 4344 codice
3077 4289 3480 4344 Vindocinensi.

2164 4373 2202 4399 ω
2243 4358 2503 4430 Cogitata.
2561 4359 2618 4414 In
2669 4359 3036 4414 Pmuitcntiali
3068 4360 3233 4415 citato
3273 4361 3522 4422 habetur,
3548 4375 3661 4428 pec-

2092 4440 2227 4484 cata.

416 4496 778 4569 Unde‘postca
815 4489 980 4569 dicit;
1012 4489 1261 4569 Similiter
1295 4505 1342 4548 et
1371 4504 1484 4564 post
1520 4489 1734 4561 nouam,
1762 4494 1840 4549 vel
1865 4507 1984 4548 ante
2010 4489 2062 4547 D
2108 4567 2120 4569 Α
2160 4510 2185 4537 ιι
2216 4500 2317 4562 Qui
2337 4517 2519 4569 parva,
2547 4508 2648 4554 etc.
2675 4500 2838 4554 Eccli.
2861 4497 3276 4569 cap.ﬁx1x.ltain
3298 4495 3668 4569 Paenitentiali.‘

412 4565 808 4636 completarium
845 4575 917 4619 est
945 4566 1262 4636 faciendum.

395 4682 402 4689 .
486 4638 515 4676 ιι
556 4634 803 4689 Scholam
824 4635 1136 4704 ingrediens.
1187 4633 1383 4688 Schola
1405 4641 1489 4688 est
1513 4634 1766 4688 conclave
1787 4635 1841 4688 in
1868 4648 1990 4704 iquo

414 4705 668 4775 monachi
706 4703 907 4773 aliquid
957 4713 1140 4775 agunt,
1175 4705 1354 4775 legunt
1387 4713 1439 4775 et
1493 4704 1787 4775 dormiunt.
1852 4703 1987 4775 Con-

415 4777 599 4831 cilium
625 4774 934 4829 Turonense
957 4773 1017 4837 u,
1049 4790 1169 4829 can.
1197 4773 1262 4829 15
1296 4791 1308 4826 :
1345 4791 1362 4823 ‹
1397 4773 1505 4826 Nec
1536 4774 1692 4828 liceat
1716 4773 1992 4828 monachis

415 4847 583 4901 cellas
607 4846 808 4901 habere
830 4860 1164 4908 communes,
1194 4845 1285 4899 sed
1310 4843 1495 4898 schola
1517 4843 1698 4898 labore
1719 4844 1991 4898 communi

414 4925 782 4980 construatur,
815 4916 903 4969 ubi
925 4930 1112 4969 omnes
1127 4915 1343 4985 jaceant
1370 4923 1462 4966 aut
1507 4915 1700 4985 abbate
1728 4921 1820 4968 aut
1848 4929 1986 4985 prte-

416 4987 954 5056 positogubernante.
977 5005 996 5037 ι
1022 4983 1223 5056 Regula
1240 4983 1730 5056 cujusdam_Patris,
1758 4999 1874 5056 cap.
1898 4984 1991 5037 12:

424 5053 443 5105 i
477 5053 650 5110 Focos
675 5059 868 5111 veroin
889 5055 1069 5111 schola
1083 5053 1428 5126 pmnitcutes,
1453 5054 1496 5107 si
1517 5053 1740 5126 fuerint,
1764 5054 1872 5126 bini
1895 5069 1994 5123 per

418 5126 786 5182 hebdomadas
812 5127 1031 5181 faciant.
1067 5122 1100 5178 ι’
1123 5125 1180 5180 8.
1212 5125 1478 5179 Caesarius
1501 5122 1848 5185 Arelatensis,
1871 5122 1990 5192 cap.

417 5195 454 5248 5
481 5197 725 5266 Regulae:
760 5215 778 5246 ε
806 5197 882 5251 De
902 5197 1015 5265 ipso
1037 5205 1213 5250 tamen
1238 5195 1419 5248 habitu
1452 5195 1726 5266 mutando,
1750 5193 1994 5266 vcl‘lecto

419 5265 474 5320 in
513 5263 698 5321 schola
729 5263 973 5322 habendo
1022 5269 1090 5321 sit
1136 5267 1188 5320 in
1221 5273 1484 5335 potestate
1531 5264 1746 5332 prioris.
1777 5282 1796 5316 ι
1837 5263 1902 5335 Et
1939 5264 1992 5317 in

420 5337 862 5405 rccapitulatione
889 5353 1006 5406 cap.
1036 5337 1103 5392 19
1133 5353 1146 5391 :
1180 5353 1198 5386 ι
1222 5332 1281 5390 et
1302 5335 1423 5404 quia
1451 5343 1668 5406 propter
1690 5332 1988 5406 custodiam

419 5404 732 5462 monasterii
759 5406 937 5474 aliqua
958 5404 1099 5462 ostia
1116 5408 1228 5460 sive
1243 5407 1294 5460 in
1323 5406 1488 5460 veteri
1519 5405 1852 5474 baptisterio,
1875 5404 1988 5457 sive

421 5476 476 5530 in
523 5478 727 5543 schola,
781 5474 866 5531 vel
895 5479 1124 5532 textrina
1164 5485 1258 5530 aut
1313 5483 1458 5528 turre
1495 5474 1648 5543 juxta
1691 5475 1989 5542 pomarium

420 5546 589 5618 clausi
617 5556 781 5618 atque
807 5548 1074 5618 damnavi.
1106 5567 1126 5599 ι
1155 5545 1460 5618 Tetradius,
1501 5545 1692 5618 cap.__5
1731 5544 1946 5618 Regula:
1971 5561 1984 5596 :

425 5633 446 5665 ι
476 5614 1023 5681 Cellam'peculiarem
1055 5625 1146 5672 aut
1175 5614 1519 5670 armariolum
1543 5614 1718 5669 nullus
1758 5615 1989 5681 habeat;

423 5687 478 5740 lu
508 5703 610 5742 una
635 5687 812 5744 schola
855 5705 1039 5744 omnes
1060 5695 1328 5743 maneant.
1361 5705 1380 5737 ι

2099 4567 2156 4622 8.
2183 4566 2520 4624 Columbaui.
2552 4569 2607 4622 In
2637 4571 2887 4638 versione
2904 4566 3115 4638 vulgata
3149 4585 3161 4620 :
3201 4566 3304 4633 Qui
3332 4567 3524 4638 spernit
3549 4583 3662 4620 mo-

2095 4639 2214 4692 dica
2240 4639 2494 4707 paulatim
2521 4640 2743 4702 decidet,
2775 4640 2827 4694 in
2868 4634 3070 4703 futuro,
3102 4638 3245 4707 utin
3274 4634 3422 4690 textu
3449 4634 3656 4707 Grreco,

2095 4706 2348 4769 πεσεῖται,
2382 4708 2433 4762 id
2461 4718 2561 4771 est,
2594 4710 2812 4763 decidet.
2843 4709 3048 4762 Tamen
3079 4707 3136 4762 S.
3178 4706 3534 4775 Hieronymus
3557 4706 3658 4759 ha-

2092 4778 2203 4840 bet,
2235 4779 2442 4841 decidit,
2474 4779 2526 4832 in
2559 4780 2826 4848 praesenti.
2865 4779 2920 4832 In
2949 4793 3042 4832 eos
3067 4778 3157 4847 qui
3187 4777 3408 4848 minima
3438 4783 3658 4848 peccata

2095 4849 2365 4918 negligunt
2381 4848 2460 4918 sic
2480 4845 2752 4902 invehitur
2771 4848 2827 4902 S.
2844 4845 3203 4918 Hieronymus
3231 4847 3282 4900 in
3304 4846 3460 4914 epist.
3480 4845 3545 4898 ad
3559 4845 3657 4918 Ce-

2094 4916 2312 4971 lantiam
2335 4935 2347 4971 :
2381 4935 2398 4967 ι
2419 4916 2601 4984 Neque
2621 4933 2749 4972 vero
2763 4933 2952 4972 eorum
2979 4925 3030 4971 te
3049 4916 3274 4971 seducat
3291 4929 3466 4978 error,
3483 4916 3572 4983 qui
3590 4930 3658 4971 ex

2097 4988 2322 5041 arbitrio
2349 5003 2446 5042 suo
2466 4987 2671 5058 eligunt
2697 5003 2814 5058 qua:
2838 4985 3278 5056 potissimumDei
3298 4986 3548 5058 mandata
3580 4985 3662 5038 fa.

2097 5058 2265 5121 ciant,
2296 5073 2522 5127 qumque
2543 5054 2868 5126 quasi—vilia
2898 5072 2962 5127 ac
2990 5071 3160 5126 parva
3187 5054 3526 5127 despiciant:
3552 5070 3659 5127 nec

2096 5125 2362 5190 metuunt,
2387 5125 2452 5181 ne
2482 5125 2774 5181 secundum
2821 5125 3058 5179 divinam
3085 5126 3406 5180 sententiam
3433 5125 3658 5178 minima

2097 5198 2489 5251 contemnendo
2516 5196 2770 5266 paulatim
2813 5196 3075 5251 decidant.
3114 5214 3141 5246 ι
3170 5195 3246 5250 Ex
3279 5211 3336 5250 re
3358 5195 3517 5250 etiam
3539 5207 3661 5266 par:

2095 5281 2161 5319 va
2188 5266 2426 5335 neglecta
2453 5263 2737 5336 aliquando
2753 5281 2945 5336 magna
2960 5266 3101 5336 mala
3127 5267 3374 5320 oriuntur
3398 5281 3413 5326 ;
3440 5273 3496 5336 et
3514 5263 3659 5335 quod

2097 5351 2319 5404 parvum
2346 5345 2486 5397 erat,
2539 5335 2791 5406 magnum
2817 5335 2895 5389 fit.
2927 5335 3080 5390 Unde
3106 5335 3235 5390 illud
3267 5335 3660 5406 cujusdaursa-

2095 5406 2294 5474 pientis
2351 5407 2491 5476 apud
2545 5405 2859 5475 Dionysium
2917 5405 3343 5461 Alexandrinum
3385 5405 3442 5459 in
3492 5406 3655 5475 epist.

2095 5489 2216 5528 Can.
2245 5493 2258 5528 :
2371 5476 2548 5558 μικρὸν
2569 5477 2617 5528 ἕν
2636 5477 2731 5558 ﬂia)
2755 5478 2814 5531 τὸ
2841 5479 3202 5558 παράΑμικρόν,
3232 5476 3285 5531 id
3304 5485 3413 5533 est.
3432 5492 3538 5531 uou
3560 5492 3660 5544 ρα-

2093 5561 2210 5597 rum
2237 5547 2394 5616 estin
2417 5546 2517 5599 vita
2541 5546 2681 5616 quod
2713 5561 2898 5614 parum
2915 5546 3014 5601 'est.

2167 5621 2193 5649 °
2220 5615 2561 5669 Nullatenus’
2591 5617 2903 5683 manifesta.
2964 5617 3104 5672 Idem

2167 5625 2534 5669 °1Vuttatenus
2591 5625 2903 5683 manifesta.
2965 5625 3104 5672 ldcm
3151 5625 3395 5689 przccipit
3440 5627 3660 5673 sanctus

2094 5687 2431 5750 Benedictus,
2459 5700 2577 5757 cap.
2601 5685 2670 5741 46
2698 5685 2930 5756 Regula.
3381 5691 3392 5712 '
