3958 6198
482 278 585 335 863

585 384 613 457 ς
650 383 713 440 ll.
741 416 812 425 —
839 385 918 440 Ex
958 384 1175 441 ercuu
1215 401 1403 442 SANCTI
1441 387 1640 442 BASILII
1665 387 1803 460 (cap.
1834 390 1944 459 54).

548 475 809 544 Interrog.
844 487 870 515 ι
899 475 955 528 Si
984 491 1051 529 ex
1082 476 1108 515 ιι
1138 484 1251 529 toto
1272 476 1449 531 ridere
1477 491 1584 530 non
1606 478 1767 532 licet?
1794 509 1866 519 —-
1896 480 2053 550 Resp.

479 564 611 620 Cum
651 564 904 618 Dominus
931 579 1025 618 eos
1053 565 1144 634 qui
1174 582 1315 620 nunc
1344 567 1537 632 rident,
1571 570 1913 635 condemnet,
1945 587 2060 625 ma-

479 656 734 710 nifestum
760 663 843 709 est
877 655 1003 723 quia
1044 672 1317 726 nunquam
1349 666 1558 728 tempus
1610 669 1696 714 est
1743 661 1885 716 risus
1914 663 2057 717 ﬁdeli

478 745 691 799 animm.
723 744 790 797 Et
812 744 1068 805 maxime.
1099 760 1221 798 cum
1271 754 1380 800 tam
1426 747 1641 816 plurimi
1669 749 1780 803 sint
1824 750 1917 818 qui
1960 765 2059 820 per

477 834 971 904 prmvaricationem
1028 835 1183 905 legis,
1218 836 1380 890 Deum
1431 852 1537 892 non
1590 839 1889 904 honorent,
1918 849 1975 894 et
2005 841 2058 894 in

478 924 716 993 peccatis
745 924 856 978 suis
892 925 1211 988 moriantur,
1243 941 1342 994 pro
1396 927 1591 995 quibus
1627 930 1812 999 utique
1857 930 2062 985 contri-

479 1014 609 1067 stari
634 1015 998 1068 indesinenter
1022 1016 1271 1070 convenit
1295 1024 1350 1070 et
1374 1016 1575 1087 lugere.

553 1123 580 1196 §
618 1125 701 1178 lli.
728 1125 899 1179 —Ex
938 1124 1156 1180 Rscuu
1205 1141 1391 1270 ειςκέἷέ
1440 1128 1713 1186 Fsaaeou
1753 1148 1985 1190 EPISCOPI

1152 1208 1312 1265 cap.‘
1395 1238 1408 1251 .

1152 1213 1267 1265 cap.
1294 1208 1408 1265 24).

552 1281 888 1337 Conveniens
921 1283 1083 1338 etiam
1126 1284 1233 1357 hoc,
1280 1286 1441 1340 credo
1496 1289 1791 1354 monachis,
1822 1298 1881 1345 ut
1922 1293 2057 1360 risu,

492 1373 593 1424 etsi
621 1388 726 1426 non
758 1373 992 1438 assidue,
1021 1371 1329 1441 frequenter
1353 1383 1530 1430 tamen
1554 1379 1878 1435 abstineant.
1905 1382 2059 1438 Unde

481 1462 526 1515 si
558 1460 856 1529 exemplum
879 1460 1062 1531 legens
1104 1460 1332 1516 fratrum
1375 1466 1603 1535 quisque
1650 1469 1927 1536 requiret,
1954 1470 2060 1525 hoc

483 1551 656 1605 solum
694 1552 741 1605 ei
794 1550 1043 1618 sulliciet,
1091 1552 1235 1621 quod
1274 1554 1559 1610 Domimun
1606 1566 1846 1612 nostrum
1874 1557 2057 1615 Iesum

479 1640 769 1705 Christum,
785 1642 1073 1713 Evangelia
1095 1653 1230 1700 teste
1247 1657 1266 1682 η
1286 1644 1495 1699 ﬂevisse
1511 1645 1733 1712 legimus
1758 1647 1935 1719 (Joan.
1954 1648 2053 1721 tu),

1500 280 1558 335 S.
1599 279 1959 336 BENEDICTI
1998 282 2290 338 ABBATlS
2331 281 2739 339 ANIANENSIS

3629 285 3737 344 86$

2083 395 2135 453 Α
2160 394 2314 447 tacite
2348 405 2372 432 ε
2406 394 2691 448 subridebit
2735 395 2924 467 (Eccli.
2958 394 3093 466 ut).
3140 393 3459 469 QuiCuuque
3490 416 3621 471 ergo
3651 400 3744 458 ille

2159 482 2214 535 in
2251 483 2666 553 congregatione
2699 484 3043 548 constitutus,
3080 491 3140 538 ut
3174 485 3408 551 assolet,
3435 494 3532 540 aut
3561 502 3746 543 mente

2152 572 2369 643 juvenis
2395 582 2488 626 aut
2516 581 2677 628 :etate
2718 574 2917 628 risibus
2948 590 3054 629 non
3078 585 3284 644 parcet,
3305 575 3431 644 joca
3460 591 3567 630 non
3596 575 3747 646 fuge-

2159 662 2246 724 rit,
2275 662 2405 731 quid
2445 663 2589 717 aliud
2633 664 2736 718 nisi
2769 663 2789 703 ί
2829 663 3175 733 publicanum
3211 674 3508 720 commutat
3534 681 3603 720 ex
3628 681 3747 720 mo-

2160 754 2363 817 nacho;
2405 754 2498 823 qui
2547 754 2599 808 in
2643 754 2951 809 civitatibus
2981 757 3007 796 Β
3030 755 3259 826 amplius
3296 757 3571 825 populosis
3603 756 3749 811 hanc

2159 843 2261 896 sibi
2295 851 2502 897 tantum
2542 859 2762 914 Operam
2812 845 3070 915 deputant
3117 862 3311 902 vacare
3353 848 3515 917 jocis,
3545 848 3749 902 risibus

2159 939 2215 985 et
2246 931 2529 987 cachinnis
2550 934 2875 1004 specialiter.
2902 934 3101 988 Tamen
3134 936 3237 990 hoc
3264 946 3491 991 cunctos
3527 951 3740 997 moneo.

2160 1023 2484 1076 servandum
2505 1025 2704 1077 mando
2730 1033 2892 1094 atque
2918 1026 3207 1091 constituo,
3227 1034 3288 1081 ut
3313 1026 3748 1096 quotiescunque

2160 1113 2319 1169 lectio
2344 1113 2627 1171 animabus
2668 1114 2779 1170 Deo
2826 1115 3022 1170 deditis
3067 1125 3366 1187 Opportune
3410 1117 3463 1172 in
3512 1117 3747 1173 ecclesia

2158 1205 2244 1260 vel
2274 1207 2328 1261 in
2353 1207 2381 1247 ιι
2412 1206 2717 1273 refectorio,
2759 1215 2853 1263 aut
2881 1210 3122 1278 quolibet
3152 1212 3207 1264 in
3257 1210 3377 1265 loco
3405 1209 3621 1281 publice
3658 1224 3748 1263 re-

2159 1298 2376 1364 citatur,
2404 1299 2581 1355 nullus
2616 1300 2670 1354 in
2710 1301 2823 1356 risu
2872 1308 2977 1375 {aut
3020 1310 3323 1366 moveatur,
3349 1310 3448 1355 aut
3491 1308 3741 1365 moveat;

2159 1389 2406 1445 similiter
2434 1391 2599 1445 etiam
2620 1407 2685 1446 eo
2707 1398 2947 1461 tempore
2976 1390 3187 1447 fabulas
3207 1391 3487 1462 fugiendas
3516 1406 3638 1446 esse
3656 1407 3746 1445 co-

2159 1490 2441 1552 gnoscant.
2473 1481 2625 1549 Quod
2647 1483 2692 1537 si
2714 1484 2834 1552 quis
2861 1500 2965 1538 non
3005 1484 3336 1546 custodierit,
3364 1483 3620 1554 prarsenti
3648 1484 3743 1538 de-

2159 1572 2494 1628 nuntiatione
2517 1574 2876 1630 commonitus
2905 1574 3139 1629 triduani
3182 1589 3303 1629 eum
3326 1572 3520 1643 jejunii
3546 1574 3746 1628 multa-

2162 1663 2237 1716 tio
2291 1664 2537 1733 castiget.
2567 1663 2717 1732 Quod
2761 1666 2999 1721 triduum
3045 1666 3317 1721 nemiuem
3373 1665 3626 1720 volumus
3645 1666 3747 1721 sub

481 1731 664 1785 risisse
696 1733 985 1798 nescimus,
1028 1736 1301 1791 tristatum
1350 1735 1582 1803 ﬂetibus,
1613 1739 1811 1794 risibus
1841 1757 1947 1796 non
1974 1757 2061 1796 so-
2087 1738 2134 1797 Β
2164 1767 2269 1806 uno
2299 1731 2601 1822 actim—plcre
2616 1756 2842 1826 jejunio,
2871 1755 2966 1812 sed
3008 1763 3160 1810 terna
3202 1754 3406 1826 jejunia
3434 1756 3747 1825 vespertina

480 1820 671 1875 lutum.
697 1822 969 1889 Attamen,
1000 1841 1066 1880 ne
1095 1827 1359 1896 quispiam
1388 1828 1531 1882 dicat
1564 1827 1766 1883 nullum
1797 1846 1896 1886 nos
1924 1846 2064 1902 prte-

481 1911 696 1966 tcr‘hoc
744 1913 943 1967 habere
1001 1917 1368 1971 testimonium
1407 1918 1678 1984 lectionis,
1720 1919 2061 1977 Salomonem

481 2003 748 2057 dicentem
801 2004 982 2058 audiat
1014 2024 1027 2059 :
1058 2005 1211 2061 Risus
1251 2008 1428 2062 dolore
1466 2009 1711 2071 miscebit,
1744 2021 1794 2064 et
1833 2022 2060 2067 extrema

478 2093 662 2161 gaudii
696 2093 867 2149 luctus
890 2108 1105 2166 occupat
1129 2096 1313 2170 (Prov.
1344 2099 1478 2169 xrv).
1513 2101 1579 2154 Et
1602 2101 1796 2156 iterum
1824 2121 1837 2156 :
1870 2103 2063 2158 Melior

481 2191 558 2236 est
587 2182 667 2236 ira
700 2183 827 2247 risu,
855 2186 978 2256 quia
1006 2204 1099 2256 per
1127 2189 1392 2243 tristitiam
1431 2189 1603 2244 vultus
1635 2192 1915 2261 corrigitur
1939 2194 2058 2248 ani-

484 2288 597 2328 mus
625 2275 988 2345 delinquentis.
1019 2277 1045 2317 ά
1088 2278 1193 2334 Cor
1215 2281 1463 2351 sapientis
1486 2281 1572 2335 ubi
1602 2282 1815 2336 tristitia
1839 2294 1946 2349 est;
1972 2301 2062 2339 cor

480 2365 783 2430 stultorum,
809 2367 895 2421 ubi
919 2367 1104 2422 lwtitia
1124 2370 1312 2441 (Eccli.
1337 2372 1459 2443 vn).
1482 2372 1548 2426 Et
1577 2373 1775 2428 iterum
1805 2392 1819 2429 :
1852 2373 2060 2429 Stultus

481 2455 536 2507 in
578 2456 688 2510 risu
714 2456 912 2510 exultat
947 2474 1120 2512 vocent
1154 2476 1305 2515 suam
1336 2474 1355 2513 :
1385 2462 1467 2515 vir
1493 2471 1668 2516 autem
1714 2463 1927 2533 sapiens
1978 2464 2061 2518 vix

552 2595 582 2628 ι
612 2586 672 2643 Si
697 2606 760 2644 ex.
783 2599 888 2645 toto
910 2592 1078 2647 ridere
1100 2596 1203 2647 no‘n
1230 2593 1366 2649 licet.
1394 2594 1546 2650 Hunc
1568 2595 1743 2651 locum
1771 2595 1952 2651 videre
1974 2603 2057 2651 est

482 2660 622 2737 apud
751 2659 1348 2737 _Basilium__interrog.
1377 2666 1440 2721 31
1474 2665 1661 2737 Regni.
1718 2666 1982 2733 brevium,
2003 2676 2061 2721 et

482 2729 619 2798 apud
662 2728 929 2796 Rufinum,
968 2748 1015 2786 c.
1042 2732 1129 2786 '57.

555 2798 669 2871 b_Si
699 2816 763 2852 ex.
801 2809 926 2854 toto.
968 2800 1120 2871 Apud
1168 2802 1420 2858 Ruﬁnum
1464 2805 1699 2871 additur,
1741 2805 1916 2860 corde.
1948 2804 2058 2861 Sed

483 2868 622 2922 male
643 2877 696 2922 et
719 2879 903 2925 contra
953 2868 1201 2938 sensum;
1234 2882 1289 2928 et
1336 2875 1389 2928 in
1438 2882 1584 2929 textu
1614 2868 1804 2931 Grzeco
1827 2885 1910 2930 est
1938 2884 2058 2932 tan-

482 2940 873 3008 tum,aa96).ou,
905 2941 954 2994 id
985 2952 1160 2997 estex
1192 2952 1323 3008 toto,
1351 2946 1590 3000 omnino.

558 3014 581 3044 ε
607 3006 841 3085 {lavisse
864 3009 1103 3085 legimus,
1131 3022 1235 3085 etc.
1272 3006 1349 3067 Ita
1370 3083 1382 3085 4
1401 3013 1483 3085 SA.“
1516 3013 1801 3085 Salvianus
1847 3016 2053 3085 episco-

481 3090 582 3144 pus
607 3077 700 3131 lib.
729 3079 851 3131 vde
883 3077 1226 3135 Providentia
1256 3100 1268 3136 :
1308 3101 1325 3133 ‹
1360 3083 1579 3138 Scilicet
1620 3077 1895 3139 Christus'
1928 3085 2051 3140 reli-

482 3146 601 3222 quit
627 3148 1137 3222 exetnplum,_quem
1192 3151 1401 3222 ﬂevisse
1449 3153 1694 3222 legimus,
1728 3155 1913 3209 risisse
1942 3172 2050 3211 non

484 3215 1581 3295 legimus.t'Humbertus_diseipulus_'S.
1636 3215 1892 3295 Bernardi
1944 3241 2052 3295 non

484 3287 715 3363 ridebat,
746 3296 881 3363 teste
912 3289 1203 3363 eodemS.
1247 3287 1529 3363 Bernardo
1554 3294 1607 3347 in
1649 3294 1895 3348 oratione
1936 3294 2055 3363 ejus

482 3352 719 3432 funebri.
746 3356 826 3432 _Ex
856 3359 1085 3432 ethnicis
1109 3359 1485 3432 Anaxagoram
1506 3362 1902 3417 Clazomenium
1925 3352 2057 3419 nitn-

484 3439 647 3504 quam
680 3426 854 3504 ridere
891 3429 1088 3494 visum,
1140 3445 1239 3504 nec
1291 3426 1510 3504 omnino
1550 3432 1852 3504 subridere,
1892 3443 2056 3504 atque

482 3495 646 3549 etiam
668 3495 1063 3554 Aristomenem
1097 3500 1250 3556 valde
1285 3517 1314 3556 a
1343 3503 1451 3556 risu
1482 3503 1808 3558 abstinuisse
1841 3503 1935 3557 lib.
1956 3495 2053 3559 vui

483 3566 549 3619 de
587 3564 743 3639 Vatia
776 3567 931 3639 llist.,
980 3585 1100 3639 cap.
1146 3571 1230 3633 15,
1264 3571 1432 3627 refert
1486 3571 1751 3627 Elianus.
1801 3572 2056 3628 Crassum

483 3649 643 3689 avum
670 3635 1152 3713 illiusCrassifqui
1178 3641 1317 3713 bello
1339 3640 1589 3713 Parthico
1609 3652 1919 3713 peremptus
1945 3652 2046 3708 est,

483 3719 758 3781 nunquam
791 3708 974 3781 risisse
999 3708 1184 3765 narrat
1224 3711 1428 3767 Plinius
1456 3712 1550 3766 lib.
1579 3708 1677 3777 vit,
1704 3708 1823 3781 cap.
1851 3713 1940 3778 l9,
1969 3723 2054 3767 at-

484 3789 590 3843 que
613 3774 736 3849 inde
789 3780 1091 3849 ἀγέλαστον,
1117 3781 1169 3835 id
1198 3788 1300 3846 est,
1331 3782 1442 3836 risu
1466 3774 1828 3837 abstinentem
1856 3774 2059 3838 vocita-

388 3865 392 3869 <
487 3852 600 3921 tum
631 3845 1148 3921 fuissc.'Polyzelum
1170 3845 1485 3921 Cyrenteum
1531 3865 1827 3921 nunquam,
1851 3852 2055 3918 risisse,

486 3912 738 3992 idemque
746 3985 764 3992 _
789 3912 985 3992 nomt'n
1022 3912 1528 3992 Agelasliiadeptum
1558 3912 1725 3992 fuisse
1740 3920 1910 3992 refert
1934 3912 2060 3977 Pto;

487 3982 1045 4059 leuamusllephestion
1067 3982 1216 4059 'apud
1258 3982 1507 4046 Phoiium
1531 3992 1586 4045 in
1615 3991 1964 4053 Bibliotheca,
2000 4009 2055 4046 ιι.

485 4053 607 4130 l_90,
633 4056 726 4107 sed
753 4053 813 4130 in
830 4056 1086 4130 ejusmodi
1112 4053 1335 4129 paganis
1362 4061 1739 4116 abstinentiam
1770 4076 1801 4114 a
1831 4061 1942 4115 risu
1965 4077 2062 4130 po-

487 4122 595 4175 tius
620 4139 684 4201 ex
715 4122 876 4178 nimia
902 4128 1028 4191 bile,
1065 4122 1158 4182 aut
1176 4122 1356 4198 aliquo
1385 4131 1617 4185 naturali
1643 4130 1875 4196 defectu,
1896 4122 2058 4201 quam

489 4205 555 4243 ex
583 4192 783 4247 virtute
816 4204 997 4249 natam
1021 4212 1141 4252 esse
1169 4192 1490 4254 credendum
1514 4208 1615 4255 est.
1861 4192 1870 4196 ’
1912 4192 1931 4201 ’
2054 4228 2059 4233 ·

558 4258 585 4298 ἀ
614 4257 722 4334 Cor
749 4265 1017 4334 sapientis.
1051 4267 1412 4322 Ecclesiastici
1441 4285 1538 4333 vu,
1566 4269 1657 4323 ubi
1688 4269 1741 4323 in
1785 4271 2060 4325 communi

484 4330 732 4455 rfréione
756 4330 965 4400 est,cor
983 4338 1313 4408 sapientium,
1336 4330 1708 4408 justatextum
1738 4338 2059 4395 Hebraicum

488 4414 519 4453 e
624 4417 838 4455 necum.

488 4414 544 4453 ει
573 4414 838 4457 Graecum.

559 4480 582 4508 θ
610 4469 929 4553 βιιρνὶόεὺὶῑ.
982 4474 1142 4531 Juxta
1192 4485 1397 4532 textum
1457 4477 1721 4542 Grtncum,
1773 4478 2047 4553 μειδιάσω.

482 4539 639 4609 ψιρῴ
652 4541 791 4597 idem
821 4553 995 4600 sonat.

559 4608 577 4648 ί
613 4608 979 4669 Publicanum.
1009 4616 1084 4671 ita
1120 4618 1172 4673 in
1194 4618 1313 4674 cod.
1344 4618 1534 4685 Vind.;
1562 4619 1655 4674 sed
1681 4620 1809 4691 quid
1839 4619 1941 4675 sibi
1964 4636 2053 4676 ve-

2154 1841 2409 1912 jubemus
2435 1847 2673 1915 quotidie
2702 1847 2995 1903 refectione
3035 1848 3308 1918 distingui.
3340 1845 3453 1902 Hoc
3490 1848 3653 1902 etiam
3677 1847 3748 1902 de

2162 1935 2386 2006 reliquis
2418 1935 2659 2006 jejuniis,
2684 1938 2881 2007 quibus
2905 1938 3099 2008 regula:
3129 1938 3424 2008 culpabiles
3465 1938 3751 2006 corrigun-

2162 2032 2267 2087 tur,
2292 2025 2581 2080 statuimus
2606 2025 2882 2081 observari
2912 2044 2925 2080 :
2957 2026 3030 2080 ita
3076 2036 3254 2081 tamen
3282 2021 3334 2081 si
3361 2028 3416 2081 in
3441 2041 3534 2081 reo
3570 2026 3749 2097 quoli-

2159 2113 2252 2168 bet
2271 2116 2437 2170 abbas
2458 2118 2763 2187 superbiam
2791 2118 3150 2187 duritiamque
3178 2131 3284 2171 non
3309 2117 3526 2171 viderit.

2230 2208 2258 2280 §
2292 2208 2472 2262 lV.——
2498 2210 2577 2264 Es
2615 2210 2837 2266 Rscuu
2874 2224 3059 2265 sucu
3097 2209 3342 2264 Cassmu
3378 2208 3519 2280 (cap.
3554 2207 3669 2278 Π).

2234 2304 2252 2342 ί
2284 2301 2400 2356 Non
2425 2302 2496 2357 sit
2525 2301 2700 2358 facilis
2719 2312 2774 2357 et
2793 2309 3072 2373 promptus
3085 2302 3140 2355 in
3162 2302 3275 2356 risu
3298 2301 3625 2364 monachus;
3663 2309 3750 2353 ts-

2158 2393 2301 2448 libus
2319 2409 2552 2463 namque
2579 2394 2794 2449 indiciis
2823 2404 2877 2450 et
2900 2394 2987 2450 his
3017 2393 3287 2449 similibus
3306 2392 3589 2448 humilitas
3615 2407 3747 2447 vera

2160 2484 2509 2555 dignoscitur.

2157 2617 2222 2674 lit
2246 2620 2359 2674 haec
2382 2635 2485 2675 vox
2513 2620 2618 2676 hoc
2636 2619 2780 2684 loco,
2797 2618 2940 2674 haud
2966 2616 3097 2673 satis
3122 2615 3307 2688 capio;
3337 2614 3432 2671 sed
3455 2612 3746 2688 legendum

2156 2700 2306 2759 puto,
2336 2688 2570 2767 planum:
2602 2689 2805 2767 Planus
2842 2689 3057 2767 Latine,
3102 2698 3161 2741 ut
3190 2686 3381 2767 Graece
3416 2687 3750 2767 «tempest

2158 2758 2367 2827 Scurra,
2394 2759 2706 2822 circulator,
2735 2760 3009 2827 deceptor,
3042 2758 3325 2827 impostor,
3350 2758 3742 2826 prmstigiator.

2156 2826 2414 2885 Horatius
2443 2829 2534 2884 lib.
2566 2846 2581 2883 ι
2606 2830 2789 2900 epist.,
2820 2826 2888 2884 ad
2919 2826 3179 2883 Scaevam.

2280 2918 2384 2968 Nec
2405 2917 2562 2968 semel
2585 2919 2756 2968 irrisus
2778 2919 2934 2968 triviis
2951 2917 3178 2969 attollere
3204 2922 3345 2966 curat

2282 2980 2459 3030 Fracto
2482 2993 2627 3029 crure
2652 2980 2947 3042 plsuum.....

2079 3075 2123 3137 (ς
2153 3058 2424 3118 Iuvencus
2454 3061 2548 3115 lib.
2577 3076 2632 3115 ιν
2651 3060 2788 3116 Hist.
2817 3061 3021 3131 Evang.

2274 3149 2414 3213 Quae
2437 3150 2909 3213 meminissedecet,
2935 3150 3161 3213 quoniam
3184 3147 3465 3213 planusille
3484 3146 3677 3197 solebat

2276 3210 2475 3272 Vulgari
2507 3224 2705 3271 semper
2723 3212 2906 3271 jactsns
2930 3210 3220 3274 promittere
3241 3210 3394 3273 plebi.

2154 3294 2524 3349 Tertullianus
2544 3291 2636 3347 lib.
2663 3298 2934 3347 utcontra
2961 3291 3283 3347 Marcionem
3312 3309 3325 3343 :
3355 3290 3453 3344 «Et
3477 3290 3615 3344 adeo
3637 3304 3747 3343 non

2153 3380 2260 3435 qua
2324 3363 2545 3435 alterius
2582 3362 2699 3435 Dei,
2746 3362 3018 3435 Christum
3068 3361 3304 3435 aversati
3351 3362 3741 3435 persecutique

2154 3429 2297 3495 sunt,
2328 3433 2422 3487 sed
2465 3447 2569 3503 qua
2597 3431 2933 3503 solummodo
2985 3431 3280 3503 hominem,
3322 3429 3485 3503 quem
3521 3429 3743 3499 planum

2156 3504 2412 3581 in_signis
2435 3500 2499 3581 et
2519 3502 2856 3581 aemulummin
2883 3500 3612 3581 7doctrinisuesistirnabant:
3641 3518 3666 3580 ι.
3684 3507 3746 3552 et.

2156 3570 2341 3628 infra':
2376 3590 2394 3624 ι
2434 3572 2542 3628 Sed
2588 3587 2690 3627 nec
2736 3570 2988 3627 effectum
3033 3571 3242 3627 consilii
3278 3570 3438 3637 hujus
3488 3570 3741 3631 invenio;

2156 3659 2280 3718 cum
2332 3642 2547 3718 facilius
2595 3650 2885 3718 aut__suum
2922 3641 3251 3718 crediderint
3290 3632 3745 3718 Christum.maut

2155 3713 2375 3783 planum
2432 3713 2612 3783 potius
2662 3711 2895 3781 aliquem
2942 3726 3104 3781 quam
3163 3711 3388 3765 alterius
3429 3708 3529 3764 Dei
3584 3707 3744 3763 Chrio

2156 3793 2318 3838 stum.
2352 3802 2371 3834 ι

2230 3856 2257 3893 ε
2268 3850 2519 3923 Amplius
2545 3851 2829 3923 populosis.
2861 3850 2940 3907 Ita
2974 3851 3027 3923 in
3065 3850 3185 3906 cod.
3214 3846 3740 3923 VindocineusiXe-

2156 3922 2371 4045 ngphpn
2398 3921 2491 3977 lib.
2513 3919 2619 4044 liae
2642 3920 2771 3992 Cyri
2802 3922 3141 3977 institutione
3168 3919 3401 3992 appellat
3421 3920 3741 3990 οἰκουμένας.

2158 4009 2176 4045 ι
2233 4008 2291 4045 es
2325 4032 2339 4045 .
2366 4006 2506 4045 oonu
2531 4006 2675 4045 esas.

2158 3993 2212 4047 id
2233 4000 2339 4057 est,
2366 3993 2675 4057 populosas.

2227 4006 2779 4131 ξείἰὲἓῗξέιέῗιῗιῗᾟει
2825 4061 3206 4142 ccenaculum._
3227 4056 3526 4140 triclinium
3558 4057 3612 4113 in
3635 4072 3745 4180 quo

2229 4139 2325 4180 unt
2352 4130 2599 4180 monachi
2632 4130 2716 4180 vel
2761 4131 3028 4180 canonici.
3071 4128 3287 4180 Addrtto
3312 4130 3338 4180 ί
3365 4126 3607 4180 Canttul.
3682 4143 3742 4179 u-

2157 4132 2329 4210 edunt
2352 4126 2599 4210 monachi
2632 4130 2717 4210 vel
2761 4131 3028 4210 canogiei.
3071 4128 3287 4210 A_dditio
3312 4130 3338 4183 l
3365 4126 3607 4199 Capitul.
3639 4126 3742 4210 [τυ-

2159 4201 2332 4257 dovici
2376 4201 2734 4269 imperatoris,
2756 4268 2759 4269 ν
2782 4201 2864 4256 tit.
2893 4202 2964 4256 52
2992 4218 3005 4256 :
3036 4219 3054 4253 ι
3095 4199 3287 4254 Laicus
3314 4198 3481 4269 causa
3514 4198 3732 4251 mandu~

2160 4271 2317 4345 gaudi
2340 4268 2706 4345 autgbibendi
2734 4268 2811 4345 _in
2851 4271 3203 4345 refectorium
3250 4283 3355 4345 non
3405 4268 3659 4345 ducatur.
3698 4285 3732 4345 ,ι

2160 4339 2487 4410 Capitularis
2530 4340 2709 4395 Caroli
2734 4339 2916 4410 Regis,
2942 4342 3026 4395 tit.
3058 4339 3125 4394 l6
3152 4358 3165 4392 :
3196 4358 3214 4410 ι
3246 4337 3508 4410 canonici
3534 4338 3586 4391 in
3611 4337 3743 4410 civi-

2082 4419 2133 4478 ι)
2162 4405 2270 4465 tate
2297 4410 2378 4464 vel
2408 4410 2461 4463 in
2484 4405 2903 4466 monasteriis'in
2935 4409 3251 4466 dormitorio
3275 4408 3572 4469 dormiant,
3600 4414 3654 4460 et
3685 4405 3739 4458 in

2161 4479 2446 4554 refectprio
2475 4481 2780 4554 c9_med_ant.
2830 4499 2849 4533 ι
2896 4480 3079 4554 Graeci
3109 4480 3379 4551 appellant
3414 4481 3738 4554 ἄριστήριον.

2159 4548 2951 4689 θρῗδιέὲιῗῗὲιῆίιῗὲἳέῗῗίιῗῗὲ
2978 4549 3309 4690 ἶέἓῖῐηοαι).
3333 4618 3424 4674 29.

501 4736 2269 4763 Ἦ-

1776 4882 2109 4960 CAPUT
2182 4885 2379 4964 XXI.

1500 5034 1586 5087 DE
1626 5035 1976 5094 UNDECIMO
2010 5039 2246 5100 GRADU
2285 5045 2744 5106 HUMILITATIS.

1914 5163 2286 5182 _—————

704 5223 798 5296 §l.
826 5254 895 5264 —-
926 5224 1000 5279 Ex
1043 5225 1260 5280 Rectus
1299 5241 1485 5282 sszvcrt
1524 5227 1837 5283 BENEDICTI.

558 5314 882 5371 Undecimus
905 5316 1223 5372 humilitatis
1257 5318 1455 5387 gradus
1482 5327 1583 5380 est,
1630 5317 1698 5382 si,
1738 5336 1858 5374 cum
1891 5320 2064 5391 loqui-

484 5414 575 5460 tur
610 5405 928 5472 monachus,
966 5406 1159 5463 leniter
1193 5416 1250 5463 et
1275 5409 1391 5464 siue
1444 5410 1576 5473 risu,
1618 5410 1896 5466 humiliter
1934 5429 2058 5468 cum

555 5513 808 5589 !_Et_non
829 5516 896 5569 sit
924 5515 1185 5589 clamosus
1215 5520 1270 5573 in
1294 5536 1427 5573 voce.
1458 5519 1590 5574 Nam
1614 5521 1850 5589 superbi,
1879 5533 1938 5577 ut
1966 5538 2056 5576 no-

484 5588 564 5662 tat
592 5582 649 5637 S.
682 5583 914 5662 lfrosper
935 5587 1028 5662 lib.
1058 5604 1117 5642 tu
1145 5590 1209 5662 de
1238 5589 1357 5643 Vita
1386 5582 1820 5660 contemplativa,
1839 5582 1971 5662 cap.
2001 5595 2054 5659 8,

426 5676 438 5694 ο
484 5650 705 5726 damgsi
731 5650 859 5726 sunt
888 5656 939 5709 in
964 5656 1248 5726 loquendo.

555 5721 581 5760 ι’
610 5718 833 5790 Sapiens
859 5718 1049 5791 verbis,
1070 5737 1173 5781 etc.
1208 5728 1305 5784 llic
1337 5729 1484 5785 locus
1537 5734 1587 5787 in
1619 5740 1725 5787 tota
1778 5731 2053 5802 Scriptura

2160 5236 2443 5305 gravitate,
2476 5240 2558 5296 vel
2581 5256 2750 5311 pauca
2777 5244 2937 5297 verba
2984 5251 3039 5298 et
3081 5244 3423 5300 rationabilia
3449 5246 3724 5317 loquatur;

2160 5337 2183 5365 ο
2209 5333 2265 5381 et
2300 5344 2405 5382 non
2435 5330 2505 5385 sit
2551 5331 2821 5388 clamosus
2847 5333 2898 5387 in
2946 5349 3099 5396 voce,
3128 5335 3265 5390 sicut
3308 5336 3575 5407 scriptum
3605 5346 3685 5395 est
3707 5352 3726 5391 :

2159 5414 2187 5455 ι’
2209 5415 2434 5487 Sapiens
2469 5420 2633 5475 verbis
2662 5423 2935 5477 inualescit
2954 5426 3158 5494 paucis.

2157 5542 2261 5597 non
2289 5527 2540 5590 habetur.
2568 5532 2662 5587 sed
2689 5542 2865 5589 exstat
2894 5535 2947 5589 in
2973 5536 3255 5593 sententiis
3280 5536 3440 5597 Sixti.
3464 5538 3727 5595 sententia

2166 5596 2294 5677 134:
2318 5598 2645 5677 Undeillud,
2676 5602 2935 5677 Scriptum
2954 5615 3051 5668 est,
3080 5622 3184 5661 non
3214 5622 3427 5677 semper
3453 5611 3521 5665 de
3543 5620 3729 5665 sancta

2166 5665 2443 5740 Scriptura
2470 5665 2804 5744 intelligitur,
2836 5684 2893 5728 ut
2920 5665 3082 5746 supra
3109 5677 3303 5732 notavi.
