3958 6198
155 350 259 406 8’ἶ9

1059 339 1447 397 CUNCOREH
1490 332 1950 392 REGULARUM.
1992 366 2062 376 —
2093 335 2246 391 CAP.
2289 335 2450 391 XXII.

3316 332 3421 389 870

150 467 277 516 bem
295 461 350 513 in
369 474 458 512 ore
478 472 573 510 suo
596 454 984 525 redargutiones
1007 451 1177 525 (l’sal.
1210 453 1439 521 xxxvii).
1501 451 1579 505 Tu
1606 466 1737 520 quo.
1764 452 1813 511 Α
1843 456 1952 502 tate
1983 455 2037 502 et
2070 448 2387 517 compendio
2422 447 2796 502 mandatorum
2830 446 3078 502 universa
3108 448 3423 503 memoriter

150 567 259 623 que
290 550 438 604 velut
470 547 683 612 surdus,
724 554 781 600 et
823 553 1032 611 mutus,
1075 554 1130 599 ct
1177 559 1352 599 caecus
1400 544 1635 605 incedas,
1682 553 1741 598 ut

150 657 174 684 ι
206 644 418 711 absque
446 639 589 693 illius
612 637 1099 707 contemplatione,
1125 637 1214 706 qui
1240 635 1332 690 tibi
1348 634 1508 688 fuerit
1525 637 1591 689 ad
1616 635 1739 688 imi-

150 734 383 788 tandum
428 728 623 785 merito
660 727 1010 798 perfectionis
1047 728 1273 794 electus,
1304 727 1556 783 universa
1600 743 1743 799 qum-

155 837 376 893 cunque
428 820 630 876 videris
669 818 847 874 minus
885 818 1257 874 :cdilicationis
1300 819 1551 873 habentia
1597 819 1741 873 velut

152 928 336 970 caecus
374 927 481 966 non
530 911 739 974 videas;
789 923 855 962 ne
908 908 1175 964 animatus
1224 924 1434 973 eorum,
1490 909 1741 979 qui,ha‘c

152 1012 347 1075 agunt,
375 1000 701 1063 auctoritate
728 999 812 1052 vel
848 997 1019 1053 forma
1046 999 1111 1053 ad
1139 998 1188 1053 id
1215 1000 1359 1070 quod
1390 1000 1629 1054 deterius
1656 1008 1740 1055 cst

152 1106 209 1151 et
235 1094 380 1166 quod
403 1101 526 1148 ante
554 1092 933 1154 damnaveras,
966 1090 1287 1145 traducaris.
1336 1089 1392 1144 Si
1430 1089 1741 1145 iuobedien-

155 1197 290 1253 tem,
329 1187 374 1241 si
409 1195 811 1246 contumacem,
860 1183 904 1236 si
950 1181 1318 1236 detrahentem
1362 1181 1611 1243 audieris,
1654 1181 1739 1235 vel

154 1295 316 1332 secus
347 1291 511 1345 quam
552 1268 805 1328 traditum
843 1278 945 1335 est,
980 1271 1180 1341 aliquid
1208 1271 1600 1333 admittentem,
1632 1287 1737 1324 non

154 1366 473 1432 oﬂ’endaris,
513 1381 629 1441 nec,
652 1365 719 1418 ad
754 1362 1070 1417 imitandum
1112 1377 1233 1416 cum
1275 1361 1365 1415 tali
1405 1361 1739 1415 subvertaris

156 1456 406 1528 exemplo
432 1475 444 1510 :
471 1455 565 1511 sed
596 1463 653 1509 ut
685 1448 907 1515 surdus,
929 1452 1018 1522 qui
1046 1450 1161 1505 lm‘c
1185 1451 1400 1521 penitus
1429 1466 1525 1506 nec
1556 1451 1742 1506 audie-

157 1551 253 1614 ris,
288 1548 542 1602 universa
579 1544 931 1599 transmittas.
985 1542 1042 1596 Si
1079 1541 1174 1595 tibi
1213 1539 1296 1595 vel
1334 1541 1583 1609 cuiquam
1617 1556 1741 1595 con-
1786 1568 1795 1589 κ

156 1637 296 1691 vicia
331 1636 639 1704 irrogautur
668 1631 892 1701 injuriae,
931 1640 1049 1686 esto
1085 1630 1376 1684 immobilis
1411 1631 1477 1683 ad
1514 1644 1738 1701 respon-

155 1730 367 1783 sionem
386 1724 624 1790 talionis,
646 1734 705 1779 ut
728 1733 908 1779 mutus
930 1721 1172 1777 ausculta
1196 1736 1408 1791 semper
1428 1723 1570 1776 hunc
1592 1721 1741 1778 Psal-

1841 542 2148 612 complecti.
2206 541 2344 595 Audi
2402 556 2533 610 ergo
2582 541 2772 611 paucis
2821 540 3064 595 ordinem
3114 554 3212 609 per
3259 555 3422 610 quem

1840 631 2132 687 ascendere
2154 631 2220 685 ad
2242 629 2626 700 perfectionem
2655 644 2921 685 summam
2964 629 3080 684 sine
3103 628 3213 684 ullo
3238 626 3425 687 labore

1841 736 1905 776 ac
1942 719 2260 776 difficultate
2288 719 2489 774 valeas.
2526 719 2857 788 Principium
2896 727 3097 773 nostra:
3138 718 3327 774 salutis
3362 735 3426 775 ac

1840 812 2120 882 sapientiae
2145 811 2438 866 secundum
2461 809 2772 880 Scripturas
2794 810 2957 863 timor
2974 809 3189 864 Domini
3210 820 3312 865 est.
3352 813 3428 867 De

1842 904 2035 957 timore
2082 900 2295 956 Domini
2345 900 2586 954 nascitur
2629 900 2972 968 compunctio
3018 900 3310 966 salutaris,
3360 902 3427 957 de

1840 991 2252 1059 compunCtione
2293 989 2476 1043 cordis
2522 988 2766 1057 procedit
2811 989 3137 1044 renuntiatio
3163 1030 3179 1055 ,
3222 990 3276 1046 id
3321 1002 3425 1057 est,

1839 1082 2054 1136 nuditas
2082 1087 2135 1133 et
2162 1086 2502 1147 contemptus
2524 1080 2765 1133 omnium
2796 1077 3133 1144 facultatum,
3173 1079 3239 1135 de
3270 1083 3430 1136 nudi-

1840 1181 1949 1227 tate
1990 1170 2269 1226 humilitas
2299 1178 2617 1240 procreatur
2643 1209 2657 1234 ,
2701 1169 2766 1223 de
2801 1169 3103 1223 humilitate
3142 1180 3431 1239 generatur

1839 1260 2191 1316 mortiﬁcatio
2221 1260 2576 1330 voluptatum,
2620 1260 2685 1314 de
2728 1259 3146 1314 mortificatione
3179 1260 3429 1330 volupta-

1840 1360 1954 1405 tum
1988 1351 2358 1420 exstirpantur
2397 1358 2559 1418 atque
2599 1358 2944 1403 marcescunt
2975 1349 3230 1403 universa
3261 1349 3394 1403 vitia
3415 1390 3429 1412 ,

1840 1440 1906 1496 de
1943 1441 2258 1511 expulsione
2295 1441 2549 1494 vitiorum
2575 1439 2803 1493 virtutes
2833 1439 2857 1477 ιι
2888 1437 3238 1505 fructificant,
3268 1448 3432 1509 atque

1841 1543 2205 1600 succrescunt,
2242 1533 2308 1587 de
2329 1531 2682 1602 pullulatione
2711 1531 2964 1584 virtutum
3004 1532 3213 1599 puritas
3252 1532 3426 1588 cordis

1841 1624 2161 1693 acquiritur,
2190 1637 2288 1693 per
2312 1621 2601 1691 puritatem
2642 1620 2823 1674 cordis
2853 1620 3163 1689 apostolica:
3188 1622 3420 1677 Charita-

1843 1715 1913 1769 tis
1937 1714 2200 1785 perfectio
2223 1713 2549 1783 possidetur.

154 1819 333 1873 mistcc
355 1818 680 1875 versiculum
708 1816 762 1870 in
789 1823 880 1869 tuo
908 1814 1071 1870 corde
1098 1811 1392 1867 decantans
1417 1831 1427 1864 :
1451 1811 1576 1866 Dixi
1600 1831 1617 1866 :
1640 1810 1742 1865 Cu-

1933 1828 1962 1902 §
2001 1828 2252 1885 V.—-Ex
2291 1828 2510 1883 Recuu
2546 1842 2734 1882 schrt
2774 1826 2977 1882 BASlLll
3020 1826 3157 1899 (cap.
3192 1828 3332 1899 N7).

152 1910 386 1963 stadium
418 1910 526 1964 vias
558 1923 720 1972 meas,
750 1916 804 1960 ut
836 1921 939 1959 non
977 1903 1275 1974 delinquam
1302 1904 1356 1957 in
1383 1902 1562 1974 lingua
1588 1919 1740 1968 mea;

152 2000 308 2068 posui
335 2000 417 2052 ori
436 2015 548 2051 meo
572 1996 879 2058 custodiam,
906 1995 1031 2048 dum
1059 1995 1360 2048 consisteret
1378 2003 1622 2065 peccator
1641 1994 1740 2047 ad-

155 2104 362 2142 versum
394 2104 473 2141 me
494 2101 511 2138 :
532 2085 766 2140 obmutui
792 2093 839 2138 et
883 2084 1189 2138 humiliatus
1209 2101 1342 2148 sum,
1368 2093 1418 2139 et
1437 2083 1561 2137 silui
1588 2102 1619 2136 a
1647 2082 1740 2136 bo-

154 2178 235 2231 nis
266 2175 442 2249 (Psal.
477 2176 726 2247 xxxvm).
765 2173 964 2229 Verum
995 2181 1051 2229 et
1078 2182 1333 2243 quartum
1361 2174 1462 2228 hoc
1492 2188 1602 2243 pne
1625 2188 1743 2227 om-

154 2270 317 2324 nibus
345 2269 532 2324 excole
561 2269 619 2333 ι’,
648 2269 790 2338 quod
812 2268 926 2321 haec
949 2307 964 2332 ,
997 2281 1118 2336 quae
1142 2280 1306 2336 supra
1334 2266 1600 2331 diximus,
1634 2267 1741 2322 tria

154 2370 357 2417 ornent
381 2370 435 2417 te
459 2360 1051 2440 atquecommendent.
1095 2358 1153 2415 Id
1194 2368 1300 2426 est,
1340 2368 1401 2414 ut
1433 2359 1657 2415 stultum
1689 2370 1741 2417 te

154 2452 454 2508 secundum
488 2438 731 2522 Apostoli
762 2449 808 2522 [ο
840 2449 1189 2523 ριἰυοθριιιηι]
1218 2451 1538 2506 sententiam
1574 2450 1741 2509 facias

156 2544 211 2598 in
240 2544 347 2600 hoc
372 2542 571 2598 mundo
591 2583 607 2608 ,
632 2550 692 2597 ut
719 2543 793 2596 sis
822 2541 1040 2612 sapiens
1063 2539 1115 2613 (Ι
1141 2539 1265 2594 Cor.
1293 2540 1410 2610 111),
1438 2540 1573 2596 nihil
1599 2542 1742 2596 scili-

154 2644 241 2691 cet
265 2636 598 2700 discernens,
633 2633 764 2689 nihil
786 2633 1087 2705 dijudicaus
1121 2648 1187 2688 ex
1220 2633 1304 2688 his
1333 2648 1454 2704 quae
1488 2633 1584 2688 tibi
1622 2631 1740 2689 fue-

157 2728 268 2783 rint
289 2728 573 2799 imperata,
596 2726 690 2782 sed
712 2742 832 2781 cum
856 2725 1004 2781 omni
1032 2724 1376 2796 simplicitate
1400 2734 1457 2781 et
1485 2725 1590 2781 fide
1612 2726 1743 2781 obe-

154 2818 419 2874 dientiam
454 2829 669 2887 semper
708 2815 986 2881 exhibeas,
1026 2814 1158 2870 illud
1202 2815 1574 2871 tantummodo
1615 2830 1743 2871 san-

155 2919 323 2971 ctum,
373 2907 503 2963 illud
543 2906 697 2973 utile,
740 2905 870 2960 illud
910 2906 1126 2978 sapiens
1159 2903 1427 2976 judicans,
1478 2905 1741 2976 quidquid

156 3001 253 3056 tibi
284 2998 372 3056 vel
398 2997 485 3054 lex
516 2998 639 3066 Dei,
674 2984 756 3053 vel
787 2996 836 3071 [δ
872 2995 981 3072 lex]
1012 2998 1243 3055 senioris
1277 3012 1503 3055 examen
1529 2999 1739 3056 indixe-

158 3092 246 3145 rit.
290 3088 411 3146 Tali
435 3090 639 3146 etenim
669 3089 1011 3146 institutione
1036 3088 1292 3145 fundatus
1321 3089 1423 3145 sub
1453 3090 1741 3165 disciplina

1912 1918 2172 1988 Interrog.
2210 1930 2225 1958 ι
2251 1916 2445 1971 Anima
2473 1924 2596 1986 post
2621 1916 2784 1970 multa
2816 1924 3034 1986 peccata
3062 1925 3113 1971 et
3141 1925 3262 1987 post
3287 1917 3429 1972 mul-

1846 2017 1928 2064 tas
1958 2024 2069 2063 suae
2094 2008 2219 2061 vita:
2245 2007 2494 2061 miserias
2522 2022 2644 2061 cum
2674 2007 2819 2076 quali
2866 2007 3060 2062 timore
3096 2015 3149 2061 et
3176 2007 3426 2078 qualibus

1842 2097 2097 2170 lacrymis
2134 2097 2299 2154 debet
2327 2096 2581 2152 recedere
2623 2112 2654 2151 a
2691 2097 2944 2167 peccatis,
2976 2105 3031 2150 et
3056 2096 3202 2167 quali
3243 2113 3338 2167 spe
3373 2107 3430 2153 et

1840 2188 2036 2244 allecto
2066 2188 2324 2242 accedere
2351 2187 2419 2241 ad
2455 2187 2742 2241 Dominum
2770 2186 2959 2241 debet?
2976 2217 3048 2226 —
3072 2185 3219 2258 Resp.
3245 2186 3429 2243 Primo

1840 2279 2056 2350 quidem
2109 2277 2290 2333 odisse
2346 2276 2508 2332 debet
2571 2276 2720 2332 illam
2766 2291 2921 2331 suam
2973 2277 3211 2347 priorem
3257 2278 3429 2335 vitam

1845 2366 1858 2419 i
1892 2366 2183 2423 notabilem
2212 2374 2269 2423 et
2306 2367 2478 2437 ipsam
2509 2366 2826 2423 memoriam
2865 2366 2982 2436 ejus
3010 2368 3431 2436 perhorrescere

1840 2466 2001 2528 atque
2021 2458 2288 2511 execrari.
2322 2455 2597 2527 Scriptum
2623 2464 2708 2512 est
2730 2457 2874 2511 enim
2904 2472 2919 2510 :
2943 2456 3278 2530 Iniquitatem
3307 2459 3428 2513 odio

1840 2546 2021 2613 habui,
2057 2555 2107 2599 et
2134 2546 2467 2600 abominatus
2494 2563 2634 2611 sum,
2664 2546 2826 2617 legem
2864 2556 3040 2600 autem
3082 2557 3227 2602 tuam
3266 2548 3430 2604 dilexi

1841 2635 2016 2708 (Psal.
2042 2636 2256 2706 cxvm).
2287 2637 2311 2677 ιε
2336 2637 2539 2692 Deinde
2573 2644 2633 2691 ut
2659 2637 2917 2707 majorem
2953 2637 3201 2692 timorem
3232 2639 3432 2695 habeat

1842 2727 2124 2799 magistro,
2154 2734 2339 2781 utatur
2372 2726 2513 2795 ignis
2539 2726 2729 2781 aeterni
2762 2735 2908 2780 metu
2941 2733 2997 2780 et
3025 2739 3201 2795 preme
3227 2742 3422 2797 perpe-

1842 2824 1967 2871 tuze.
1997 2814 2104 2871 Sed
2130 2824 2185 2870 et
2214 2815 2576 2887 lacrymarum
2606 2823 2816 2885 tempus
2843 2822 3100 2884 agnoscat
3121 2830 3222 2884 per
3248 2818 3427 2886 pmni-

1843 2906 2098 2973 tentiam,
2147 2905 2286 2962 sicut
2312 2905 2482 2961 David
2511 2905 2695 2961 docuit
2732 2905 2784 2959 iu
2818 2912 2972 2959 sexto
2994 2903 3201 2974 psalmo
3228 2920 3428 2978 purga-

1843 2997 2041 3053 tionem
2070 3005 2416 3069 peccatorum
2446 2997 2561 3051 tleri
2590 3011 2750 3066 posse
2782 2997 3029 3051 ubertate
3062 2994 3429 3068 lacrymarum

1842 3086 1898 3142 in
1923 3087 2183 3158 sanguine
2202 3085 2401 3143 Christi
2426 3101 2527 3157 per
2549 3086 2846 3157 potentiam
2874 3086 3260 3142 misericordiae
3287 3087 3428 3157 ejus,

157 3183 262 3240 hac
296 3181 498 3238 durare
536 3180 739 3251 poteris
771 3188 1069 3251 perpetuo:
1092 3187 1148 3235 et
1191 3180 1257 3236 de
1296 3182 1547 3237 ccenobio
1586 3181 1746 3239 nullis
1772 3180 1817 3244 C
1846 3187 1903 3235 ct
1924 3194 2022 3251 per
2044 3178 2443 3235 multitudinem
2472 3179 2885 3236 miserationum
2914 3179 3033 3235 Dei.
3072 3179 3211 3246 Quia
3236 3182 3284 3236 si
3312 3182 3430 3252 {ue-

158 3271 548 3328 tentationibus
584 3270 824 3337 inimici,
864 3268 1025 3326 nullis
1059 3270 1384 3327 factionibus
1421 3271 1741 3329 devolveris.

162 3374 188 3403 ο
213 3363 356 3433 Ergo
386 3362 700 3434 patientiam
739 3370 889 3418 tuam
920 3375 1028 3418 non
1066 3361 1234 3418 debes
1262 3361 1330 3417 de
1362 3361 1591 3418 aliorum
1619 3377 1745 3433 spe-

159 3468 282 3511 rare
315 3453 540 3518 virtute,
570 3452 623 3508 id
647 3460 765 3517 est,
794 3458 856 3507 ut
882 3458 1009 3507 tunc
1030 3466 1151 3507 eam
1179 3451 1548 3507 tantummodo
1577 3452 1748 3523 possi-

160 3546 319 3610 deas,
355 3558 481 3598 cum
512 3558 542 3597 a
569 3541 786 3598 nemine
813 3540 979 3597 fueris
1018 3541 1299 3598 irritatus:
1323 3542 1467 3612 quod
1492 3551 1552 3597 ut
1575 3543 1748 3614 possit

162 3651 266 3691 non
297 3633 544 3700 evenire,
582 3644 687 3690 tuae
718 3649 825 3690 non
862 3632 1107 3705 subjacet
1130 3633 1407 3705 potestati,
1443 3635 1538 3690 sed
1564 3634 1746 3704 potius

162 3725 227 3779 de
254 3724 564 3780 humilitate
586 3731 679 3779 tua
706 3723 789 3781 vel
815 3722 1225 3795 longanimitate
1249 3738 1370 3794 quae
1400 3723 1455 3778 in
1487 3733 1580 3779 tuo
1606 3740 1743 3795 pen—

162 3812 251 3868 det
290 3813 540 3869 arbitrio.
599 3813 621 3853 ι
660 3813 728 3869 Et
770 3822 830 3869 ut
875 3814 991 3870 haec
1019 3815 1227 3882 omnia,
1270 3829 1391 3887 qua:
1419 3813 1599 3872 latiori
1631 3832 1746 3873 ser-

163 3917 322 3962 mone
350 3901 555 3975 digesta
578 3912 723 3970 sunt,
752 3904 902 3961 cordi
931 3912 1025 3958 tuo
1048 3902 1265 3961 facilius
1302 3902 1670 3971 inculcentur,‘
1689 3916 1747 3962 et

160 3995 507 4052 tenacissime
538 3996 642 4051 tuis
661 3995 906 4053 sensibus
929 3994 1141 4051 valeant
1161 3995 1445 4061 inhaerere,
1473 3998 1746 4067 quoddam

162 4100 224 4159 es
252 4085 324 4141 iis
355 4087 381 4126 ⁵
406 4085 735 4141 breviarium
759 4085 1033 4158 colligam,
1061 4100 1159 4157 per
1182 4086 1326 4157 quod
1351 4088 1529 4157 possis
1559 4087 1743 4145 brevi-

230 4228 256 4257 ι
298 4215 502 4286 Absque
523 4214 668 4270 illius
691 4213 1141 4286 contemplatione.
1177 4214 1235 4269 ld
1257 4222 1344 4271 est
1359 4257 1374 4281 ,
1402 4223 1600 4286 praster
1619 4233 1745 4274 con-

161 4285 587 4357 templatibnem.
626 4285 1020 4357 Contemplatio
1044 4287 1146 4357 hoc
1169 4286 1290 4357 loco
1319 4285 1417 4357 esti
1435 4288 1744 4344 considera-

159 4356 258 4419 tio,
276 4355 351 4427 ut
379 4371 542 4427 supra
568 4374 581 4410 :
606 4372 723 4411 non'
727 4355 845 4424 jam
860 4355 1300 4427 contemplatione
1311 4356 1527 4427 judicii.

232 4426 262 4465 δ
307 4424 466 4490 Quod
500 4425 610 4496 lucc
643 4441 760 4496 qua:
794 4441 953 4496 supra
977 4424 1207 4496 diximus
1237 4424 1342 4481 tria
1377 4437 1560 4482 ornent
1587 4437 1637 4481 te
1661 4437 1744 4482 at—

156 4511 262 4589 ‘IL‘E
276 4494 668 4589 ‘Pffi’fel‘ff‘ff".
680 4494 1022 4589 ,ίέἓῗέεὲθά
1040 4496 1170 4562 ’m’
1185 4512 1473 4569 “mw?”
1488 4498 1736 4565 δίπίηίαδο
1767 4529 1820 4589 D

157 4565 262 4619 tria
291 4574 438 4636 ornet
463 4575 615 4636 atque
642 4565 984 4636 commendet.

233 4645 258 4703 ε
298 4630 649 4703 Βηνοερίωπ.
691 4630 993 4689 Redundat.

230 4701 259 4741 ἀ
306 4701 546 4758 Senioris
570 4704 672 4758 lex.
715 4704 903 4768 silex,
930 4704 1212 4759 redundat.

233 4785 259 4846 ξ
298 4772 445 4846 [Ergo
478 4774 804 4846 patientiam.
844 4776 977 4846 (ξαρ.
1006 4774 1078 4846 42
1111 4773 1350 4846 ejusdem
1380 4774 1526 4846 libri.

237 4844 257 4883 τ
302 4841 455 4915 ξίν(
474 4841 587 4915 lucc
608 4846 804 4915 omnia.
829 4841 983 4915 iCa'p.
1012 4845 1109 4899 ult.
1134 4841 1372 4915 ejusdem
1398 4844 1541 4900 libri.

232 4916 259 4954 ε
294 4911 647 4984 Bregiarium.
691 4913 798 4970 Hoc
827 4911 948 4969 loco
972 4922 1055 4968 est
1080 4911 1331 4984 epi'tome.
1381 4915 1586 4971 Glossa:
1607 4914 1740 4971 Phi-

155 4982 364 5062 loxeni.
396 4981 748 5062 B_ret_7iarium,
776 4988 1009 5058 intrepi.
1028 4981 1231 5041 Glossa:
1255 4984 1473 5056 Cyrilli:
1507 4988 1742 5062 ἄπιτομή.

156 5052 275 5106 Hoc
306 5053 637 5110 breviarium.

228 5123 258 5162 ιι
306 5119 679 5198 Fructiﬁcant.
727 5124 1177 5198 Legefruticant,
1223 5124 1279 5180 1d
1298 5135 1419 5198 est,
1459 5124 1744 5198 pullulant,

157 5190 831 5263 utvocabulapsequentia'
853 5190 1246 5263 demonstrant.
1288 5190 1542 5251 Sidenius
1571 5196 1664 5253 lib.
1706 5190 1741 5261 ιζ

157 5262 319 5331 epist.
370 5260 655 5320 2:1Pilis
711 5265 849 5321 infra
899 5262 1111 5323 narium
1160 5275 1314 5322 antra
1368 5260 1747 5325 fruticantibus

161 5331 476 5401 quotidiana
504 5334 752 5390 succisio.

1844 3266 1951 3326 rint
1974 3281 2186 3342 peccata
2211 3280 2379 3327 vestra
2407 3267 2427 3309 ι
2450 3270 2585 3325 sicut
2608 3266 2961 3337 Phanicium,
2988 3280 3046 3325 ut
3085 3270 3249 3326 nivem
3284 3271 3435 3326 deal-

1844 3362 1976 3418 babo
2013 3378 2034 3418 :
2077 3363 2124 3417 si
2159 3371 2336 3417 autem
2385 3362 2584 3433 fuerint
2627 3362 2766 3417 sicut
2802 3362 3095 3428 coccinum,
3151 3372 3208 3417 ut
3248 3361 3429 3418 lanam

1845 3455 2128 3511 candidam
2177 3454 2394 3527 ejﬁciam
2442 3452 2599 3526 (Isai.
2641 3453 2705 3524 ι).
2758 3453 2829 3507 Et
2876 3461 3001 3523 post
3046 3452 3159 3507 haec
3215 3461 3431 3523 recepta

1845 3544 2043 3601 virtute
2082 3552 2139 3600 et
2172 3543 2432 3599 facultate
2472 3542 2717 3614 placendi
2750 3543 2863 3598 Deo
2901 3542 3036 3598 dicit
3067 3561 3081 3596 :
3118 3540 3431 3597 Convertisti

1843 3632 2110 3705 planctum
2139 3649 2311 3688 meum
2341 3633 2397 3687 in
2423 3632 2674 3702 gaudium
2701 3632 2853 3697 mihi,
2884 3632 3187 3686 conscidis.’i
3217 3648 3431 3688 saccum

1844 3739 2019 3781 meum
2050 3734 2100 3780 et
2122 3724 2446 3796 prtecinzisti
2470 3740 2553 3778 me
2576 3723 2783 3789 Iustitia,
2812 3734 2872 3777 ut
2903 3710 3113 3795 psallat‘
3134 3722 3228 3778 tibi
3259 3723 3431 3795 gloria

1846 3834 1960 3873 mea
2004 3814 2179 3891 (Psal.
2223 3814 2399 3888 nix).
2452 3816 2520 3871 Et
2568 3815 2642 3871 ita
2696 3815 2961 3872 accedens
3015 3814 3085 3870 ad
3140 3814 3429 3870 Dominum

1844 3909 2038 3981 psallat
2061 3919 2116 3965 et
2139 3909 2324 3965 dicat:
2350 3907 2616 3964 Exaltabo
2652 3917 2723 3973 te,
2745 3906 2988 3973 Domine,
3023 3907 3273 3979 quoniam
3304 3925 3423 3963 sus-

1845 3997 2026 4068 cepisti
2077 4011 2189 4061 me,
2227 4005 2278 4051 ct
2320 4010 2423 4050 non
2477 3993 2749 4051 delcctasti
2811 3993 3051 4052 inimicos
3086 4009 3227 4050 meos
3265 4011 3422 4067 super

1845 4106 1926 4143 me
1958 4087 2170 4160 (Ibid.).

1921 4235 1939 4264 ι
1984 4221 2172 4294 Anima
2199 4233 2314 4294 post
2339 4222 2505 4277 multa
2534 4230 2760 4294 peccata.
2789 4220 3032 4294 [labetur
3056 4221 3197 4294 apud
3237 4221 3294 4278 S.
3319 4221 3422 4294 Ba:

1843 4291 2289 4416 gligméminterr.
2338 4294 2403 4348 10
2455 4291 2643 4364 Ili-gul.
2697 4293 2851 4348 brev.
2903 4291 3255 4350 Desideratur
3281 4293 3424 4365 apud

1895 4379 1927 4416 u
1972 4380 2003 4416 n
2107 4402 2119 4415 .

1895 4378 2119 4417 uunum.

1917 4431 1931 4483 i
1986 4429 2302 4487 Notabilem.
2334 4432 2391 4488 ld
2419 4440 2520 4496 est,
2554 4431 2901 4488 maculosam.

1918 4502 1945 4543 Ιι
1988 4502 2183 4573 Deinde
2210 4512 2266 4555 ut
2292 4504 2564 4572 majorem.
2608 4501 2729 4573 Non
2750 4501 2993 4573 redditur
3020 4515 3213 4557 sensus
3236 4510 3418 4573 textus

1844 4570 2018 4644 βπερὶ
2038 4612 2052 4636 ,
2083 4572 2137 4644 in
2166 4588 2273 4644 quo
2304 4570 2381 4625 ita
2405 4573 2670 4626 habetur:
2702 4570 2919 4644 ξἐπειτα
2945 4570 3000 4627 δὲ
3029 4573 3190 4644 φόϐου
3224 4570 3311 4642 ph
3340 4570 3420 4629 δι-

1843 4641 2090 4717 δά-σκαλον
2128 4641 2396 4717 λαμϐάνητε
2433 4648 2540 4717 ’τήν
2580 4642 2787 4717 autem
2840 4641 3053 4717 κρίςεωρ
3090 4641 3291 4717 «Easton
3336 4643 3421 4696 και
3484 4710 3491 4713 Α

1844 4714 2114 4784 uolucres,
2144 4698 2201 4784 id
2229 4719 2331 4776 est,
2364 4698 2555 4784 deinde
2575 4698 2824 4784 accipere
2858 4698 3418 4784 iitnori's_magistram

1844 4781 2318 4851 comminationem
2346 4779 2535 4851 aeterni
2562 4780 2754 4851 judicii
2783 4788 2839 4834 et
2860 4780 3135 4851 supplicii.

1921 4797 2318 4836 mmmauonem
2346 4797 2535 4834 aeterm
2556 4797 2754 4903 gnatm
2783 4797 2839 4834 et
2863 4797 3135 4851 suppueu.

1921 4850 1941 4891 ι
1985 4850 2135 4905 Sicut
2174 4849 2516 4920 Pliaznicium.
2597 4849 2813 4919 equitur
2853 4849 3201 4920 Septuaginta
3238 4850 3422 4920 inter-

1844 4930 2026 4991 pretes
2048 4934 2064 4973 :
2084 4921 2198 4974 Ἐὰν
2226 4916 2322 4974 ὦσι
2350 4919 2403 4973 αἱ
2428 4916 2670 4994 ἆμαρτίαὶ
2691 4921 2832 5039 ὐῖῶν
2853 4916 3208 4993 dic—pontus“,
3233 4918 3288 4973 id
3312 4927 3417 4984 est,

1850 4988 1910 5039 Si
1941 4989 2132 5039 fuerint
2160 4997 2369 5039 peccata
2399 4998 2566 5039 vestra
2595 4997 2649 5039 ut
2670 4986 2719 5039 Ρ
2756 4989 3014 5039 aenicium.
3042 4988 3188 5039 Hanc
3212 4988 3417 5039 versio-

1850 4986 1910 5045 ἰςί
1938 4989 2132 5058 fuerint
2159 4997 2373 5059 peccata
2399 4986 2566 5059 uestra
2595 4997 2649 5059 ut
2670 4986 3014 5059 Pjiwniciuin.
3042 4988 3188 5042 Hanc
3212 4988 3419 5059 versio-

1849 5054 1972 5115 nem
2002 5054 2244 5129 agnoscit
2260 5056 2333 5129 *8.
2357 5056 2593 5129 Isidorus
2619 5054 2950 5129 in_Genesini
2974 5072 3094 5126 cap.
3127 5071 3235 5110 xxv
3259 5074 3272 5110 :
3298 5056 3417 5110 Etsi

1849 5125 2058 5200 fuerint
2083 5130 2217 5182 sicut
2251 5126 2590 5200 Plitenicium.
2636 5125 2973 5200 Phoenicium
3020 5134 3411 5200 estpurpura,

1848 5194 1944 5255 seu
1973 5198 2462 5270 puniceus‘colora
2487 5194 3139 5270 thuicia_regim_te,_ubi
3162 5195 3414 5270 inventus

1846 5280 1930 5324 est
1973 5262 2007 5323 Ξι
2043 5283 2177 5323 cane
2214 5266 2482 5321 Herculis.
2535 5265 2670 5320 Vide
2706 5262 2904 5320 Juliuin
2932 5263 3225 5331 Pollucem,
3261 5262 3358 5319 lib.
3395 5278 3417 5320 ι

1849 5341 2126 5395 Onomast.
2140 5378 2153 5404 ,
2190 5353 2308 5408 cap.
2339 5336 2391 5391 4.

2350 5470 2365 5501 \
