  <div class='ocr_page' id='page_1' title='image "/cluster/home/n/w/nwhite01/storage/ocr_20150623/103/hvd.32044054759691/442.png"; bbox 0 0 3958 6198; ppageno 0'>
   <div class='ocr_carea' id='block_1_1' title="bbox 303 323 413 382">
    <p class='ocr_par' dir='ltr' id='par_1_1' title="bbox 303 323 413 382">
     <span class='ocr_line' id='line_1_1' title="bbox 303 323 413 382; baseline -0.055 0"><span class='ocrx_word' id='word_1_1' title='bbox 303 323 413 382; x_wconf 72' lang='lat'><strong>873</strong></span> 
     </span>
    </p>
   </div>
   <div class='ocr_carea' id='block_1_2' title="bbox 1237 313 2663 372">
    <p class='ocr_par' dir='ltr' id='par_1_2' title="bbox 1237 313 2663 372">
     <span class='ocr_line' id='line_1_2' title="bbox 1237 313 2663 372; baseline -0.001 -2"><span class='ocrx_word' id='word_1_2' title='bbox 1237 314 1628 372; x_wconf 76' lang='lat' dir='ltr'><strong>CONCORDIA</strong></span> <span class='ocrx_word' id='word_1_3' title='bbox 1665 313 2126 371; x_wconf 75' lang='lat' dir='ltr'><strong>REGULARUM.</strong></span> <span class='ocrx_word' id='word_1_4' title='bbox 2170 346 2239 355; x_wconf 89' lang='lat'>—</span> <span class='ocrx_word' id='word_1_5' title='bbox 2279 314 2431 369; x_wconf 76' lang='lat' dir='ltr'><strong>CAP.</strong></span> <span class='ocrx_word' id='word_1_6' title='bbox 2476 314 2663 369; x_wconf 69' lang='lat' dir='ltr'>XXIII.</span> 
     </span>
    </p>
   </div>
   <div class='ocr_carea' id='block_1_3' title="bbox 3485 322 3591 380">
    <p class='ocr_par' dir='ltr' id='par_1_3' title="bbox 3485 322 3591 380">
     <span class='ocr_line' id='line_1_3' title="bbox 3485 322 3591 380; baseline -0.028 -1"><span class='ocrx_word' id='word_1_7' title='bbox 3485 322 3591 380; x_wconf 66' lang='grc'><strong>871</strong></span> 
     </span>
    </p>
   </div>
   <div class='ocr_carea' id='block_1_4' title="bbox 304 425 3597 502">
    <p class='ocr_par' dir='ltr' id='par_1_4' title="bbox 304 425 3597 502">
     <span class='ocr_line' id='line_1_4' title="bbox 304 425 3597 502; baseline 0.001 -16"><span class='ocrx_word' id='word_1_8' title='bbox 304 436 408 488; x_wconf 87' lang='lat' dir='ltr'><strong>bus</strong></span> <span class='ocrx_word' id='word_1_9' title='bbox 443 429 537 499; x_wconf 93' lang='lat' dir='ltr'><strong>qui</strong></span> <span class='ocrx_word' id='word_1_10' title='bbox 586 427 846 498; x_wconf 76' lang='lat' dir='ltr'><strong>psaltrrii,</strong></span> <span class='ocrx_word' id='word_1_11' title='bbox 895 426 978 479; x_wconf 91' lang='lat' dir='ltr'><strong>vel</strong></span> <span class='ocrx_word' id='word_1_12' title='bbox 1031 426 1322 480; x_wconf 85' lang='lat' dir='ltr'><strong>lectionum</strong></span> <span class='ocrx_word' id='word_1_13' title='bbox 1378 427 1580 496; x_wconf 86' lang='lat' dir='ltr'><strong>aliquid</strong></span> <span class='ocrx_word' id='word_1_14' title='bbox 1620 427 1883 495; x_wconf 77' lang='lat' dir='ltr'><strong>indigent,</strong></span> <span class='ocrx_word' id='word_1_15' title='bbox 1917 429 1962 487; x_wconf 81' lang='grc' dir='ltr'>Α</span> <span class='ocrx_word' id='word_1_16' title='bbox 1992 425 2172 479; x_wconf 85' lang='lat' dir='ltr'><strong>citudo</strong></span> <span class='ocrx_word' id='word_1_17' title='bbox 2205 441 2301 480; x_wconf 89' lang='lat' dir='ltr'><strong>nos</strong></span> <span class='ocrx_word' id='word_1_18' title='bbox 2330 441 2426 496; x_wconf 85' lang='lat' dir='ltr'><strong>per</strong></span> <span class='ocrx_word' id='word_1_19' title='bbox 2456 428 2599 481; x_wconf 85' lang='lat' dir='ltr'><strong>diem</strong></span> <span class='ocrx_word' id='word_1_20' title='bbox 2627 428 2962 483; x_wconf 74' lang='lat' dir='ltr'><strong>custoditum</strong></span> <span class='ocrx_word' id='word_1_21' title='bbox 2991 440 3325 502; x_wconf 72' lang='lat' dir='ltr'><strong>prreparetur</strong></span> <span class='ocrx_word' id='word_1_22' title='bbox 3370 435 3597 490; x_wconf 43' lang='lat' dir='ltr'><strong>mellita-</strong></span> 
     </span>
    </p>
   </div>
   <div class='ocr_carea' id='block_1_5' title="bbox 311 516 1895 586">
    <p class='ocr_par' dir='ltr' id='par_1_5' title="bbox 311 516 1895 586">
     <span class='ocr_line' id='line_1_5' title="bbox 311 516 1895 586; baseline -0.004 -8"><span class='ocrx_word' id='word_1_23' title='bbox 311 519 645 579; x_wconf 71' lang='lat' dir='ltr'><strong>meditationi</strong></span> <span class='ocrx_word' id='word_1_24' title='bbox 690 517 1034 572; x_wconf 86' lang='lat' dir='ltr'><strong>inserviatur.</strong></span> <span class='ocrx_word' id='word_1_25' title='bbox 1078 518 1120 570; x_wconf 85' lang='lat' dir='ltr'><strong>A</strong></span> <span class='ocrx_word' id='word_1_26' title='bbox 1151 516 1359 572; x_wconf 82' lang='lat' dir='ltr'><strong>Pascha</strong></span> <span class='ocrx_word' id='word_1_27' title='bbox 1403 526 1585 571; x_wconf 85' lang='lat' dir='ltr'><strong>autem</strong></span> <span class='ocrx_word' id='word_1_28' title='bbox 1618 531 1792 586; x_wconf 90' lang='lat' dir='ltr'><strong>usque</strong></span> <span class='ocrx_word' id='word_1_29' title='bbox 1827 517 1895 571; x_wconf 91' lang='lat' dir='ltr'><strong>ad</strong></span> 
     </span>
    </p>
   </div>
   <div class='ocr_carea' id='block_1_6' title="bbox 306 609 1899 684">
    <p class='ocr_par' dir='ltr' id='par_1_6' title="bbox 306 609 1899 684">
     <span class='ocr_line' id='line_1_6' title="bbox 306 609 1899 684; baseline -0.006 -13"><span class='ocrx_word' id='word_1_30' title='bbox 306 629 470 684; x_wconf 84' lang='lat' dir='ltr'><strong>supra</strong></span> <span class='ocrx_word' id='word_1_31' title='bbox 526 612 705 667; x_wconf 86' lang='lat' dir='ltr'><strong>dictas</strong></span> <span class='ocrx_word' id='word_1_32' title='bbox 748 610 865 664; x_wconf 84' lang='lat' dir='ltr'><strong>Kal.</strong></span> <span class='ocrx_word' id='word_1_33' title='bbox 898 610 1219 666; x_wconf 79' lang='lat' dir='ltr'><strong>Novembris</strong></span> <span class='ocrx_word' id='word_1_34' title='bbox 1262 611 1341 665; x_wconf 90' lang='lat' dir='ltr'><strong>sic</strong></span> <span class='ocrx_word' id='word_1_35' title='bbox 1388 617 1725 680; x_wconf 90' lang='lat' dir='ltr'><strong>temperetur</strong></span> <span class='ocrx_word' id='word_1_36' title='bbox 1766 609 1899 663; x_wconf 87' lang='lat' dir='ltr'><strong>hora</strong></span> 
     </span>
    </p>
   </div>
   <div class='ocr_carea' id='block_1_7' title="bbox 310 698 1901 777">
    <p class='ocr_par' dir='ltr' id='par_1_7' title="bbox 310 698 1901 777">
     <span class='ocr_line' id='line_1_7' title="bbox 310 698 1901 777; baseline -0.006 -17"><span class='ocrx_word' id='word_1_37' title='bbox 310 704 615 777; x_wconf 80' lang='lat' dir='ltr'><strong>vigiliarum</strong></span> <span class='ocrx_word' id='word_1_38' title='bbox 666 700 899 771; x_wconf 78' lang='lat' dir='ltr'><strong>agenda,</strong></span> <span class='ocrx_word' id='word_1_39' title='bbox 952 708 1012 754; x_wconf 89' lang='lat' dir='ltr'><strong>ut</strong></span> <span class='ocrx_word' id='word_1_40' title='bbox 1057 700 1382 770; x_wconf 86' lang='lat' dir='ltr'><strong>parvissimo</strong></span> <span class='ocrx_word' id='word_1_41' title='bbox 1438 698 1750 763; x_wconf 89' lang='lat' dir='ltr'><strong>intervallo,</strong></span> <span class='ocrx_word' id='word_1_42' title='bbox 1792 713 1901 767; x_wconf 90' lang='lat' dir='ltr'><strong>quo</strong></span> 
     </span>
    </p>
   </div>
   <div class='ocr_carea' id='block_1_8' title="bbox 311 789 1896 858">
    <p class='ocr_par' dir='ltr' id='par_1_8' title="bbox 311 789 1896 858">
     <span class='ocr_line' id='line_1_8' title="bbox 311 789 1896 858; baseline -0.009 -2"><span class='ocrx_word' id='word_1_43' title='bbox 311 804 508 856; x_wconf 83' lang='lat' dir='ltr'><strong>Iratres</strong></span> <span class='ocrx_word' id='word_1_44' title='bbox 536 795 605 851; x_wconf 88' lang='lat' dir='ltr'><strong>ad</strong></span> <span class='ocrx_word' id='word_1_45' title='bbox 628 795 936 851; x_wconf 88' lang='lat' dir='ltr'><strong>necessaria</strong></span> <span class='ocrx_word' id='word_1_46' title='bbox 969 802 1177 849; x_wconf 74' lang='lat' dir='ltr'><strong>naturae</strong></span> <span class='ocrx_word' id='word_1_47' title='bbox 1204 800 1422 858; x_wconf 81' lang='lat' dir='ltr'><strong>exeant,</strong></span> <span class='ocrx_word' id='word_1_48' title='bbox 1468 808 1595 848; x_wconf 76' lang='lat' dir='ltr'><strong>mox</strong></span> <span class='ocrx_word' id='word_1_49' title='bbox 1623 789 1896 854; x_wconf 80' lang='lat' dir='ltr'><strong>matutini,</strong></span> 
     </span>
    </p>
   </div>
   <div class='ocr_carea' id='block_1_9' title="bbox 308 886 1723 965">
    <p class='ocr_par' dir='ltr' id='par_1_9' title="bbox 308 886 1723 965">
     <span class='ocr_line' id='line_1_9' title="bbox 308 886 1723 965; baseline -0.007 -18"><span class='ocrx_word' id='word_1_50' title='bbox 308 892 403 965; x_wconf 88' lang='lat' dir='ltr'><strong>qui</strong></span> <span class='ocrx_word' id='word_1_51' title='bbox 435 889 728 960; x_wconf 81' lang='lat' dir='ltr'><strong>incipiente</strong></span> <span class='ocrx_word' id='word_1_52' title='bbox 750 887 873 942; x_wconf 90' lang='lat' dir='ltr'><strong>luce</strong></span> <span class='ocrx_word' id='word_1_53' title='bbox 896 886 1091 956; x_wconf 79' lang='lat' dir='ltr'><strong>agendi</strong></span> <span class='ocrx_word' id='word_1_54' title='bbox 1118 892 1275 951; x_wconf 92' lang='lat' dir='ltr'><strong>sunt,</strong></span> <span class='ocrx_word' id='word_1_55' title='bbox 1300 886 1723 955; x_wconf 84' lang='lat' dir='ltr'><strong>subsequantur.</strong></span> 
     </span>
    </p>
   </div>
   <div class='ocr_carea' id='block_1_10' title="bbox 311 994 1904 1073">
    <p class='ocr_par' dir='ltr' id='par_1_10' title="bbox 311 994 1904 1073">
     <span class='ocr_line' id='line_1_10' title="bbox 311 994 1904 1073; baseline -0.004 -16"><span class='ocrx_word' id='word_1_56' title='bbox 311 1001 422 1073; x_wconf 81' lang='lat' dir='ltr'><strong>§ll.</strong></span> <span class='ocrx_word' id='word_1_57' title='bbox 451 1030 522 1040; x_wconf 91' lang='lat'><strong>--</strong></span> <span class='ocrx_word' id='word_1_58' title='bbox 544 998 628 1073; x_wconf 74' lang='lat' dir='ltr'><strong>Ex</strong></span> <span class='ocrx_word' id='word_1_59' title='bbox 653 1012 811 1052; x_wconf 76' lang='lat' dir='ltr'><strong>uano</strong></span> <span class='ocrx_word' id='word_1_60' title='bbox 850 1011 888 1050; x_wconf 87' lang='grc' dir='ltr'><strong>ιι</strong></span> <span class='ocrx_word' id='word_1_61' title='bbox 930 995 1360 1073; x_wconf 69' lang='lat' dir='ltr'><strong>Ixsrlrortonun</strong></span> <span class='ocrx_word' id='word_1_62' title='bbox 1404 995 1543 1068; x_wconf 86' lang='lat' dir='ltr'><strong>(cap.</strong></span> <span class='ocrx_word' id='word_1_63' title='bbox 1578 996 1688 1066; x_wconf 70' lang='grc'>14).</span> <span class='ocrx_word' id='word_1_64' title='bbox 1723 994 1904 1072; x_wconf 78' lang='lat' dir='ltr'><strong>Quare</strong></span> 
     </span>
    </p>
   </div>
   <div class='ocr_carea' id='block_1_11' title="bbox 417 1066 1795 1142">
    <p class='ocr_par' dir='ltr' id='par_1_11' title="bbox 417 1066 1795 1142">
     <span class='ocr_line' id='line_1_11' title="bbox 417 1066 1795 1142; baseline -0.004 -18"><span class='ocrx_word' id='word_1_65' title='bbox 417 1078 533 1142; x_wconf 76' lang='lat' dir='ltr'><strong>post</strong></span> <span class='ocrx_word' id='word_1_66' title='bbox 557 1070 775 1122; x_wconf 76' lang='lat' dir='ltr'><strong>missam</strong></span> <span class='ocrx_word' id='word_1_67' title='bbox 804 1077 1115 1120; x_wconf 83' lang='lat' dir='ltr'><strong>nocturnam</strong></span> <span class='ocrx_word' id='word_1_68' title='bbox 1146 1066 1376 1119; x_wconf 82' lang='lat' dir='ltr'><strong>dormire</strong></span> <span class='ocrx_word' id='word_1_69' title='bbox 1403 1066 1505 1119; x_wconf 80' lang='lat' dir='ltr'><strong>non</strong></span> <span class='ocrx_word' id='word_1_70' title='bbox 1539 1068 1795 1136; x_wconf 74' lang='lat' dir='ltr'><strong>oporteat.</strong></span> 
     </span>
    </p>
   </div>
   <div class='ocr_carea' id='block_1_12' title="bbox 387 1156 1906 1228">
    <p class='ocr_par' dir='ltr' id='par_1_12' title="bbox 387 1156 1906 1228">
     <span class='ocr_line' id='line_1_12' title="bbox 387 1156 1906 1228; baseline -0.003 -14"><span class='ocrx_word' id='word_1_71' title='bbox 387 1174 411 1202; x_wconf 78' lang='grc' dir='ltr'><strong>ι</strong></span> <span class='ocrx_word' id='word_1_72' title='bbox 453 1160 621 1228; x_wconf 83' lang='lat' dir='ltr'><strong>Quem</strong></span> <span class='ocrx_word' id='word_1_73' title='bbox 646 1158 887 1212; x_wconf 82' lang='lat' dir='ltr'><strong>laborem</strong></span> <span class='ocrx_word' id='word_1_74' title='bbox 916 1164 1115 1227; x_wconf 65' lang='lat' dir='ltr'><strong>praeter</strong></span> <span class='ocrx_word' id='word_1_75' title='bbox 1140 1157 1287 1210; x_wconf 90' lang='lat' dir='ltr'><strong>illam</strong></span> <span class='ocrx_word' id='word_1_76' title='bbox 1320 1156 1609 1220; x_wconf 89' lang='lat' dir='ltr'><strong>rationem,</strong></span> <span class='ocrx_word' id='word_1_77' title='bbox 1638 1171 1743 1226; x_wconf 89' lang='lat' dir='ltr'><strong>qua</strong></span> <span class='ocrx_word' id='word_1_78' title='bbox 1792 1164 1906 1210; x_wconf 88' lang='lat' dir='ltr'><strong>tota</strong></span> 
     </span>
    </p>
   </div>
   <div class='ocr_carea' id='block_1_13' title="bbox 313 1245 1908 1309">
    <p class='ocr_par' dir='ltr' id='par_1_13' title="bbox 313 1245 1908 1309">
     <span class='ocr_line' id='line_1_13' title="bbox 313 1245 1908 1309; baseline -0.005 -1"><span class='ocrx_word' id='word_1_79' title='bbox 313 1251 580 1309; x_wconf 89' lang='lat' dir='ltr'><strong>industria</strong></span> <span class='ocrx_word' id='word_1_80' title='bbox 604 1249 907 1305; x_wconf 89' lang='lat' dir='ltr'><strong>adnitentes</strong></span> <span class='ocrx_word' id='word_1_81' title='bbox 952 1247 1279 1302; x_wconf 82' lang='lat' dir='ltr'><strong>sacrificium</strong></span> <span class='ocrx_word' id='word_1_82' title='bbox 1324 1247 1435 1302; x_wconf 90' lang='lat' dir='ltr'><strong>Deo</strong></span> <span class='ocrx_word' id='word_1_83' title='bbox 1460 1247 1527 1302; x_wconf 91' lang='lat' dir='ltr'><strong>de</strong></span> <span class='ocrx_word' id='word_1_84' title='bbox 1561 1245 1743 1302; x_wconf 88' lang='lat' dir='ltr'><strong>fructu</strong></span> <span class='ocrx_word' id='word_1_85' title='bbox 1795 1263 1908 1301; x_wconf 92' lang='lat' dir='ltr'><strong>ma-</strong></span> 
     </span>
    </p>
   </div>
   <div class='ocr_carea' id='block_1_14' title="bbox 313 1336 1909 1401">
    <p class='ocr_par' dir='ltr' id='par_1_14' title="bbox 313 1336 1909 1401">
     <span class='ocr_line' id='line_1_14' title="bbox 313 1336 1909 1401; baseline -0.003 -4"><span class='ocrx_word' id='word_1_86' title='bbox 313 1358 483 1398; x_wconf 90' lang='lat' dir='ltr'><strong>nuum</strong></span> <span class='ocrx_word' id='word_1_87' title='bbox 508 1355 728 1396; x_wconf 90' lang='lat' dir='ltr'><strong>suarum</strong></span> <span class='ocrx_word' id='word_1_88' title='bbox 755 1336 953 1394; x_wconf 81' lang='lat' dir='ltr'><strong>oli‘erre</strong></span> <span class='ocrx_word' id='word_1_89' title='bbox 978 1353 1036 1393; x_wconf 89' lang='lat' dir='ltr'><strong>se</strong></span> <span class='ocrx_word' id='word_1_90' title='bbox 1079 1338 1344 1401; x_wconf 90' lang='lat' dir='ltr'><strong>credunt,</strong></span> <span class='ocrx_word' id='word_1_91' title='bbox 1376 1337 1585 1393; x_wconf 88' lang='lat' dir='ltr'><strong>duabus</strong></span> <span class='ocrx_word' id='word_1_92' title='bbox 1615 1353 1681 1392; x_wconf 86' lang='lat' dir='ltr'><strong>ex</strong></span> <span class='ocrx_word' id='word_1_93' title='bbox 1729 1337 1909 1392; x_wconf 81' lang='lat' dir='ltr'><strong>causis</strong></span> 
     </span>
    </p>
   </div>
   <div class='ocr_carea' id='block_1_15' title="bbox 316 1428 1907 1499">
    <p class='ocr_par' dir='ltr' id='par_1_15' title="bbox 316 1428 1907 1499">
     <span class='ocr_line' id='line_1_15' title="bbox 316 1428 1907 1499; baseline -0.008 -7"><span class='ocrx_word' id='word_1_94' title='bbox 316 1451 439 1492; x_wconf 85' lang='lat' dir='ltr'><strong>cum</strong></span> <span class='ocrx_word' id='word_1_95' title='bbox 464 1432 613 1489; x_wconf 90' lang='lat' dir='ltr'><strong>omni</strong></span> <span class='ocrx_word' id='word_1_96' title='bbox 637 1430 1018 1486; x_wconf 83' lang='lat' dir='ltr'><strong>observatione</strong></span> <span class='ocrx_word' id='word_1_97' title='bbox 1055 1429 1388 1484; x_wconf 88' lang='lat' dir='ltr'><strong>custodiunt.</strong></span> <span class='ocrx_word' id='word_1_98' title='bbox 1421 1428 1578 1497; x_wconf 83' lang='lat' dir='ltr'><strong>Quod</strong></span> <span class='ocrx_word' id='word_1_99' title='bbox 1630 1444 1729 1484; x_wconf 90' lang='lat' dir='ltr'><strong>nos</strong></span> <span class='ocrx_word' id='word_1_100' title='bbox 1775 1443 1907 1499; x_wconf 81' lang='lat' dir='ltr'><strong>quo-</strong></span> 
     </span>
    </p>
   </div>
   <div class='ocr_carea' id='block_1_16' title="bbox 316 1525 1909 1599">
    <p class='ocr_par' dir='ltr' id='par_1_16' title="bbox 316 1525 1909 1599">
     <span class='ocr_line' id='line_1_16' title="bbox 316 1525 1909 1599; baseline -0.004 -14"><span class='ocrx_word' id='word_1_101' title='bbox 316 1546 423 1599; x_wconf 90' lang='lat' dir='ltr'><strong>que</strong></span> <span class='ocrx_word' id='word_1_102' title='bbox 451 1570 465 1595; x_wconf 93' lang='lat'><strong>,</strong></span> <span class='ocrx_word' id='word_1_103' title='bbox 524 1528 570 1582; x_wconf 86' lang='lat' dir='ltr'><strong>si</strong></span> <span class='ocrx_word' id='word_1_104' title='bbox 632 1525 950 1597; x_wconf 89' lang='lat' dir='ltr'><strong>perfectioni</strong></span> <span class='ocrx_word' id='word_1_105' title='bbox 1000 1526 1320 1590; x_wconf 86' lang='lat' dir='ltr'><strong>studemus,</strong></span> <span class='ocrx_word' id='word_1_106' title='bbox 1389 1525 1578 1579; x_wconf 89' lang='lat' dir='ltr'><strong>eadem</strong></span> <span class='ocrx_word' id='word_1_107' title='bbox 1632 1525 1909 1598; x_wconf 84' lang='lat' dir='ltr'><strong>diligentia</strong></span> 
     </span>
    </p>
   </div>
   <div class='ocr_carea' id='block_1_17' title="bbox 317 1616 1909 1688">
    <p class='ocr_par' dir='ltr' id='par_1_17' title="bbox 317 1616 1909 1688">
     <span class='ocr_line' id='line_1_17' title="bbox 317 1616 1909 1688; baseline -0.003 -12"><span class='ocrx_word' id='word_1_108' title='bbox 317 1622 567 1676; x_wconf 76' lang='lat' dir='ltr'><strong>convenit</strong></span> <span class='ocrx_word' id='word_1_109' title='bbox 597 1621 904 1675; x_wconf 88' lang='lat' dir='ltr'><strong>observare.</strong></span> <span class='ocrx_word' id='word_1_110' title='bbox 945 1617 1149 1683; x_wconf 89' lang='lat' dir='ltr'><strong>Prima,</strong></span> <span class='ocrx_word' id='word_1_111' title='bbox 1183 1632 1250 1672; x_wconf 79' lang='lat' dir='ltr'><strong>ne</strong></span> <span class='ocrx_word' id='word_1_112' title='bbox 1292 1616 1432 1673; x_wconf 87' lang='lat' dir='ltr'><strong>forte</strong></span> <span class='ocrx_word' id='word_1_113' title='bbox 1476 1616 1909 1688; x_wconf 81' lang='lat' dir='ltr'><strong>purificationem</strong></span> 
     </span>
    </p>
   </div>
   <div class='ocr_carea' id='block_1_18' title="bbox 221 1708 1908 1780">
    <p class='ocr_par' dir='ltr' id='par_1_18' title="bbox 221 1708 1908 1780">
     <span class='ocr_line' id='line_1_18' title="bbox 221 1708 1908 1780; baseline -0.003 -12"><span class='ocrx_word' id='word_1_114' title='bbox 221 1724 245 1738; x_wconf 63' lang='grc' dir='ltr'><em>θ</em></span> <span class='ocrx_word' id='word_1_115' title='bbox 319 1722 559 1768; x_wconf 89' lang='lat' dir='ltr'><strong>nostram</strong></span> <span class='ocrx_word' id='word_1_116' title='bbox 586 1711 868 1766; x_wconf 87' lang='lat' dir='ltr'><strong>nocturnis</strong></span> <span class='ocrx_word' id='word_1_117' title='bbox 893 1709 1119 1780; x_wconf 86' lang='lat' dir='ltr'><strong>psalmis</strong></span> <span class='ocrx_word' id='word_1_118' title='bbox 1143 1718 1199 1764; x_wconf 93' lang='lat' dir='ltr'><strong>et</strong></span> <span class='ocrx_word' id='word_1_119' title='bbox 1226 1708 1566 1764; x_wconf 88' lang='lat' dir='ltr'><strong>orationibus</strong></span> <span class='ocrx_word' id='word_1_120' title='bbox 1589 1710 1908 1778; x_wconf 87' lang='lat' dir='ltr'><strong>acquisitam</strong></span> 
     </span>
    </p>
   </div>
   <div class='ocr_carea' id='block_1_19' title="bbox 2005 514 2463 571">
    <p class='ocr_par' dir='ltr' id='par_1_19' title="bbox 2005 514 2463 571">
     <span class='ocr_line' id='line_1_19' title="bbox 2005 514 2463 571; baseline 0.007 -3"><span class='ocrx_word' id='word_1_121' title='bbox 2005 514 2150 571; x_wconf 90' lang='lat' dir='ltr'><strong>tione</strong></span> <span class='ocrx_word' id='word_1_122' title='bbox 2178 526 2463 571; x_wconf 89' lang='lat' dir='ltr'><strong>nocturna.</strong></span> 
     </span>
    </p>
   </div>
   <div class='ocr_carea' id='block_1_20' title="bbox 2007 626 3598 712">
    <p class='ocr_par' dir='ltr' id='par_1_20' title="bbox 2007 626 3598 712">
     <span class='ocr_line' id='line_1_20' title="bbox 2007 626 3598 712; baseline 0.009 -32"><span class='ocrx_word' id='word_1_123' title='bbox 2007 626 2035 698; x_wconf 59' lang='grc' dir='ltr'>ᾗ</span> <span class='ocrx_word' id='word_1_124' title='bbox 2088 627 2173 681; x_wconf 89' lang='lat' dir='ltr'><strong>Ill.</strong></span> <span class='ocrx_word' id='word_1_125' title='bbox 2208 629 2377 683; x_wconf 82' lang='lat' dir='ltr'><strong>—-Ex</strong></span> <span class='ocrx_word' id='word_1_126' title='bbox 2417 646 2590 712; x_wconf 78' lang='lat' dir='ltr'><strong>_uano</strong></span> <span class='ocrx_word' id='word_1_127' title='bbox 2640 648 2698 688; x_wconf 90' lang='grc' dir='ltr'><strong>ιιι</strong></span> <span class='ocrx_word' id='word_1_128' title='bbox 2747 633 3213 712; x_wconf 59' lang='lat' dir='ltr'><strong>Insnrurloauu,</strong></span> <span class='ocrx_word' id='word_1_129' title='bbox 3273 640 3442 712; x_wconf 72' lang='lat' dir='ltr'><strong>capite</strong></span> <span class='ocrx_word' id='word_1_130' title='bbox 3495 658 3598 712; x_wconf 81' lang='lat' dir='ltr'><strong>quo</strong></span> 
     </span>
    </p>
   </div>
   <div class='ocr_carea' id='block_1_21' title="bbox 2074 700 3598 781">
    <p class='ocr_par' dir='ltr' id='par_1_21' title="bbox 2074 700 3598 781">
     <span class='ocr_line' id='line_1_21' title="bbox 2074 700 3598 781; baseline 0.007 -29"><span class='ocrx_word' id='word_1_131' title='bbox 2074 715 2262 781; x_wconf 58' lang='lat' dir='ltr'><strong>supra,</strong></span> <span class='ocrx_word' id='word_1_132' title='bbox 2287 700 2429 770; x_wconf 86' lang='lat' dir='ltr'><strong>quod</strong></span> <span class='ocrx_word' id='word_1_133' title='bbox 2458 712 2574 770; x_wconf 79' lang='lat' dir='ltr'><strong>post</strong></span> <span class='ocrx_word' id='word_1_134' title='bbox 2624 706 2915 759; x_wconf 75' lang='lat' dir='ltr'><strong>matutinas</strong></span> <span class='ocrx_word' id='word_1_135' title='bbox 2942 700 3206 761; x_wconf 70' lang='lat' dir='ltr'><strong>orationes</strong></span> <span class='ocrx_word' id='word_1_136' title='bbox 3235 708 3304 761; x_wconf 85' lang='lat' dir='ltr'><strong>ad</strong></span> <span class='ocrx_word' id='word_1_137' title='bbox 3336 700 3598 765; x_wconf 56' lang='lat' dir='ltr'><strong>&#39;aomn&#39;um</strong></span> 
     </span>
    </p>
   </div>
   <div class='ocr_carea' id='block_1_22' title="bbox 2077 778 2675 840">
    <p class='ocr_par' dir='ltr' id='par_1_22' title="bbox 2077 778 2675 840">
     <span class='ocr_line' id='line_1_22' title="bbox 2077 778 2675 840; baseline 0.008 -20"><span class='ocrx_word' id='word_1_138' title='bbox 2077 778 2262 823; x_wconf 73' lang='lat' dir='ltr'><strong>reverti</strong></span> <span class='ocrx_word' id='word_1_139' title='bbox 2285 786 2390 824; x_wconf 81' lang='lat' dir='ltr'><strong>non</strong></span> <span class='ocrx_word' id='word_1_140' title='bbox 2421 781 2675 840; x_wconf 81' lang='lat' dir='ltr'><strong>oporteat.</strong></span> 
     </span>
    </p>
   </div>
   <div class='ocr_carea' id='block_1_23' title="bbox 2077 879 3602 958">
    <p class='ocr_par' dir='ltr' id='par_1_23' title="bbox 2077 879 3602 958">
     <span class='ocr_line' id='line_1_23' title="bbox 2077 879 3602 958; baseline 0.009 -24"><span class='ocrx_word' id='word_1_141' title='bbox 2077 890 2101 918; x_wconf 79' lang='grc' dir='ltr'><strong><em>ο</em></strong></span> <span class='ocrx_word' id='word_1_142' title='bbox 2136 879 2306 950; x_wconf 84' lang='lat' dir='ltr'><strong>Cujus</strong></span> <span class='ocrx_word' id='word_1_143' title='bbox 2333 881 2691 939; x_wconf 88' lang='lat' dir='ltr'><strong>solemnitatis</strong></span> <span class='ocrx_word' id='word_1_144' title='bbox 2723 887 2881 952; x_wconf 80' lang='lat' dir='ltr'><strong>ratio,</strong></span> <span class='ocrx_word' id='word_1_145' title='bbox 2910 902 3011 941; x_wconf 90' lang='lat' dir='ltr'><strong>cur</strong></span> <span class='ocrx_word' id='word_1_146' title='bbox 3052 897 3254 944; x_wconf 89' lang='lat' dir='ltr'><strong>statuta</strong></span> <span class='ocrx_word' id='word_1_147' title='bbox 3280 892 3369 958; x_wconf 89' lang='lat' dir='ltr'><strong>sit,</strong></span> <span class='ocrx_word' id='word_1_148' title='bbox 3408 892 3491 945; x_wconf 88' lang='lat' dir='ltr'><strong>vel</strong></span> <span class='ocrx_word' id='word_1_149' title='bbox 3521 894 3602 947; x_wconf 82' lang='lat' dir='ltr'><strong>in—</strong></span> 
     </span>
    </p>
   </div>
   <div class='ocr_carea' id='block_1_24' title="bbox 2004 973 3604 1052">
    <p class='ocr_par' dir='ltr' id='par_1_24' title="bbox 2004 973 3604 1052">
     <span class='ocr_line' id='line_1_24' title="bbox 2004 973 3604 1052; baseline 0.008 -27"><span class='ocrx_word' id='word_1_150' title='bbox 2004 982 2167 1027; x_wconf 87' lang='lat' dir='ltr'><strong>venta</strong></span> <span class='ocrx_word' id='word_1_151' title='bbox 2196 973 2252 1026; x_wconf 90' lang='lat' dir='ltr'><strong>in</strong></span> <span class='ocrx_word' id='word_1_152' title='bbox 2283 974 2385 1028; x_wconf 90' lang='lat' dir='ltr'><strong>hac</strong></span> <span class='ocrx_word' id='word_1_153' title='bbox 2429 975 2707 1044; x_wconf 86' lang='lat' dir='ltr'><strong>provincia</strong></span> <span class='ocrx_word' id='word_1_154' title='bbox 2739 977 2981 1032; x_wconf 88' lang='lat' dir='ltr'><strong>nonnulli</strong></span> <span class='ocrx_word' id='word_1_155' title='bbox 3014 979 3347 1050; x_wconf 86' lang='lat' dir='ltr'><strong>ignorantes,</strong></span> <span class='ocrx_word' id='word_1_156' title='bbox 3374 984 3604 1052; x_wconf 82' lang='lat' dir='ltr'><strong>expletis</strong></span> 
     </span>
    </p>
   </div>
   <div class='ocr_carea' id='block_1_25' title="bbox 2008 1065 3602 1139">
    <p class='ocr_par' dir='ltr' id='par_1_25' title="bbox 2008 1065 3602 1139">
     <span class='ocr_line' id='line_1_25' title="bbox 2008 1065 3602 1139; baseline 0.008 -22"><span class='ocrx_word' id='word_1_157' title='bbox 2008 1065 2770 1137; x_wconf 82' lang='lat' dir='ltr'><strong>matutinishymnis,rursum</strong></span> <span class='ocrx_word' id='word_1_158' title='bbox 2795 1079 3145 1125; x_wconf 87' lang='lat' dir='ltr'><strong>revertuntur</strong></span> <span class='ocrx_word' id='word_1_159' title='bbox 3160 1073 3228 1128; x_wconf 90' lang='lat' dir='ltr'><strong>ad</strong></span> <span class='ocrx_word' id='word_1_160' title='bbox 3254 1088 3528 1139; x_wconf 88' lang='lat' dir='ltr'><strong>somnum,</strong></span> <span class='ocrx_word' id='word_1_161' title='bbox 3547 1076 3602 1130; x_wconf 87' lang='lat' dir='ltr'><strong>in</strong></span> 
     </span>
    </p>
   </div>
   <div class='ocr_carea' id='block_1_26' title="bbox 2010 1154 3607 1233">
    <p class='ocr_par' dir='ltr' id='par_1_26' title="bbox 2010 1154 3607 1233">
     <span class='ocr_line' id='line_1_26' title="bbox 2010 1154 3607 1233; baseline 0.009 -27"><span class='ocrx_word' id='word_1_162' title='bbox 2010 1154 2155 1209; x_wconf 88' lang='lat' dir='ltr'><strong>illam</strong></span> <span class='ocrx_word' id='word_1_163' title='bbox 2194 1169 2411 1211; x_wconf 88' lang='lat' dir='ltr'><strong>causam</strong></span> <span class='ocrx_word' id='word_1_164' title='bbox 2432 1156 2787 1214; x_wconf 90' lang='lat' dir='ltr'><strong>nihilominus</strong></span> <span class='ocrx_word' id='word_1_165' title='bbox 2818 1159 3139 1226; x_wconf 82' lang='lat' dir='ltr'><strong>incidentes,</strong></span> <span class='ocrx_word' id='word_1_166' title='bbox 3168 1162 3240 1218; x_wconf 90' lang='lat' dir='ltr'><strong>ob</strong></span> <span class='ocrx_word' id='word_1_167' title='bbox 3273 1178 3435 1233; x_wconf 89' lang='lat' dir='ltr'><strong>quam</strong></span> <span class='ocrx_word' id='word_1_168' title='bbox 3463 1180 3607 1219; x_wconf 92' lang='lat' dir='ltr'><strong>com-</strong></span> 
     </span>
    </p>
   </div>
   <div class='ocr_carea' id='block_1_27' title="bbox 2008 1248 3606 1316">
    <p class='ocr_par' dir='ltr' id='par_1_27' title="bbox 2008 1248 3606 1316">
     <span class='ocr_line' id='line_1_27' title="bbox 2008 1248 3606 1316; baseline 0.006 -15"><span class='ocrx_word' id='word_1_169' title='bbox 2008 1248 2335 1316; x_wconf 87' lang='lat' dir='ltr'><strong>pescendam</strong></span> <span class='ocrx_word' id='word_1_170' title='bbox 2365 1263 2396 1301; x_wconf 90' lang='lat' dir='ltr'><strong>a</strong></span> <span class='ocrx_word' id='word_1_171' title='bbox 2424 1250 2729 1306; x_wconf 87' lang='lat' dir='ltr'><strong>senioribus</strong></span> <span class='ocrx_word' id='word_1_172' title='bbox 2752 1252 3071 1309; x_wconf 88' lang='lat' dir='ltr'><strong>solemnitas</strong></span> <span class='ocrx_word' id='word_1_173' title='bbox 3100 1254 3347 1309; x_wconf 83' lang='lat' dir='ltr'><strong>instituta</strong></span> <span class='ocrx_word' id='word_1_174' title='bbox 3372 1265 3483 1311; x_wconf 89' lang='lat' dir='ltr'><strong>.est.</strong></span> <span class='ocrx_word' id='word_1_175' title='bbox 3510 1256 3606 1311; x_wconf 87' lang='lat' dir='ltr'><strong>Illa</strong></span> 
     </span>
    </p>
   </div>
   <div class='ocr_carea' id='block_1_28' title="bbox 2013 1339 3611 1418">
    <p class='ocr_par' dir='ltr' id='par_1_28' title="bbox 2013 1339 3611 1418">
     <span class='ocr_line' id='line_1_28' title="bbox 2013 1339 3611 1418; baseline 0.007 -28"><span class='ocrx_word' id='word_1_176' title='bbox 2013 1352 2249 1406; x_wconf 86' lang='lat' dir='ltr'><strong>namque</strong></span> <span class='ocrx_word' id='word_1_177' title='bbox 2283 1339 2416 1394; x_wconf 89' lang='lat' dir='ltr'><strong>hora</strong></span> <span class='ocrx_word' id='word_1_178' title='bbox 2449 1355 2570 1394; x_wconf 91' lang='lat' dir='ltr'><strong>eam</strong></span> <span class='ocrx_word' id='word_1_179' title='bbox 2602 1357 2981 1398; x_wconf 87' lang='lat' dir='ltr'><strong>consummare</strong></span> <span class='ocrx_word' id='word_1_180' title='bbox 3008 1344 3288 1410; x_wconf 82' lang='lat' dir='ltr'><strong>festinant,</strong></span> <span class='ocrx_word' id='word_1_181' title='bbox 3313 1361 3417 1415; x_wconf 89' lang='lat' dir='ltr'><strong>qua</strong></span> <span class='ocrx_word' id='word_1_182' title='bbox 3441 1346 3611 1418; x_wconf 82' lang='lat' dir='ltr'><strong>negli-</strong></span> 
     </span>
    </p>
   </div>
   <div class='ocr_carea' id='block_1_29' title="bbox 2011 1429 3610 1502">
    <p class='ocr_par' dir='ltr' id='par_1_29' title="bbox 2011 1429 3610 1502">
     <span class='ocr_line' id='line_1_29' title="bbox 2011 1429 3610 1502; baseline 0.004 -19"><span class='ocrx_word' id='word_1_183' title='bbox 2011 1429 2345 1499; x_wconf 83' lang='lat' dir='ltr'><strong>gentioribus</strong></span> <span class='ocrx_word' id='word_1_184' title='bbox 2390 1432 2678 1502; x_wconf 89' lang='lat' dir='ltr'><strong>minusque</strong></span> <span class='ocrx_word' id='word_1_185' title='bbox 2727 1433 2977 1490; x_wconf 90' lang='lat' dir='ltr'><strong>sollicitis</strong></span> <span class='ocrx_word' id='word_1_186' title='bbox 3031 1450 3250 1490; x_wconf 87' lang='lat' dir='ltr'><strong>rursum</strong></span> <span class='ocrx_word' id='word_1_187' title='bbox 3303 1436 3610 1492; x_wconf 89' lang='lat' dir='ltr'><strong>dormiendi</strong></span> 
     </span>
    </p>
   </div>
   <div class='ocr_carea' id='block_1_30' title="bbox 2014 1522 3609 1600">
    <p class='ocr_par' dir='ltr' id='par_1_30' title="bbox 2014 1522 3609 1600">
     <span class='ocr_line' id='line_1_30' title="bbox 2014 1522 3609 1600; baseline 0.006 -25"><span class='ocrx_word' id='word_1_188' title='bbox 2014 1522 2274 1577; x_wconf 86' lang='lat' dir='ltr'><strong>reddatur</strong></span> <span class='ocrx_word' id='word_1_189' title='bbox 2327 1525 2561 1579; x_wconf 88' lang='lat' dir='ltr'><strong>occasio.</strong></span> <span class='ocrx_word' id='word_1_190' title='bbox 2592 1525 2743 1593; x_wconf 83' lang='lat' dir='ltr'><strong>Quod</strong></span> <span class='ocrx_word' id='word_1_191' title='bbox 2778 1527 3106 1583; x_wconf 87' lang='lat' dir='ltr'><strong>omnimodis</strong></span> <span class='ocrx_word' id='word_1_192' title='bbox 3149 1528 3265 1584; x_wconf 87' lang='lat' dir='ltr'><strong>ﬁeri</strong></span> <span class='ocrx_word' id='word_1_193' title='bbox 3312 1545 3418 1584; x_wconf 88' lang='lat' dir='ltr'><strong>non</strong></span> <span class='ocrx_word' id='word_1_194' title='bbox 3447 1545 3609 1600; x_wconf 90' lang='lat' dir='ltr'><strong>opor-</strong></span> 
     </span>
    </p>
   </div>
   <div class='ocr_carea' id='block_1_31' title="bbox 2015 1614 3608 1691">
    <p class='ocr_par' dir='ltr' id='par_1_31' title="bbox 2015 1614 3608 1691">
     <span class='ocr_line' id='line_1_31' title="bbox 2015 1614 3608 1691; baseline 0.005 -24"><span class='ocrx_word' id='word_1_195' title='bbox 2015 1624 2112 1669; x_wconf 88' lang='lat' dir='ltr'><strong>tet.</strong></span> <span class='ocrx_word' id='word_1_196' title='bbox 2144 1614 2212 1669; x_wconf 91' lang='lat' dir='ltr'><strong>Et</strong></span> <span class='ocrx_word' id='word_1_197' title='bbox 2239 1615 2379 1670; x_wconf 90' lang='lat' dir='ltr'><strong>sicut</strong></span> <span class='ocrx_word' id='word_1_198' title='bbox 2409 1617 2460 1670; x_wconf 90' lang='lat' dir='ltr'><strong>in</strong></span> <span class='ocrx_word' id='word_1_199' title='bbox 2497 1618 2764 1686; x_wconf 83' lang='lat' dir='ltr'><strong>superiori</strong></span> <span class='ocrx_word' id='word_1_200' title='bbox 2803 1618 2984 1673; x_wconf 72' lang='lat' dir='ltr'><strong>libello</strong></span> <span class='ocrx_word' id='word_1_201' title='bbox 3030 1618 3131 1691; x_wconf 81' lang='lat' dir='ltr'><strong>(De</strong></span> <span class='ocrx_word' id='word_1_202' title='bbox 3161 1619 3386 1674; x_wconf 83' lang='lat' dir='ltr'><strong>Noctur.</strong></span> <span class='ocrx_word' id='word_1_203' title='bbox 3419 1618 3571 1675; x_wconf 85' lang='lat' dir='ltr'><strong>Orat.</strong></span> <span class='ocrx_word' id='word_1_204' title='bbox 3592 1662 3608 1687; x_wconf 95' lang='lat'><strong>,</strong></span> 
     </span>
    </p>
   </div>
   <div class='ocr_carea' id='block_1_32' title="bbox 2016 1705 3619 1781">
    <p class='ocr_par' dir='ltr' id='par_1_32' title="bbox 2016 1705 3619 1781">
     <span class='ocr_line' id='line_1_32' title="bbox 2016 1705 3619 1781; baseline 0.005 -23"><span class='ocrx_word' id='word_1_205' title='bbox 2016 1722 2062 1758; x_wconf 86' lang='lat' dir='ltr'><strong>c.</strong></span> <span class='ocrx_word' id='word_1_206' title='bbox 2089 1705 2177 1778; x_wconf 76' lang='grc'><strong>15)</strong></span> <span class='ocrx_word' id='word_1_207' title='bbox 2200 1706 2572 1762; x_wconf 87' lang='lat' dir='ltr'><strong>describentes</strong></span> <span class='ocrx_word' id='word_1_208' title='bbox 2602 1707 2982 1779; x_wconf 62' lang='lat' dir='ltr'><strong>Egyptiorum</strong></span> <span class='ocrx_word' id='word_1_209' title='bbox 3014 1711 3260 1781; x_wconf 88' lang='lat' dir='ltr'><strong>synaxim</strong></span> <span class='ocrx_word' id='word_1_210' title='bbox 3290 1711 3501 1780; x_wconf 88' lang='lat' dir='ltr'><strong>plenius</strong></span> <span class='ocrx_word' id='word_1_211' title='bbox 3524 1726 3619 1766; x_wconf 86' lang='lat' dir='ltr'><strong>ex-</strong></span> 
     </span>
    </p>
   </div>
   <div class='ocr_carea' id='block_1_33' title="bbox 318 1786 3613 1871">
    <p class='ocr_par' dir='ltr' id='par_1_33' title="bbox 318 1786 3613 1871">
     <span class='ocr_line' id='line_1_33' title="bbox 318 1786 3613 1871; baseline 0 -14"><span class='ocrx_word' id='word_1_212' title='bbox 318 1803 534 1858; x_wconf 86' lang='lat' dir='ltr'><strong>invidus</strong></span> <span class='ocrx_word' id='word_1_213' title='bbox 563 1802 814 1856; x_wconf 85' lang='lat' dir='ltr'><strong>inimicus</strong></span> <span class='ocrx_word' id='word_1_214' title='bbox 848 1800 1018 1856; x_wconf 86' lang='lat' dir='ltr'><strong>livens</strong></span> <span class='ocrx_word' id='word_1_215' title='bbox 1048 1801 1271 1871; x_wconf 87' lang='lat' dir='ltr'><strong>puritati</strong></span> <span class='ocrx_word' id='word_1_216' title='bbox 1297 1809 1516 1867; x_wconf 67' lang='lat' dir='ltr'><strong>nostrae,</strong></span> <span class='ocrx_word' id='word_1_217' title='bbox 1551 1800 1636 1855; x_wconf 91' lang='lat' dir='ltr'><strong>cui</strong></span> <span class='ocrx_word' id='word_1_218' title='bbox 1678 1800 1913 1855; x_wconf 82' lang='lat' dir='ltr'><strong>maxime</strong></span> <span class='ocrx_word' id='word_1_219' title='bbox 1942 1786 1988 1845; x_wconf 84' lang='grc' dir='ltr'><strong>Β</strong></span> <span class='ocrx_word' id='word_1_220' title='bbox 2015 1799 2299 1869; x_wconf 85' lang='lat' dir='ltr'><strong>posuimus</strong></span> <span class='ocrx_word' id='word_1_221' title='bbox 2331 1841 2345 1864; x_wconf 93' lang='lat'><strong>,</strong></span> <span class='ocrx_word' id='word_1_222' title='bbox 2393 1814 2460 1855; x_wconf 91' lang='lat' dir='ltr'><strong>ne</strong></span> <span class='ocrx_word' id='word_1_223' title='bbox 2478 1788 2920 1871; x_wconf 80' lang='lat' dir='ltr'><strong>purificationem</strong></span> <span class='ocrx_word' id='word_1_224' title='bbox 2972 1812 3216 1871; x_wconf 76' lang='lat' dir='ltr'><strong>nostram</strong></span> <span class='ocrx_word' id='word_1_225' title='bbox 3270 1801 3613 1858; x_wconf 81' lang='lat' dir='ltr'><strong>confessione</strong></span> 
     </span>
    </p>
   </div>
   <div class='ocr_carea' id='block_1_34' title="bbox 319 1890 1915 1962">
    <p class='ocr_par' dir='ltr' id='par_1_34' title="bbox 319 1890 1915 1962">
     <span class='ocr_line' id='line_1_34' title="bbox 319 1890 1915 1962; baseline -0.003 -14"><span class='ocrx_word' id='word_1_226' title='bbox 319 1908 535 1962; x_wconf 88' lang='lat' dir='ltr'><strong>semper</strong></span> <span class='ocrx_word' id='word_1_227' title='bbox 582 1892 869 1946; x_wconf 88' lang='lat' dir='ltr'><strong>insidiatur</strong></span> <span class='ocrx_word' id='word_1_228' title='bbox 902 1899 957 1946; x_wconf 93' lang='lat' dir='ltr'><strong>et</strong></span> <span class='ocrx_word' id='word_1_229' title='bbox 989 1890 1358 1947; x_wconf 87' lang='lat' dir='ltr'><strong>indesinenter</strong></span> <span class='ocrx_word' id='word_1_230' title='bbox 1386 1890 1618 1946; x_wconf 90' lang='lat' dir='ltr'><strong>infestus</strong></span> <span class='ocrx_word' id='word_1_231' title='bbox 1645 1898 1747 1957; x_wconf 90' lang='lat' dir='ltr'><strong>est,</strong></span> <span class='ocrx_word' id='word_1_232' title='bbox 1780 1906 1915 1961; x_wconf 90' lang='lat' dir='ltr'><strong>qua-</strong></span> 
     </span>
    </p>
   </div>
   <div class='ocr_carea' id='block_1_35' title="bbox 319 1981 1914 2051">
    <p class='ocr_par' dir='ltr' id='par_1_35' title="bbox 319 1981 1914 2051">
     <span class='ocr_line' id='line_1_35' title="bbox 319 1981 1914 2051; baseline -0.003 -12"><span class='ocrx_word' id='word_1_233' title='bbox 319 1984 446 2039; x_wconf 89' lang='lat' dir='ltr'><strong>dam</strong></span> <span class='ocrx_word' id='word_1_234' title='bbox 480 1982 675 2037; x_wconf 88' lang='lat' dir='ltr'><strong>somnii</strong></span> <span class='ocrx_word' id='word_1_235' title='bbox 713 1982 962 2038; x_wconf 90' lang='lat' dir='ltr'><strong>illusione</strong></span> <span class='ocrx_word' id='word_1_236' title='bbox 982 1983 1333 2037; x_wconf 88' lang='lat' dir='ltr'><strong>contaminet.</strong></span> <span class='ocrx_word' id='word_1_237' title='bbox 1366 1981 1467 2049; x_wconf 86' lang='lat' dir='ltr'><strong>Qui</strong></span> <span class='ocrx_word' id='word_1_238' title='bbox 1495 1990 1619 2051; x_wconf 92' lang='lat' dir='ltr'><strong>post</strong></span> <span class='ocrx_word' id='word_1_239' title='bbox 1652 1981 1797 2036; x_wconf 89' lang='lat' dir='ltr'><strong>illam</strong></span> <span class='ocrx_word' id='word_1_240' title='bbox 1826 1997 1914 2035; x_wconf 87' lang='lat' dir='ltr'><strong>sa-</strong></span> 
     </span>
    </p>
   </div>
   <div class='ocr_carea' id='block_1_36' title="bbox 320 2071 1917 2144">
    <p class='ocr_par' dir='ltr' id='par_1_36' title="bbox 320 2071 1917 2144">
     <span class='ocr_line' id='line_1_36' title="bbox 320 2071 1917 2144; baseline -0.003 -13"><span class='ocrx_word' id='word_1_241' title='bbox 320 2074 687 2132; x_wconf 88' lang='lat' dir='ltr'><strong>tisfactionem</strong></span> <span class='ocrx_word' id='word_1_242' title='bbox 712 2089 874 2144; x_wconf 91' lang='lat' dir='ltr'><strong>quam</strong></span> <span class='ocrx_word' id='word_1_243' title='bbox 908 2088 1008 2143; x_wconf 88' lang='lat' dir='ltr'><strong>pro</strong></span> <span class='ocrx_word' id='word_1_244' title='bbox 1061 2072 1402 2143; x_wconf 86' lang='lat' dir='ltr'><strong>negligentiis</strong></span> <span class='ocrx_word' id='word_1_245' title='bbox 1439 2087 1535 2126; x_wconf 90' lang='lat' dir='ltr'><strong>seu</strong></span> <span class='ocrx_word' id='word_1_246' title='bbox 1565 2071 1917 2141; x_wconf 85' lang='lat' dir='ltr'><strong>ignorationi-</strong></span> 
     </span>
    </p>
   </div>
   <div class='ocr_carea' id='block_1_37' title="bbox 319 2161 1917 2232">
    <p class='ocr_par' dir='ltr' id='par_1_37' title="bbox 319 2161 1917 2232">
     <span class='ocr_line' id='line_1_37' title="bbox 319 2161 1917 2232; baseline -0.003 -12"><span class='ocrx_word' id='word_1_247' title='bbox 319 2166 424 2220; x_wconf 90' lang='lat' dir='ltr'><strong>bus</strong></span> <span class='ocrx_word' id='word_1_248' title='bbox 450 2164 764 2229; x_wconf 90' lang='lat' dir='ltr'><strong>obtulimus,</strong></span> <span class='ocrx_word' id='word_1_249' title='bbox 792 2169 847 2218; x_wconf 91' lang='lat' dir='ltr'><strong>et</strong></span> <span class='ocrx_word' id='word_1_250' title='bbox 869 2162 1224 2218; x_wconf 76' lang='lat' dir='ltr'><strong>confessionis</strong></span> <span class='ocrx_word' id='word_1_251' title='bbox 1263 2171 1461 2217; x_wconf 65' lang='lat' dir='ltr'><strong>nostra:</strong></span> <span class='ocrx_word' id='word_1_252' title='bbox 1485 2162 1701 2216; x_wconf 84' lang='lat' dir='ltr'><strong>veniam</strong></span> <span class='ocrx_word' id='word_1_253' title='bbox 1730 2161 1917 2232; x_wconf 88' lang='lat' dir='ltr'><strong>profu-</strong></span> 
     </span>
    </p>
   </div>
   <div class='ocr_carea' id='block_1_38' title="bbox 324 2253 1918 2328">
    <p class='ocr_par' dir='ltr' id='par_1_38' title="bbox 324 2253 1918 2328">
     <span class='ocr_line' id='line_1_38' title="bbox 324 2253 1918 2328; baseline -0.001 -17"><span class='ocrx_word' id='word_1_254' title='bbox 324 2257 403 2311; x_wconf 91' lang='lat' dir='ltr'><strong>sis</strong></span> <span class='ocrx_word' id='word_1_255' title='bbox 422 2257 712 2328; x_wconf 80' lang='lat' dir='ltr'><strong>gemitibus</strong></span> <span class='ocrx_word' id='word_1_256' title='bbox 740 2256 1082 2326; x_wconf 87' lang='lat' dir='ltr'><strong>imploratam</strong></span> <span class='ocrx_word' id='word_1_257' title='bbox 1130 2254 1415 2309; x_wconf 89' lang='lat' dir='ltr'><strong>sollicitius</strong></span> <span class='ocrx_word' id='word_1_258' title='bbox 1442 2269 1540 2309; x_wconf 91' lang='lat' dir='ltr'><strong>nos</strong></span> <span class='ocrx_word' id='word_1_259' title='bbox 1564 2294 1578 2320; x_wconf 93' lang='lat'><strong>,</strong></span> <span class='ocrx_word' id='word_1_260' title='bbox 1628 2253 1673 2307; x_wconf 91' lang='lat' dir='ltr'><strong>si</strong></span> <span class='ocrx_word' id='word_1_261' title='bbox 1707 2261 1918 2324; x_wconf 87' lang='lat' dir='ltr'><strong>tempus</strong></span> 
     </span>
    </p>
   </div>
   <div class='ocr_carea' id='block_1_39' title="bbox 326 2346 1917 2421">
    <p class='ocr_par' dir='ltr' id='par_1_39' title="bbox 326 2346 1917 2421">
     <span class='ocr_line' id='line_1_39' title="bbox 326 2346 1917 2421; baseline -0.003 -16"><span class='ocrx_word' id='word_1_262' title='bbox 326 2351 528 2421; x_wconf 79' lang='lat' dir='ltr'><strong>quietis</strong></span> <span class='ocrx_word' id='word_1_263' title='bbox 554 2350 842 2415; x_wconf 87' lang='lat' dir='ltr'><strong>invenerit,</strong></span> <span class='ocrx_word' id='word_1_264' title='bbox 878 2348 1152 2403; x_wconf 91' lang='lat' dir='ltr'><strong>maculare</strong></span> <span class='ocrx_word' id='word_1_265' title='bbox 1192 2347 1441 2412; x_wconf 73' lang='lat' dir='ltr'><strong>festinat;</strong></span> <span class='ocrx_word' id='word_1_266' title='bbox 1485 2355 1615 2400; x_wconf 90' lang='lat' dir='ltr'><strong>tunc</strong></span> <span class='ocrx_word' id='word_1_267' title='bbox 1645 2346 1917 2417; x_wconf 68' lang='lat' dir='ltr'><strong>praecipue</strong></span> 
     </span>
    </p>
   </div>
   <div class='ocr_carea' id='block_1_40' title="bbox 326 2437 1919 2507">
    <p class='ocr_par' dir='ltr' id='par_1_40' title="bbox 326 2437 1919 2507">
     <span class='ocr_line' id='line_1_40' title="bbox 326 2437 1919 2507; baseline -0.003 -13"><span class='ocrx_word' id='word_1_268' title='bbox 326 2439 587 2496; x_wconf 84' lang='lat' dir='ltr'><strong>ﬁduciam</strong></span> <span class='ocrx_word' id='word_1_269' title='bbox 632 2447 872 2495; x_wconf 88' lang='lat' dir='ltr'><strong>nostram</strong></span> <span class='ocrx_word' id='word_1_270' title='bbox 923 2437 1153 2506; x_wconf 85' lang='lat' dir='ltr'><strong>dejicere</strong></span> <span class='ocrx_word' id='word_1_271' title='bbox 1200 2448 1362 2507; x_wconf 87' lang='lat' dir='ltr'><strong>atque</strong></span> <span class='ocrx_word' id='word_1_272' title='bbox 1399 2451 1660 2492; x_wconf 87' lang='lat' dir='ltr'><strong>enervare</strong></span> <span class='ocrx_word' id='word_1_273' title='bbox 1694 2444 1919 2491; x_wconf 85' lang='lat' dir='ltr'><strong>conten-</strong></span> 
     </span>
    </p>
   </div>
   <div class='ocr_carea' id='block_1_41' title="bbox 326 2528 1921 2595">
    <p class='ocr_par' dir='ltr' id='par_1_41' title="bbox 326 2528 1921 2595">
     <span class='ocr_line' id='line_1_41' title="bbox 326 2528 1921 2595; baseline -0.003 -9"><span class='ocrx_word' id='word_1_274' title='bbox 326 2532 461 2586; x_wconf 86' lang='lat' dir='ltr'><strong>dens</strong></span> <span class='ocrx_word' id='word_1_275' title='bbox 482 2573 497 2595; x_wconf 88' lang='lat'><strong>,</strong></span> <span class='ocrx_word' id='word_1_276' title='bbox 543 2546 666 2585; x_wconf 89' lang='lat' dir='ltr'><strong>cum</strong></span> <span class='ocrx_word' id='word_1_277' title='bbox 696 2529 991 2585; x_wconf 86' lang='lat' dir='ltr'><strong>ferventius</strong></span> <span class='ocrx_word' id='word_1_278' title='bbox 1027 2545 1125 2584; x_wconf 87' lang='lat' dir='ltr'><strong>nos</strong></span> <span class='ocrx_word' id='word_1_279' title='bbox 1153 2529 1222 2583; x_wconf 89' lang='lat' dir='ltr'><strong>ad</strong></span> <span class='ocrx_word' id='word_1_280' title='bbox 1253 2530 1421 2585; x_wconf 89' lang='lat' dir='ltr'><strong>Deum</strong></span> <span class='ocrx_word' id='word_1_281' title='bbox 1467 2528 1689 2583; x_wconf 84' lang='lat' dir='ltr'><strong>tendere</strong></span> <span class='ocrx_word' id='word_1_282' title='bbox 1719 2529 1921 2583; x_wconf 80' lang='lat' dir='ltr'><strong>oratio-</strong></span> 
     </span>
    </p>
   </div>
   <div class='ocr_carea' id='block_1_42' title="bbox 326 2621 1921 2692">
    <p class='ocr_par' dir='ltr' id='par_1_42' title="bbox 326 2621 1921 2692">
     <span class='ocr_line' id='line_1_42' title="bbox 326 2621 1921 2692; baseline -0.003 -14"><span class='ocrx_word' id='word_1_283' title='bbox 326 2638 457 2678; x_wconf 90' lang='lat' dir='ltr'><strong>num</strong></span> <span class='ocrx_word' id='word_1_284' title='bbox 487 2630 795 2677; x_wconf 90' lang='lat' dir='ltr'><strong>nostrarum</strong></span> <span class='ocrx_word' id='word_1_285' title='bbox 837 2624 1076 2692; x_wconf 87' lang='lat' dir='ltr'><strong>puritate</strong></span> <span class='ocrx_word' id='word_1_286' title='bbox 1119 2622 1432 2692; x_wconf 85' lang='lat' dir='ltr'><strong>providerit.</strong></span> <span class='ocrx_word' id='word_1_287' title='bbox 1455 2621 1533 2675; x_wconf 87' lang='lat' dir='ltr'><strong>Ita</strong></span> <span class='ocrx_word' id='word_1_288' title='bbox 1561 2629 1619 2675; x_wconf 89' lang='lat' dir='ltr'><strong>ut</strong></span> <span class='ocrx_word' id='word_1_289' title='bbox 1671 2636 1921 2675; x_wconf 84' lang='lat' dir='ltr'><strong>nonnun-</strong></span> 
     </span>
    </p>
   </div>
   <div class='ocr_carea' id='block_1_43' title="bbox 328 2711 1921 2784">
    <p class='ocr_par' dir='ltr' id='par_1_43' title="bbox 328 2711 1921 2784">
     <span class='ocr_line' id='line_1_43' title="bbox 328 2711 1921 2784; baseline -0.003 -16"><span class='ocrx_word' id='word_1_290' title='bbox 328 2728 493 2784; x_wconf 88' lang='lat' dir='ltr'><strong>quam</strong></span> <span class='ocrx_word' id='word_1_291' title='bbox 531 2727 669 2782; x_wconf 90' lang='lat' dir='ltr'><strong>quos</strong></span> <span class='ocrx_word' id='word_1_292' title='bbox 692 2726 790 2783; x_wconf 91' lang='lat' dir='ltr'><strong>per</strong></span> <span class='ocrx_word' id='word_1_293' title='bbox 819 2720 989 2766; x_wconf 89' lang='lat' dir='ltr'><strong>totum</strong></span> <span class='ocrx_word' id='word_1_294' title='bbox 1023 2713 1197 2767; x_wconf 87' lang='lat' dir='ltr'><strong>noctis</strong></span> <span class='ocrx_word' id='word_1_295' title='bbox 1248 2711 1482 2782; x_wconf 89' lang='lat' dir='ltr'><strong>spatium</strong></span> <span class='ocrx_word' id='word_1_296' title='bbox 1527 2711 1771 2767; x_wconf 88' lang='lat' dir='ltr'><strong>sauciare</strong></span> <span class='ocrx_word' id='word_1_297' title='bbox 1812 2726 1921 2764; x_wconf 90' lang='lat' dir='ltr'><strong>non</strong></span> 
     </span>
    </p>
   </div>
   <div class='ocr_carea' id='block_1_44' title="bbox 329 2801 1924 2875">
    <p class='ocr_par' dir='ltr' id='par_1_44' title="bbox 329 2801 1924 2875">
     <span class='ocr_line' id='line_1_44' title="bbox 329 2801 1924 2875; baseline -0.001 -17"><span class='ocrx_word' id='word_1_298' title='bbox 329 2805 538 2875; x_wconf 89' lang='lat' dir='ltr'><strong>potuit,</strong></span> <span class='ocrx_word' id='word_1_299' title='bbox 584 2805 684 2859; x_wconf 91' lang='lat' dir='ltr'><strong>sub</strong></span> <span class='ocrx_word' id='word_1_300' title='bbox 733 2803 880 2857; x_wconf 90' lang='lat' dir='ltr'><strong>illius</strong></span> <span class='ocrx_word' id='word_1_301' title='bbox 926 2803 1074 2857; x_wconf 65' lang='lat' dir='ltr'><strong>horte</strong></span> <span class='ocrx_word' id='word_1_302' title='bbox 1112 2802 1432 2857; x_wconf 88' lang='lat' dir='ltr'><strong>brevissimo</strong></span> <span class='ocrx_word' id='word_1_303' title='bbox 1473 2810 1717 2872; x_wconf 89' lang='lat' dir='ltr'><strong>tempore</strong></span> <span class='ocrx_word' id='word_1_304' title='bbox 1754 2801 1924 2856; x_wconf 80' lang='lat' dir='ltr'><strong>debo-</strong></span> 
     </span>
    </p>
   </div>
   <div class='ocr_carea' id='block_1_45' title="bbox 328 2891 1924 2964">
    <p class='ocr_par' dir='ltr' id='par_1_45' title="bbox 328 2891 1924 2964">
     <span class='ocr_line' id='line_1_45' title="bbox 328 2891 1924 2964; baseline -0.003 -13"><span class='ocrx_word' id='word_1_305' title='bbox 328 2906 547 2951; x_wconf 89' lang='lat' dir='ltr'><strong>nestare</strong></span> <span class='ocrx_word' id='word_1_306' title='bbox 578 2902 824 2951; x_wconf 90' lang='lat' dir='ltr'><strong>conetur.</strong></span> <span class='ocrx_word' id='word_1_307' title='bbox 875 2894 1128 2949; x_wconf 89' lang='lat' dir='ltr'><strong>Secunda</strong></span> <span class='ocrx_word' id='word_1_308' title='bbox 1169 2909 1300 2949; x_wconf 89' lang='lat' dir='ltr'><strong>vero</strong></span> <span class='ocrx_word' id='word_1_309' title='bbox 1333 2895 1496 2964; x_wconf 89' lang='lat' dir='ltr'><strong>quod,</strong></span> <span class='ocrx_word' id='word_1_310' title='bbox 1534 2893 1750 2948; x_wconf 89' lang='lat' dir='ltr'><strong>tametsi</strong></span> <span class='ocrx_word' id='word_1_311' title='bbox 1775 2891 1924 2947; x_wconf 84' lang='lat' dir='ltr'><strong>nulla</strong></span> 
     </span>
    </p>
   </div>
   <div class='ocr_carea' id='block_1_46' title="bbox 332 2985 1924 3056">
    <p class='ocr_par' dir='ltr' id='par_1_46' title="bbox 332 2985 1924 3056">
     <span class='ocr_line' id='line_1_46' title="bbox 332 2985 1924 3056; baseline -0.001 -15"><span class='ocrx_word' id='word_1_312' title='bbox 332 2987 459 3042; x_wconf 88' lang='lat' dir='ltr'><strong>talis</strong></span> <span class='ocrx_word' id='word_1_313' title='bbox 485 2986 722 3042; x_wconf 88' lang='lat' dir='ltr'><strong>verenda</strong></span> <span class='ocrx_word' id='word_1_314' title='bbox 778 2985 977 3040; x_wconf 89' lang='lat' dir='ltr'><strong>diaboli</strong></span> <span class='ocrx_word' id='word_1_315' title='bbox 1025 2994 1267 3056; x_wconf 82' lang='lat' dir='ltr'><strong>emergat</strong></span> <span class='ocrx_word' id='word_1_316' title='bbox 1312 2986 1521 3052; x_wconf 87' lang='lat' dir='ltr'><strong>illusio,</strong></span> <span class='ocrx_word' id='word_1_317' title='bbox 1579 2985 1924 3040; x_wconf 89' lang='lat' dir='ltr'><strong>intercedens</strong></span> 
     </span>
    </p>
   </div>
   <div class='ocr_carea' id='block_1_47' title="bbox 330 3074 1924 3148">
    <p class='ocr_par' dir='ltr' id='par_1_47' title="bbox 330 3074 1924 3148">
     <span class='ocr_line' id='line_1_47' title="bbox 330 3074 1924 3148; baseline -0.001 -16"><span class='ocrx_word' id='word_1_318' title='bbox 330 3078 496 3133; x_wconf 88' lang='lat' dir='ltr'><strong>etiam</strong></span> <span class='ocrx_word' id='word_1_319' title='bbox 528 3092 696 3148; x_wconf 88' lang='lat' dir='ltr'><strong>purus</strong></span> <span class='ocrx_word' id='word_1_320' title='bbox 724 3090 887 3146; x_wconf 90' lang='lat' dir='ltr'><strong>sopor</strong></span> <span class='ocrx_word' id='word_1_321' title='bbox 908 3076 1160 3131; x_wconf 88' lang='lat' dir='ltr'><strong>inertiam</strong></span> <span class='ocrx_word' id='word_1_322' title='bbox 1193 3077 1460 3130; x_wconf 86' lang='lat' dir='ltr'><strong>monacho</strong></span> <span class='ocrx_word' id='word_1_323' title='bbox 1485 3076 1512 3116; x_wconf 73' lang='grc' dir='ltr'><strong>ι)</strong></span> <span class='ocrx_word' id='word_1_324' title='bbox 1541 3091 1610 3131; x_wconf 91' lang='lat' dir='ltr'><strong>ne</strong></span> <span class='ocrx_word' id='word_1_325' title='bbox 1635 3074 1924 3146; x_wconf 81' lang='lat' dir='ltr'><strong>vigilatum</strong></span> 
     </span>
    </p>
   </div>
   <div class='ocr_carea' id='block_1_48' title="bbox 330 3134 2003 3238">
    <p class='ocr_par' dir='ltr' id='par_1_48' title="bbox 330 3134 2003 3238">
     <span class='ocr_line' id='line_1_48' title="bbox 330 3134 2003 3238; baseline -0.002 -15"><span class='ocrx_word' id='word_1_326' title='bbox 330 3134 620 3238; x_wconf 77' lang='lat' dir='ltr'><strong>parturiat,</strong></span> <span class='ocrx_word' id='word_1_327' title='bbox 649 3134 974 3237; x_wconf 75' lang='lat' dir='ltr'><strong>segnemque</strong></span> <span class='ocrx_word' id='word_1_328' title='bbox 1023 3174 1296 3236; x_wconf 85' lang='lat' dir='ltr'><strong>torporem</strong></span> <span class='ocrx_word' id='word_1_329' title='bbox 1352 3166 1592 3222; x_wconf 90' lang='lat' dir='ltr'><strong>inferens</strong></span> <span class='ocrx_word' id='word_1_330' title='bbox 1638 3134 1805 3221; x_wconf 71' lang='lat' dir='ltr'><strong>menti</strong></span> <span class='ocrx_word' id='word_1_331' title='bbox 1830 3180 1930 3236; x_wconf 88' lang='lat' dir='ltr'><strong>per</strong></span> <span class='ocrx_word' id='word_1_332' title='bbox 1956 3134 2003 3197; x_wconf 67' lang='grc' dir='ltr'>Ο</span> 
     </span>
    </p>
   </div>
   <div class='ocr_carea' id='block_1_49' title="bbox 333 3258 1930 3331">
    <p class='ocr_par' dir='ltr' id='par_1_49' title="bbox 333 3258 1930 3331">
     <span class='ocr_line' id='line_1_49' title="bbox 333 3258 1930 3331; baseline 0.001 -17"><span class='ocrx_word' id='word_1_333' title='bbox 333 3267 511 3314; x_wconf 90' lang='lat' dir='ltr'><strong>totum</strong></span> <span class='ocrx_word' id='word_1_334' title='bbox 536 3258 642 3314; x_wconf 88' lang='lat' dir='ltr'><strong>diei</strong></span> <span class='ocrx_word' id='word_1_335' title='bbox 673 3259 908 3329; x_wconf 88' lang='lat' dir='ltr'><strong>spatium</strong></span> <span class='ocrx_word' id='word_1_336' title='bbox 932 3259 1173 3331; x_wconf 81' lang='lat' dir='ltr'><strong>vigorem</strong></span> <span class='ocrx_word' id='word_1_337' title='bbox 1209 3259 1326 3329; x_wconf 85' lang='lat' dir='ltr'><strong>ejus</strong></span> <span class='ocrx_word' id='word_1_338' title='bbox 1351 3259 1637 3325; x_wconf 80' lang='lat' dir='ltr'><strong>obtundat,</strong></span> <span class='ocrx_word' id='word_1_339' title='bbox 1674 3259 1930 3330; x_wconf 87' lang='lat' dir='ltr'><strong>illamque</strong></span> 
     </span>
    </p>
   </div>
   <div class='ocr_carea' id='block_1_50' title="bbox 333 3351 1932 3424">
    <p class='ocr_par' dir='ltr' id='par_1_50' title="bbox 333 3351 1932 3424">
     <span class='ocr_line' id='line_1_50' title="bbox 333 3351 1932 3424; baseline -0.001 -17"><span class='ocrx_word' id='word_1_340' title='bbox 333 3351 557 3407; x_wconf 86' lang='lat' dir='ltr'><strong>hebetet</strong></span> <span class='ocrx_word' id='word_1_341' title='bbox 593 3351 980 3421; x_wconf 87' lang='lat' dir='ltr'><strong>perspicaciam</strong></span> <span class='ocrx_word' id='word_1_342' title='bbox 1010 3366 1234 3418; x_wconf 84' lang='lat' dir='ltr'><strong>sensus,</strong></span> <span class='ocrx_word' id='word_1_343' title='bbox 1262 3360 1317 3406; x_wconf 87' lang='lat' dir='ltr'><strong>et</strong></span> <span class='ocrx_word' id='word_1_344' title='bbox 1344 3352 1727 3424; x_wconf 27' lang='lat' dir='ltr'><strong>pinguedinem,</strong></span> <span class='ocrx_word' id='word_1_345' title='bbox 1753 3352 1932 3408; x_wconf 85' lang='lat' dir='ltr'><strong>cordis</strong></span> 
     </span>
    </p>
   </div>
   <div class='ocr_carea' id='block_1_51' title="bbox 336 3443 1932 3513">
    <p class='ocr_par' dir='ltr' id='par_1_51' title="bbox 336 3443 1932 3513">
     <span class='ocr_line' id='line_1_51' title="bbox 336 3443 1932 3513; baseline 0.001 -15"><span class='ocrx_word' id='word_1_346' title='bbox 336 3443 641 3507; x_wconf 77' lang='lat' dir='ltr'><strong>exhauriat,</strong></span> <span class='ocrx_word' id='word_1_347' title='bbox 674 3458 794 3513; x_wconf 73' lang='lat' dir='ltr'><strong>quae</strong></span> <span class='ocrx_word' id='word_1_348' title='bbox 818 3458 918 3498; x_wconf 89' lang='lat' dir='ltr'><strong>nos</strong></span> <span class='ocrx_word' id='word_1_349' title='bbox 949 3443 1119 3512; x_wconf 88' lang='lat' dir='ltr'><strong>possit</strong></span> <span class='ocrx_word' id='word_1_350' title='bbox 1160 3458 1258 3512; x_wconf 88' lang='lat' dir='ltr'><strong>per</strong></span> <span class='ocrx_word' id='word_1_351' title='bbox 1283 3451 1455 3499; x_wconf 89' lang='lat' dir='ltr'><strong>totum</strong></span> <span class='ocrx_word' id='word_1_352' title='bbox 1496 3446 1641 3500; x_wconf 90' lang='lat' dir='ltr'><strong>diem</strong></span> <span class='ocrx_word' id='word_1_353' title='bbox 1671 3446 1932 3500; x_wconf 86' lang='lat' dir='ltr'><strong>adversus</strong></span> 
     </span>
    </p>
   </div>
   <div class='ocr_carea' id='block_1_52' title="bbox 337 3534 1934 3605">
    <p class='ocr_par' dir='ltr' id='par_1_52' title="bbox 337 3534 1934 3605">
     <span class='ocr_line' id='line_1_52' title="bbox 337 3534 1934 3605; baseline 0 -15"><span class='ocrx_word' id='word_1_354' title='bbox 337 3548 530 3591; x_wconf 88' lang='lat' dir='ltr'><strong>omnes</strong></span> <span class='ocrx_word' id='word_1_355' title='bbox 553 3534 779 3589; x_wconf 89' lang='lat' dir='ltr'><strong>insidias</strong></span> <span class='ocrx_word' id='word_1_356' title='bbox 810 3534 1015 3589; x_wconf 89' lang='lat' dir='ltr'><strong>inimici</strong></span> <span class='ocrx_word' id='word_1_357' title='bbox 1044 3535 1794 3605; x_wconf 88' lang='lat' dir='ltr'><strong>cautiores,robustioresque</strong></span> <span class='ocrx_word' id='word_1_358' title='bbox 1820 3550 1934 3590; x_wconf 86' lang='lat' dir='ltr'><strong>ser-</strong></span> 
     </span>
    </p>
   </div>
   <div class='ocr_carea' id='block_1_53' title="bbox 337 3624 1934 3696">
    <p class='ocr_par' dir='ltr' id='par_1_53' title="bbox 337 3624 1934 3696">
     <span class='ocr_line' id='line_1_53' title="bbox 337 3624 1934 3696; baseline 0.002 -18"><span class='ocrx_word' id='word_1_359' title='bbox 337 3640 491 3680; x_wconf 82' lang='lat' dir='ltr'><strong>vare.</strong></span> <span class='ocrx_word' id='word_1_360' title='bbox 522 3624 884 3692; x_wconf 87' lang='lat' dir='ltr'><strong>Quamobrem</strong></span> <span class='ocrx_word' id='word_1_361' title='bbox 934 3625 1209 3680; x_wconf 87' lang='lat' dir='ltr'><strong>canonicis</strong></span> <span class='ocrx_word' id='word_1_362' title='bbox 1257 3625 1453 3696; x_wconf 81' lang='lat' dir='ltr'><strong>vigiliis</strong></span> <span class='ocrx_word' id='word_1_363' title='bbox 1491 3625 1713 3695; x_wconf 80' lang='lat' dir='ltr'><strong>privatae</strong></span> <span class='ocrx_word' id='word_1_364' title='bbox 1754 3626 1822 3680; x_wconf 93' lang='lat' dir='ltr'><strong>ab</strong></span> <span class='ocrx_word' id='word_1_365' title='bbox 1853 3626 1934 3681; x_wconf 89' lang='lat' dir='ltr'><strong>eis</strong></span> 
     </span>
    </p>
   </div>
   <div class='ocr_carea' id='block_1_54' title="bbox 339 3716 1935 3788">
    <p class='ocr_par' dir='ltr' id='par_1_54' title="bbox 339 3716 1935 3788">
     <span class='ocr_line' id='line_1_54' title="bbox 339 3716 1935 3788; baseline 0.002 -16"><span class='ocrx_word' id='word_1_366' title='bbox 339 3716 741 3788; x_wconf 76' lang='lat' dir='ltr'><strong>subiunguntur</strong></span> <span class='ocrx_word' id='word_1_367' title='bbox 765 3717 1129 3781; x_wconf 29' lang='lat' dir='ltr'><strong>excubimeac</strong></span> <span class='ocrx_word' id='word_1_368' title='bbox 1163 3717 1367 3786; x_wconf 82' lang='lat' dir='ltr'><strong>majore</strong></span> <span class='ocrx_word' id='word_1_369' title='bbox 1416 3718 1523 3773; x_wconf 89' lang='lat' dir='ltr'><strong>illis</strong></span> <span class='ocrx_word' id='word_1_370' title='bbox 1554 3719 1935 3775; x_wconf 84' lang='lat' dir='ltr'><strong>observatione</strong></span> 
     </span>
    </p>
   </div>
   <div class='ocr_carea' id='block_1_55' title="bbox 342 3807 1936 3879">
    <p class='ocr_par' dir='ltr' id='par_1_55' title="bbox 342 3807 1936 3879">
     <span class='ocr_line' id='line_1_55' title="bbox 342 3807 1936 3879; baseline 0.001 -16"><span class='ocrx_word' id='word_1_371' title='bbox 342 3809 641 3863; x_wconf 87' lang='lat' dir='ltr'><strong>succedunt</strong></span> <span class='ocrx_word' id='word_1_372' title='bbox 669 3825 681 3860; x_wconf 93' lang='lat'>:</span> <span class='ocrx_word' id='word_1_373' title='bbox 724 3814 783 3861; x_wconf 90' lang='lat' dir='ltr'><strong>ut</strong></span> <span class='ocrx_word' id='word_1_374' title='bbox 811 3819 865 3862; x_wconf 88' lang='lat' dir='ltr'><strong>et</strong></span> <span class='ocrx_word' id='word_1_375' title='bbox 889 3808 979 3861; x_wconf 83' lang='lat' dir='ltr'><strong>illa</strong></span> <span class='ocrx_word' id='word_1_376' title='bbox 1010 3807 1334 3878; x_wconf 82' lang='lat' dir='ltr'><strong>purificatio,</strong></span> <span class='ocrx_word' id='word_1_377' title='bbox 1365 3824 1484 3879; x_wconf 71' lang='lat' dir='ltr'><strong>quae</strong></span> <span class='ocrx_word' id='word_1_378' title='bbox 1528 3809 1749 3878; x_wconf 89' lang='lat' dir='ltr'><strong>psalmis</strong></span> <span class='ocrx_word' id='word_1_379' title='bbox 1774 3820 1858 3865; x_wconf 86' lang='lat' dir='ltr'><strong>est</strong></span> <span class='ocrx_word' id='word_1_380' title='bbox 1881 3819 1936 3865; x_wconf 86' lang='lat' dir='ltr'><strong>et</strong></span> 
     </span>
    </p>
   </div>
   <div class='ocr_carea' id='block_1_56' title="bbox 342 3897 1937 3970">
    <p class='ocr_par' dir='ltr' id='par_1_56' title="bbox 342 3897 1937 3970">
     <span class='ocr_line' id='line_1_56' title="bbox 342 3897 1937 3970; baseline -0.001 -15"><span class='ocrx_word' id='word_1_381' title='bbox 342 3898 683 3955; x_wconf 87' lang='lat' dir='ltr'><strong>orationibus</strong></span> <span class='ocrx_word' id='word_1_382' title='bbox 712 3898 974 3968; x_wconf 86' lang='lat' dir='ltr'><strong>acquisita</strong></span> <span class='ocrx_word' id='word_1_383' title='bbox 1006 3914 1111 3954; x_wconf 88' lang='lat' dir='ltr'><strong>non</strong></span> <span class='ocrx_word' id='word_1_384' title='bbox 1142 3907 1350 3970; x_wconf 87' lang='lat' dir='ltr'><strong>pereat,</strong></span> <span class='ocrx_word' id='word_1_385' title='bbox 1381 3907 1437 3953; x_wconf 88' lang='lat' dir='ltr'><strong>et</strong></span> <span class='ocrx_word' id='word_1_386' title='bbox 1487 3897 1752 3954; x_wconf 88' lang='lat' dir='ltr'><strong>intensior</strong></span> <span class='ocrx_word' id='word_1_387' title='bbox 1789 3898 1937 3955; x_wconf 88' lang='lat' dir='ltr'><strong>solli-</strong></span> 
     </span>
    </p>
   </div>
   <div class='ocr_carea' id='block_1_57' title="bbox 343 4051 1932 4125">
    <p class='ocr_par' dir='ltr' id='par_1_57' title="bbox 343 4051 1932 4125">
     <span class='ocr_line' id='line_1_57' title="bbox 343 4051 1932 4125; baseline -0.003 -15"><span class='ocrx_word' id='word_1_388' title='bbox 343 4055 571 4111; x_wconf 84' lang='lat' dir='ltr'><strong>Plautus</strong></span> <span class='ocrx_word' id='word_1_389' title='bbox 599 4054 815 4111; x_wconf 89' lang='lat' dir='ltr'><strong>Cereris</strong></span> <span class='ocrx_word' id='word_1_390' title='bbox 841 4053 1071 4125; x_wconf 76' lang='lat' dir='ltr'><strong>Vigilias</strong></span> <span class='ocrx_word' id='word_1_391' title='bbox 1090 4054 1227 4125; x_wconf 81' lang='lat' dir='ltr'><strong>dixit</strong></span> <span class='ocrx_word' id='word_1_392' title='bbox 1277 4051 1367 4125; x_wconf 84' lang='lat' dir='ltr'><strong>(In</strong></span> <span class='ocrx_word' id='word_1_393' title='bbox 1390 4051 1692 4118; x_wconf 81' lang='lat' dir='ltr'><strong>Aulularia,</strong></span> <span class='ocrx_word' id='word_1_394' title='bbox 1720 4054 1775 4106; x_wconf 82' lang='lat' dir='ltr'><strong>in</strong></span> <span class='ocrx_word' id='word_1_395' title='bbox 1798 4053 1932 4125; x_wconf 74' lang='lat' dir='ltr'><strong>pro].</strong></span> 
     </span>
    </p>
   </div>
   <div class='ocr_carea' id='block_1_58' title="bbox 343 4123 1935 4196">
    <p class='ocr_par' dir='ltr' id='par_1_58' title="bbox 343 4123 1935 4196">
     <span class='ocr_line' id='line_1_58' title="bbox 343 4123 1935 4196; baseline -0.004 -15"><span class='ocrx_word' id='word_1_396' title='bbox 343 4137 397 4182; x_wconf 78' lang='lat' dir='ltr'><strong>et</strong></span> <span class='ocrx_word' id='word_1_397' title='bbox 428 4136 533 4180; x_wconf 87' lang='lat' dir='ltr'><strong>act.</strong></span> <span class='ocrx_word' id='word_1_398' title='bbox 564 4126 642 4194; x_wconf 81' lang='lat'><strong>5).</strong></span> <span class='ocrx_word' id='word_1_399' title='bbox 693 4123 1018 4196; x_wconf 58' lang='grc' dir='ltr'><strong>Παννυχίδας</strong></span> <span class='ocrx_word' id='word_1_400' title='bbox 1049 4124 1224 4180; x_wconf 64' lang='lat' dir='ltr'><strong>Graeci</strong></span> <span class='ocrx_word' id='word_1_401' title='bbox 1272 4123 1488 4196; x_wconf 80' lang='lat' dir='ltr'><strong>vocant,</strong></span> <span class='ocrx_word' id='word_1_402' title='bbox 1520 4138 1628 4194; x_wconf 91' lang='lat' dir='ltr'><strong>quo</strong></span> <span class='ocrx_word' id='word_1_403' title='bbox 1672 4123 1935 4196; x_wconf 70' lang='lat' dir='ltr'><strong>vocabulo</strong></span> 
     </span>
    </p>
   </div>
   <div class='ocr_carea' id='block_1_59' title="bbox 345 4192 1937 4276">
    <p class='ocr_par' dir='ltr' id='par_1_59' title="bbox 345 4192 1937 4276">
     <span class='ocr_line' id='line_1_59' title="bbox 345 4192 1937 4276; baseline -0.004 -24"><span class='ocrx_word' id='word_1_404' title='bbox 345 4205 580 4276; x_wconf 65' lang='lat' dir='ltr'><strong>utuntur</strong></span> <span class='ocrx_word' id='word_1_405' title='bbox 604 4192 769 4276; x_wconf 65' lang='lat' dir='ltr'><strong>etiam</strong></span> <span class='ocrx_word' id='word_1_406' title='bbox 792 4192 1085 4276; x_wconf 64' lang='lat' dir='ltr'><strong>Christiani</strong></span> <span class='ocrx_word' id='word_1_407' title='bbox 1115 4209 1213 4263; x_wconf 93' lang='lat' dir='ltr'><strong>pro</strong></span> <span class='ocrx_word' id='word_1_408' title='bbox 1238 4192 1718 4276; x_wconf 41' lang='lat' dir='ltr'><strong>synaxinuot&#39;c‘turni</strong></span> <span class='ocrx_word' id='word_1_409' title='bbox 1755 4192 1937 4276; x_wconf 74' lang='lat' dir='ltr'><strong>cilicii,</strong></span> 
     </span>
    </p>
   </div>
   <div class='ocr_carea' id='block_1_60' title="bbox 348 4263 1941 4349">
    <p class='ocr_par' dir='ltr' id='par_1_60' title="bbox 348 4263 1941 4349">
     <span class='ocr_line' id='line_1_60' title="bbox 348 4263 1941 4349; baseline -0.003 -28"><span class='ocrx_word' id='word_1_410' title='bbox 348 4275 412 4349; x_wconf 85' lang='lat' dir='ltr'><strong>ut</strong></span> <span class='ocrx_word' id='word_1_411' title='bbox 433 4266 731 4349; x_wconf 51' lang='lat' dir='ltr'><strong>Ralladius,</strong></span> <span class='ocrx_word' id='word_1_412' title='bbox 754 4280 873 4336; x_wconf 85' lang='lat' dir='ltr'><strong>cap.</strong></span> <span class='ocrx_word' id='word_1_413' title='bbox 901 4265 967 4320; x_wconf 87' lang='lat' dir='ltr'><strong>de</strong></span> <span class='ocrx_word' id='word_1_414' title='bbox 983 4263 1414 4331; x_wconf 86' lang='lat' dir='ltr'><strong>Tabeunesiotis,</strong></span> <span class='ocrx_word' id='word_1_415' title='bbox 1440 4263 1496 4319; x_wconf 90' lang='lat' dir='ltr'><strong>S.</strong></span> <span class='ocrx_word' id='word_1_416' title='bbox 1522 4264 1598 4320; x_wconf 85' lang='lat' dir='ltr'><strong>Ch</strong></span> <span class='ocrx_word' id='word_1_417' title='bbox 1608 4272 1941 4335; x_wconf 81' lang='lat' dir='ltr'><strong>rysostomus</strong></span> 
     </span>
    </p>
   </div>
   <div class='ocr_carea' id='block_1_61' title="bbox 346 4336 1942 4474">
    <p class='ocr_par' dir='ltr' id='par_1_61' title="bbox 346 4336 1942 4474">
     <span class='ocr_line' id='line_1_61' title="bbox 346 4336 1942 4474; baseline -0.001 -16"><span class='ocrx_word' id='word_1_418' title='bbox 346 4347 410 4393; x_wconf 52' lang='lat' dir='ltr'><strong>et</strong></span> <span class='ocrx_word' id='word_1_419' title='bbox 425 4336 660 4471; x_wconf 51' lang='lat' dir='ltr'><strong>suane&quot;;</strong></span> <span class='ocrx_word' id='word_1_420' title='bbox 689 4403 941 4474; x_wconf 83' lang='lat' dir='ltr'><strong>laborem,</strong></span> <span class='ocrx_word' id='word_1_421' title='bbox 968 4412 1073 4474; x_wconf 83' lang='lat' dir='ltr'><strong>etc.</strong></span> <span class='ocrx_word' id='word_1_422' title='bbox 1106 4403 1230 4459; x_wconf 63' lang='lat' dir='ltr'><strong>Haec</strong></span> <span class='ocrx_word' id='word_1_423' title='bbox 1258 4405 1527 4460; x_wconf 88' lang='lat' dir='ltr'><strong>habentur</strong></span> <span class='ocrx_word' id='word_1_424' title='bbox 1550 4404 1692 4474; x_wconf 80' lang='lat' dir='ltr'><strong>apud</strong></span> <span class='ocrx_word' id='word_1_425' title='bbox 1729 4403 1942 4457; x_wconf 84' lang='lat' dir='ltr'><strong>Cassia-</strong></span> 
     </span>
    </p>
   </div>
   <div class='ocr_carea' id='block_1_62' title="bbox 2017 1889 3615 1963">
    <p class='ocr_par' dir='ltr' id='par_1_62' title="bbox 2017 1889 3615 1963">
     <span class='ocr_line' id='line_1_62' title="bbox 2017 1889 3615 1963; baseline 0.003 -18"><span class='ocrx_word' id='word_1_426' title='bbox 2017 1889 2267 1960; x_wconf 86' lang='lat' dir='ltr'><strong>supplici,</strong></span> <span class='ocrx_word' id='word_1_427' title='bbox 2293 1898 2347 1945; x_wconf 88' lang='lat' dir='ltr'><strong>et</strong></span> <span class='ocrx_word' id='word_1_428' title='bbox 2371 1891 2710 1947; x_wconf 89' lang='lat' dir='ltr'><strong>antelucanis</strong></span> <span class='ocrx_word' id='word_1_429' title='bbox 2748 1893 3089 1963; x_wconf 82' lang='lat' dir='ltr'><strong>orationibus</strong></span> <span class='ocrx_word' id='word_1_430' title='bbox 3119 1894 3444 1963; x_wconf 88' lang='lat' dir='ltr'><strong>acquisitam</strong></span> <span class='ocrx_word' id='word_1_431' title='bbox 3469 1934 3485 1960; x_wconf 91' lang='lat'><strong>,</strong></span> <span class='ocrx_word' id='word_1_432' title='bbox 3525 1895 3615 1950; x_wconf 85' lang='lat' dir='ltr'><strong>vel</strong></span> 
     </span>
    </p>
   </div>
   <div class='ocr_carea' id='block_1_63' title="bbox 2016 1983 3611 2054">
    <p class='ocr_par' dir='ltr' id='par_1_63' title="bbox 2016 1983 3611 2054">
     <span class='ocr_line' id='line_1_63' title="bbox 2016 1983 3611 2054; baseline 0.004 -19"><span class='ocrx_word' id='word_1_433' title='bbox 2016 1996 2300 2054; x_wconf 84' lang='lat' dir='ltr'><strong>emergens</strong></span> <span class='ocrx_word' id='word_1_434' title='bbox 2322 1983 2567 2054; x_wconf 80' lang='lat' dir='ltr'><strong>quaedam</strong></span> <span class='ocrx_word' id='word_1_435' title='bbox 2589 1985 2945 2040; x_wconf 88' lang='lat' dir='ltr'><strong>redundantia</strong></span> <span class='ocrx_word' id='word_1_436' title='bbox 2966 1986 3252 2040; x_wconf 89' lang='lat' dir='ltr'><strong>humorum</strong></span> <span class='ocrx_word' id='word_1_437' title='bbox 3283 1986 3611 2042; x_wconf 87' lang='lat' dir='ltr'><strong>naturalium</strong></span> 
     </span>
    </p>
   </div>
   <div class='ocr_carea' id='block_1_64' title="bbox 2017 2073 3618 2146">
    <p class='ocr_par' dir='ltr' id='par_1_64' title="bbox 2017 2073 3618 2146">
     <span class='ocr_line' id='line_1_64' title="bbox 2017 2073 3618 2146; baseline 0.002 -17"><span class='ocrx_word' id='word_1_438' title='bbox 2017 2073 2243 2145; x_wconf 89' lang='lat' dir='ltr'><strong>polluat,</strong></span> <span class='ocrx_word' id='word_1_439' title='bbox 2260 2075 2343 2129; x_wconf 90' lang='lat' dir='ltr'><strong>vel</strong></span> <span class='ocrx_word' id='word_1_440' title='bbox 2372 2074 2552 2130; x_wconf 89' lang='lat' dir='ltr'><strong>illusio</strong></span> <span class='ocrx_word' id='word_1_441' title='bbox 2579 2085 2897 2146; x_wconf 86' lang='lat' dir='ltr'><strong>corrumpat</strong></span> <span class='ocrx_word' id='word_1_442' title='bbox 2922 2076 3154 2141; x_wconf 89' lang='lat' dir='ltr'><strong>inimici,</strong></span> <span class='ocrx_word' id='word_1_443' title='bbox 3172 2076 3257 2130; x_wconf 88' lang='lat' dir='ltr'><strong>vel</strong></span> <span class='ocrx_word' id='word_1_444' title='bbox 3272 2084 3422 2131; x_wconf 88' lang='lat' dir='ltr'><strong>certe</strong></span> <span class='ocrx_word' id='word_1_445' title='bbox 3447 2076 3618 2132; x_wconf 86' lang='lat' dir='ltr'><strong>inter-</strong></span> 
     </span>
    </p>
   </div>
   <div class='ocr_carea' id='block_1_65' title="bbox 2018 2167 3614 2240">
    <p class='ocr_par' dir='ltr' id='par_1_65' title="bbox 2018 2167 3614 2240">
     <span class='ocr_line' id='line_1_65' title="bbox 2018 2167 3614 2240; baseline 0.002 -19"><span class='ocrx_word' id='word_1_446' title='bbox 2018 2167 2217 2223; x_wconf 88' lang='lat' dir='ltr'><strong>cedens</strong></span> <span class='ocrx_word' id='word_1_447' title='bbox 2244 2167 2407 2222; x_wconf 87' lang='lat' dir='ltr'><strong>etiam</strong></span> <span class='ocrx_word' id='word_1_448' title='bbox 2433 2168 2553 2237; x_wconf 87' lang='lat' dir='ltr'><strong>puri</strong></span> <span class='ocrx_word' id='word_1_449' title='bbox 2597 2175 2653 2223; x_wconf 91' lang='lat' dir='ltr'><strong>et</strong></span> <span class='ocrx_word' id='word_1_450' title='bbox 2676 2168 2937 2240; x_wconf 89' lang='lat' dir='ltr'><strong>simplicis</strong></span> <span class='ocrx_word' id='word_1_451' title='bbox 2972 2168 3147 2224; x_wconf 90' lang='lat' dir='ltr'><strong>somni</strong></span> <span class='ocrx_word' id='word_1_452' title='bbox 3174 2167 3400 2225; x_wconf 89' lang='lat' dir='ltr'><strong>refectio</strong></span> <span class='ocrx_word' id='word_1_453' title='bbox 3446 2169 3614 2225; x_wconf 87' lang='lat' dir='ltr'><strong>inter-</strong></span> 
     </span>
    </p>
   </div>
   <div class='ocr_carea' id='block_1_66' title="bbox 2019 2257 3618 2332">
    <p class='ocr_par' dir='ltr' id='par_1_66' title="bbox 2019 2257 3618 2332">
     <span class='ocr_line' id='line_1_66' title="bbox 2019 2257 3618 2332; baseline 0.003 -21"><span class='ocrx_word' id='word_1_454' title='bbox 2019 2266 2237 2330; x_wconf 86' lang='lat' dir='ltr'><strong>rumpat</strong></span> <span class='ocrx_word' id='word_1_455' title='bbox 2262 2260 2486 2330; x_wconf 90' lang='lat' dir='ltr'><strong>spiritus</strong></span> <span class='ocrx_word' id='word_1_456' title='bbox 2508 2261 2682 2315; x_wconf 90' lang='lat' dir='ltr'><strong>nostri</strong></span> <span class='ocrx_word' id='word_1_457' title='bbox 2712 2257 3004 2327; x_wconf 85' lang='lat' dir='ltr'><strong>fervorem,</strong></span> <span class='ocrx_word' id='word_1_458' title='bbox 3036 2276 3098 2317; x_wconf 89' lang='lat' dir='ltr'><strong>ac</strong></span> <span class='ocrx_word' id='word_1_459' title='bbox 3135 2260 3404 2332; x_wconf 83' lang='lat' dir='ltr'><strong>tepefacto</strong></span> <span class='ocrx_word' id='word_1_460' title='bbox 3439 2264 3618 2317; x_wconf 89' lang='lat' dir='ltr'><strong>somni</strong></span> 
     </span>
    </p>
   </div>
   <div class='ocr_carea' id='block_1_67' title="bbox 2020 2348 3619 2422">
    <p class='ocr_par' dir='ltr' id='par_1_67' title="bbox 2020 2348 3619 2422">
     <span class='ocr_line' id='line_1_67' title="bbox 2020 2348 3619 2422; baseline 0.003 -21"><span class='ocrx_word' id='word_1_461' title='bbox 2020 2355 2240 2418; x_wconf 91' lang='lat' dir='ltr'><strong>torpore</strong></span> <span class='ocrx_word' id='word_1_462' title='bbox 2283 2364 2382 2419; x_wconf 90' lang='lat' dir='ltr'><strong>per</strong></span> <span class='ocrx_word' id='word_1_463' title='bbox 2431 2357 2603 2405; x_wconf 91' lang='lat' dir='ltr'><strong>totum</strong></span> <span class='ocrx_word' id='word_1_464' title='bbox 2650 2351 2758 2405; x_wconf 91' lang='lat' dir='ltr'><strong>diei</strong></span> <span class='ocrx_word' id='word_1_465' title='bbox 2813 2352 3046 2422; x_wconf 90' lang='lat' dir='ltr'><strong>spatium</strong></span> <span class='ocrx_word' id='word_1_466' title='bbox 3109 2348 3335 2408; x_wconf 85' lang='lat' dir='ltr'><strong>inertes</strong></span> <span class='ocrx_word' id='word_1_467' title='bbox 3361 2352 3619 2421; x_wconf 84' lang='lat' dir='ltr'><strong>deinceps</strong></span> 
     </span>
    </p>
   </div>
   <div class='ocr_carea' id='block_1_68' title="bbox 2020 2437 3622 2514">
    <p class='ocr_par' dir='ltr' id='par_1_68' title="bbox 2020 2437 3622 2514">
     <span class='ocr_line' id='line_1_68' title="bbox 2020 2437 3622 2514; baseline 0.004 -23"><span class='ocrx_word' id='word_1_468' title='bbox 2020 2437 2353 2509; x_wconf 84' lang='lat' dir='ltr'><strong>ignavosque</strong></span> <span class='ocrx_word' id='word_1_469' title='bbox 2383 2441 2651 2495; x_wconf 87' lang='lat' dir='ltr'><strong>traducat.</strong></span> <span class='ocrx_word' id='word_1_470' title='bbox 2687 2441 2838 2509; x_wconf 88' lang='lat' dir='ltr'><strong>Quod</strong></span> <span class='ocrx_word' id='word_1_471' title='bbox 2869 2440 3112 2514; x_wconf 62' lang='lat' dir='ltr'><strong>[Egyptii</strong></span> <span class='ocrx_word' id='word_1_472' title='bbox 3135 2459 3204 2498; x_wconf 89' lang='lat' dir='ltr'><strong>ne</strong></span> <span class='ocrx_word' id='word_1_473' title='bbox 3233 2443 3533 2509; x_wconf 89' lang='lat' dir='ltr'><strong>incurrant,</strong></span> <span class='ocrx_word' id='word_1_474' title='bbox 3561 2451 3622 2497; x_wconf 89' lang='lat' dir='ltr'><strong>et</strong></span> 
     </span>
    </p>
   </div>
   <div class='ocr_carea' id='block_1_69' title="bbox 2022 2528 3623 2601">
    <p class='ocr_par' dir='ltr' id='par_1_69' title="bbox 2022 2528 3623 2601">
     <span class='ocr_line' id='line_1_69' title="bbox 2022 2528 3623 2601; baseline 0.002 -21"><span class='ocrx_word' id='word_1_475' title='bbox 2022 2528 2241 2596; x_wconf 90' lang='lat' dir='ltr'><strong>quidem</strong></span> <span class='ocrx_word' id='word_1_476' title='bbox 2269 2544 2389 2584; x_wconf 91' lang='lat' dir='ltr'><strong>cum</strong></span> <span class='ocrx_word' id='word_1_477' title='bbox 2427 2530 2636 2585; x_wconf 87' lang='lat' dir='ltr'><strong>soleant</strong></span> <span class='ocrx_word' id='word_1_478' title='bbox 2669 2532 2833 2586; x_wconf 88' lang='lat' dir='ltr'><strong>certis</strong></span> <span class='ocrx_word' id='word_1_479' title='bbox 2865 2532 3197 2601; x_wconf 89' lang='lat' dir='ltr'><strong>temporibus</strong></span> <span class='ocrx_word' id='word_1_480' title='bbox 3219 2573 3234 2598; x_wconf 90' lang='lat'><strong>,</strong></span> <span class='ocrx_word' id='word_1_481' title='bbox 3284 2533 3449 2587; x_wconf 90' lang='lat' dir='ltr'><strong>etiam</strong></span> <span class='ocrx_word' id='word_1_482' title='bbox 3495 2539 3623 2587; x_wconf 84' lang='lat' dir='ltr'><strong>ante</strong></span> 
     </span>
    </p>
   </div>
   <div class='ocr_carea' id='block_1_70' title="bbox 2023 2618 3620 2692">
    <p class='ocr_par' dir='ltr' id='par_1_70' title="bbox 2023 2618 3620 2692">
     <span class='ocr_line' id='line_1_70' title="bbox 2023 2618 3620 2692; baseline 0.003 -22"><span class='ocrx_word' id='word_1_483' title='bbox 2023 2618 2288 2688; x_wconf 84' lang='lat' dir='ltr'><strong>gallorum</strong></span> <span class='ocrx_word' id='word_1_484' title='bbox 2318 2627 2535 2673; x_wconf 90' lang='lat' dir='ltr'><strong>cantum</strong></span> <span class='ocrx_word' id='word_1_485' title='bbox 2559 2635 2908 2692; x_wconf 85' lang='lat' dir='ltr'><strong>consurgere,</strong></span> <span class='ocrx_word' id='word_1_486' title='bbox 2932 2620 2956 2659; x_wconf 77' lang='grc' dir='ltr'>ἀ</span> <span class='ocrx_word' id='word_1_487' title='bbox 2986 2621 3149 2675; x_wconf 88' lang='lat' dir='ltr'><strong>missa</strong></span> <span class='ocrx_word' id='word_1_488' title='bbox 3184 2622 3446 2676; x_wconf 84' lang='lat' dir='ltr'><strong>canonica</strong></span> <span class='ocrx_word' id='word_1_489' title='bbox 3476 2620 3620 2676; x_wconf 84' lang='lat' dir='ltr'><strong>cele-</strong></span> 
     </span>
    </p>
   </div>
   <div class='ocr_carea' id='block_1_71' title="bbox 2023 2709 3609 2784">
    <p class='ocr_par' dir='ltr' id='par_1_71' title="bbox 2023 2709 3609 2784">
     <span class='ocr_line' id='line_1_71' title="bbox 2023 2709 3609 2784; baseline 0.003 -21"><span class='ocrx_word' id='word_1_490' title='bbox 2023 2709 2202 2776; x_wconf 87' lang='lat' dir='ltr'><strong>brata,</strong></span> <span class='ocrx_word' id='word_1_491' title='bbox 2228 2725 2400 2781; x_wconf 89' lang='lat' dir='ltr'><strong>usque</strong></span> <span class='ocrx_word' id='word_1_492' title='bbox 2424 2712 2491 2766; x_wconf 89' lang='lat' dir='ltr'><strong>ad</strong></span> <span class='ocrx_word' id='word_1_493' title='bbox 2544 2712 2721 2767; x_wconf 87' lang='lat' dir='ltr'><strong>lucem</strong></span> <span class='ocrx_word' id='word_1_494' title='bbox 2750 2714 2990 2782; x_wconf 70' lang='lat' dir='ltr'><strong>posthrec</strong></span> <span class='ocrx_word' id='word_1_495' title='bbox 3033 2713 3241 2784; x_wconf 84' lang='lat' dir='ltr'><strong>vigilias</strong></span> <span class='ocrx_word' id='word_1_496' title='bbox 3270 2713 3570 2769; x_wconf 78' lang='lat' dir='ltr'><strong>extendunt</strong></span> <span class='ocrx_word' id='word_1_497' title='bbox 3594 2732 3609 2777; x_wconf 84' lang='lat'>;</span> 
     </span>
    </p>
   </div>
   <div class='ocr_carea' id='block_1_72' title="bbox 2023 2803 3618 2878">
    <p class='ocr_par' dir='ltr' id='par_1_72' title="bbox 2023 2803 3618 2878">
     <span class='ocr_line' id='line_1_72' title="bbox 2023 2803 3618 2878; baseline 0.003 -22"><span class='ocrx_word' id='word_1_498' title='bbox 2023 2809 2086 2855; x_wconf 89' lang='lat' dir='ltr'><strong>ut</strong></span> <span class='ocrx_word' id='word_1_499' title='bbox 2109 2817 2202 2857; x_wconf 91' lang='lat' dir='ltr'><strong>eos</strong></span> <span class='ocrx_word' id='word_1_500' title='bbox 2232 2803 2619 2872; x_wconf 88' lang='lat' dir='ltr'><strong>superveniens</strong></span> <span class='ocrx_word' id='word_1_501' title='bbox 2639 2804 2731 2859; x_wconf 80' lang='lat' dir='ltr'><strong>lux</strong></span> <span class='ocrx_word' id='word_1_502' title='bbox 2753 2805 3018 2860; x_wconf 88' lang='lat' dir='ltr'><strong>matutina</strong></span> <span class='ocrx_word' id='word_1_503' title='bbox 3045 2806 3099 2859; x_wconf 90' lang='lat' dir='ltr'><strong>in</strong></span> <span class='ocrx_word' id='word_1_504' title='bbox 3126 2806 3227 2861; x_wconf 92' lang='lat' dir='ltr'><strong>hoc</strong></span> <span class='ocrx_word' id='word_1_505' title='bbox 3261 2805 3473 2861; x_wconf 85' lang='lat' dir='ltr'><strong>fervore</strong></span> <span class='ocrx_word' id='word_1_506' title='bbox 3504 2805 3618 2878; x_wconf 86' lang='lat' dir='ltr'><strong>spi—</strong></span> 
     </span>
    </p>
   </div>
   <div class='ocr_carea' id='block_1_73' title="bbox 2027 2893 3619 2971">
    <p class='ocr_par' dir='ltr' id='par_1_73' title="bbox 2027 2893 3619 2971">
     <span class='ocr_line' id='line_1_73' title="bbox 2027 2893 3619 2971; baseline 0.002 -24"><span class='ocrx_word' id='word_1_507' title='bbox 2027 2893 2165 2948; x_wconf 90' lang='lat' dir='ltr'><strong>ritus</strong></span> <span class='ocrx_word' id='word_1_508' title='bbox 2200 2894 2437 2971; x_wconf 75' lang='lat' dir='ltr'><strong>reperiat</strong></span> <span class='ocrx_word' id='word_1_509' title='bbox 2458 2895 2802 2960; x_wconf 88' lang='lat' dir='ltr'><strong>constitutos,</strong></span> <span class='ocrx_word' id='word_1_510' title='bbox 2840 2910 2904 2951; x_wconf 90' lang='lat' dir='ltr'><strong>ac</strong></span> <span class='ocrx_word' id='word_1_511' title='bbox 2931 2910 3029 2967; x_wconf 91' lang='lat' dir='ltr'><strong>per</strong></span> <span class='ocrx_word' id='word_1_512' title='bbox 3062 2904 3233 2951; x_wconf 90' lang='lat' dir='ltr'><strong>totum</strong></span> <span class='ocrx_word' id='word_1_513' title='bbox 3269 2896 3373 2951; x_wconf 88' lang='lat' dir='ltr'><strong>diei</strong></span> <span class='ocrx_word' id='word_1_514' title='bbox 3405 2903 3619 2966; x_wconf 87' lang='lat' dir='ltr'><strong>tempus</strong></span> 
     </span>
    </p>
   </div>
   <div class='ocr_carea' id='block_1_74' title="bbox 2028 2983 3622 3060">
    <p class='ocr_par' dir='ltr' id='par_1_74' title="bbox 2028 2983 3622 3060">
     <span class='ocr_line' id='line_1_74' title="bbox 2028 2983 3622 3060; baseline 0.003 -21"><span class='ocrx_word' id='word_1_515' title='bbox 2028 2983 2386 3042; x_wconf 87' lang='lat' dir='ltr'><strong>ferventiores</strong></span> <span class='ocrx_word' id='word_1_516' title='bbox 2435 2986 2884 3060; x_wconf 89' lang='lat' dir='ltr'><strong>sollicitioresque</strong></span> <span class='ocrx_word' id='word_1_517' title='bbox 2924 2990 3230 3055; x_wconf 83' lang='lat' dir='ltr'><strong>custodiat,</strong></span> <span class='ocrx_word' id='word_1_518' title='bbox 3286 2998 3622 3060; x_wconf 62' lang='lat' dir='ltr'><strong>prmparatos</strong></span> 
     </span>
    </p>
   </div>
   <div class='ocr_carea' id='block_1_75' title="bbox 2032 3076 3627 3148">
    <p class='ocr_par' dir='ltr' id='par_1_75' title="bbox 2032 3076 3627 3148">
     <span class='ocr_line' id='line_1_75' title="bbox 2032 3076 3627 3148; baseline 0.002 -17"><span class='ocrx_word' id='word_1_519' title='bbox 2032 3091 2127 3132; x_wconf 91' lang='lat' dir='ltr'><strong>eos</strong></span> <span class='ocrx_word' id='word_1_520' title='bbox 2149 3076 2452 3148; x_wconf 90' lang='lat' dir='ltr'><strong>suscipiens</strong></span> <span class='ocrx_word' id='word_1_521' title='bbox 2476 3077 2543 3132; x_wconf 89' lang='lat' dir='ltr'><strong>ad</strong></span> <span class='ocrx_word' id='word_1_522' title='bbox 2570 3076 2878 3133; x_wconf 87' lang='lat' dir='ltr'><strong>conﬂictum</strong></span> <span class='ocrx_word' id='word_1_523' title='bbox 2909 3088 2964 3134; x_wconf 88' lang='lat' dir='ltr'><strong>et</strong></span> <span class='ocrx_word' id='word_1_524' title='bbox 2989 3080 3239 3135; x_wconf 88' lang='lat' dir='ltr'><strong>diurnam</strong></span> <span class='ocrx_word' id='word_1_525' title='bbox 3288 3080 3627 3137; x_wconf 82' lang='lat' dir='ltr'><strong>colluctatio-</strong></span> 
     </span>
    </p>
   </div>
   <div class='ocr_carea' id='block_1_76' title="bbox 2033 3166 3619 3245">
    <p class='ocr_par' dir='ltr' id='par_1_76' title="bbox 2033 3166 3619 3245">
     <span class='ocr_line' id='line_1_76' title="bbox 2033 3166 3619 3245; baseline 0.002 -22"><span class='ocrx_word' id='word_1_526' title='bbox 2033 3183 2159 3223; x_wconf 90' lang='lat' dir='ltr'><strong>nem</strong></span> <span class='ocrx_word' id='word_1_527' title='bbox 2188 3166 2408 3235; x_wconf 89' lang='lat' dir='ltr'><strong>diaboli,</strong></span> <span class='ocrx_word' id='word_1_528' title='bbox 2436 3178 2825 3241; x_wconf 89' lang='lat' dir='ltr'><strong>nocturnarum</strong></span> <span class='ocrx_word' id='word_1_529' title='bbox 2882 3172 3269 3228; x_wconf 80' lang='lat' dir='ltr'><strong>exercitatione</strong></span> <span class='ocrx_word' id='word_1_530' title='bbox 3310 3171 3619 3245; x_wconf 89' lang='lat' dir='ltr'><strong>vigiliarum</strong></span> 
     </span>
    </p>
   </div>
   <div class='ocr_carea' id='block_1_77' title="bbox 2034 3260 3034 3330">
    <p class='ocr_par' dir='ltr' id='par_1_77' title="bbox 2034 3260 3034 3330">
     <span class='ocr_line' id='line_1_77' title="bbox 2034 3260 3034 3330; baseline 0.006 -17"><span class='ocrx_word' id='word_1_531' title='bbox 2034 3275 2098 3314; x_wconf 90' lang='lat' dir='ltr'><strong>ac</strong></span> <span class='ocrx_word' id='word_1_532' title='bbox 2124 3260 2353 3330; x_wconf 88' lang='lat' dir='ltr'><strong>spiritali</strong></span> <span class='ocrx_word' id='word_1_533' title='bbox 2379 3260 2733 3317; x_wconf 88' lang='lat' dir='ltr'><strong>meditatione</strong></span> <span class='ocrx_word' id='word_1_534' title='bbox 2772 3260 3034 3319; x_wconf 79' lang='lat' dir='ltr'><strong>ﬁrmatos.</strong></span> 
     </span>
    </p>
   </div>
   <div class='ocr_carea' id='block_1_78' title="bbox 2110 3351 3550 3430">
    <p class='ocr_par' dir='ltr' id='par_1_78' title="bbox 2110 3351 3550 3430">
     <span class='ocr_line' id='line_1_78' title="bbox 2110 3351 3550 3430; baseline 0.001 -24"><span class='ocrx_word' id='word_1_535' title='bbox 2110 3352 2137 3424; x_wconf 85' lang='lat'>§</span> <span class='ocrx_word' id='word_1_536' title='bbox 2172 3351 2261 3407; x_wconf 86' lang='lat' dir='ltr'><strong>IV.</strong></span> <span class='ocrx_word' id='word_1_537' title='bbox 2288 3383 2359 3392; x_wconf 88' lang='lat'><strong>-—</strong></span> <span class='ocrx_word' id='word_1_538' title='bbox 2386 3352 2467 3407; x_wconf 86' lang='lat' dir='ltr'><strong>Ex</strong></span> <span class='ocrx_word' id='word_1_539' title='bbox 2506 3352 2727 3409; x_wconf 71' lang='lat' dir='ltr'><strong>REGULA</strong></span> <span class='ocrx_word' id='word_1_540' title='bbox 2767 3370 2955 3409; x_wconf 63' lang='lat' dir='ltr'><strong>sucu</strong></span> <span class='ocrx_word' id='word_1_541' title='bbox 2995 3354 3240 3410; x_wconf 67' lang='lat' dir='ltr'><strong>Cassuru</strong></span> <span class='ocrx_word' id='word_1_542' title='bbox 3270 3355 3407 3427; x_wconf 85' lang='lat' dir='ltr'><strong>(cap.</strong></span> <span class='ocrx_word' id='word_1_543' title='bbox 3446 3357 3550 3430; x_wconf 88' lang='grc'><strong>10).</strong></span> 
     </span>
    </p>
   </div>
   <div class='ocr_carea' id='block_1_79' title="bbox 2110 3441 3628 3514">
    <p class='ocr_par' dir='ltr' id='par_1_79' title="bbox 2110 3441 3628 3514">
     <span class='ocr_line' id='line_1_79' title="bbox 2110 3441 3628 3514; baseline 0.004 -19"><span class='ocrx_word' id='word_1_544' title='bbox 2110 3441 2268 3496; x_wconf 78' lang='lat' dir='ltr'><strong>eNec</strong></span> <span class='ocrx_word' id='word_1_545' title='bbox 2307 3442 2531 3496; x_wconf 89' lang='lat' dir='ltr'><strong>ulterius</strong></span> <span class='ocrx_word' id='word_1_546' title='bbox 2578 3444 2866 3513; x_wconf 86' lang='lat' dir='ltr'><strong>quisquam</strong></span> <span class='ocrx_word' id='word_1_547' title='bbox 2897 3452 3019 3513; x_wconf 93' lang='lat' dir='ltr'><strong>post</strong></span> <span class='ocrx_word' id='word_1_548' title='bbox 3060 3444 3491 3514; x_wconf 82' lang='lat' dir='ltr'><strong>puriﬁcationem</strong></span> <span class='ocrx_word' id='word_1_549' title='bbox 3530 3462 3628 3503; x_wconf 91' lang='lat' dir='ltr'><strong>no-</strong></span> 
     </span>
    </p>
   </div>
   <div class='ocr_carea' id='block_1_80' title="bbox 2035 3533 3623 3605">
    <p class='ocr_par' dir='ltr' id='par_1_80' title="bbox 2035 3533 3623 3605">
     <span class='ocr_line' id='line_1_80' title="bbox 2035 3533 3623 3605; baseline 0.002 -16"><span class='ocrx_word' id='word_1_550' title='bbox 2035 3542 2353 3589; x_wconf 89' lang='lat' dir='ltr'><strong>eturnarum</strong></span> <span class='ocrx_word' id='word_1_551' title='bbox 2373 3533 2684 3605; x_wconf 82' lang='lat' dir='ltr'><strong>vigiliarum</strong></span> <span class='ocrx_word' id='word_1_552' title='bbox 2716 3535 2769 3589; x_wconf 91' lang='lat' dir='ltr'><strong>in</strong></span> <span class='ocrx_word' id='word_1_553' title='bbox 2821 3536 3063 3605; x_wconf 87' lang='lat' dir='ltr'><strong>requiem</strong></span> <span class='ocrx_word' id='word_1_554' title='bbox 3104 3536 3279 3592; x_wconf 89' lang='lat' dir='ltr'><strong>somni</strong></span> <span class='ocrx_word' id='word_1_555' title='bbox 3304 3536 3506 3592; x_wconf 86' lang='lat' dir='ltr'><strong>iterum</strong></span> <span class='ocrx_word' id='word_1_556' title='bbox 3535 3554 3623 3592; x_wconf 87' lang='lat' dir='ltr'><strong>re-</strong></span> 
     </span>
    </p>
   </div>
   <div class='ocr_carea' id='block_1_81' title="bbox 2035 3623 3628 3694">
    <p class='ocr_par' dir='ltr' id='par_1_81' title="bbox 2035 3623 3628 3694">
     <span class='ocr_line' id='line_1_81' title="bbox 2035 3623 3628 3694; baseline 0.002 -14"><span class='ocrx_word' id='word_1_557' title='bbox 2035 3623 2299 3690; x_wconf 87' lang='lat' dir='ltr'><strong>solvatur,</strong></span> <span class='ocrx_word' id='word_1_558' title='bbox 2343 3624 2517 3679; x_wconf 89' lang='lat' dir='ltr'><strong>donec</strong></span> <span class='ocrx_word' id='word_1_559' title='bbox 2540 3626 2955 3694; x_wconf 79' lang='lat' dir='ltr'><strong>superveniente</strong></span> <span class='ocrx_word' id='word_1_560' title='bbox 2982 3627 3068 3681; x_wconf 87' lang='lat' dir='ltr'><strong>die</strong></span> <span class='ocrx_word' id='word_1_561' title='bbox 3093 3634 3372 3682; x_wconf 71' lang='lat' dir='ltr'><strong>nocturna:</strong></span> <span class='ocrx_word' id='word_1_562' title='bbox 3399 3628 3628 3683; x_wconf 57' lang='lat' dir='ltr'><strong>medim-</strong></span> 
     </span>
    </p>
   </div>
   <div class='ocr_carea' id='block_1_82' title="bbox 2036 3716 3627 3791">
    <p class='ocr_par' dir='ltr' id='par_1_82' title="bbox 2036 3716 3627 3791">
     <span class='ocr_line' id='line_1_82' title="bbox 2036 3716 3627 3791; baseline 0.003 -23"><span class='ocrx_word' id='word_1_563' title='bbox 2036 3716 2171 3771; x_wconf 89' lang='lat' dir='ltr'><strong>tionl</strong></span> <span class='ocrx_word' id='word_1_564' title='bbox 2201 3716 2447 3786; x_wconf 91' lang='lat' dir='ltr'><strong>operatio</strong></span> <span class='ocrx_word' id='word_1_565' title='bbox 2479 3716 2674 3774; x_wconf 89' lang='lat' dir='ltr'><strong>diurna</strong></span> <span class='ocrx_word' id='word_1_566' title='bbox 2727 3717 3011 3783; x_wconf 90' lang='lat' dir='ltr'><strong>succedat;</strong></span> <span class='ocrx_word' id='word_1_567' title='bbox 3048 3731 3116 3772; x_wconf 89' lang='lat' dir='ltr'><strong>ne</strong></span> <span class='ocrx_word' id='word_1_568' title='bbox 3166 3717 3306 3775; x_wconf 87' lang='lat' dir='ltr'><strong>forte</strong></span> <span class='ocrx_word' id='word_1_569' title='bbox 3333 3719 3627 3791; x_wconf 89' lang='lat' dir='ltr'><strong>puritatem</strong></span> 
     </span>
    </p>
   </div>
   <div class='ocr_carea' id='block_1_83' title="bbox 2036 3806 3630 3879">
    <p class='ocr_par' dir='ltr' id='par_1_83' title="bbox 2036 3806 3630 3879">
     <span class='ocr_line' id='line_1_83' title="bbox 2036 3806 3630 3879; baseline 0.003 -19"><span class='ocrx_word' id='word_1_570' title='bbox 2036 3813 2281 3861; x_wconf 89' lang='lat' dir='ltr'><strong>nostram</strong></span> <span class='ocrx_word' id='word_1_571' title='bbox 2315 3806 2537 3875; x_wconf 88' lang='lat' dir='ltr'><strong>psalmis</strong></span> <span class='ocrx_word' id='word_1_572' title='bbox 2587 3817 2640 3862; x_wconf 90' lang='lat' dir='ltr'><strong>et</strong></span> <span class='ocrx_word' id='word_1_573' title='bbox 2680 3807 3017 3863; x_wconf 89' lang='lat' dir='ltr'><strong>orationibus</strong></span> <span class='ocrx_word' id='word_1_574' title='bbox 3057 3808 3377 3879; x_wconf 78' lang='lat' dir='ltr'><strong>acquisitam</strong></span> <span class='ocrx_word' id='word_1_575' title='bbox 3414 3808 3630 3865; x_wconf 85' lang='lat' dir='ltr'><strong>invidus</strong></span> 
     </span>
    </p>
   </div>
   <div class='ocr_carea' id='block_1_84' title="bbox 2039 3896 3628 3967">
    <p class='ocr_par' dir='ltr' id='par_1_84' title="bbox 2039 3896 3628 3967">
     <span class='ocr_line' id='line_1_84' title="bbox 2039 3896 3628 3967; baseline 0.001 -15"><span class='ocrx_word' id='word_1_576' title='bbox 2039 3896 2285 3952; x_wconf 83' lang='lat' dir='ltr'><strong>diabolus</strong></span> <span class='ocrx_word' id='word_1_577' title='bbox 2307 3897 2539 3967; x_wconf 75' lang='lat' dir='ltr'><strong>quadam</strong></span> <span class='ocrx_word' id='word_1_578' title='bbox 2583 3898 2759 3955; x_wconf 84' lang='lat' dir='ltr'><strong>somni</strong></span> <span class='ocrx_word' id='word_1_579' title='bbox 2778 3897 3036 3957; x_wconf 82' lang='lat' dir='ltr'><strong>illusione</strong></span> <span class='ocrx_word' id='word_1_580' title='bbox 3078 3899 3430 3956; x_wconf 74' lang='lat' dir='ltr'><strong>contaminet.</strong></span> <span class='ocrx_word' id='word_1_581' title='bbox 3488 3899 3628 3966; x_wconf 90' lang='lat' dir='ltr'><strong>Quia</strong></span> 
     </span>
    </p>
   </div>
   <div class='ocr_carea' id='block_1_85' title="bbox 2039 4050 3631 4123">
    <p class='ocr_par' dir='ltr' id='par_1_85' title="bbox 2039 4050 3631 4123">
     <span class='ocr_line' id='line_1_85' title="bbox 2039 4050 3631 4123; baseline -0.001 -14"><span class='ocrx_word' id='word_1_582' title='bbox 2039 4067 2228 4109; x_wconf 90' lang='lat' dir='ltr'><strong>somno</strong></span> <span class='ocrx_word' id='word_1_583' title='bbox 2251 4051 2702 4122; x_wconf 83' lang='lat' dir='ltr'><strong>indulgebant,eo</strong></span> <span class='ocrx_word' id='word_1_584' title='bbox 2727 4065 2923 4120; x_wconf 87' lang='lat' dir='ltr'><strong>nempe</strong></span> <span class='ocrx_word' id='word_1_585' title='bbox 2950 4065 3122 4121; x_wconf 86' lang='lat' dir='ltr'><strong>usque</strong></span> <span class='ocrx_word' id='word_1_586' title='bbox 3148 4052 3229 4107; x_wconf 91' lang='lat' dir='ltr'><strong>ad-</strong></span> <span class='ocrx_word' id='word_1_587' title='bbox 3245 4050 3483 4107; x_wconf 85' lang='lat' dir='ltr'><strong>Tertiam</strong></span> <span class='ocrx_word' id='word_1_588' title='bbox 3509 4068 3631 4123; x_wconf 87' lang='lat' dir='ltr'><strong>pro-</strong></span> 
     </span>
    </p>
   </div>
   <div class='ocr_carea' id='block_1_86' title="bbox 2040 4125 3628 4193">
    <p class='ocr_par' dir='ltr' id='par_1_86' title="bbox 2040 4125 3628 4193">
     <span class='ocr_line' id='line_1_86' title="bbox 2040 4125 3628 4193; baseline 0 -15"><span class='ocrx_word' id='word_1_589' title='bbox 2040 4127 2234 4179; x_wconf 89' lang='lat' dir='ltr'><strong>ducto:</strong></span> <span class='ocrx_word' id='word_1_590' title='bbox 2268 4136 2500 4193; x_wconf 84' lang='lat' dir='ltr'><strong>quorum</strong></span> <span class='ocrx_word' id='word_1_591' title='bbox 2539 4132 2762 4185; x_wconf 82' lang='lat' dir='ltr'><strong>veterno</strong></span> <span class='ocrx_word' id='word_1_592' title='bbox 2793 4130 2861 4193; x_wconf 6' lang='lat' dir='ltr'><strong>ut,</strong></span> <span class='ocrx_word' id='word_1_593' title='bbox 2901 4131 3300 4193; x_wconf 65' lang='lat' dir='ltr'><strong>ocpunreretur,</strong></span> <span class='ocrx_word' id='word_1_594' title='bbox 3329 4137 3360 4176; x_wconf 89' lang='lat' dir='ltr'><strong>a</strong></span> <span class='ocrx_word' id='word_1_595' title='bbox 3388 4125 3628 4179; x_wconf 85' lang='lat' dir='ltr'><strong>seniori-</strong></span> 
     </span>
    </p>
   </div>
   <div class='ocr_carea' id='block_1_87' title="bbox 2040 4191 3630 4262">
    <p class='ocr_par' dir='ltr' id='par_1_87' title="bbox 2040 4191 3630 4262">
     <span class='ocr_line' id='line_1_87' title="bbox 2040 4191 3630 4262; baseline 0.001 -14"><span class='ocrx_word' id='word_1_596' title='bbox 2040 4196 2142 4248; x_wconf 89' lang='lat' dir='ltr'><strong>bus</strong></span> <span class='ocrx_word' id='word_1_597' title='bbox 2167 4191 2572 4248; x_wconf 44' lang='lat' dir='ltr'><strong>luec&#39;blatutina</strong></span> <span class='ocrx_word' id='word_1_598' title='bbox 2599 4232 2615 4255; x_wconf 93' lang='lat'><strong>,</strong></span> <span class='ocrx_word' id='word_1_599' title='bbox 2665 4208 2788 4262; x_wconf 72' lang='lat' dir='ltr'><strong>qua:</strong></span> <span class='ocrx_word' id='word_1_600' title='bbox 2816 4191 2949 4248; x_wconf 89' lang='lat' dir='ltr'><strong>alias</strong></span> <span class='ocrx_word' id='word_1_601' title='bbox 2972 4192 3153 4246; x_wconf 81' lang='lat' dir='ltr'><strong>Prima</strong></span> <span class='ocrx_word' id='word_1_602' title='bbox 3184 4193 3488 4262; x_wconf 83' lang='lat' dir='ltr'><strong>appellatur</strong></span> <span class='ocrx_word' id='word_1_603' title='bbox 3516 4194 3630 4251; x_wconf 88' lang='lat' dir='ltr'><strong>sole</strong></span> 
     </span>
    </p>
   </div>
   <div class='ocr_carea' id='block_1_88' title="bbox 2043 4262 3620 4344">
    <p class='ocr_par' dir='ltr' id='par_1_88' title="bbox 2043 4262 3620 4344">
     <span class='ocr_line' id='line_1_88' title="bbox 2043 4262 3620 4344; baseline -0.001 -25"><span class='ocrx_word' id='word_1_604' title='bbox 2043 4263 2734 4344; x_wconf 7' lang='lat' dir='ltr'><strong>illucescentegeellebranda</strong></span> <span class='ocrx_word' id='word_1_605' title='bbox 2765 4263 3011 4344; x_wconf 78' lang='lat' dir='ltr'><strong>instituta</strong></span> <span class='ocrx_word' id='word_1_606' title='bbox 3034 4272 3146 4344; x_wconf 69' lang='lat' dir='ltr'><strong>est.</strong></span> <span class='ocrx_word' id='word_1_607' title='bbox 3180 4262 3269 4344; x_wconf 47' lang='lat' dir='ltr'><strong>Exn</strong></span> <span class='ocrx_word' id='word_1_608' title='bbox 3282 4278 3393 4344; x_wconf 85' lang='lat' dir='ltr'><strong>quo</strong></span> <span class='ocrx_word' id='word_1_609' title='bbox 3424 4271 3620 4344; x_wconf 64' lang='lat' dir='ltr'><strong>aptan-</strong></span> 
     </span>
    </p>
   </div>
   <div class='ocr_carea' id='block_1_89' title="bbox 2043 4330 3632 4391">
    <p class='ocr_par' dir='ltr' id='par_1_89' title="bbox 2043 4330 3632 4391">
     <span class='ocr_line' id='line_1_89' title="bbox 2043 4330 3632 4391; baseline -0.001 -1"><span class='ocrx_word' id='word_1_610' title='bbox 2043 4336 2171 4390; x_wconf 91' lang='lat' dir='ltr'><strong>dum</strong></span> <span class='ocrx_word' id='word_1_611' title='bbox 2200 4343 2285 4388; x_wconf 90' lang='lat' dir='ltr'><strong>est</strong></span> <span class='ocrx_word' id='word_1_612' title='bbox 2312 4341 2439 4388; x_wconf 87' lang='lat' dir='ltr'><strong>ante</strong></span> <span class='ocrx_word' id='word_1_613' title='bbox 2462 4332 2707 4388; x_wconf 84' lang='lat' dir='ltr'><strong>Cassiani</strong></span> <span class='ocrx_word' id='word_1_614' title='bbox 2752 4341 2968 4391; x_wconf 59' lang='lat' dir='ltr'><strong>malem</strong></span> <span class='ocrx_word' id='word_1_615' title='bbox 3010 4330 3215 4385; x_wconf 82' lang='lat' dir='ltr'><strong>nullum</strong></span> <span class='ocrx_word' id='word_1_616' title='bbox 3242 4330 3409 4388; x_wconf 89' lang='lat' dir='ltr'><strong>fuisse</strong></span> <span class='ocrx_word' id='word_1_617' title='bbox 3437 4333 3632 4388; x_wconf 80' lang='lat' dir='ltr'><strong>Primae</strong></span> 
     </span>
    </p>
   </div>
   <div class='ocr_carea' id='block_1_90' title="bbox 2044 4400 3629 4467">
    <p class='ocr_par' dir='ltr' id='par_1_90' title="bbox 2044 4400 3629 4467">
     <span class='ocr_line' id='line_1_90' title="bbox 2044 4400 3629 4467; baseline -0.003 -6"><span class='ocrx_word' id='word_1_618' title='bbox 2044 4413 2246 4461; x_wconf 73' lang='lat' dir='ltr'><strong>nostrae</strong></span> <span class='ocrx_word' id='word_1_619' title='bbox 2280 4419 2437 4459; x_wconf 81' lang='lat' dir='ltr'><strong>usum</strong></span> <span class='ocrx_word' id='word_1_620' title='bbox 2471 4406 2523 4458; x_wconf 88' lang='lat' dir='ltr'><strong>in</strong></span> <span class='ocrx_word' id='word_1_621' title='bbox 2552 4403 2893 4467; x_wconf 84' lang='lat' dir='ltr'><strong>Ecclesia,ut</strong></span> <span class='ocrx_word' id='word_1_622' title='bbox 2914 4402 3076 4457; x_wconf 84' lang='lat' dir='ltr'><strong>etiam</strong></span> <span class='ocrx_word' id='word_1_623' title='bbox 3096 4400 3301 4457; x_wconf 87' lang='lat' dir='ltr'><strong>clarum</strong></span> <span class='ocrx_word' id='word_1_624' title='bbox 3331 4410 3415 4457; x_wconf 89' lang='lat' dir='ltr'><strong>est</strong></span> <span class='ocrx_word' id='word_1_625' title='bbox 3435 4403 3629 4457; x_wconf 83' lang='lat' dir='ltr'><strong>ex-Pa-</strong></span> 
     </span>
    </p>
   </div>
   <div class='ocr_carea' id='block_1_91' title="bbox 349 4470 3504 4544">
    <p class='ocr_par' dir='ltr' id='par_1_91' title="bbox 349 4470 3504 4544">
     <span class='ocr_line' id='line_1_91' title="bbox 349 4470 3504 4544; baseline -0.003 -10"><span class='ocrx_word' id='word_1_626' title='bbox 349 4491 484 4534; x_wconf 87' lang='lat' dir='ltr'><strong>num</strong></span> <span class='ocrx_word' id='word_1_627' title='bbox 508 4470 601 4531; x_wconf 85' lang='lat' dir='ltr'><strong>lib.</strong></span> <span class='ocrx_word' id='word_1_628' title='bbox 629 4491 669 4529; x_wconf 88' lang='grc' dir='ltr'><strong>ιι</strong></span> <span class='ocrx_word' id='word_1_629' title='bbox 695 4474 762 4544; x_wconf 83' lang='lat' dir='ltr'><strong>de</strong></span> <span class='ocrx_word' id='word_1_630' title='bbox 781 4473 1003 4544; x_wconf 87' lang='lat' dir='ltr'><strong>Noctur.</strong></span> <span class='ocrx_word' id='word_1_631' title='bbox 1032 4473 1207 4539; x_wconf 89' lang='lat' dir='ltr'><strong>Orat.,</strong></span> <span class='ocrx_word' id='word_1_632' title='bbox 1241 4490 1359 4544; x_wconf 90' lang='lat' dir='ltr'><strong>cap.</strong></span> <span class='ocrx_word' id='word_1_633' title='bbox 1410 4477 1473 4530; x_wconf 80' lang='grc'>15</span> <span class='ocrx_word' id='word_1_634' title='bbox 1500 4516 1513 4539; x_wconf 93' lang='grc'>,</span> <span class='ocrx_word' id='word_1_635' title='bbox 1563 4470 1722 4542; x_wconf 82' lang='lat' dir='ltr'><strong>quem</strong></span> <span class='ocrx_word' id='word_1_636' title='bbox 1751 4483 1943 4544; x_wconf 84' lang='lat' dir='ltr'><strong>auctor</strong></span> <span class='ocrx_word' id='word_1_637' title='bbox 1966 4481 2019 4539; x_wconf 85' lang='lat' dir='ltr'><strong>D</strong></span> <span class='ocrx_word' id='word_1_638' title='bbox 2048 4476 2220 4531; x_wconf 79' lang='lat' dir='ltr'><strong>tribus</strong></span> <span class='ocrx_word' id='word_1_639' title='bbox 2245 4474 2388 4528; x_wconf 87' lang='lat' dir='ltr'><strong>infra</strong></span> <span class='ocrx_word' id='word_1_640' title='bbox 2419 4470 2794 4544; x_wconf 22' lang='lat' dir='ltr'><strong>citandisiipso</strong></span> <span class='ocrx_word' id='word_1_641' title='bbox 2817 4472 3080 4544; x_wconf 82' lang='lat' dir='ltr'><strong>Cassiano</strong></span> <span class='ocrx_word' id='word_1_642' title='bbox 3106 4471 3504 4544; x_wconf 77' lang='lat' dir='ltr'><strong>antiquioribus</strong></span> 
     </span>
    </p>
   </div>
   <div class='ocr_carea' id='block_1_92' title="bbox 347 4542 1941 4615">
    <p class='ocr_par' dir='ltr' id='par_1_92' title="bbox 347 4542 1941 4615">
     <span class='ocr_line' id='line_1_92' title="bbox 347 4542 1941 4615; baseline -0.006 -10"><span class='ocrx_word' id='word_1_643' title='bbox 347 4554 546 4605; x_wconf 82' lang='lat' dir='ltr'><strong>noster</strong></span> <span class='ocrx_word' id='word_1_644' title='bbox 570 4542 801 4615; x_wconf 89' lang='lat' dir='ltr'><strong>appellat</strong></span> <span class='ocrx_word' id='word_1_645' title='bbox 828 4543 1229 4615; x_wconf 76' lang='lat' dir='ltr'><strong>Institutionum</strong></span> <span class='ocrx_word' id='word_1_646' title='bbox 1263 4542 1461 4599; x_wconf 84' lang='lat' dir='ltr'><strong>librum</strong></span> <span class='ocrx_word' id='word_1_647' title='bbox 1497 4544 1792 4615; x_wconf 86' lang='lat' dir='ltr'><strong>secundum</strong></span> <span class='ocrx_word' id='word_1_648' title='bbox 1824 4561 1837 4596; x_wconf 90' lang='lat'><strong>:</strong></span> <span class='ocrx_word' id='word_1_649' title='bbox 1866 4543 1941 4597; x_wconf 85' lang='lat' dir='ltr'><strong>ita</strong></span> 
     </span>
    </p>
   </div>
   <div class='ocr_carea' id='block_1_93' title="bbox 351 4612 1941 4686">
    <p class='ocr_par' dir='ltr' id='par_1_93' title="bbox 351 4612 1941 4686">
     <span class='ocr_line' id='line_1_93' title="bbox 351 4612 1941 4686; baseline -0.003 -15"><span class='ocrx_word' id='word_1_650' title='bbox 351 4626 418 4671; x_wconf 88' lang='lat' dir='ltr'><strong>ut</strong></span> <span class='ocrx_word' id='word_1_651' title='bbox 443 4612 676 4686; x_wconf 72' lang='lat' dir='ltr'><strong>quatuor</strong></span> <span class='ocrx_word' id='word_1_652' title='bbox 700 4615 800 4686; x_wconf 85' lang='lat' dir='ltr'><strong>hos</strong></span> <span class='ocrx_word' id='word_1_653' title='bbox 828 4612 1284 4686; x_wconf 72' lang='lat' dir='ltr'><strong>Cassianilibros,</strong></span> <span class='ocrx_word' id='word_1_654' title='bbox 1313 4615 1405 4683; x_wconf 91' lang='lat' dir='ltr'><strong>qui</strong></span> <span class='ocrx_word' id='word_1_655' title='bbox 1436 4615 1599 4686; x_wconf 84' lang='lat' dir='ltr'><strong>totius</strong></span> <span class='ocrx_word' id='word_1_656' title='bbox 1637 4614 1767 4686; x_wconf 66' lang='lat' dir='ltr'><strong>vite</strong></span> <span class='ocrx_word' id='word_1_657' title='bbox 1792 4628 1941 4686; x_wconf 85' lang='lat' dir='ltr'><strong>asce-</strong></span> 
     </span>
    </p>
   </div>
   <div class='ocr_carea' id='block_1_94' title="bbox 354 4682 1942 4752">
    <p class='ocr_par' dir='ltr' id='par_1_94' title="bbox 354 4682 1942 4752">
     <span class='ocr_line' id='line_1_94' title="bbox 354 4682 1942 4752; baseline -0.003 -10"><span class='ocrx_word' id='word_1_658' title='bbox 354 4682 482 4742; x_wconf 61' lang='lat' dir='ltr'><strong>ticai</strong></span> <span class='ocrx_word' id='word_1_659' title='bbox 527 4684 886 4739; x_wconf 69' lang='lat' dir='ltr'><strong>meonomiam</strong></span> <span class='ocrx_word' id='word_1_660' title='bbox 914 4682 1365 4752; x_wconf 87' lang='lat' dir='ltr'><strong>complectuntur,</strong></span> <span class='ocrx_word' id='word_1_661' title='bbox 1399 4684 1618 4737; x_wconf 87' lang='lat' dir='ltr'><strong>nomine</strong></span> <span class='ocrx_word' id='word_1_662' title='bbox 1644 4683 1942 4738; x_wconf 86' lang='lat' dir='ltr'><strong>institutio-</strong></span> 
     </span>
    </p>
   </div>
   <div class='ocr_carea' id='block_1_95' title="bbox 355 4753 1943 4825">
    <p class='ocr_par' dir='ltr' id='par_1_95' title="bbox 355 4753 1943 4825">
     <span class='ocr_line' id='line_1_95' title="bbox 355 4753 1943 4825; baseline -0.003 -13"><span class='ocrx_word' id='word_1_663' title='bbox 355 4771 490 4813; x_wconf 87' lang='lat' dir='ltr'><strong>num</strong></span> <span class='ocrx_word' id='word_1_664' title='bbox 519 4753 1225 4825; x_wconf 73' lang='lat' dir='ltr'><strong>appellet,quemadmodum</strong></span> <span class='ocrx_word' id='word_1_665' title='bbox 1240 4753 1617 4825; x_wconf 58' lang='lat' dir='ltr'><strong>Cassiodorus</strong></span> <span class='ocrx_word' id='word_1_666' title='bbox 1640 4754 1706 4825; x_wconf 81' lang='lat' dir='ltr'><strong>de</strong></span> <span class='ocrx_word' id='word_1_667' title='bbox 1736 4753 1943 4825; x_wconf 84' lang='lat' dir='ltr'><strong>Divinis</strong></span> 
     </span>
    </p>
   </div>
   <div class='ocr_carea' id='block_1_96' title="bbox 355 4822 1943 4904">
    <p class='ocr_par' dir='ltr' id='par_1_96' title="bbox 355 4822 1943 4904">
     <span class='ocr_line' id='line_1_96' title="bbox 355 4822 1943 4904; baseline -0.004 -20"><span class='ocrx_word' id='word_1_668' title='bbox 355 4822 741 4904; x_wconf 51' lang='lat' dir='ltr'><strong>Lectionibus,</strong></span> <span class='ocrx_word' id='word_1_669' title='bbox 754 4838 878 4904; x_wconf 70' lang='lat' dir='ltr'><strong>cap.</strong></span> <span class='ocrx_word' id='word_1_670' title='bbox 902 4822 992 4887; x_wconf 77' lang='lat' dir='ltr'><strong>i9,</strong></span> <span class='ocrx_word' id='word_1_671' title='bbox 1024 4837 1176 4904; x_wconf 74' lang='lat' dir='ltr'><strong>quos</strong></span> <span class='ocrx_word' id='word_1_672' title='bbox 1195 4822 1421 4904; x_wconf 75' lang='lat' dir='ltr'><strong>Photius</strong></span> <span class='ocrx_word' id='word_1_673' title='bbox 1466 4825 1574 4904; x_wconf 65' lang='lat' dir='ltr'><strong>sub</strong></span> <span class='ocrx_word' id='word_1_674' title='bbox 1595 4823 1943 4904; x_wconf 42' lang='lat' dir='ltr'><strong>‘unicoulibro</strong></span> 
     </span>
    </p>
   </div>
   <div class='ocr_carea' id='block_1_97' title="bbox 357 4892 1944 4967">
    <p class='ocr_par' dir='ltr' id='par_1_97' title="bbox 357 4892 1944 4967">
     <span class='ocr_line' id='line_1_97' title="bbox 357 4892 1944 4967; baseline -0.006 -13"><span class='ocrx_word' id='word_1_675' title='bbox 357 4893 789 4967; x_wconf 73' lang='lat' dir='ltr'><strong>comprehendit.</strong></span> <span class='ocrx_word' id='word_1_676' title='bbox 822 4892 1133 4967; x_wconf 87' lang='lat' dir='ltr'><strong>Gennadius</strong></span> <span class='ocrx_word' id='word_1_677' title='bbox 1164 4901 1342 4967; x_wconf 79' lang='lat' dir='ltr'><strong>tamen</strong></span> <span class='ocrx_word' id='word_1_678' title='bbox 1371 4893 1426 4946; x_wconf 92' lang='lat' dir='ltr'><strong>in</strong></span> <span class='ocrx_word' id='word_1_679' title='bbox 1461 4892 1713 4967; x_wconf 77' lang='lat' dir='ltr'><strong>Catalogo</strong></span> <span class='ocrx_word' id='word_1_680' title='bbox 1745 4893 1944 4967; x_wconf 73' lang='lat' dir='ltr'><strong>librum</strong></span> 
     </span>
    </p>
   </div>
   <div class='ocr_carea' id='block_1_98' title="bbox 359 4962 1947 5037">
    <p class='ocr_par' dir='ltr' id='par_1_98' title="bbox 359 4962 1947 5037">
     <span class='ocr_line' id='line_1_98' title="bbox 359 4962 1947 5037; baseline -0.003 -16"><span class='ocrx_word' id='word_1_681' title='bbox 359 4962 617 5037; x_wconf 75' lang='lat' dir='ltr'><strong>quartum</strong></span> <span class='ocrx_word' id='word_1_682' title='bbox 642 4963 1047 5019; x_wconf 88' lang='lat' dir='ltr'><strong>lnstitutionum</strong></span> <span class='ocrx_word' id='word_1_683' title='bbox 1094 4977 1127 5016; x_wconf 93' lang='lat' dir='ltr'><strong>a</strong></span> <span class='ocrx_word' id='word_1_684' title='bbox 1158 4962 1331 5018; x_wconf 88' lang='lat' dir='ltr'><strong>tribus</strong></span> <span class='ocrx_word' id='word_1_685' title='bbox 1356 4962 1785 5034; x_wconf 75' lang='lat' dir='ltr'><strong>prtecedeutibus</strong></span> <span class='ocrx_word' id='word_1_686' title='bbox 1836 4964 1947 5018; x_wconf 89' lang='lat' dir='ltr'><strong>dis-</strong></span> 
     </span>
    </p>
   </div>
   <div class='ocr_carea' id='block_1_99' title="bbox 362 5044 1949 5186">
    <p class='ocr_par' dir='ltr' id='par_1_99' title="bbox 362 5044 1949 5186">
     <span class='ocr_line' id='line_1_99' title="bbox 362 5044 1949 5186; baseline 0.001 -28"><span class='ocrx_word' id='word_1_687' title='bbox 362 5044 590 5186; x_wconf 52' lang='lat' dir='ltr'><strong>&quot;_&quot;§&quot;1&#39;~ié</strong></span> <span class='ocrx_word' id='word_1_688' title='bbox 617 5104 913 5186; x_wconf 80' lang='lat' dir='ltr'><strong>vigilatum.</strong></span> <span class='ocrx_word' id='word_1_689' title='bbox 953 5102 1256 5186; x_wconf 56' lang='lat' dir='ltr'><strong>Rarticula,</strong></span> <span class='ocrx_word' id='word_1_690' title='bbox 1284 5120 1367 5168; x_wconf 83' lang='lat' dir='ltr'><strong>ne,</strong></span> <span class='ocrx_word' id='word_1_691' title='bbox 1401 5119 1431 5158; x_wconf 91' lang='lat' dir='ltr'><strong>a</strong></span> <span class='ocrx_word' id='word_1_692' title='bbox 1460 5102 1722 5185; x_wconf 78' lang='lat' dir='ltr'><strong>Cassiano</strong></span> <span class='ocrx_word' id='word_1_693' title='bbox 1747 5118 1949 5159; x_wconf 83' lang='lat' dir='ltr'><strong>excuso</strong></span> 
     </span>
    </p>
   </div>
   <div class='ocr_carea' id='block_1_100' title="bbox 363 5174 1607 5244">
    <p class='ocr_par' dir='ltr' id='par_1_100' title="bbox 363 5174 1607 5244">
     <span class='ocr_line' id='line_1_100' title="bbox 363 5174 1607 5244; baseline -0.005 -12"><span class='ocrx_word' id='word_1_694' title='bbox 363 5176 539 5241; x_wconf 84' lang='lat' dir='ltr'><strong>abest,</strong></span> <span class='ocrx_word' id='word_1_695' title='bbox 564 5174 685 5244; x_wconf 62' lang='lat' dir='ltr'><strong>quae</strong></span> <span class='ocrx_word' id='word_1_696' title='bbox 707 5183 888 5229; x_wconf 88' lang='lat' dir='ltr'><strong>tamen</strong></span> <span class='ocrx_word' id='word_1_697' title='bbox 917 5174 1132 5228; x_wconf 84' lang='lat' dir='ltr'><strong>videtur</strong></span> <span class='ocrx_word' id='word_1_698' title='bbox 1165 5174 1255 5227; x_wconf 88' lang='lat' dir='ltr'><strong>hic</strong></span> <span class='ocrx_word' id='word_1_699' title='bbox 1279 5174 1607 5244; x_wconf 72' lang='lat' dir='ltr'><strong>necessaria.</strong></span> 
     </span>
    </p>
   </div>
   <div class='ocr_carea' id='block_1_101' title="bbox 441 5242 1953 5313">
    <p class='ocr_par' dir='ltr' id='par_1_101' title="bbox 441 5242 1953 5313">
     <span class='ocr_line' id='line_1_101' title="bbox 441 5242 1953 5313; baseline -0.001 -13"><span class='ocrx_word' id='word_1_700' title='bbox 441 5259 463 5285; x_wconf 74' lang='grc' dir='ltr'><strong>ε</strong></span> <span class='ocrx_word' id='word_1_701' title='bbox 507 5242 672 5313; x_wconf 70' lang='lat' dir='ltr'><strong>Cujus</strong></span> <span class='ocrx_word' id='word_1_702' title='bbox 702 5244 1083 5306; x_wconf 72' lang='lat' dir='ltr'><strong>solemnitatis,</strong></span> <span class='ocrx_word' id='word_1_703' title='bbox 1138 5250 1242 5296; x_wconf 90' lang='lat' dir='ltr'><strong>etc.</strong></span> <span class='ocrx_word' id='word_1_704' title='bbox 1276 5242 1402 5297; x_wconf 73' lang='lat' dir='ltr'><strong>Haec</strong></span> <span class='ocrx_word' id='word_1_705' title='bbox 1448 5243 1631 5298; x_wconf 88' lang='lat' dir='ltr'><strong>videre</strong></span> <span class='ocrx_word' id='word_1_706' title='bbox 1685 5252 1770 5299; x_wconf 91' lang='lat' dir='ltr'><strong>est</strong></span> <span class='ocrx_word' id='word_1_707' title='bbox 1813 5243 1953 5313; x_wconf 86' lang='lat' dir='ltr'><strong>apud</strong></span> 
     </span>
    </p>
   </div>
   <div class='ocr_carea' id='block_1_102' title="bbox 363 5313 1953 5383">
    <p class='ocr_par' dir='ltr' id='par_1_102' title="bbox 363 5313 1953 5383">
     <span class='ocr_line' id='line_1_102' title="bbox 363 5313 1953 5383; baseline -0.002 -11"><span class='ocrx_word' id='word_1_708' title='bbox 363 5315 552 5381; x_wconf 88' lang='lat' dir='ltr'><strong>Cass.,</strong></span> <span class='ocrx_word' id='word_1_709' title='bbox 577 5313 670 5369; x_wconf 88' lang='lat' dir='ltr'><strong>lib.</strong></span> <span class='ocrx_word' id='word_1_710' title='bbox 699 5331 761 5369; x_wconf 91' lang='grc' dir='ltr'><strong>ιιι</strong></span> <span class='ocrx_word' id='word_1_711' title='bbox 793 5316 860 5369; x_wconf 91' lang='lat' dir='ltr'><strong>de</strong></span> <span class='ocrx_word' id='word_1_712' title='bbox 884 5314 1070 5367; x_wconf 87' lang='lat' dir='ltr'><strong>Diurn.</strong></span> <span class='ocrx_word' id='word_1_713' title='bbox 1097 5313 1273 5377; x_wconf 89' lang='lat' dir='ltr'><strong>Orat.,</strong></span> <span class='ocrx_word' id='word_1_714' title='bbox 1295 5328 1416 5383; x_wconf 90' lang='lat' dir='ltr'><strong>cap.</strong></span> <span class='ocrx_word' id='word_1_715' title='bbox 1441 5313 1494 5369; x_wconf 83' lang='lat'><strong>5.</strong></span> <span class='ocrx_word' id='word_1_716' title='bbox 1532 5314 1637 5368; x_wconf 91' lang='lat' dir='ltr'><strong>Per</strong></span> <span class='ocrx_word' id='word_1_717' title='bbox 1669 5314 1809 5367; x_wconf 88' lang='lat' dir='ltr'><strong>hanc</strong></span> <span class='ocrx_word' id='word_1_718' title='bbox 1865 5328 1953 5369; x_wconf 86' lang='lat' dir='ltr'><strong>so-</strong></span> 
     </span>
    </p>
   </div>
   <div class='ocr_carea' id='block_1_103' title="bbox 366 5383 1954 5453">
    <p class='ocr_par' dir='ltr' id='par_1_103' title="bbox 366 5383 1954 5453">
     <span class='ocr_line' id='line_1_103' title="bbox 366 5383 1954 5453; baseline -0.002 -13"><span class='ocrx_word' id='word_1_719' title='bbox 366 5386 701 5440; x_wconf 86' lang='lat' dir='ltr'><strong>lemnitatem</strong></span> <span class='ocrx_word' id='word_1_720' title='bbox 732 5384 1047 5453; x_wconf 86' lang='lat' dir='ltr'><strong>intelligitur</strong></span> <span class='ocrx_word' id='word_1_721' title='bbox 1069 5384 1292 5453; x_wconf 76' lang='lat' dir='ltr'><strong>synaxis</strong></span> <span class='ocrx_word' id='word_1_722' title='bbox 1312 5385 1599 5448; x_wconf 85' lang='lat' dir='ltr'><strong>matutina,</strong></span> <span class='ocrx_word' id='word_1_723' title='bbox 1627 5383 1693 5438; x_wconf 91' lang='lat' dir='ltr'><strong>de</strong></span> <span class='ocrx_word' id='word_1_724' title='bbox 1716 5398 1821 5451; x_wconf 87' lang='lat' dir='ltr'><strong>qua</strong></span> <span class='ocrx_word' id='word_1_725' title='bbox 1841 5384 1954 5453; x_wconf 88' lang='lat' dir='ltr'><strong>agit</strong></span> 
     </span>
    </p>
   </div>
   <div class='ocr_carea' id='block_1_104' title="bbox 364 5453 1955 5525">
    <p class='ocr_par' dir='ltr' id='par_1_104' title="bbox 364 5453 1955 5525">
     <span class='ocr_line' id='line_1_104' title="bbox 364 5453 1955 5525; baseline -0.003 -14"><span class='ocrx_word' id='word_1_726' title='bbox 364 5454 521 5511; x_wconf 86' lang='lat' dir='ltr'><strong>Cass.</strong></span> <span class='ocrx_word' id='word_1_727' title='bbox 550 5471 671 5525; x_wconf 88' lang='lat' dir='ltr'><strong>cap.</strong></span> <span class='ocrx_word' id='word_1_728' title='bbox 710 5455 746 5509; x_wconf 70' lang='grc'><strong>4</strong></span> <span class='ocrx_word' id='word_1_729' title='bbox 780 5453 1019 5525; x_wconf 68' lang='lat' dir='ltr'><strong>ejtisdem</strong></span> <span class='ocrx_word' id='word_1_730' title='bbox 1047 5453 1190 5518; x_wconf 87' lang='lat' dir='ltr'><strong>libri,</strong></span> <span class='ocrx_word' id='word_1_731' title='bbox 1224 5469 1287 5509; x_wconf 89' lang='lat' dir='ltr'><strong>ea</strong></span> <span class='ocrx_word' id='word_1_732' title='bbox 1342 5455 1624 5525; x_wconf 88' lang='lat' dir='ltr'><strong>nimirum,</strong></span> <span class='ocrx_word' id='word_1_733' title='bbox 1655 5469 1816 5522; x_wconf 89' lang='lat' dir='ltr'><strong>quam</strong></span> <span class='ocrx_word' id='word_1_734' title='bbox 1857 5469 1955 5525; x_wconf 89' lang='lat' dir='ltr'><strong>uos</strong></span> 
     </span>
    </p>
   </div>
   <div class='ocr_carea' id='block_1_105' title="bbox 371 5523 1958 5593">
    <p class='ocr_par' dir='ltr' id='par_1_105' title="bbox 371 5523 1958 5593">
     <span class='ocr_line' id='line_1_105' title="bbox 371 5523 1958 5593; baseline -0.002 -13"><span class='ocrx_word' id='word_1_735' title='bbox 371 5523 632 5580; x_wconf 72' lang='lat' dir='ltr'><strong>Primam</strong></span> <span class='ocrx_word' id='word_1_736' title='bbox 658 5539 935 5588; x_wconf 87' lang='lat' dir='ltr'><strong>vocamus,</strong></span> <span class='ocrx_word' id='word_1_737' title='bbox 964 5524 1178 5593; x_wconf 84' lang='lat' dir='ltr'><strong>inventa</strong></span> <span class='ocrx_word' id='word_1_738' title='bbox 1230 5524 1479 5593; x_wconf 84' lang='lat' dir='ltr'><strong>primitus</strong></span> <span class='ocrx_word' id='word_1_739' title='bbox 1526 5523 1958 5579; x_wconf 69' lang='lat' dir='ltr'><strong>in&#39;monasterio</strong></span> 
     </span>
    </p>
   </div>
   <div class='ocr_carea' id='block_1_106' title="bbox 370 5592 1956 5663">
    <p class='ocr_par' dir='ltr' id='par_1_106' title="bbox 370 5592 1956 5663">
     <span class='ocr_line' id='line_1_106' title="bbox 370 5592 1956 5663; baseline -0.003 -12"><span class='ocrx_word' id='word_1_740' title='bbox 370 5594 850 5659; x_wconf 86' lang='lat' dir='ltr'><strong>Bethlehemitico,</strong></span> <span class='ocrx_word' id='word_1_741' title='bbox 891 5600 1053 5647; x_wconf 75' lang='lat' dir='ltr'><strong>aetate</strong></span> <span class='ocrx_word' id='word_1_742' title='bbox 1077 5592 1434 5658; x_wconf 83' lang='lat' dir='ltr'><strong>Cassiani,.ut</strong></span> <span class='ocrx_word' id='word_1_743' title='bbox 1457 5595 1571 5663; x_wconf 90' lang='lat' dir='ltr'><strong>ipse</strong></span> <span class='ocrx_word' id='word_1_744' title='bbox 1598 5593 1772 5663; x_wconf 84' lang='lat' dir='ltr'><strong>docet.</strong></span> <span class='ocrx_word' id='word_1_745' title='bbox 1818 5593 1956 5659; x_wconf 82' lang='lat' dir='ltr'><strong>Quia</strong></span> 
     </span>
    </p>
   </div>
   <div class='ocr_carea' id='block_1_107' title="bbox 375 5661 1960 5735">
    <p class='ocr_par' dir='ltr' id='par_1_107' title="bbox 375 5661 1960 5735">
     <span class='ocr_line' id='line_1_107' title="bbox 375 5661 1960 5735; baseline -0.002 -15"><span class='ocrx_word' id='word_1_746' title='bbox 375 5673 495 5735; x_wconf 89' lang='lat' dir='ltr'><strong>post</strong></span> <span class='ocrx_word' id='word_1_747' title='bbox 525 5665 851 5719; x_wconf 85' lang='lat' dir='ltr'><strong>matutinum</strong></span> <span class='ocrx_word' id='word_1_748' title='bbox 880 5662 1028 5718; x_wconf 90' lang='lat' dir='ltr'><strong>illum</strong></span> <span class='ocrx_word' id='word_1_749' title='bbox 1058 5661 1488 5735; x_wconf 44' lang='lat' dir='ltr'><strong>cursum,qu_em&#39;</strong></span> <span class='ocrx_word' id='word_1_750' title='bbox 1509 5678 1610 5735; x_wconf 85' lang='lat' dir='ltr'><strong>nos</strong></span> <span class='ocrx_word' id='word_1_751' title='bbox 1640 5661 1826 5717; x_wconf 82' lang='lat' dir='ltr'><strong>laudes</strong></span> <span class='ocrx_word' id='word_1_752' title='bbox 1845 5679 1960 5735; x_wconf 38' lang='lat' dir='ltr'><strong>maj-</strong></span> 
     </span>
    </p>
   </div>
   <div class='ocr_carea' id='block_1_108' title="bbox 381 5731 1958 5805">
    <p class='ocr_par' dir='ltr' id='par_1_108' title="bbox 381 5731 1958 5805">
     <span class='ocr_line' id='line_1_108' title="bbox 381 5731 1958 5805; baseline -0.002 -16"><span class='ocrx_word' id='word_1_753' title='bbox 381 5731 584 5790; x_wconf 79' lang='lat' dir='ltr'><strong>tutinas</strong></span> <span class='ocrx_word' id='word_1_754' title='bbox 604 5748 999 5805; x_wconf 85' lang='lat' dir='ltr'><strong>nuncupamus,</strong></span> <span class='ocrx_word' id='word_1_755' title='bbox 1029 5731 1245 5801; x_wconf 88' lang='lat' dir='ltr'><strong>quidam</strong></span> <span class='ocrx_word' id='word_1_756' title='bbox 1268 5732 1685 5804; x_wconf 87' lang='lat' dir='ltr'><strong>negligentiores</strong></span> <span class='ocrx_word' id='word_1_757' title='bbox 1710 5734 1958 5789; x_wconf 85' lang='lat' dir='ltr'><strong>monachi</strong></span> 
     </span>
    </p>
   </div>
   <div class='ocr_carea' id='block_1_109' title="bbox 774 5820 1247 5886">
    <p class='ocr_par' dir='ltr' id='par_1_109' title="bbox 774 5820 1247 5886">
     <span class='ocr_line' id='line_1_109' title="bbox 774 5820 1247 5886; baseline -0.015 0"><span class='ocrx_word' id='word_1_758' title='bbox 774 5824 1051 5886; x_wconf 75' lang='grc' dir='ltr'><strong>ΡΑτιιοιη</strong></span> <span class='ocrx_word' id='word_1_759' title='bbox 1087 5820 1247 5886; x_wconf 84' lang='lat' dir='ltr'>CIII.</span> 
     </span>
    </p>
   </div>
   <div class='ocr_carea' id='block_1_110' title="bbox 3574 4488 3632 4528">
    <p class='ocr_par' dir='ltr' id='par_1_110' title="bbox 3574 4488 3632 4528">
     <span class='ocr_line' id='line_1_110' title="bbox 3574 4488 3632 4528; baseline 0.017 -1"><span class='ocrx_word' id='word_1_760' title='bbox 3574 4488 3632 4528; x_wconf 83' lang='grc'><strong>111</strong></span> 
     </span>
    </p>
   </div>
   <div class='ocr_carea' id='block_1_111' title="bbox 2044 4486 3633 4613">
    <p class='ocr_par' dir='ltr' id='par_1_111' title="bbox 2044 4486 3633 4613">
     <span class='ocr_line' id='line_1_111' title="bbox 2048 4486 3632 4598; baseline -0.001 -68"><span class='ocrx_word' id='word_1_761' title='bbox 2048 4486 2220 4531; x_wconf 67' lang='grc' dir='ltr'>ιιειιιιιε</span> <span class='ocrx_word' id='word_1_762' title='bbox 2245 4486 2388 4528; x_wconf 77' lang='lat' dir='ltr'><strong>intra</strong></span> <span class='ocrx_word' id='word_1_763' title='bbox 2419 4486 2651 4529; x_wconf 76' lang='lat' dir='ltr'><strong>citanms</strong></span> <span class='ocrx_word' id='word_1_764' title='bbox 2678 4489 2794 4543; x_wconf 72' lang='lat' dir='ltr'><strong>ipso</strong></span> <span class='ocrx_word' id='word_1_765' title='bbox 2817 4486 3080 4533; x_wconf 65' lang='lat' dir='ltr'><strong>UasSIano</strong></span> <span class='ocrx_word' id='word_1_766' title='bbox 3106 4486 3632 4598; x_wconf 42' lang='lat' dir='ltr'><strong>annquiormuSﬁén</strong></span> 
     </span>
     <span class='ocr_line' id='line_1_112' title="bbox 2044 4541 3633 4613; baseline -0.001 -14"><span class='ocrx_word' id='word_1_767' title='bbox 2044 4544 2246 4599; x_wconf 88' lang='lat' dir='ltr'><strong>nullam</strong></span> <span class='ocrx_word' id='word_1_768' title='bbox 2287 4543 2595 4613; x_wconf 85' lang='lat' dir='ltr'><strong>hujusmodi</strong></span> <span class='ocrx_word' id='word_1_769' title='bbox 2644 4543 2839 4598; x_wconf 74' lang='lat' dir='ltr'><strong>Primae</strong></span> <span class='ocrx_word' id='word_1_770' title='bbox 2871 4543 3201 4613; x_wconf 84' lang='lat' dir='ltr'><strong>mentionem</strong></span> <span class='ocrx_word' id='word_1_771' title='bbox 3238 4541 3470 4613; x_wconf 80' lang='lat' dir='ltr'><strong>faciunt.</strong></span> <span class='ocrx_word' id='word_1_772' title='bbox 3601 4558 3633 4597; x_wconf 90' lang='lat' dir='ltr'><strong>c</strong></span> 
     </span>
    </p>
   </div>
   <div class='ocr_carea' id='block_1_112' title="bbox 2044 4612 3632 4681">
    <p class='ocr_par' dir='ltr' id='par_1_112' title="bbox 2044 4612 3632 4681">
     <span class='ocr_line' id='line_1_113' title="bbox 2044 4612 3632 4681; baseline -0.002 -12"><span class='ocrx_word' id='word_1_773' title='bbox 2044 4615 2170 4670; x_wconf 91' lang='lat' dir='ltr'><strong>huic</strong></span> <span class='ocrx_word' id='word_1_774' title='bbox 2207 4612 2489 4668; x_wconf 77' lang='lat' dir='ltr'><strong>sententiae</strong></span> <span class='ocrx_word' id='word_1_775' title='bbox 2517 4614 3019 4681; x_wconf 61' lang='lat' dir='ltr'><strong>adversanturhwc</strong></span> <span class='ocrx_word' id='word_1_776' title='bbox 3042 4612 3101 4666; x_wconf 89' lang='lat' dir='ltr'><strong>S.</strong></span> <span class='ocrx_word' id='word_1_777' title='bbox 3152 4612 3437 4666; x_wconf 87' lang='lat' dir='ltr'><strong>Athanasii</strong></span> <span class='ocrx_word' id='word_1_778' title='bbox 3463 4614 3632 4667; x_wconf 83' lang='lat' dir='ltr'><strong>verba</strong></span> 
     </span>
    </p>
   </div>
   <div class='ocr_carea' id='block_1_113' title="bbox 2047 4681 3630 4754">
    <p class='ocr_par' dir='ltr' id='par_1_113' title="bbox 2047 4681 3630 4754">
     <span class='ocr_line' id='line_1_114' title="bbox 2047 4681 3630 4754; baseline -0.001 -16"><span class='ocrx_word' id='word_1_779' title='bbox 2047 4692 2281 4738; x_wconf 83' lang='lat' dir='ltr'><strong>tractatu</strong></span> <span class='ocrx_word' id='word_1_780' title='bbox 2308 4683 2375 4737; x_wconf 92' lang='lat' dir='ltr'><strong>de</strong></span> <span class='ocrx_word' id='word_1_781' title='bbox 2400 4682 2727 4754; x_wconf 80' lang='lat' dir='ltr'><strong>Virginitate</strong></span> <span class='ocrx_word' id='word_1_782' title='bbox 2750 4699 2764 4736; x_wconf 89' lang='lat'><strong>:</strong></span> <span class='ocrx_word' id='word_1_783' title='bbox 2792 4682 3086 4740; x_wconf 73' lang='grc' dir='ltr'><strong>’Λνατὲλλων</strong></span> <span class='ocrx_word' id='word_1_784' title='bbox 3110 4681 3137 4739; x_wconf 84' lang='grc' dir='ltr'><strong>ὃ</strong></span> <span class='ocrx_word' id='word_1_785' title='bbox 3163 4683 3299 4743; x_wconf 80' lang='grc' dir='ltr'><strong>ἥλιος</strong></span> <span class='ocrx_word' id='word_1_786' title='bbox 3322 4684 3630 4754; x_wconf 47' lang='lat' dir='ltr'><strong>emrtua</strong></span> 
     </span>
    </p>
   </div>
   <div class='ocr_carea' id='block_1_114' title="bbox 2047 4751 3630 4879">
    <p class='ocr_par' dir='ltr' id='par_1_114' title="bbox 2047 4751 3630 4879">
     <span class='ocr_line' id='line_1_115' title="bbox 2047 4751 3630 4879; baseline -0.002 -70"><span class='ocrx_word' id='word_1_787' title='bbox 2047 4757 2236 4879; x_wconf 62' lang='lat' dir='ltr'><strong>gtéliw</strong></span> <span class='ocrx_word' id='word_1_788' title='bbox 2265 4757 2315 4808; x_wconf 75' lang='grc' dir='ltr'><strong>ἐν</strong></span> <span class='ocrx_word' id='word_1_789' title='bbox 2333 4761 2454 4813; x_wconf 78' lang='grc' dir='ltr'><strong>ταῖς</strong></span> <span class='ocrx_word' id='word_1_790' title='bbox 2469 4751 2632 4876; x_wconf 55' lang='grc' dir='ltr'><strong>ἔερσί</strong></span> <span class='ocrx_word' id='word_1_791' title='bbox 2652 4775 2773 4818; x_wconf 85' lang='grc' dir='ltr'><strong>σου,</strong></span> <span class='ocrx_word' id='word_1_792' title='bbox 2795 4753 2851 4807; x_wconf 78' lang='lat' dir='ltr'><strong>id</strong></span> <span class='ocrx_word' id='word_1_793' title='bbox 2893 4762 2998 4818; x_wconf 90' lang='lat' dir='ltr'><strong>est,</strong></span> <span class='ocrx_word' id='word_1_794' title='bbox 3022 4754 3208 4807; x_wconf 88' lang='lat' dir='ltr'><strong>oriens</strong></span> <span class='ocrx_word' id='word_1_795' title='bbox 3240 4751 3330 4807; x_wconf 83' lang='lat' dir='ltr'><strong>sol</strong></span> <span class='ocrx_word' id='word_1_796' title='bbox 3356 4753 3533 4806; x_wconf 84' lang='lat' dir='ltr'><strong>videat</strong></span> <span class='ocrx_word' id='word_1_797' title='bbox 3562 4751 3630 4806; x_wconf 83' lang='lat' dir='ltr'><strong>Ii-</strong></span> 
     </span>
     <span class='ocr_line' id='line_1_116' title="bbox 2087 4822 3630 4879; baseline -0.001 0"><span class='ocrx_word' id='word_1_798' title='bbox 2087 4839 2204 4879; x_wconf 89' lang='lat' dir='ltr'><strong>rum</strong></span> <span class='ocrx_word' id='word_1_799' title='bbox 2232 4824 2288 4876; x_wconf 91' lang='lat' dir='ltr'><strong>in</strong></span> <span class='ocrx_word' id='word_1_800' title='bbox 2317 4825 2461 4877; x_wconf 87' lang='lat' dir='ltr'><strong>mani</strong></span> <span class='ocrx_word' id='word_1_801' title='bbox 2505 4838 2568 4876; x_wconf 93' lang='lat' dir='ltr'><strong>us</strong></span> <span class='ocrx_word' id='word_1_802' title='bbox 2598 4824 2733 4879; x_wconf 72' lang='lat' dir='ltr'><strong>tuis:</strong></span> <span class='ocrx_word' id='word_1_803' title='bbox 2791 4832 2914 4879; x_wconf 81' lang='lat' dir='ltr'><strong>post</strong></span> <span class='ocrx_word' id='word_1_804' title='bbox 2964 4837 3085 4879; x_wconf 67' lang='lat' dir='ltr'><strong>quae</strong></span> <span class='ocrx_word' id='word_1_805' title='bbox 3120 4823 3365 4879; x_wconf 80' lang='lat' dir='ltr'><strong>protinus</strong></span> <span class='ocrx_word' id='word_1_806' title='bbox 3404 4822 3630 4878; x_wconf 86' lang='lat' dir='ltr'><strong>mentio-</strong></span> 
     </span>
    </p>
   </div>
   <div class='ocr_carea' id='block_1_115' title="bbox 2087 4822 3632 4893">
    <p class='ocr_par' dir='ltr' id='par_1_115' title="bbox 2087 4822 3632 4893">
     <span class='ocr_line' id='line_1_117' title="bbox 2087 4822 3632 4893; baseline -0.001 -14"><span class='ocrx_word' id='word_1_807' title='bbox 2087 4839 2204 4879; x_wconf 89' lang='lat' dir='ltr'><strong>rum</strong></span> <span class='ocrx_word' id='word_1_808' title='bbox 2232 4824 2288 4876; x_wconf 91' lang='lat' dir='ltr'><strong>in</strong></span> <span class='ocrx_word' id='word_1_809' title='bbox 2317 4822 2568 4893; x_wconf 81' lang='lat' dir='ltr'><strong>manibus</strong></span> <span class='ocrx_word' id='word_1_810' title='bbox 2596 4824 2733 4893; x_wconf 77' lang='lat' dir='ltr'><strong>tuis;</strong></span> <span class='ocrx_word' id='word_1_811' title='bbox 2791 4832 2914 4893; x_wconf 78' lang='lat' dir='ltr'><strong>post</strong></span> <span class='ocrx_word' id='word_1_812' title='bbox 2964 4837 3094 4893; x_wconf 55' lang='lat' dir='ltr'><strong>quas</strong></span> <span class='ocrx_word' id='word_1_813' title='bbox 3103 4823 3367 4893; x_wconf 81' lang='lat' dir='ltr'><strong>protinus</strong></span> <span class='ocrx_word' id='word_1_814' title='bbox 3404 4822 3632 4878; x_wconf 83' lang='lat' dir='ltr'><strong>mentio-</strong></span> 
     </span>
    </p>
   </div>
   <div class='ocr_carea' id='block_1_116' title="bbox 2049 4889 3632 4955">
    <p class='ocr_par' dir='ltr' id='par_1_116' title="bbox 2049 4889 3632 4955">
     <span class='ocr_line' id='line_1_118' title="bbox 2049 4889 3632 4955; baseline -0.002 -7"><span class='ocrx_word' id='word_1_815' title='bbox 2049 4909 2172 4948; x_wconf 88' lang='lat' dir='ltr'><strong>nem</strong></span> <span class='ocrx_word' id='word_1_816' title='bbox 2199 4893 2329 4947; x_wconf 89' lang='lat' dir='ltr'><strong>facit</strong></span> <span class='ocrx_word' id='word_1_817' title='bbox 2351 4892 2570 4955; x_wconf 60' lang='lat' dir='ltr'><strong>Tertiae,</strong></span> <span class='ocrx_word' id='word_1_818' title='bbox 2587 4892 2767 4948; x_wconf 69' lang='lat' dir='ltr'><strong>Sexta:</strong></span> <span class='ocrx_word' id='word_1_819' title='bbox 2787 4889 2844 4945; x_wconf 76' lang='lat' dir='ltr'><strong>et</strong></span> <span class='ocrx_word' id='word_1_820' title='bbox 2863 4889 3049 4947; x_wconf 67' lang='lat' dir='ltr'><strong>Nonis.</strong></span> <span class='ocrx_word' id='word_1_821' title='bbox 3073 4889 3209 4945; x_wconf 75' lang='lat' dir='ltr'><strong>Nam</strong></span> <span class='ocrx_word' id='word_1_822' title='bbox 3237 4892 3325 4946; x_wconf 92' lang='lat' dir='ltr'><strong>hic</strong></span> <span class='ocrx_word' id='word_1_823' title='bbox 3356 4891 3507 4946; x_wconf 89' lang='lat' dir='ltr'><strong>locus</strong></span> <span class='ocrx_word' id='word_1_824' title='bbox 3526 4906 3632 4946; x_wconf 88' lang='lat' dir='ltr'><strong>non</strong></span> 
     </span>
    </p>
   </div>
   <div class='ocr_carea' id='block_1_117' title="bbox 2050 4962 3634 5033">
    <p class='ocr_par' dir='ltr' id='par_1_117' title="bbox 2050 4962 3634 5033">
     <span class='ocr_line' id='line_1_119' title="bbox 2050 4962 3634 5033; baseline -0.002 -14"><span class='ocrx_word' id='word_1_825' title='bbox 2050 4963 2368 5033; x_wconf 84' lang='lat' dir='ltr'><strong>intelligitur</strong></span> <span class='ocrx_word' id='word_1_826' title='bbox 2396 4963 2465 5017; x_wconf 89' lang='lat' dir='ltr'><strong>de</strong></span> <span class='ocrx_word' id='word_1_827' title='bbox 2492 4963 2667 5018; x_wconf 79' lang='lat' dir='ltr'><strong>cilicio</strong></span> <span class='ocrx_word' id='word_1_828' title='bbox 2709 4962 2892 5016; x_wconf 89' lang='lat' dir='ltr'><strong>divino</strong></span> <span class='ocrx_word' id='word_1_829' title='bbox 2913 4962 3009 5016; x_wconf 81' lang='lat' dir='ltr'><strong>seu</strong></span> <span class='ocrx_word' id='word_1_830' title='bbox 3038 4962 3189 5016; x_wconf 88' lang='lat' dir='ltr'><strong>boris</strong></span> <span class='ocrx_word' id='word_1_831' title='bbox 3212 4962 3509 5033; x_wconf 69' lang='lat' dir='ltr'><strong>canonicis,</strong></span> <span class='ocrx_word' id='word_1_832' title='bbox 3538 4962 3634 5017; x_wconf 86' lang='lat' dir='ltr'><strong>sed</strong></span> 
     </span>
    </p>
   </div>
   <div class='ocr_carea' id='block_1_118' title="bbox 2052 5031 3633 5102">
    <p class='ocr_par' dir='ltr' id='par_1_118' title="bbox 2052 5031 3633 5102">
     <span class='ocr_line' id='line_1_120' title="bbox 2052 5031 3633 5102; baseline -0.001 -15"><span class='ocrx_word' id='word_1_833' title='bbox 2052 5035 2119 5088; x_wconf 87' lang='lat' dir='ltr'><strong>de</strong></span> <span class='ocrx_word' id='word_1_834' title='bbox 2144 5031 2375 5089; x_wconf 79' lang='lat' dir='ltr'><strong>lectione</strong></span> <span class='ocrx_word' id='word_1_835' title='bbox 2411 5040 2467 5087; x_wconf 90' lang='lat' dir='ltr'><strong>et</strong></span> <span class='ocrx_word' id='word_1_836' title='bbox 2518 5033 2872 5102; x_wconf 86' lang='lat' dir='ltr'><strong>meditatione</strong></span> <span class='ocrx_word' id='word_1_837' title='bbox 2900 5046 3182 5102; x_wconf 78' lang='lat' dir='ltr'><strong>sacrarum</strong></span> <span class='ocrx_word' id='word_1_838' title='bbox 3225 5031 3633 5102; x_wconf 84' lang='lat' dir='ltr'><strong>Scripturarum</strong></span> 
     </span>
    </p>
   </div>
   <div class='ocr_carea' id='block_1_119' title="bbox 2051 5100 3633 5172">
    <p class='ocr_par' dir='ltr' id='par_1_119' title="bbox 2051 5100 3633 5172">
     <span class='ocr_line' id='line_1_121' title="bbox 2051 5100 3633 5172; baseline -0.003 -13"><span class='ocrx_word' id='word_1_839' title='bbox 2051 5106 2394 5172; x_wconf 85' lang='lat' dir='ltr'><strong>maximeque</strong></span> <span class='ocrx_word' id='word_1_840' title='bbox 2430 5102 2673 5172; x_wconf 84' lang='lat' dir='ltr'><strong>psalterii</strong></span> <span class='ocrx_word' id='word_1_841' title='bbox 2698 5142 2715 5172; x_wconf 80' lang='lat'><strong>,_</strong></span> <span class='ocrx_word' id='word_1_842' title='bbox 2757 5110 2819 5155; x_wconf 89' lang='lat' dir='ltr'><strong>ut</strong></span> <span class='ocrx_word' id='word_1_843' title='bbox 2858 5100 2986 5155; x_wconf 90' lang='lat' dir='ltr'><strong>illud</strong></span> <span class='ocrx_word' id='word_1_844' title='bbox 3020 5101 3187 5172; x_wconf 24' lang='lat' dir='ltr'><strong>Avirgo</strong></span> <span class='ocrx_word' id='word_1_845' title='bbox 3227 5100 3474 5157; x_wconf 78' lang='lat' dir='ltr'><strong>ediscat:</strong></span> <span class='ocrx_word' id='word_1_846' title='bbox 3506 5117 3633 5154; x_wconf 83' lang='lat' dir='ltr'><strong>nam</strong></span> 
     </span>
    </p>
   </div>
   <div class='ocr_carea' id='block_1_120' title="bbox 2052 5170 3634 5248">
    <p class='ocr_par' dir='ltr' id='par_1_120' title="bbox 2052 5170 3634 5248">
     <span class='ocr_line' id='line_1_122' title="bbox 2052 5170 3634 5248; baseline -0.002 -20"><span class='ocrx_word' id='word_1_847' title='bbox 2052 5182 2207 5248; x_wconf 86' lang='lat' dir='ltr'><strong>antea</strong></span> <span class='ocrx_word' id='word_1_848' title='bbox 2250 5170 2500 5248; x_wconf 52' lang='lat' dir='ltr'><strong>dixerat:</strong></span> <span class='ocrx_word' id='word_1_849' title='bbox 2523 5170 2663 5248; x_wconf 48' lang='lat' dir='ltr'><strong>fam</strong></span> <span class='ocrx_word' id='word_1_850' title='bbox 2697 5170 2848 5248; x_wconf 60' lang='grc' dir='ltr'><strong>ἔργον</strong></span> <span class='ocrx_word' id='word_1_851' title='bbox 2882 5193 2976 5248; x_wconf 57' lang='grc' dir='ltr'><strong>σοι)</strong></span> <span class='ocrx_word' id='word_1_852' title='bbox 3012 5170 3288 5248; x_wconf 59' lang='grc' dir='ltr'><strong>διαπᾳνςὸς</strong></span> <span class='ocrx_word' id='word_1_853' title='bbox 3320 5173 3512 5248; x_wconf 54' lang='grc' dir='ltr'><strong><em>μελέτη</em></strong></span> <span class='ocrx_word' id='word_1_854' title='bbox 3533 5179 3634 5225; x_wconf 82' lang='grc' dir='ltr'><strong>τῶν</strong></span> 
     </span>
    </p>
   </div>
   <div class='ocr_carea' id='block_1_121' title="bbox 2053 5242 3631 5318">
    <p class='ocr_par' dir='ltr' id='par_1_121' title="bbox 2053 5242 3631 5318">
     <span class='ocr_line' id='line_1_123' title="bbox 2053 5242 3631 5318; baseline -0.003 -19"><span class='ocrx_word' id='word_1_855' title='bbox 2053 5247 2194 5318; x_wconf 50' lang='lat' dir='ltr'><strong>etiarn</strong></span> <span class='ocrx_word' id='word_1_856' title='bbox 2208 5251 2431 5318; x_wconf 63' lang='grc' dir='ltr'><strong>Ὑροιφῷν,</strong></span> <span class='ocrx_word' id='word_1_857' title='bbox 2447 5243 2721 5316; x_wconf 73' lang='grc' dir='ltr'><strong>ψαλτήριον</strong></span> <span class='ocrx_word' id='word_1_858' title='bbox 2730 5242 2839 5314; x_wconf 65' lang='grc' dir='ltr'><strong>’ἔχε</strong></span> <span class='ocrx_word' id='word_1_859' title='bbox 2851 5281 2864 5305; x_wconf 86' lang='grc'><em>,</em></span> <span class='ocrx_word' id='word_1_860' title='bbox 2880 5245 2966 5295; x_wconf 77' lang='grc' dir='ltr'><strong>καὶ</strong></span> <span class='ocrx_word' id='word_1_861' title='bbox 2987 5244 3104 5302; x_wconf 79' lang='grc' dir='ltr'><strong>τοὺς</strong></span> <span class='ocrx_word' id='word_1_862' title='bbox 3132 5242 3365 5318; x_wconf 36' lang='lat' dir='ltr'><strong>{tari-pou;</strong></span> <span class='ocrx_word' id='word_1_863' title='bbox 3390 5244 3631 5310; x_wconf 67' lang='grc' dir='ltr'><strong>μάνθανι.</strong></span> 
     </span>
    </p>
   </div>
   <div class='ocr_carea' id='block_1_122' title="bbox 2054 5313 3633 5380">
    <p class='ocr_par' dir='ltr' id='par_1_122' title="bbox 2054 5313 3633 5380">
     <span class='ocr_line' id='line_1_124' title="bbox 2054 5313 3633 5380; baseline -0.003 -12"><span class='ocrx_word' id='word_1_864' title='bbox 2054 5315 2108 5368; x_wconf 83' lang='lat' dir='ltr'><strong>id</strong></span> <span class='ocrx_word' id='word_1_865' title='bbox 2137 5313 2253 5378; x_wconf 65' lang='lat' dir='ltr'><strong>est,</strong></span> <span class='ocrx_word' id='word_1_866' title='bbox 2271 5313 2343 5366; x_wconf 79' lang='lat' dir='ltr'><strong>sit</strong></span> <span class='ocrx_word' id='word_1_867' title='bbox 2367 5313 2470 5367; x_wconf 85' lang='lat' dir='ltr'><strong>hoc</strong></span> <span class='ocrx_word' id='word_1_868' title='bbox 2494 5313 2632 5379; x_wconf 81' lang='lat' dir='ltr'><strong>opus</strong></span> <span class='ocrx_word' id='word_1_869' title='bbox 2661 5320 2811 5366; x_wconf 88' lang='lat' dir='ltr'><strong>tuum</strong></span> <span class='ocrx_word' id='word_1_870' title='bbox 2841 5326 3054 5380; x_wconf 86' lang='lat' dir='ltr'><strong>semper</strong></span> <span class='ocrx_word' id='word_1_871' title='bbox 3098 5313 3376 5365; x_wconf 87' lang='lat' dir='ltr'><strong>meditatio</strong></span> <span class='ocrx_word' id='word_1_872' title='bbox 3414 5319 3633 5364; x_wconf 82' lang='lat' dir='ltr'><strong>sancta-</strong></span> 
     </span>
    </p>
   </div>
   <div class='ocr_carea' id='block_1_123' title="bbox 2056 5380 3636 5452">
    <p class='ocr_par' dir='ltr' id='par_1_123' title="bbox 2056 5380 3636 5452">
     <span class='ocr_line' id='line_1_125' title="bbox 2056 5380 3636 5452; baseline -0.003 -13"><span class='ocrx_word' id='word_1_873' title='bbox 2056 5400 2177 5439; x_wconf 88' lang='lat' dir='ltr'><strong>rum</strong></span> <span class='ocrx_word' id='word_1_874' title='bbox 2212 5383 2645 5451; x_wconf 88' lang='lat' dir='ltr'><strong>Scripturarum,</strong></span> <span class='ocrx_word' id='word_1_875' title='bbox 2673 5382 2869 5452; x_wconf 88' lang='lat' dir='ltr'><strong>habeto</strong></span> <span class='ocrx_word' id='word_1_876' title='bbox 2918 5381 3234 5452; x_wconf 79' lang='lat' dir='ltr'><strong>psalterium</strong></span> <span class='ocrx_word' id='word_1_877' title='bbox 3260 5421 3274 5446; x_wconf 88' lang='lat'><strong>,</strong></span> <span class='ocrx_word' id='word_1_878' title='bbox 3316 5389 3387 5452; x_wconf 86' lang='lat' dir='ltr'><strong>et</strong></span> <span class='ocrx_word' id='word_1_879' title='bbox 3443 5380 3636 5452; x_wconf 78' lang='lat' dir='ltr'><strong>discito</strong></span> 
     </span>
    </p>
   </div>
   <div class='ocr_carea' id='block_1_124' title="bbox 2055 5448 3637 5537">
    <p class='ocr_par' dir='ltr' id='par_1_124' title="bbox 2055 5448 3637 5537">
     <span class='ocr_line' id='line_1_126' title="bbox 2055 5448 3637 5537; baseline -0.001 -29"><span class='ocrx_word' id='word_1_880' title='bbox 2055 5448 2418 5537; x_wconf 45' lang='lat' dir='ltr'><strong>psalmos‘fet</strong></span> <span class='ocrx_word' id='word_1_881' title='bbox 2443 5453 2700 5535; x_wconf 74' lang='lat' dir='ltr'><strong>continuo</strong></span> <span class='ocrx_word' id='word_1_882' title='bbox 2724 5451 2855 5537; x_wconf 78' lang='lat' dir='ltr'><strong>dicit</strong></span> <span class='ocrx_word' id='word_1_883' title='bbox 2881 5471 2894 5506; x_wconf 90' lang='lat'><strong>:</strong></span> <span class='ocrx_word' id='word_1_884' title='bbox 2919 5448 3113 5537; x_wconf 67' lang='lat' dir='ltr'><strong>Oriens</strong></span> <span class='ocrx_word' id='word_1_885' title='bbox 3136 5451 3215 5537; x_wconf 62' lang='lat' dir='ltr'><strong>tot</strong></span> <span class='ocrx_word' id='word_1_886' title='bbox 3235 5451 3408 5537; x_wconf 72' lang='lat' dir='ltr'><strong>uideat</strong></span> <span class='ocrx_word' id='word_1_887' title='bbox 3445 5448 3637 5506; x_wconf 65' lang='lat' dir='ltr'><strong>librum</strong></span> 
     </span>
    </p>
   </div>
   <div class='ocr_carea' id='block_1_125' title="bbox 2055 5521 3351 5593">
    <p class='ocr_par' dir='ltr' id='par_1_125' title="bbox 2055 5521 3351 5593">
     <span class='ocr_line' id='line_1_127' title="bbox 2055 5521 3351 5593; baseline -0.002 -16"><span class='ocrx_word' id='word_1_888' title='bbox 2055 5521 2113 5578; x_wconf 78' lang='lat' dir='ltr'><strong>in</strong></span> <span class='ocrx_word' id='word_1_889' title='bbox 2138 5523 2377 5593; x_wconf 78' lang='lat' dir='ltr'><strong>manibus</strong></span> <span class='ocrx_word' id='word_1_890' title='bbox 2400 5524 2527 5584; x_wconf 76' lang='lat' dir='ltr'><strong>tuis,</strong></span> <span class='ocrx_word' id='word_1_891' title='bbox 2552 5537 2765 5593; x_wconf 84' lang='lat' dir='ltr'><strong>nempe,</strong></span> <span class='ocrx_word' id='word_1_892' title='bbox 2790 5531 2850 5577; x_wconf 90' lang='lat' dir='ltr'><strong>ut</strong></span> <span class='ocrx_word' id='word_1_893' title='bbox 2887 5522 3125 5593; x_wconf 85' lang='lat' dir='ltr'><strong>psalmos</strong></span> <span class='ocrx_word' id='word_1_894' title='bbox 3155 5521 3351 5577; x_wconf 84' lang='lat' dir='ltr'><strong>discas.</strong></span> 
     </span>
    </p>
   </div>
   <div class='ocr_carea' id='block_1_126' title="bbox 2128 5591 3633 5663">
    <p class='ocr_par' dir='ltr' id='par_1_126' title="bbox 2128 5591 3633 5663">
     <span class='ocr_line' id='line_1_128' title="bbox 2128 5591 3633 5663; baseline 0.001 -17"><span class='ocrx_word' id='word_1_895' title='bbox 2128 5593 2156 5632; x_wconf 72' lang='grc' dir='ltr'><strong>τι</strong></span> <span class='ocrx_word' id='word_1_896' title='bbox 2194 5592 2361 5646; x_wconf 73' lang='lat' dir='ltr'><strong>Missa</strong></span> <span class='ocrx_word' id='word_1_897' title='bbox 2386 5595 2659 5647; x_wconf 80' lang='lat' dir='ltr'><strong>canonica.</strong></span> <span class='ocrx_word' id='word_1_898' title='bbox 2678 5591 2857 5663; x_wconf 61' lang='lat' dir='ltr'><strong>Missa</strong></span> <span class='ocrx_word' id='word_1_899' title='bbox 2885 5593 3006 5663; x_wconf 78' lang='lat' dir='ltr'><strong>hoc</strong></span> <span class='ocrx_word' id='word_1_900' title='bbox 3026 5592 3142 5647; x_wconf 86' lang='lat' dir='ltr'><strong>loco</strong></span> <span class='ocrx_word' id='word_1_901' title='bbox 3167 5602 3250 5647; x_wconf 88' lang='lat' dir='ltr'><strong>est</strong></span> <span class='ocrx_word' id='word_1_902' title='bbox 3293 5591 3513 5663; x_wconf 79' lang='lat' dir='ltr'><strong>synaxis</strong></span> <span class='ocrx_word' id='word_1_903' title='bbox 3538 5592 3633 5648; x_wconf 86' lang='lat' dir='ltr'><strong>ho-</strong></span> 
     </span>
    </p>
   </div>
   <div class='ocr_carea' id='block_1_127' title="bbox 2060 5661 3208 5733">
    <p class='ocr_par' dir='ltr' id='par_1_127' title="bbox 2060 5661 3208 5733">
     <span class='ocr_line' id='line_1_129' title="bbox 2060 5661 3208 5733; baseline -0.001 -16"><span class='ocrx_word' id='word_1_904' title='bbox 2060 5678 2241 5733; x_wconf 78' lang='lat' dir='ltr'><strong>rarum</strong></span> <span class='ocrx_word' id='word_1_905' title='bbox 2271 5663 2676 5733; x_wconf 80' lang='lat' dir='ltr'><strong>canonicamm,</strong></span> <span class='ocrx_word' id='word_1_906' title='bbox 2701 5662 2767 5716; x_wconf 93' lang='lat' dir='ltr'><strong>de</strong></span> <span class='ocrx_word' id='word_1_907' title='bbox 2792 5678 2898 5733; x_wconf 87' lang='lat' dir='ltr'><strong>qua</strong></span> <span class='ocrx_word' id='word_1_908' title='bbox 2926 5661 3085 5717; x_wconf 86' lang='lat' dir='ltr'><strong>infra.</strong></span> <span class='ocrx_word' id='word_1_909' title='bbox 3205 5682 3208 5685; x_wconf 94' lang='grc'>·</span> 
     </span>
    </p>
   </div>
   <div class='ocr_carea' id='block_1_128' title="bbox 2133 5728 3636 5803">
    <p class='ocr_par' dir='ltr' id='par_1_128' title="bbox 2133 5728 3636 5803">
     <span class='ocr_line' id='line_1_130' title="bbox 2133 5728 3636 5803; baseline -0.001 -18"><span class='ocrx_word' id='word_1_910' title='bbox 2133 5746 2158 5774; x_wconf 72' lang='grc' dir='ltr'>α</span> <span class='ocrx_word' id='word_1_911' title='bbox 2188 5732 2298 5788; x_wconf 83' lang='lat' dir='ltr'><strong>Nec</strong></span> <span class='ocrx_word' id='word_1_912' title='bbox 2334 5734 2573 5787; x_wconf 72' lang='lat' dir='ltr'><strong>ulterius.</strong></span> <span class='ocrx_word' id='word_1_913' title='bbox 2602 5731 2721 5787; x_wconf 87' lang='lat' dir='ltr'><strong>Lib.</strong></span> <span class='ocrx_word' id='word_1_914' title='bbox 2750 5747 2789 5786; x_wconf 94' lang='grc' dir='ltr'><strong>ιι</strong></span> <span class='ocrx_word' id='word_1_915' title='bbox 2810 5728 2888 5790; x_wconf 71' lang='grc' dir='ltr'><strong>’(Ιε</strong></span> <span class='ocrx_word' id='word_1_916' title='bbox 2917 5733 3188 5788; x_wconf 83' lang='lat' dir='ltr'><strong>Nocturna</strong></span> <span class='ocrx_word' id='word_1_917' title='bbox 3209 5732 3385 5800; x_wconf 89' lang='lat' dir='ltr'><strong>Orat.,</strong></span> <span class='ocrx_word' id='word_1_918' title='bbox 3405 5746 3525 5803; x_wconf 86' lang='lat' dir='ltr'><strong>cap.</strong></span> <span class='ocrx_word' id='word_1_919' title='bbox 3549 5728 3636 5785; x_wconf 74' lang='lat' dir='ltr'><strong>i3.</strong></span> 
     </span>
    </p>
   </div>
   <div class='ocr_carea' id='block_1_129' title="bbox 3087 5825 3166 5885">
    <p class='ocr_par' dir='ltr' id='par_1_129' title="bbox 3087 5825 3166 5885">
     <span class='ocr_line' id='line_1_131' title="bbox 3087 5825 3166 5885; baseline 0 0"><span class='ocrx_word' id='word_1_920' title='bbox 3087 5825 3166 5885; x_wconf 75' lang='lat'><strong>28</strong></span> 
     </span>
    </p>
   </div>
  </div>
