3958 6198
291 339 395 395 8ἷῖ

1223 331 1611 390 CONLLOliDlA
1656 334 2115 393 REGULARUM.
2154 369 2223 379 —
2259 337 2409 391 CAP.
2453 337 2638 394 XXIII.

3454 347 3558 407 878

288 468 396 508 non
426 465 492 506 ex
530 447 739 518 integro
768 445 951 499 animo
985 453 1130 499 amet
1158 445 1326 499 Deum
1349 444 1518 499 frater
1547 446 1609 509 in,
1631 447 1869 516 psalmis,
1901 453 1951 512 Α
1978 447 2152 503 decim
2190 450 2215 489 8
2246 449 2613 519 apostolorum
2643 449 2841 505 cantici
2866 450 3105 508 inchoati
3140 466 3195 510 et
3227 454 3363 512 ﬁniti
3390 474 3405 524 ;
3434 476 3561 517 mox

285 541 504 613 quando
527 554 626 610 per
644 552 893 593 somnum
918 537 1065 607 anpit
1092 535 1340 591 satisfieri
1366 537 1537 592 carni.
1576 537 1709 591 Nam
1733 539 1875 607 sicut

285 647 313 676 ι
339 634 465 688 luna
492 633 546 687 in
588 629 792 686 circulo
826 629 1092 683 minorata
1122 628 1358 696 deputati
1407 629 1552 683 nocti
1580 630 1759 684 minus
1787 630 1872 684 lu-

283 724 449 781 minis
499 721 732 791 complet
779 717 1032 781 oliicium,
1082 732 1205 772 cum
1252 718 1405 773 tarde
1449 720 1621 789 surgit
1647 720 1874 775 orientis

283 827 502 883 exortu,
520 815 673 871 tarde
687 828 852 869 cursu
880 826 979 866 suo
1007 810 1060 864 in
1086 810 1228 864 diem
1259 810 1559 878 ingreditur
1584 827 1868 877 occasura,

281 913 365 968 sic
413 919 470 966 et
493 908 731 965 brevitas
761 904 1001 960 noctium
1050 910 1348 972 temperata
1386 919 1510 958 cum
1541 904 1627 959 die
1653 911 1874 974 prOpter

279 1003 631 1075 fragilitatem
670 999 855 1054 carnis
888 996 1138 1053 humana:
1180 994 1323 1068 cegit
1349 994 1531 1049 divina
1567 995 1620 1048 in
1647 994 1873 1065 psalmis

236 1139 250 1148 .
279 1092 622 1158 abbreviari,
673 1100 730 1147 et
774 1090 929 1161 jungi
977 1105 1102 1145 cum
1143 1098 1300 1145 nocte
1328 1087 1434 1143 diei
1482 1086 1677 1142 ollicia.
1730 1085 1872 1157 Ergo

279 1187 471 1259 psalmi
514 1183 765 1240 nocturni
797 1182 992 1238 hiemis
1017 1189 1258 1251 tempore
1282 1221 1298 1246 ,
1330 1181 1434 1234 hoc
1476 1186 1578 1244 est,
1610 1178 1679 1233 ab
1705 1179 1872 1248 tequi-

280 1278 463 1334 noctio
492 1276 711 1331 hiemali
733 1289 904 1344 usque
930 1273 996 1328 ad
1020 1272 1401 1342 aequinoctium
1420 1269 1657 1336 vernale,
1689 1270 1742 1323 id
1764 1278 1868 1335 est,

252 1362 349 1426 ab
375 1378 567 1426 octavo
594 1366 715 1422 Kal.
761 1364 1011 1421 Octobris
1050 1378 1225 1433 usque
1251 1370 1445 1417 octavo
1475 1361 1595 1415 Kal.
1643 1360 1867 1431 Aprilis,

280 1461 376 1516 sed
401 1458 592 1514 melius
621 1470 790 1526 usque
814 1455 906 1511 ubi
934 1453 1097 1511 fuerit
1116 1453 1350 1519 Pascha,
1381 1453 1507 1522 quia
1536 1460 1726 1508 noctes
1755 1468 1870 1506 ma-

270 1550 424 1620 jores
448 1556 596 1614 sunt,
626 1548 655 1587 δ
683 1547 789 1603 dici
823 1545 1019 1602 debent
1043 1545 1351 1615 antiphonae
1380 1550 1630 1599 currente
1656 1558 1871 1615 semper

278 1643 556 1714 psalterio,
584 1650 640 1696 et
661 1639 1003 1710 responsoria
1033 1638 1160 1704 tria,
1183 1646 1243 1691 ut
1261 1636 1394 1691 fiant
1418 1648 1440 1675 ε
1465 1634 1739 1691 sexdecim
1768 1636 1870 1691 im-

276 1735 575 1806 positiones
611 1732 666 1787 in
691 1730 1004 1794 Nocturnis,
1051 1744 1214 1799 quam
1242 1735 1437 1783 octavo
1482 1727 1869 1782 Matutinorum

1975 537 2054 595 eis
2099 537 2346 593 Matutini
2384 538 2777 611 subjungantur
2823 551 3045 612 propter
3091 545 3413 604 brevitatem
3456 567 3559 606 no-

1974 629 2164 684 ctium.
2195 630 2300 685 Sed
2325 630 2426 686 hoc
2451 647 2666 702 semper
2686 640 2793 686 tam
2819 632 2873 687 in
2890 634 3241 706 hiemequam
3268 639 3320 693 in
3347 649 3560 709 :cstate,

1975 729 2083 773 tam
2115 721 2168 775 in
2195 722 2280 777 die
2309 738 2471 792 quam
2520 723 2572 777 in
2601 734 2759 779 nocte
2788 741 2883 781 seu
2915 726 2966 780 in
2999 727 3192 800 vigiliis
3221 747 3344 787 cum
3372 735 3559 804 psalli-

1975 818 2093 877 tur,
2146 820 2437 877 caveatur,
2501 827 2568 867 ne
2610 814 2806 885 psalmi
2841 816 3130 887 aliquando
3159 822 3561 893 combinentur,

1973 902 2115 971 quod
2161 917 2269 957 non
2319 903 2467 969 licet,
2516 903 2609 958 sed
2658 904 2898 976 singulos
2943 908 3141 964 debere
3184 909 3398 968 deliniri
3436 933 3561 971 cum

1964 991 2155 1075 _Gloria
2198 1011 2210 1045 :
2262 1001 2319 1046 ut
2349 1009 2451 1047 nec
2482 994 2759 1049 orationes
2806 996 2948 1052 inter
2996 998 3145 1069 ipsos
3187 1005 3404 1074 agenda:
3437 1024 3563 1077 pcr-

1972 1081 2189 1147 dantur,
2224 1096 2324 1136 nec
2354 1081 2565 1137 Glorias
2592 1095 2780 1138 eorum
2826 1082 2969 1140 laudi
3003 1088 3098 1141 Dei
3124 1088 3405 1148 videamur
3433 1095 3562 1152 sub-

1971 1173 2190 1238 ducere,
2237 1189 2358 1228 cum
2399 1175 2780 1244 compendiosa
2844 1177 3167 1249 negligentia
3214 1184 3461 1254 cogimur
3504 1186 3560 1241 in

1970 1282 2030 1322 se
2063 1267 2300 1338 psalmos
2343 1267 2582 1323 inserere
2613 1269 2643 1308 ιι
2682 1269 2963 1325 constituit
3010 1279 3067 1326 et
3114 1271 3297 1329 finem.
3331 1275 3482 1344 Quod
3511 1279 3558 1334 si

1968 1358 2149 1428 aliqua
2202 1358 2497 1414 necessitas
2539 1374 2729 1414 omnes
2767 1359 3059 1429 psallentes
3092 1374 3399 1436 perurgeat,
3450 1384 3559 1424 non

1969 1450 2315 1515 combinent,
2385 1450 2479 1505 sed
2533 1460 2903 1518 conternent;
2958 1463 3139 1510 tamen
3185 1472 3310 1512 cum
3357 1459 3560 1518 Gloriis

1969 1540 2082 1595 suis
2111 1541 2548 1610 subsequantur:
2601 1552 2657 1597 et
2700 1552 2755 1597 ut
2782 1544 2946 1600 citius
2973 1547 3299 1617 compleant,
3328 1560 3383 1607 et
3416 1555 3560 1624 psal—

1967 1648 2180 1687 morum
2215 1634 2455 1689 numeris
2501 1649 2608 1689 non
2648 1637 2963 1693 minaretur.
3000 1641 3144 1713 Ergo
3182 1644 3301 1701 ideo
3331 1655 3426 1703 aut
3453 1650 3561 1705 sin-

1967 1722 2121 1795 gulos
2150 1730 2244 1777 aut
2295 1732 2478 1779 ternos
2529 1725 2765 1781 diximus
2793 1728 2990 1784 debere
3044 1732 3196 1788 dici:
3247 1738 3373 1806 quia
3416 1740 3561 1797 sicut

276 1803 648 1897 impositiones
673 1822 921 1878 similiter
949 1821 1140 1893 viginti
1173 1828 1407 1890 quatuor
1431 1821 1640 1876 vicibus
1673 1834 1860 1876 secun-

1968 1813 2151 1867 unitas
2179 1812 2233 1867 in
2264 1812 2554 1881 Trinitate,
2606 1825 2661 1870 et
2688 1815 2929 1874 Trinitas
2965 1821 3020 1874 in
3056 1803 3279 1881 unitate
3308 1832 3557 1897 agnosci-

275 1919 405 1973 dum
454 1915 641 1986 viginti
693 1924 926 1984 quatuor
964 1913 1236 1967 seniorum
1285 1913 1643 1968 imitationem
1692 1925 1868 1983 genua

274 2014 465 2063 nostra
521 2006 575 2060 in
627 2012 787 2059 nocte
836 2003 948 2058 Deo
1000 2001 1285 2058 flectantur
1334 2001 1361 2041 ά
1413 2018 1538 2057 cum
1596 2001 1864 2056 laudibus.

274 2100 412 2154 Nam
443 2100 496 2154 in
533 2098 783 2175 noctibus
813 2095 1107 2165 majoribus
1134 2096 1253 2150 ideo
1299 2093 1419 2165 plus
1465 2092 1616 2164 psalli
1646 2092 1863 2155 debent,

272 2199 336 2245 ut
364 2191 503 2245 sicut
531 2188 685 2243 nobis
713 2187 855 2241 Deus
883 2185 949 2239 ad
981 2186 1410 2254 repansationem
1437 2183 1706 2254 prolixum
1736 2197 1862 2252 spa-

274 2282 417 2334 tium
445 2278 626 2347 junxit
652 2278 705 2332 in
750 2283 908 2331 nocte
927 2317 941 2341 ,
991 2284 1046 2331 et
1079 2290 1179 2330 nos
1203 2275 1251 2331 ei
1277 2291 1375 2346 per
1399 2275 1634 2346 agendas
1659 2274 1864 2346 gratias

266 2369 562 2440 iungamur
586 2369 641 2422 in
671 2368 907 2422 laudem.
938 2367 1203 2436 Tempore
1227 2382 1357 2421 vero
1376 2366 1603 2433 aestatis,
1630 2368 1735 2421 hoc
1756 2374 1861 2432 est,

269 2478 305 2520 a
336 2461 544 2518 Pascha
572 2476 744 2532 usque
770 2468 961 2515 octavo
1009 2458 1127 2513 lial.
1178 2458 1427 2513 Octobris
1460 2470 1483 2497 θ
1516 2468 1639 2513 octo
1681 2459 1864 2514 dican-

272 2561 368 2609 tur
402 2551 732 2622 antiphonaa,
773 2560 1029 2606 currente
1054 2590 1068 2614 ,
1107 2558 1168 2603 ut
1198 2563 1359 2618 supra
1390 2548 1626 2604 diximus
1651 2589 1665 2614 ,
1719 2564 1862 2603 sem-

271 2658 372 2714 per
394 2641 673 2712 psalterio,
722 2649 777 2696 et
815 2640 919 2694 tria
965 2638 1308 2710 responsoria
1340 2647 1492 2693 extra
1521 2638 1779 2694 lectiones
1808 2646 1864 2693 et

269 2747 515 2797 versum,
564 2740 621 2785 et
647 2730 667 2770 ί
712 2746 871 2802 rogos
902 2729 997 2785 Dei
1024 2748 1036 2783 :
1073 2738 1132 2784 ut
1158 2738 1268 2783 tam
1300 2729 1417 2784 istm
1443 2728 1724 2784 duodecim
1754 2729 1859 2783 im-

268 2826 570 2896 positiones
618 2823 907 2880 Nocturna:
950 2838 1111 2893 quam
1161 2821 1321 2877 simul
1365 2822 1683 2892 conjunctze,
1738 2828 1862 2877 octo

272 2917 660 2972 Matutinorum
698 2916 1070 2986 impositiones
1095 2913 1288 2984 viginti
1319 2913 1466 2968 vices
1493 2919 1655 2982 cogat
1681 2926 1863 2982 parvae

268 3011 451 3066 noctis
481 3009 619 3065 ratio
637 3009 748 3064 Deo
779 3023 950 3079 genua
979 3008 1283 3061 incurvare.
1317 3005 1455 3073 Quia
1478 3019 1862 3072 somnus,cum

268 3101 456 3157 brevis
485 3108 589 3165 est,
639 3098 810 3153 dulcis
861 3096 1072 3151 videtur
1121 3110 1239 3151 esse
1277 3094 1450 3161 carni,
1501 3110 1624 3151 cum
1661 3109 1860 3164 corpus

268 3190 512 3246 hominis
537 3188 747 3260 prolixo
770 3187 1051 3255 fatigatum
1096 3185 1280 3241 labore
1304 3185 1409 3241 diei
1450 3184 1649 3241 minori
1674 3184 1860 3254 requie

266 3283 423 3339 brevi
450 3281 679 3353 quiescit
707 3281 760 3334 in
792 3287 969 3334 nocte.
1019 3278 1163 3348 Ergo
1186 3275 1393 3332 aestatis
1422 3283 1686 3345 tempore,
1716 3274 1860 3330 sicut

266 3388 434 3444 supra
460 3371 884 3442 designavimus,
933 3368 1061 3439 quia
1095 3367 1333 3422 minores
1357 3373 1483 3422 sunt
1520 3372 1731 3430 noctes,
1762 3380 1860 3420 no—

264 3480 393 3520 vem
430 3462 681 3517 dicantur
728 3461 1061 3531 antiphome,
1116 3466 1171 3513 et
1221 3455 1742 3526 tria'responsoria,
1797 3464 1861 3508 ut

267 3558 405 3613 ﬁant
433 3555 715 3612 duodecim
745 3553 1116 3624 impositiones
1160 3550 1455 3607 secundum
1482 3547 1703 3604 nomina
1729 3548 1862 3604 duo-

341 3741 369 3770 ι
402 3727 554 3782 Luna
578 3728 635 3782 in
656 3724 851 3782 circqu
886 3726 1169 3780 minorata.
1198 3723 1332 3779 Cum
1362 3739 1556 3794 nempe
1584 3724 1639 3779 in
1668 3733 1856 3782 aestate

267 3799 530 3855 describit
574 3798 839 3853 minorem
899 3795 1161 3851 circulum
1215 3809 1379 3865 super
1423 3805 1668 3850 nostrum
1715 3795 1859 3852 hori-

265 3877 506 3925 zontem.

340 3940 371 3981 υ
403 3938 521 3993 Dici
546 3937 727 3992 debent
757 3937 1075 4007 antiphontc.
1110 3933 1210 3988 llic
1238 3935 1392 3990 deest
1416 3932 1619 4007 aliquid
1644 3952 1659 4001 ;
1708 3946 1767 3991 ut
1797 3937 1853 3992 in

264 4009 472 4082 Regula
514 4025 630 4082 _ms.
678 4009 768 4082 ubi
796 4002 986 4082 lacuna
1022 4016 1106 4082 est
1142 4013 1262 4082 post
1291 4009 1346 4063 τὸ
1369 4002 1692 4082 ρηῒξρΙιρῃιε,
1735 4022 1856 4082 qua:

264 4075 566 4152 supplenda
611 4078 916 4152 vocabulo,
967 4076 1251 4152 tredecintt
1293 4076 1417 4146 quia
1465 4076 1519 4129 in
1566 4075 1855 4152 Nocturnis

263 4146 464 4207 hiemis
490 4149 679 4203 statuit
704 4148 977 4203 sexdecim
1018 4146 1392 4215 impositiones
1423 4155 1678 4217 currente
1712 4148 1855 4217 psal-

266 4221 438 4276 terio:
481 4228 535 4274 et
565 4217 837 4288 perfectus
875 4219 983 4272 erit
1010 4217 1102 4288 hic
1131 4231 1426 4282 numerus,
1471 4217 1516 4270 si
1551 4216 1729 4273 tribus
1768 4234 1854 4274 re-

263 4287 579 4362 sponsoriis
597 4287 1148 4362 addanturtredecim
1176 4287 1503 4362 antiphonae.

338 4374 362 4400 ο
395 4359 671 4416 Sexdecim
698 4357 1073 4429 impositiones.
1126 4357 1182 4411 In
1209 4356 1413 4428 Regula
1444 4372 1544 4411 ms.
1575 4367 1698 4427 post
1736 4358 1852 4416 haec

260 4432 430 4488 verba
481 4426 780 4499 sequiturf
811 4426 1115 4483 Secundum
1161 4426 1434 4499 numerum
1480 4426 1851 4499 prophetarum

260 4513 413 4557 extra
444 4496 711 4570 lectiones,
747 4513 969 4570 versum,
1006 4505 1229 4570 et_rogus
1259 4496 1411 4570 [μεθ.
1437 4496 1612 4570 roga]
1644 4498 1762 4570 Dei,
1794 4510 1850 4553 ut

261 4583 373 4626 tam
395 4572 512 4626 ista:
539 4568 799 4624 sexdecim
843 4565 1216 4638 impositiones.
1261 4565 1395 4635 Qui:
1438 4565 1527 4621 hic
1555 4565 1850 4638 supplenda

260 4650 393 4696 sunt
417 4642 484 4696 ad
513 4636 925 4710 castigationem
971 4636 1130 4710 hujus
1173 4636 1703 4710 corruptissimikloci
1733 4658 1745 4692 :
1796 4649 1852 4694 et

259 4722 450 4782 postea
486 4707 747 4781 sequitur,
794 4709 849 4763 in
872 4707 1160 4782 nocturnis,
1196 4707 1373 4782 quani,
1412 4716 1517 4782 etc.
1567 4707 1635 4762 Et
1658 4723 1850 4782 sensus

260 4777 384 4845 cst,
434 4790 496 4835 ut
546 4777 601 4836 in
656 4779 937 4835 nocturnis
991 4778 1102 4833 sint
1152 4777 1426 4833 sexdecim
1476 4777 1853 4847 imposnticnes

254 4853 410 4921 juxta
440 4867 723 4921 numerum
754 4848 1027 4921 sexdecim
1063 4848 1445 4921 prophetarum
1478 4856 1708 4921 quatuor
1740 4865 1847 4905 ma-

255 4917 439 4994 jorum
480 4932 536 4977 et
559 4920 861 4994 duodecim
890 4919 1199 4994 minorum:
1245 4917 1449 4994 quibus
1494 4918 1539 4973 si
1583 4920 1852 4974 addantur

257 4988 383 5049 octo
416 4993 791 5062 impositiones
813 4988 1220 5062 Matutinorum,
1239 4988 1697 5062 juxta_nupierum
1719 5005 1851 5058 qua-

258 5074 386 5119 tuor
406 5071 476 5135 et
493 5057 688 5135 viginti
719 5062 994 5135 seniorum
1014 5058 1069 5113 in
1085 5057 1434 5135 apocalvpsi,
1471 5057 1603 5113 ﬁent
1624 5057 1859 5128 quatuor

256 5143 316 5188 et
367 5128 581 5205 viginti'
601 5132 1057 5205 genuﬂexiones._
1085 5128 1461 5205 impositiones
1500 5139 1697 5205 autem_
1732 5139 1860 5185 sunt

257 5198 681 5268 modulationés,
724 5199 1220 5272 pronuntiationes,
1250 5198 1620 5272 recitationes.
1676 5198 1857 5272 Impo-

258 5289 395 5329 nere
442 5270 740 5338 modulari,
770 5286 988 5336 canere,
1029 5270 1281 5334 recitare,
1311 5271 1676 5340 utimponere
1720 5270 1860 5340 psal-

260 5359 410 5399 mum
436 5384 451 5409 ,
490 5344 769 5412 imponere
817 5342 1147 5412 lectionem,
1180 5338 1512 5412 capitulum.
1565 5338 1860 5396 Cassianus

258 5410 1226 5499 diti‘rmtisrsrsa'eee3.565199
1248 5410 1523 5499 ἓξὲξίξξῖτες

329 5481 357 5523 δ
390 5479 526 5539 Cum
549 5479 813 5538 laudibus.
843 5483 902 5538 Id
937 5489 1043 5546 est,
1088 5495 1212 5535 cum
1242 5480 1479 5547 alleluia,
1509 5489 1568 5535 ut
1602 5479 1742 5535 infra
1777 5480 1854 5535 di-

256 5562 437 5610 cetur.

336 5635 360 5663 ο
382 5624 517 5679 Octo
541 5624 788 5678 dicantur
815 5623 1132 5692 antiphomc.
1180 5620 1259 5675 ita
1285 5621 1339 5676 in
1368 5619 1569 5690 Regula
1596 5636 1697 5676 ms.
1728 5620 1851 5675 cod.

260 5691 451 5765 Corn;
486 5693 611 5765 lege
633 5702 834 5765 tamen,
870 5691 1069 5756 navem,
1124 5707 1230 5746 non
1281 5702 1418 5756 octo,
1461 5702 1522 5746 ut
1548 5692 1704 5765 paulo
1736 5699 1858 5760 post

263 5762 495 5821 habetur
520 5762 713 5829 {Quia
739 5764 970 5833 minores
1000 5771 1120 5817 sunt
1156 5773 1328 5817 noctes
1348 5803 1363 5831 ,
1402 5762 1580 5818 novent
1611 5762 1859 5816 dicantur

1965 1912 2093 1971 tur;
2123 1905 2199 1959 ita
2225 1913 2320 1959 aut
2344 1906 2606 1977 singulos,
2637 1917 2731 1962 aut
2762 1923 2860 1979 pro
2888 1914 3212 1971 necessitate
3241 1926 3425 1974 ternos
3447 1937 3560 1976 cre-

1965 1995 2156 2051 damus
2194 2005 2378 2051 tamen
2423 2012 2546 2052 cum
2575 1996 2776 2055 Gloriis
2822 2002 2936 2058 suis
2988 2004 3091 2061 dici
3142 2007 3361 2064 debere.
3417 2010 3554 2067 Nam

1964 2085 2266 2141 combinari
2297 2101 2364 2141 ex
2390 2096 2504 2144 toto
2533 2104 2642 2144 non
2688 2090 2852 2147 licet:
2902 2094 3030 2164 quia
3058 2111 3164 2151 non
3201 2099 3342 2169 plus,
3380 2117 3557 2171 neque

1963 2175 2145 2231 minus
2167 2176 2236 2231 ab
2263 2177 2468 2232 unitate
2488 2186 2541 2232 et
2569 2178 2812 2235 trinitate
2837 2182 2978 2250 quod
3004 2182 3255 2253 defuerit,
3287 2186 3555 2246 Christia-

1962 2283 2094 2322 num
2147 2266 2320 2323 decet.
2373 2267 2442 2322 Et
2470 2277 2597 2324 tunc
2644 2268 2939 2340 perfectam
2983 2272 3143 2329 fidem
3194 2275 3475 2344 habemus,
3508 2283 3555 2337 si

1963 2357 2286 2412 Trinitatem
2315 2357 2613 2427 perfectam
2638 2352 2920 2430 mqhaliter
2941 2363 2993 2417 in
3027 2365 3253 2434 unitate,
3294 2378 3351 2425 et
3374 2372 3557 2428 unita-

1965 2455 2072 2503 tem
2097 2448 2153 2502 in
2189 2448 2457 2504 Trinitate
2481 2451 2766 2505 sentimus.
2802 2450 2936 2506 Nam
2967 2453 3012 2508 si
3048 2454 3227 2526 aliqua
3251 2462 3432 2532 gravis
3457 2478 3554 2520 nc-

1961 2539 2190 2594 cessitas
2220 2540 2410 2609 quavis
2440 2541 2574 2594 hora
2600 2541 2893 2611 psallentes
2934 2556 3247 2617 perurgeat,
3296 2531 3554 2609 dicendo-

1962 2645 2084 2684 rum
2128 2630 2370 2685 omnium
2406 2630 2740 2701 psalmorum
2788 2632 2998 2704 singula
3038 2638 3218 2705 capita
3273 2656 3396 2696 cum
3443 2660 3553 2700 una

1962 2718 2144 2775 Gloria
2170 2720 2513 2790 compleant;
2554 2730 2609 2775 et
2652 2722 2730 2777 sic
2758 2732 2959 2778 exeant
2988 2728 3249 2795 oratorio,
3276 2738 3338 2784 ut
3359 2736 3553 2802 quavis

1961 2813 2286 2869 necessitate
2334 2820 2515 2869 tamen
2570 2828 2707 2885 epus
2751 2814 2847 2870 Dei
2899 2832 3006 2872 non
3046 2818 3297 2877 videatur
3328 2832 3553 2895 praster-

1962 2903 2125 2959 mitti.

2080 2995 2109 3069 ς
2134 2995 2244 3053 VII.
2272 3026 2345 3037 -
2366 2996 2447 3052 Ex
2475 2996 2699 3055 ΒεουιΑ
2719 3014 2908 3056 sanan
2943 3002 3143 3059 lsmoar
3177 3002 3313 3077 (cap.
3339 3008 3417 3079 8).

2040 3089 2058 3129 ί
2091 3086 2151 3143 ln
2180 3087 2445 3158 psallendi
2470 3087 2647 3145 cilicio
2675 3090 2780 3146 ista
2815 3092 3071 3149 discretio
3092 3094 3217 3149 erit.
3241 3094 3378 3154 Dato
3401 3114 3550 3154 nam-

1962 3194 2070 3251 que
2096 3179 2355 3251 legitimis
2383 3182 2720 3252 temporibus
2750 3182 2905 3255 signo
2928 3184 2999 3240 ad
3027 3187 3300 3243 orationes
3334 3193 3551 3247 canoni-

1962 3289 2055 3330 cas
2087 3272 2101 3324 i
2143 3273 2476 3330 festinabunt
2522 3274 2722 3331 fratres
2766 3292 2889 3332 cum
2919 3280 3322 3348 properatione,
3358 3298 3550 3341 omnes

1960 3365 2027 3420 ad
2056 3364 2281 3420 chorum
2329 3375 2617 3422 occurrant
2642 3407 2657 3433 ,
2710 3367 2950 3437 nullique
2983 3379 3109 3424 ante
3135 3372 3406 3442 expletum
3434 3374 3553 3429 oili-

1958 3458 2103 3515 cium
2152 3458 2340 3514 licebit
2368 3460 2575 3530 egredi,
2624 3469 2824 3529 praeter
2866 3475 2990 3515 eum
3036 3477 3199 3530 quem
3246 3466 3551 3522 necessitas

1958 3560 2167 3608 naturae
2181 3552 2519 3623 compulerit.
2542 3550 2916 3608 Recitantibus
2937 3560 3119 3608 autem
3135 3556 3414 3612 monachis
3425 3569 3554 3627 post

1958 3728 2295 3811 antiphonq._
2330 3727 2483 3811 Quod
2514 3734 2695 3811 autem
2726 3728 2841 3811 hmo
2869 3726 3032 3811 lecth
3056 3720 3552 3811 praevaleat,_pa_tet

1958 3814 2023 3881 ea
2050 3797 2178 3881 cap.
2201 3797 2302 3881 __M
2329 3797 2569 3881 ejus'dem
2606 3797 2853 3881 ‘R‘egulze,
2889 3799 2993 3881 ubi
3016 3797 3109 3881 hic
3145 3800 3297 3856 locus
3347 3797 3551 3881 clarius

1957 3868 2310 3943 distinguitur
2334 3887 2346 3923 :
2385 3868 2493 3943 «_ln
2522 3868 2715 3943 aestate
2736 3881 2867 3924 vero
2891 3884 2922 3923 a
2953 3868 3161 3943 Pascha
3190 3885 3364 3943 usque
3385 3874 3553 3943 requi—

1955 3938 2198 3995 noctiu’m
2230 3938 2496 3999 hiemale,
2561 3940 2705 4008 quod
2750 3949 2836 3994 est
2869 3945 3064 3995 octavo
3107 3938 3227 3994 Kal.
3272 3938 3546 4007 Octobris,

1955 4018 2080 4080 post
2106 4025 2320 4064 versum
2349 4010 2641 4079 apertionis
2666 4017 2722 4064 et
2751 4009 3156 4080 responsorium
3201 4011 3414 4067 abbatis
3437 4014 3545 4069 dici

1954 4079 2157 4134 debent.
2184 4080 2607 4150 antiphonresex
2653 4080 2773 4135 sine
2800 4079 3033 4145 alleluia,
3068 4081 3276 4150 deinde
3310 4090 3422 4138 tres
3455 4099 3551 4139 an-

1955 4150 2192 4232 tiphonae
2218 4147 2342 4232 cum
2390 4149 2628 4232 alleluia,
2674 4147 3357 4232 currente.psalterio,__u_t
3381 4168 3548 4232 supra

1954 4221 2447 4303 diximus,‘de.iude
2473 4220 2619 4303 aliud
2640 4220 3045 4303 responsorium
3073 4234 3197 4277 cum
3223 4220 3465 4290 alleluia,
3488 4234 3551 4279 ut

1954 4289 2088 4361 ﬁant
2102 4290 2391 4361 duodecim
2421 4289 2809 4361 impositiones.
2846 4312 2864 4344 ι

2033 4360 2063 4434 τ-
2086 4359 2153 4414 Et
2183 4377 2332 4434 rogos
2377 4359 2709 4434 Dei.'Rogus
2744 4378 2782 4416 a
2814 4361 3052 4434 rogando
3080 4368 3165 4415 est
3192 4362 3550 4434 precatioiLi-

1954 4432 2136 4505 taniae,
2191 4428 2356 4505 Kyrie
2389 4428 2633 4505 eleisonf
2656 4431 2801 4487 Idem
2824 4428 3116 4505 ﬁgismr,
3149 4428 3291 4505 _elap.
3324 4431 3394 4488 35
3439 4433 3548 4505 Be—

1955 4502 2092 4585 gula:
2121 4500 2257 4585 ms.::
2279 4504 2392 4584 post
2418 4504 2594 4585 ipsum
2616 4518 2770 4574 rogus
2812 4500 2948 4585 Dei;
2995 4514 3116 4585 cap.
3147 4500 3255 4555 563
3302 4511 3420 4585 post
3449 4503 3548 4585 [ioc

1955 4571 2004 4626 et
2031 4587 2186 4639 rogus
2209 4571 2308 4625 Dei
2332 4589 2351 4637 ;
2383 4588 2500 4641 cap.
2526 4573 2594 4627 57
2619 4587 2633 4626 :
2668 4571 2824 4643 rogus
2847 4571 2967 4639 Dei,
2993 4581 3042 4627 et
3071 4586 3246 4626 versus
3266 4571 3510 4628 clusoriar
3525 4590 3547 4638 ;

1956 4656 2078 4725 cap.
2105 4640 2176 4725 ρο
2202 4650 2492 4725 aet-versus
2523 4652 2571 4696 et
2602 4659 2761 4725 rogus
2786 4642 2949 4725 licia.
3013 4710 3055 4725 _
3126 4718 3139 4725 Δ
3220 4713 3233 4725 _
3424 4723 3432 4725 _
3475 4712 3489 4725 .

2031 4714 2056 4750 8
2084 4709 2450 4782 Apostolorum
2494 4709 2685 4767 cantici
2718 4710 2969 4767 indicati.
3013 4710 3145 4767 Post
3181 4713 3241 4782 τὸ
3285 4712 3549 4782 apostolo-

1958 4796 2094 4867 rum,
2123 4780 2328 4867 desunt.
2345 4782 2601 4837 nonnulla
2641 4783 2721 4867 sic
2740 4782 3035 4865 supplenda
3056 4798 3140 4864 ἐκ
3178 4780 3383 4863 Regula
3414 4799 3541 4839 ms.:

1959 4849 2062 4916 Qui
2090 4852 2351 4916 nocturni,
2379 4862 2433 4905 ut
2462 4869 2622 4924 supra
2659 4849 2891 4907 diximus
2912 4893 2928 4919 ,
2964 4855 3021 4917 in
3050 4854 3163 4922 ipso
3195 4849 3393 4909 testati;
3415 4863 3546 4908 tem-

1954 4936 2079 4992 pore
2098 4939 2139 4992 ει
2162 4918 2427 4991 pullorum
2458 4933 2615 4976 cantu
2644 4922 2873 4992 inchoati
2899 4930 2947 4976 et
2971 4922 3129 4992 ﬁniti.
3222 4991 3231 4992 ί
3426 4986 3431 4989 _
3492 4991 3495 4992 ν

2027 4991 2054 5064 ἒξ
2086 4987 2369 5064 Qonstituit
2415 5002 2464 5064 et
2495 4992 2674 5064 ﬁnem.
2721 4991 2898 5064 Locus
2926 4987 3171 5064 mutilus,
3220 4991 3361 5064 lege,
3400 4987 3543 5064 utin

1952 5059 2077 5140 cod.
2102 5059 2296 5141 Gorb.:
2328 5060 2467 5127 Quia
2496 5059 2651 5116 omni
2678 5059 2902 5132 psalmo,
2933 5062 3018 5115 cui
3050 5062 3259 5116 initium
3279 5059 3542 5135 propheta

1955 5140 2223 5200 imposuit,
2252 5132 2519 5200 constituit
2544 5140 2591 5184 et
2614 5133 2796 5200 ﬁnem.
2825 5198 2869 5200 μ

2807 5198 2967 5277 _Haac
2977 5200 3250 5277 habentur
3272 5203 3326 5258 in
3354 5218 3482 5277 regu
3491 5203 3541 5258 la

1949 5264 2009 5321 S.
2041 5264 2231 5322 lsido'rt
2253 5284 2474 5333 excusa,
2493 5264 2703 5339 'cap.76,
2729 5271 2823 5327 ubi
2851 5271 2930 5327 sic
2953 5270 3151 5344 legitur
3176 5290 3191 5326 :
3221 5271 3289 5327 In
3317 5264 3544 5345 psat'len-

1956 5338 2039 5393 dis
2067 5347 2240 5393 autem
2272 5339 2470 5393 ofﬁciis.

2405 5356 2470 5392 18.

1955 5479 1970 5494 .
2028 5421 2041 5458 l
2088 5406 2455 5494 Festinaigunt.
2489 5406 2648 5494 Lege,
2677 5417 2737 5465 ut
2774 5410 2830 5494 in
2859 5410 3045 5494 regula
3079 5428 3302 5494 excusa,
3326 5413 3542 5485 festina,

1954 5479 2011 5536 in
2024 5495 2135 5604 (qua
2160 5478 2431 5560 omittitur
2448 5482 2508 5537 τὸ
2532 5478 2743 5562 fratres.
2775 5480 2903 5537 Krec
2924 5478 3083 5564 lectio
3101 5478 3454 5541 confirmatur
3473 5478 3543 5542 ei

1955 5564 2022 5604 eo
2061 5565 2147 5604 em
2194 5549 2252 5603 S.
2299 5548 2526 5604 lsndoro.
2570 5549 2666 5604 ltb.
2698 5567 2736 5604 tt
2775 5552 2840 5604 de
2869 5550 3075 5604 Oﬁiciis
3116 5553 3539 5604 Ecclesiasticis-

1955 5548 2173 5629 eodem“
2194 5549 2252 5603 S.
2299 5548 2526 5629 isidoro,
2570 5549 2666 5605 lib.
2698 5567 2736 5607 ιι
2775 5552 2840 5608 de
2869 5550 3075 5609 Oliiciis
3101 5553 3539 5629 ‘Ecclesiasticis,

1957 5635 2077 5703 cap.
2113 5619 2217 5703 15.3
2252 5639 2268 5669 ι
2293 5618 2631 5703 gementum
2660 5629 2838 5703 autem
2862 5638 3053 5680 omnes
3094 5623 3410 5703 frequenter
3442 5618 3539 5703 ηοξ

1959 5700 2142 5774 eteae
2167 5690 2254 5745 die
2282 5690 2410 5774 dato
2436 5692 2613 5774 signo,
2642 5691 2853 5774 _festina
2895 5709 3019 5750 cum
3057 5690 3442 5769 properatione
3468 5697 3540 5752 ad

1960 5760 2262 5816 orationem
2290 5760 2615 5819 solemnium
2641 5762 2922 5821 horarum.
2945 5784 2967 5819 ι
