3958 6198
473 427 577 479 S79

1472 410 1528 465 S.
1574 406 1937 465 BENEDICTI
1977 402 2267 457 ABBATIS
2307 400 2713 456 ANIANENSIS

3624 398 3725 454 830

472 533 987 591 consummationem
1037 525 1368 597 singulorum
1410 521 1742 592 psalmorum
1786 512 2043 588 prostrati
2076 521 2122 579 Α
2152 511 2409 582 pletorio,
2452 507 2732 564 valedietis
2782 507 3009 561 invicem
3056 505 3317 561 fratribus
3344 548 3356 571 ,
3411 522 3538 561 cum
3588 510 3728 562 omni

472 638 658 677 omnes
676 623 858 685 humo,
883 617 1106 688 pariter,
1122 614 1479 682 celeriterque
1501 616 1784 680 surgentes
1808 605 2045 677 psalmos

470 719 757 783 sequentes
783 707 1039 778 incipient
1062 724 1073 758 :
1099 703 1394 772 eodemque
1409 700 1568 755 modo
1581 713 1679 768 per
1700 695 1907 766 singula
1934 691 2047 748 olli—

469 804 553 857 cia
584 801 796 857 facient.
833 797 1055 866 Quando
1084 794 1427 851 celebrantur
1467 790 1798 862 psalmorum
1833 785 2047 855 spirita—

471 892 544 946 lia
591 896 950 953 sacramenta,
1007 884 1239 953 refugiat
1268 881 1565 936 monachus
1608 878 1751 933 risus
1778 876 1863 931 vel
1897 874 2049 928 fabu-

472 982 595 1047 las;
633 979 728 1036 sed
755 979 860 1034 hoc
892 976 1182 1031 meditetur
1207 973 1396 1036 corde,
1449 969 1591 1039 quod
1639 966 1889 1038 psallitur
1930 980 2043 1019 ore.

474 1072 688 1137 Tertia,
725 1067 890 1123 Sexta
937 1074 991 1121 et
1034 1063 1188 1118 Nona
1244 1070 1355 1116 tres
1404 1059 1597 1130 psalmi
1640 1056 1851 1113 dicendi
1901 1061 2047 1119 sunt,

475 1159 878 1232 responsorium
903 1171 1089 1219 unum,
1138 1165 1164 1193 ι
1208 1153 1472 1207 lectiones
1503 1165 1569 1204 ex
1614 1158 1842 1217 utroque
1885 1154 2053 1201 testa-

476 1258 661 1305 mento
686 1248 805 1304 duae
830 1262 843 1301 :
872 1244 1070 1301 dehinc
1108 1243 1136 1283 ὶι
1160 1241 1298 1307 laus,
1326 1241 1561 1312 hymnus
1588 1248 1749 1307 atque
1775 1237 1967 1291 oratio.
1993 1236 2053 1289 In

477 1341 813 1413 Vespertinis
873 1352 1002 1393 vero
1060 1334 1250 1391 ofliciis
1316 1331 1493 1402 primo
1549 1340 1572 1369 ο
1638 1326 2051 1391 Lueernarium,

478 1434 667 1489 deinde
693 1428 881 1501 psalmi
912 1436 1042 1490 tres,
1074 1422 1475 1494 responsorium
1496 1435 1688 1483 unum,
1716 1427 1771 1473 et
1789 1417 1816 1457 τι
1848 1418 2054 1482 laudes,

457 1524 746 1593 'bymnus,
793 1517 1075 1586 oratioque
1140 1511 1366 1568 dicenda
1419 1519 1518 1566 est.
1593 1509 1721 1563 Post
1771 1521 2055 1576 vesperum

476 1621 654 1667 autem
687 1606 1023 1680 congregatis
1060 1604 1320 1658 fratribus
1361 1610 1574 1671 oportet
1604 1600 1686 1653 vel
1718 1599 1919 1669 aliquid
1946 1612 2058 1653 me-

453 1702 663 1769 ‘ditari,
713 1699 799 1755 vel
835 1699 901 1753 de
936 1696 1256 1766 quibusdam
1292 1694 1485 1748 divinae
1520 1692 1766 1747 lectionis
1808 1690 2060 1760 quazstio-

477 1794 636 1848 nibus
678 1790 977 1860 disputare,
1026 1783 1350 1842 conferendo
1398 1784 1486 1853 pie
1539 1790 1702 1852 atque
1748 1781 2057 1845 salubriter,

2147 602 2355 657 cautela
2382 609 2435 655 et
2457 599 2671 654 silentio
2694 596 3096 667 quiescendum,
3120 613 3401 669 usquequo
3427 598 3495 653 ad
3523 599 3728 668 vigilias

2145 702 2522 765 consurgatur.
2568 691 2624 745 ln
2654 689 2987 759 quotidianis
3029 705 3158 745 vero
3196 689 3504 760 vigiliarum
3548 689 3733 747 olliciis

2145 785 2379 856 primum
2404 791 2515 837 tres
2541 781 2733 852 psalmi
2774 780 3024 835 canonici
3074 780 3337 835 recitandi
3368 788 3516 844 sunt,
3548 780 3733 836 deinde

2150 884 2265 930 tres
2297 886 2321 913 ο
2342 873 2521 928 missa:
2553 869 2904 942 psalmorum,
2941 871 2961 910 ί
2997 880 3190 942 quarta
3222 887 3354 927 vero
3376 873 3731 937 canticorum,

2153 969 2178 1008 Β
2205 965 2393 1036 quinta
2427 964 2811 1018 matutinorum
2842 962 3161 1017 ciliciorum.
3210 963 3271 1017 ln
3296 963 3595 1017 Dominicis
3629 964 3737 1017 die-

2148 1058 2270 1122 bus,
2305 1057 2388 1111 vel
2415 1054 2802 1111 festivitatibus
2842 1062 3142 1125 martyrum
3171 1055 3537 1110 solemnitatis
3576 1071 3735 1110 causa

2151 1150 2373 1220 singula:
2406 1148 2835 1217 superaddantur
2887 1146 3087 1201 missae.
3119 1147 3146 1186 δ
3198 1147 3399 1201 Verum
3434 1146 3492 1201 in
3542 1147 3738 1218 vigiliis

2151 1242 2411 1298 recitandi
2443 1241 2615 1295 aderit
2644 1256 2791 1301 usus,
2832 1239 2886 1293 in
2930 1238 3205 1293 Matutinis
3232 1238 3496 1308 psallendi
3546 1254 3737 1294 canen-

2153 1333 2313 1401 dique
2344 1330 2699 1395 consuetudo,
2753 1332 2768 1371 ί
2826 1339 3055 1399 utroque
3100 1330 3260 1385 modo
3319 1345 3603 1385 servorum
3648 1331 3736 1386 Dei

2152 1431 2364 1477 mentes
2389 1421 2718 1477 diversitatis
2751 1420 3148 1476 oblectamento
3177 1432 3562 1487 exerceantur,
3596 1431 3649 1476 et
3677 1426 3737 1477 ad

2156 1514 2366 1568 laudem
2399 1513 2493 1568 Dei
2524 1514 2643 1568 sine
2685 1511 2899 1567 fastidio
2933 1513 3211 1567 ardentius
3240 1514 3565 1567 excitentur.
3614 1514 3736 1568 Post

2155 1605 2368 1676 vigilias
2398 1613 2577 1658 autem
2628 1602 2641 1653 ἱ
2694 1619 2864 1674 usque
2914 1606 2979 1659 ad
3026 1604 3346 1658 Matutinum
3393 1604 3738 1660 reﬁciendum

2158 1707 2261 1752 est.
2306 1697 2434 1751 Post
2471 1696 2790 1751 Matutinum
2826 1705 3004 1750 autem
3048 1694 3378 1766 operandam
3406 1696 3611 1765 aliquid
3654 1706 3739 1751 aut

2159 1787 2462 1860 legendum.
2502 1787 2789 1842 Lectiones
2817 1794 2995 1841 autem
3041 1801 3107 1839 ex
3147 1786 3326 1841 Veteri
3365 1795 3424 1840 et
3453 1785 3605 1841 Novo
3644 1787 3739 1842 Te-

478 1891 796 1950 tantumque
849 1875 1160 1932 meditando
1227 1872 1655 1942 disputandoque
1711 1872 2055 1937 commorari,
2086 1868 2132 1926 Β
2161 1890 2432 1936 stamento
2465 1888 2707 1949 tempore
2734 1879 2894 1935 oliicii
2920 1878 3252 1948 quotidianis
3298 1879 3490 1933 diebus
3519 1880 3740 1935 reciten-

478 1972 826 2044 quoadusquc
861 1976 1073 2037 tempus
1115 1962 1460 2033 Completorii
1493 1961 1665 2032 possit
1711 1977 2053 2017 concurrere.

480 2063 619 2118 Ante
644 2074 891 2117 somnum
938 2064 1143 2121 autem,
1181 2054 1323 2109 sicut
1372 2068 1489 2107 mos
1531 2060 1634 2118 est,
1656 2059 1876 2122 peracto
1905 2049 2059 2106 Com»

554 2210 580 2237 ιι
610 2194 878 2250 Lectiones
910 2206 975 2245 ea:
1009 2199 1227 2258 utroque
1264 2194 1591 2258 testamento.
1619 2185 1693 2258 _ln
1734 2184 1940 2258 Reguia
1964 2198 2059 2258 ex-_

483 2282 612 2323 cnsa
654 2266 728 2319 ita
768 2262 963 2331 legitur
988 2267 1044 2314 et
1070 2252 1458 2331 distinguitur;
1486 2255 1753 2331 Decticncs
1788 2252 1852 2309 ei;
1890 2252 2058 2309 Veteri

487 2332 739 2406 Novoque
774 2325 1123 2406 1:5stgmento,
1148 2325 1267 2406 dua}
1288 2325 1477 2406 deinde
1501 2325 1728 2406 Laudes.

557 2408 585 2446 δ
615 2394 776 2459 L'aus.
807 2403 866 2457 ln
894 2398 1028 2470 Reg.
1058 2413 1177 2453 exc.
1229 2395 1460 2460 Laudes,
1491 2396 1714 2460 rectius,
1755 2395 1810 2450 id
1836 2403 1938 2461 εει,
1969 2394 2061 2448 Al-

487 2477 669 2533 leluia.

560 2558 581 2585 ο
615 2541 1008 2599 Lucernarium.
1045 2536 1181 2592 Nota
1207 2537 1293 2592 hic
1322 2535 1680 2591 lucernarium
1712 2533 1966 2605 distingui
1992 2532 2061 2588 ab

486 2615 658 2672 officio
686 2611 1027 2681 vesperiino.
1053 2606 1159 2662 Sed
1192 2607 1258 2660 de
1289 2607 1474 2681 linere
1501 2605 1664 2659 infra.

557 2686 583 2725 ει
618 2674 845 2738 Laudes.
880 2679 1093 2734 Laudes
1119 2686 1245 2731 sunt
1281 2676 1527 2740 Alleluia,
1556 2684 1617 2729 ut
1642 2674 1859 2745 planum
1884 2681 1969 2745 est
1993 2687 2061 2727 ex

488 2759 549 2813 S.
576 2753 804 2815 Isidoro,
850 2750 945 2803 lib.
973 2765 990 2802 ι
1017 2749 1081 2803 de
1105 2746 1305 2802 Ollieiis
1331 2746 1500 2809 Eccl.,
1531 2743 1658 2814 cap:
1674 2747 1708 2801 5
1734 2762 1746 2797 :
1779 2743 2057 2815 (Laudes,

488 2829 593 2883 hoc
635 2830 738 2888 est,
779 2813 1007 2875 Alleluia
1049 2832 1267 2880 canere,
1312 2813 1656 2886 antiquorum
1692 2823 1777 2869 cst
1806 2813 2062 2869 Hebraeo—

491 2911 635 2951 rum.
660 2912 680 2946 ι
1213 2908 1219 2913 ”

566 2977 589 3003 ο
625 2962 799 3016 Μίδεω
828 2969 929 3014 tres
967 2956 1306 3027 psalmorum.
1344 2956 1519 3010 Missa:
1548 2964 1676 3027 sunt
1703 2954 1943 3027 collecta!
1969 2968 2062 3008 seu

491 3034 783 3089 orationes.
809 3045 927 3098 qua:
948 3024 1077 3098 olim
1100 3026 1419 3098 dicebantur
1438 3024 2060 3098 adAiinempsalmorutn.

490 3105 568 3159 lta
591 3093 870 3157 collectam
893 3097 1125 3168 appella}
1149 3096 1461 3168 Cassianus,
1492 3095 1583 3168 lib.
1618 3111 1654 3149 ιι
1682 3096 1745 3168 de
1773 3093 2065 3168 Nocturnis

493 3170 863 3231 Orationibus,
925 3162 1043 3236 cap.
1092 3164 1163 3217 7:
1220 3183 1237 3215 ‹
1271 3165 1372 3236 Qui
1426 3165 1651 3236 necdum
1714 3162 1851 3218 bene
1902 3164 2062 3236 linito

531 3242 699 3296 salmo
726 3239 779 3292 in
806 3232 1107 3293 orationem
1135 3234 1486 3303 procumbere
1527 3232 1848 3288 festinamus
1872 3234 1939 3287 ad
1968 3248 2048 3287 ce-

531 3259 699 3296 satmo
727 3259 779 3292 ιιι
806 3259 1107 3293 oratlunmu
1138 3259 1486 3303 Pl‘UClllllUUl‘C
1527 3259 1848 3288 muniamus
1872 3259 1939 3287 uu
1968 3259 2048 3287 cc-

492 3259 798 3368 iebritatem
824 3308 1005 3362 missae
1029 3305 1349 3374 quantocius
1373 3312 1742 3374 properantes.
1767 3322 1785 3355 ι
1814 3304 1892 3357 lta
1915 3303 2061 3357 enim

494 3382 780 3454 legendum
810 3387 866 3433 et
891 3376 1112 3444 antiqua
1158 3375 1319 3454 lectio
1358 3383 1442 3454 est
1488 3375 1786 3454 retinenda,
1826 3389 1926 3444 pro
1956 3388 2061 3453 qua

494 3443 738 3508 nonnulli
768 3443 1197 3519 supposnerunt:
1228 3444 1540 3519 ceieritatem
1570 3444 1764 3519 missw,
1804 3443 1901 3513 per
1928 3443 2060 3519 mis—

495 3539 612 3579 sam
653 3512 1232 3584 finem-intelligentcs.
1284 3512 1389 3568 Sed
1436 3513 1668 3567 absurda
1715 3512 1936 3584 prorsus
1979 3514 2061 3567 lo-

494 3591 691 3664 quendi
717 3589 964 3664 formula.
998 3583 1238 3664 Dicimus
1280 3584 1424 3664 enim
1455 3598 1749 3664 properare
1777 3583 1845 3664 ad
1878 3583 2059 3664 iinem,

496 3652 603 3719 rion
631 3663 698 3722 ad
724 3660 1055 3716 celeritatem
1101 3655 1243 3709 finis.
1283 3654 1392 3709 Nec
1430 3652 1513 3708 est
1546 3652 1688 3722 quod
1732 3652 2065 3707 celeritatem

496 3736 921 3803 interpretentur
966 3724 1409 3803 accelerationen)
1454 3741 1466 3776 :
1513 3739 1636 3803 nam
1678 3738 1829 3803 atque
1878 3724 2067 3803 absnr-

500 3793 739 3858 dum'est
763 3800 944 3856 dicere
985 3810 1277 3867 properare
1318 3794 1384 3848 ad
1431 3793 1875 3867 accelerationem
1918 3793 2060 3867 finis.

499 3874 580 3929 Sit
606 3888 735 3940 ergo
777 3870 943 3925 missa
986 3861 1362 3940 colieetaseu
1409 3864 1628 3940 oratio,_
1654 3878 1773 3932 quae
1820 3861 2065 3940 pr_ofecto

498 3932 801 3997 celebratur
851 3953 973 3995 cum
1024 3934 1340 3990 solemnitcr
1376 3948 1406 3986 a
1442 3934 1723 3988 sacerdote
1770 3932 2062 4001 profertur.

500 4011 790 4067 Sciendum
825 4017 908 4064 est
943 4005 1085 4060 enim
1114 4005 1241 4059 olim
1273 4020 1303 4057 a
1337 4005 1618 4058 monachis
1652 4001 1871 4073 IEgypti
1901 4004 2066 4057 usita-

498 4091 612 4136 tum
655 4080 821 4134 fuisse
860 4079 926 4132 ad
968 4075 1130 4129 linem
1171 4072 1426 4143 cujusque
1462 4073 1654 4143 psalmi
1684 4072 2066 4126 inorationcm

498 4150 873 4222 procumbere,
918 4159 1021 4214 qua
1069 4143 1304 4222 breviter
1347 4143 1869 4222 expedi-tasacendos
1907 4143 2066 4222 colle-

500 4210 644 4274 ctam
672 4210 899 4282 diceret,
936 4210 1058 4284 qua:
1085 4211 1175 4284 hic
1202 4214 1361 4284 missa
1397 4210 1731 4284 a'ppeilatur._
1751 4210 1879 4266 Haec
1906 4212 2066 4284 plana

502 4296 628 4345 sunt
653 4302 721 4343 ex
754 4281 1015 4343 Cassiano
1043 4281 1229 4352 capite,
1258 4281 1443 4352 citato.
1479 4300 1498 4332 ‹
1520 4281 1629 4335 Has
1662 4281 1827 4350 igitur
1865 4282 2065 4350 praedi-

499 4368 616 4416 ctas
654 4359 924 4413 orationes
969 4354 1073 4408 hoc
1109 4350 1269 4405 modo
1311 4350 1571 4421 incipiunt
1617 4359 1778 4421 atque
1817 4365 2067 4406 consum-

500 4436 675 4494 mant,
702 4436 759 4483 ut
788 4426 940 4482 ﬁnito
963 4422 1173 4494 psalmo
1201 4420 1522 4494 non_staiim
1558 4420 1617 4494 in
1639 4420 2067 4494 incurvationcm

499 4488 732 4574 genuum
775 4488 1054 4574 corruant,
1097 4490 1545 4574 quemadmodum
1591 4488 1820 4574 facimus
1863 4491 1917 4574 in
1963 4490 2068 4573 hac

2160 1980 2268 2026 tur.
2305 1972 2331 2011 ιι
2366 1970 2586 2025 Sabbati
2641 1984 2771 2025 vero
2817 1971 2903 2025 die
2947 1980 3109 2040 atque
3161 1970 3441 2025 Dominico
3477 1985 3545 2025 ex
3601 1971 3739 2027 Novo

2162 2068 2371 2114 tantum
2425 2060 2774 2114 Testamento
2821 2059 3260 2129 pronuntientur.
3318 2058 3619 2115 Monachus
3651 2077 3738 2115 au-

2161 2192 2285 2245 dum
2334 2188 2660 2243 resurrectio
2706 2186 2941 2257 legitur,
2993 2184 3170 2240 nullus
3220 2185 3423 2257 sedeat.
3477 2186 3738 2244 Perfectis

2161 2260 2361 2323 missis,
2408 2259 2569 2313 dicite
2622 2256 2915 2312 Matutinos
2963 2256 3298 2311 directaneo.
3338 2276 3357 2308 »
3401 2256 3507 2312 Per
3554 2274 3734 2313 resur-

2159 2330 2456 2384 rectionem
2484 2327 2820 2400 intelligitur
2865 2326 3240 2400 Evangelium,
3280 2327 3426 2395 quod
3456 2328 3531 2400 ita
3563 2330 3736 2399 appel-

2160 2400 2325 2464 latur,
2356 2398 2499 2467 quod
2540 2398 2627 2453 die
2667 2396 2967 2467 Dominica,
3014 2411 3135 2466 qua:
3186 2396 3241 2450 in
3293 2396 3736 2454 memoriamme-

2161 2466 2746 2548 snrrectionisChrisu
2776 2466 3100 2548 celebratur,
3131 2466 3399 2548 iegeretur
3425 2467 3479 2548 in
3513 2467 3735 2548 Noctan

2161 2539 2279 2604 nis;
2329 2538 2413 2592 vel
2449 2538 2574 2607 quia
2603 2545 2750 2592 certe
2776 2537 3066 2607 tantum-in
3096 2537 3297 2607 vigiliis
3322 2540 3611 2607 nocturnis
3637 2538 3732 2593 diei

2162 2605 2784 2678 Dominiczedegebatur
2823 2605 3181 2678 Evangeliurn
3189 2607 3269 2678 de
3306 2605 3512 2662 Christi
3562 2622 3736 2663 resur-

2160 2679 2402 2750 rectione
2445 2678 2516 2732 ob
2551 2676 2813 2750 eamdem-
2836 2676 3121 2750 rationem.
3155 2676 3283 2750 First
3311 2679 3736 2750 psalmosigitur

2162 2758 2218 2803 et
2247 2748 2503 2803 lectiones
2536 2746 2623 2802 die
2664 2746 2943 2801 Dominica
2982 2745 3137 2815 juxta
3178 2746 3494 2802 Tetradium
3546 2745 3740 2804 dicitur

2164 2834 2271 2872 una
2312 2818 2494 2881 missa,
2527 2831 2624 2871 seu
2666 2816 2913 2889 collecta,
2948 2831 3109 2889 quam
3137 2818 3336 2889 cncipit
3358 2818 3734 2889 Evangelium,

2163 2897 2459 2958 sequuntur
2484 2895 2693 2958 eastern:
2719 2887 2914 2958 missas,
2939 2886 3447 2958 tandemiMatutini.
3473 2886 3739 2945 lu'diebus

2165 2956 2561 3029 Dominicisiet
2612 2956 2763 3029 festis
2808 2971 3066 3029 numerus
3106 2957 3396 3029 missarum
3442 2961 3740 3029 augebatur

2162 3028 2233 3082 ob
2259 3026 2676 3081 solemnitatem.
2707 3027 2783 3080 lta
2816 3027 3008 3081 statuit
3033 3026 3090 3080 S.
3118 3018 3363 3082 Isidorus
3391 3029 3496 3083 hoc
3515 3018 3698 3097 capite
3721 3051 3734 3083 :

2171 3097 2504 3169 «Dominicis
2546 3111 2677 3150 vero
2720 3097 2910 3169 diebus
2941 3106 2995 3169 et
3031 3096 3413 3169 festivitatibus
3445 3096 3738 3169 martyrum

2166 3167 2521 3223 solemnitatis
2580 3181 2743 3220 causa
2805 3166 3026 3236 singula:
3084 3166 3741 3236 super-adjiciendm'sunt

2166 3239 2364 3292 missae.
2402 3256 2421 3289 ι
2474 3238 2541 3290 Et
2582 3236 2639 3289 S.
2677 3236 3007 3306 Fructuosus
3053 3236 3498 3306 archiepiscopus
3547 3239 3739 3294 Braca-

2162 3308 2358 3371 rensis,
2390 3322 2508 3377 cap.
2539 3306 2575 3359 2
2600 3320 2711 3361 sum
2748 3305 2967 3376 Regula:
3006 3322 3140 3360 ms.:
3173 3326 3190 3377 ς
3217 3305 3580 3362 Sabbatorum
3615 3325 3739 3365 vero

2162 3386 2216 3432 et
2248 3376 2647 3432 Dominicarum
2690 3378 2931 3430 noctium
2960 3376 3242 3431 curriculis
3283 3393 3412 3431 seno
3444 3379 3737 3434 missarum

2163 3445 2539 3517 superadjecto
2577 3444 2751 3500 cilicio
2790 3446 2935 3517 senis
2972 3447 3134 3500 etiam
3179 3448 3358 3502 missis
3388 3448 3587 3517 vigilia:
3622 3465 3739 3503 cum

2164 3516 2311 3570 senis
2362 3516 2719 3586 responsoriis
2778 3516 3161 3579 celebrantur,
3210 3527 3268 3570 ut
3322 3516 3740 3575 resurrectionis

2164 3586 2457 3641 Dominicm
2493 3586 2807 3641 solemnitas
2840 3586 3093 3656 ampliori
3114 3586 3412 3643 ciliciorum
3440 3590 3741 3656 psalmodia

2165 3658 2337 3732 magis
2372 3658 2689 3732 honoretur.
2715 3674 2733 3705 ι
2762 3656 2912 3711 Unde
2936 3656 3219 3732 Tetradius
3242 3658 3362 3732 ioco
3394 3660 3586 3732 citato,
3618 3662 3741 3732 vigi-

2165 3726 2275 3781 lias
2295 3727 2587 3781 Dominicae
2615 3741 2737 3781 cum
2763 3741 2858 3781 sex
2885 3727 3064 3781 missis
3095 3728 3337 3797 przecipit
3366 3726 3737 3795 celebrandas,

2166 3799 2257 3865 qui
2282 3797 2612 3865 reliquorum
2639 3796 2847 3850 dierum
2872 3797 3151 3851 nocturnis
3176 3796 3284 3852 tres
3313 3806 3523 3852 tantum
3552 3801 3740 3855 missas

2169 3868 2432 3936 assignat.

2244 3937 2263 3975 τ
2290 3934 2499 4001 Quarta
2537 3934 2891 3990 Canticorum.
2944 3935 3174 3990 Dicenda
3202 3937 3270 3991 ad
3298 3936 3461 3992 finem
3495 3939 3742 3995 Cantico-
3818 3960 3826 3973 ο

2167 4023 2307 4061 rum.
2388 4032 2401 4049 κ

2250 4079 2273 4115 6
2314 4075 2512 4141 Quinta
2553 4074 2953 4128 Matutinarum.
2990 4076 3225 4132 Dicenda
3249 4078 3315 4133 ad
3339 4078 3502 4133 tinem
3532 4076 3741 4135 Matuti-

2168 4162 2382 4201 DOl‘lllll.

2237 4217 2266 4255 ιι
2304 4214 2494 4268 Verum
2535 4214 2589 4268 in
2628 4211 2815 4282 vigiliis
2851 4215 3119 4290 recitandi
3166 4233 3311 4290 usus.
3357 4218 3489 4272 Vult
3536 4218 3739 4290 vigilias

2168 4294 2461 4340 nocturnas
2501 4293 2714 4338 tantum
2756 4283 2996 4348 recitari,
3031 4285 3315 4342 Matutinus
3344 4303 3478 4343 vero
3506 4283 3654 4344 cani.
3692 4292 3738 4345 In

2169 4355 2373 4428 Regula
2415 4369 2612 4428 excusa
2657 4353 2893 4428 legitur:
2932 4355 3173 4428 cvcrum
3202 4358 3254 4410 in
3288 4358 3487 4428 vigiliis
3512 4362 3738 4415 recitan-

2164 4424 2466 4499 disaderii
2503 4438 2674 4499 usqne
2699 4424 2751 4475 in
2783 4425 3063 4479 matutinis
3102 4424 3367 4495 psallendi
3404 4432 3738 4499 canendique

2170 4494 2520 4568 consuetudo.
2553 4492 2738 4568 {ll-.ee
2784 4502 3038 4568 corrupta
3081 4492 3229 4568 sunt,
3263 4514 3362 4552 nec
3389 4492 3733 4568 sequentibus

500 4557 719 4641 regione
748 4563 1012 4627 nonnulli,
1042 4557 1130 4641 qui
1165 4560 1390 4641 nendum
1416 4559 1553 4614 bene
1593 4557 1979 4641 finito‘psaimo
2009 4562 2061 4615 iu
2087 4565 2140 4625 D
2166 4566 2472 4629 cobrcreut,
2518 4579 2638 4635 qute
2680 4557 3009 4618 diversitaiis
3047 4557 3498 4622 oblectamentum
3543 4585 3729 4640 propo«

502 4630 803 4698 orationem
842 4630 1195 4706 procumbere
1237 4630 1552 4684 festinamus
1589 4631 1658 4706 a_d_
1695 4631 2063 4706 celebritatem

500 4712 679 4766 missae
705 4700 1024 4778 quan-tocius
1050 4709 1419 4778 properantes,
1446 4708 1549 4754 etc.
1576 4719 1593 4751 ι
1620 4700 1684 4778 iit
1719 4701 1879 4769 paulo
1905 4710 2059 4768 post:

507 4800 524 4830 ‹
556 4781 690 4837 Cum
722 4770 920 4832 'autem
964 4770 1067 4837 is,’
1088 4773 1178 4842 qui
1223 4771 1519 4842 orationem
1560 4770 1882 4842 collecturus
1922 4780 2005 4824 est
2034 4787 2064 4826 e

501 4861 646 4906 terra
692 4845 1011 4909 surrexerit,
1055 4840 1241 4897 omnes
1289 4840 1492 4909 pariter
1538 4840 1847 4909 eriguntur.
1899 4842 1971 4894 ita
2006 4851 2065 4895 ut

502 4920 678 4974 nullus
722 4932 820 4973 nec
864 4923 1151 4983 antequam
1191 4910 1477 4983 inclinetur
1528 4910 1637 4983 ille,
1684 4910 2062 4980 genuflectere,

502 5005 570 5044 ne
597 5004 720 5044 cum
748 4997 945 5043 eterra
977 4980 1293 5045 surrexerit,
1339 4980 1598 5034 remorari
1642 4988 1931 5049 praesumat
1958 5000 1969 5034 :
1998 4997 2065 5035 ne

494 5076 611 5115 .non
654 5067 761 5111 tam
806 5064 1021 5112 secutus
1062 5051 1227 5107 fuisse
1260 5050 1408 5105 illius
1444 5050 1865 5119 conclusionem,
1903 5065 2064 5119 quam

504 5129 806 5184 celebrasse
832 5126 1102 5182 credatur.
1127 5140 1147 5173 ι
1179 5121 1241 5175 Ει
1272 5128 1420 5185 nota,
1458 5118 1740 5173 celebrasse
1768 5121 2062 5175 conclusio-

505 5216 643 5263 nem,
673 5214 777 5253 non
803 5196 1072 5250 celerasse.
1108 5192 1173 5263 Et
1199 5205 1317 5259 cap.
1351 5189 1417 5243 10
1445 5208 1457 5243 :
1498 5206 1516 5239 ι
1540 5190 1616 5242 Ae
1645 5189 1912 5263 prtecipue
1944 5206 2064 5244 cum

504 5261 911 5323 consitmmatur
934 5263 1125 5326 oratio,
1156 5261 1209 5316 in
1234 5274 1337 5330 qua
1369 5274 1468 5313 nec
1491 5267 1706 5329 sputum
1735 5261 2019 5315 emittitur.
2043 5281 2060 5313 ι

449 5336 457 5343 ’
504 5340 613 5393 Sed
634 5338 736 5393 fuit
761 5338 1006 5391 dlversus
1036 5329 1340 5401 huiusmodi
1370 5329 1652 5401 missarum
1685 5345 1780 5383 seu
1804 5330 2069 5401 collecta-

506 5425 625 5463 rum
667 5405 1062 5462 recitandarurn
1093 5398 1240 5456 usus.
1274 5399 1407 5453 Nam
1436 5399 1494 5452 S.
1525 5398 1759 5453 Isidorus
1801 5399 1904 5454 boc
1950 5400 2068 5455 loco

506 5479 712 5544 statuit,
748 5482 821 5533 'ut
867 5483 988 5547 post

509 5548 648 5630 dies:
666 5538 781 5630 ςέιρ-
799 5538 997 5630 ἓσεηςε
1020 5538 2067 5630 “saviata?9?.9d9.=.1.Yi§ili=el’:€e’

512 5617 576 5670 ad
593 5608 821 5688 vigilias]
839 5608 866 5688 a
882 5626 1066 5671 mense
1090 5608 1307 5688 Octobri
1326 5625 1494 5679 usque
1511 5608 1577 5688 ad
1593 5608 1802 5688 Pascha
1822 5608 1955 5688 duos
1976 5608 2070 5663 no-

508 5679 728 5742 cturn'os
759 5679 979 5745 faciant,
1014 5690 1069 5735 et
1096 5692 1207 5735 tres
1236 5681 1430 5749 missas
1461 5697 1474 5732 :
1504 5680 1571 5732 ab
1599 5694 1703 5749 una
1734 5679 1896 5733 missa
1927 5679 2071 5749 legat

456 5762 462 5771 ‘
508 5754 736 5812 frater.»
788 5756 854 5808 Et
891 5762 991 5806 art.
1037 5766 1186 5820 seq.:
1221 5748 1404 5803 «Omni
1450 5748 1846 5820 Dominicasex
1879 5748 2070 5806 missas

508 5824 718 5882 facite:
756 5824 925 5896 prima
978 5821 1141 5874 missa
1194 5835 1404 5889 seraper
1451 5819 1773 5873 resurrectio
1821 5820 2066 5891 legatur:

1070 5469 1620 5547 salmos_reciten_tur.
1655 5468 1835 5547 Aliger
1881 5466 2081 5547 ’ξεῖνε-λ
2140 5473 2336 5547 nntius
2366 5466 2539 5547 unctis
2564 5466 2856 5547 refectione
2881 5475 3137 5547 contenti.
3164 5494 3184 5526 ι
3298 5491 3415 5547 cap.

2166 4644 2318 4688 llUlll.

2244 4706 2256 4775 ξ
2293 4702 2520 4775 traque
2543 4703 2715 4775 modo.
2746 4704 2906 4774 Lege,
2938 4714 2993 4757 ut
3017 4715 3235 4775 utroque
3261 4707 3434 4761 modo.

2240 4772 2252 4822 t'
2309 4770 2478 4843 Usque
2531 4773 2597 4843 cui
2654 4770 2973 4828 Matutinum
3038 4770 3371 4842 reﬁciendum
3419 4787 3517 4835 est.
3579 4777 3729 4832 Recta

2166 4844 2325 4916 lectio
2350 4841 2403 4897 in
2434 4841 2635 4916 Regula
2676 4858 2873 4897 excusa
2906 4841 3120 4916 legitur,
3162 4847 3593 4916 requiescendum
3626 4855 3726 4916 est;

2167 4915 2259 4968 sed
2299 4915 2618 4986 vocabulum
2650 4924 2910 4986 mutatum
2940 4914 3006 4986 ab
3032 4915 3103 4986 iis
3126 4914 3235 4982 qui
3257 4918 3578 4970 nesciebant
3618 4914 3727 4986 quid

2166 4985 2491 5057 sitreﬁcere.
2526 4982 2658 5037 Nam
2689 4984 2913 5057 reﬁcere
2956 4984 3055 5038 hoc
3095 4984 3211 5038 luco
3250 4996 3330 5038 cst
3360 4982 3727 5057 pausarefre-

2166 5055 2467 5123 quiescere,
2495 5069 2588 5123 seu
2620 5055 2810 5117 mavis,
2832 5068 3036 5123 corpus
3060 5070 3250 5109 somno
3276 5055 3516 5116 reticere,
3555 5059 3606 5110 id
3634 5061 3720 5113 est,

2167 5121 2489 5194 instaurare.
2517 5121 2807 5177 Cassianus
2829 5122 2919 5176 lib.
2944 5121 3023 5176 in
3062 5122 3126 5175 de
3145 5123 3366 5180 Diui-nis
3385 5126 3503 5187 Or.,
3529 5142 3643 5194 cap.
3665 5126 3718 5194 8:

2173 5212 2189 5242 ς
2219 5193 2285 5247 Ut
2313 5202 2435 5261 post
2461 5195 2713 5246 excubias
2743 5196 2905 5247 totius
2937 5195 3109 5246 noctis
3138 5195 3345 5250 duabus
3383 5197 3555 5250 ferme
3594 5192 3721 5261 horis

2169 5260 2470 5317 reticientcs
2495 5278 2723 5335 corpora
2762 5281 2879 5326 sua,
2912 5277 3247 5335 nequaquam
3287 5281 3387 5335 per
3418 5270 3594 5335 totum
3631 5260 3719 5335 dici

2166 5335 2402 5402 spatium
2439 5334 2613 5387 somni
2648 5341 2863 5403 torpore
2900 5344 3255 5388 marcescant.
3278 5334 3303 5387 ί
3330 5335 3466 5390 Hinc
3495 5334 3716 5389 refectio.

2169 5404 2357 5456 eodem
2401 5404 2610 5472 Capite:
2648 5422 2665 5453 ι
2691 5404 2896 5473 Requie
2925 5404 3105 5457 brevis
3143 5404 3299 5475 huius
3339 5406 3596 5523 temporis
3636 5413 3719 5469 pro

2170 5473 2336 5523 totius
2366 5474 2539 5523 noctis
2564 5472 2856 5523 refectione
2881 5475 3137 5523 contenti.
3164 5494 3184 5523 ι
3214 5476 3277 5523 Et
3298 5491 3415 5523 mn.
3501 5471 3717 5523 eiusdem

3534 5475 3717 5528 iusdem

2170 5490 2336 5526 loutls
2366 5490 2539 5525 DOCUS
2564 5490 2856 5528 reiecuone
2881 5490 3137 5527 contenti.
3164 5494 3184 5526 ι
3212 5490 3277 5529 ιιι
3298 5491 3415 5547 cap.
3444 5490 3480 5529 4
3501 5490 3717 5545 egestati"

2164 5542 2288 5626 libri
2317 5560 2329 5626 ξ
2372 5542 2661 5626 illeliquas
2700 5544 2859 5626 horas
2890 5543 3110 5626 (noctis)
3136 5544 3417 5626 refectioni
3452 5548 3717 5614 corporum

2171 5611 2453 5719 deputatas
2481 5628 2510 5665 a
2544 5612 2838 5681 majoribus
2860 5611 3061 5666 nestris
3092 5611 3415 5670 invenimus.
3440 5634 3458 5667 ι

2299 5680 2513 5719 suanm;
2553 5700 2675 5719 ..ος-η
2718 5683 2802 5719 ,κο
2861 5690 2945 5719 ρει.
3011 5683 3142 5719 ρειαί,
3200 5684 3272 5719 m.
3322 5687 3451 5719 ηδ..

2299 5680 2513 5734 Sabbati
2553 5700 2675 5736 vero
2717 5683 2821 5747 die,
2861 5690 2965 5738 etc.
3011 5683 3163 5738 Cass.
3200 5684 3291 5738 lib.
3322 5701 3361 5739 ιι
3384 5687 3451 5739 de
3478 5683 3715 5737 Nectum-

2171 5748 2343 5811 Orat.,
2391 5766 2509 5821 cap.
2546 5753 2617 5805 2:
2651 5772 2668 5802 ι
2698 5754 2753 5805 In
2797 5754 2881 5807 die
2934 5768 3064 5809 vero
3109 5754 3313 5808 sabbati
3364 5762 3419 5809 et
3463 5747 3719 5821 Dominico

2174 5820 2475 5894 (lectiones)
2533 5824 2761 5877 recitent
2810 5824 2876 5877 de
2925 5823 3072 5878 Novo
3120 5822 3484 5888 Testamento,
3529 5820 3580 5874 id
3623 5820 3716 5874 05b
