3958 6198
352 337 454 396 88!

1282 327 1676 388 CONCORDIA
1713 325 2175 385 REGULABUM.
2214 357 2287 367 —
2322 326 2474 384 CAP.
2517 326 2708 383 XXIII.

3522 331 3629 389 882

351 461 462 508 tem
496 448 739 518 corporis
769 444 1003 502 sanitate
1033 444 1338 500 consistens
1378 444 1426 499 si
1465 443 1662 514 vigiliis
1691 443 1779 498 vel
1809 457 1946 512 quo—
1971 445 2024 504 Α
2048 442 2174 512 quia
2198 441 2350 496 varie
2392 457 2422 496 a
2466 443 2695 497 diversis
2737 440 3012 499 memoriae
3045 441 3114 497 de
3139 456 3205 498 eo
3238 439 3494 497 traditum
3521 451 3628 508 est,

357 536 577 592 tidianis
603 534 790 590 officiis
815 533 1068 600 defuerit,
1097 534 1289 604 perdat
1321 533 1778 590 communionem.

407 627 436 700 ς
467 625 598 682 VIII.
625 625 784 680 —Ex
811 625 1030 681 Renum
1059 641 1248 680 SANCTI
1275 624 1575 680 Aunsum
1605 625 1744 697 (cap.
1772 625 1886 700 29).

429 729 453 758 ι
483 716 566 772 Ad
594 715 806 787 vigilias
849 717 976 772 dum
1006 715 1167 771 lectio
1207 715 1422 786 legitur,
1473 723 1568 770 aut
1595 715 1623 755 δ
1651 715 1717 770 de
1760 723 1945 788 sparto

359 817 456 863 aut
481 807 548 863 de
571 808 775 864 canabe
815 815 909 861 aut
949 806 1092 861 aliud
1134 804 1439 874 hujusmodi
1478 805 1729 860 manibus
1753 821 1946 876 opera-

357 897 525 961 mini,
562 904 624 950 ut
659 911 767 950 non
815 910 1038 951 somnus
1080 896 1326 964 obrepat.
1360 892 1420 948 Si
1451 909 1582 949 vero
1607 895 1940 958 Dominicus,

357 997 455 1044 aut
482 987 604 1043 festi
637 995 766 1042 sunt
797 987 931 1049 dies,
965 985 1051 1040 cui
1091 1000 1315 1039 somnus
1339 984 1572 1051 venerit,
1602 983 1724 1038 aliis
1754 983 1946 1040 seden-

359 1079 525 1145 tibus,
563 1077 821 1147 jubeatur
858 1085 1026 1141 stare,
1070 1082 1130 1129 ut
1155 1075 1329 1144 possit
1355 1090 1384 1128 a
1412 1089 1470 1129 se
1511 1074 1686 1130 somni
1729 1090 1942 1130 marco-

356 1186 472 1225 rem
514 1169 785 1240 depellere
810 1183 823 1222 :
849 1163 932 1224 ne'
956 1167 1010 1222 in
1053 1183 1218 1238 opere
1248 1167 1343 1221 Dei
1374 1167 1586 1236 tepidus
1615 1168 1942 1234 inveniatur,

359 1271 456 1316 aut
482 1259 779 1330 negligens.

393 1354 422 1426 §
457 1353 550 1408 1X.
591 1383 664 1392 —
701 1352 778 1406 Ex
820 1351 1040 1406 Rasum
1080 1365 1266 1406 SANCTI
1299 1347 1607 1404 COLUMBANI
1647 1351 1783 1419 (cap.
1829 1349 1902 1419 7).

430 1457 453 1484 ο
495 1445 570 1500 De
589 1444 777 1515 synaxi
795 1459 946 1508 vero,
965 1443 1018 1497 id
1039 1451 1144 1506 est,
1169 1458 1330 1497 cursu
1358 1441 1686 1512 psalmorum
1712 1449 1767 1496 et
1787 1441 1810 1479 ιι
1829 1456 1948 1496 ora-

357 1536 566 1590 tinuum
602 1532 760 1589 modo
782 1533 1045 1588 canonico
1078 1533 1325 1604 quaedam
1366 1540 1492 1586 sunt
1533 1530 1940 1600 distinguenda;

358 1725 524 1765 unam
546 1709 613 1764 de
634 1707 910 1776 Apostolo,
933 1705 1016 1761 vel
1041 1705 1267 1761 Actibus
1291 1703 1683 1776 apostolorum,
1705 1711 1760 1757 et
1784 1701 1942 1756 aliam

357 1781 428 1834 de
458 1779 780 1849 Evangeliis.
802 1798 821 1829 ι

433 1862 460 1890 α
490 1849 572 1902 Ad
605 1843 829 1919 Eigilias.
859 1846 937 1900 Ex
962 1845 1288 1919 S.‘Czesario
1314 1844 1616 1919 Arelatensi
1663 1843 1716 1898 in
1761 1843 1946 1914 regula

359 1909 890 1982 Sanctimofiialium,
931 1909 1064 1989 cap.
1116 1915 1226 1970 l3:
1266 1933 1283 1966 ι
1316 1915 1370 1968 In
1420 1915 1618 1989 vigiliis
1668 1923 1726 1966 ut
1777 1909 1938 1968 nemo

357 2006 458 2060 per
487 1989 655 2042 otium
684 2002 874 2042 sonmo
901 1983 1184 2060 gravetur,
1206 2000 1270 2039 ea
1302 2001 1465 2060 opera
1486 1983 1610 2060 iiut,
1639 1997 1758 2052 qua:
1793 1998 1944 2036 men-

361 2053 473 2114 tem
501 2073 607 2112 non
638 2060 882 2112 retrahat
908 2053 938 2110 a
971 2055 1219 2110 lectionis
1263 2053 1468 2109 auditu.
1512 2053 1570 2107 Si
1609 2068 1714 2122 qua
1748 2067 1945 2121 grava-

362 2126 454 2184 tui'
477 2142 693 2189 somno,
720 2127 842 2182 aliis
864 2126 1196 2189 sedentibus,
1219 2124 1474 2194 iubeatur
1499 2132 1666 2187 stare,
1695 2133 1754 2177 ut
1777 2124 1948 2194 possit

362 2215 397 2253 a
425 2215 484 2254 se
512 2197 686 2253 somni
731 2211 1035 2252 marcorem
1086 2193 1385 2264 repellere:
1416 2209 1483 2248 ne
1529 2198 1598 2264 in,
1631 2208 1796 2264 opere
1847 2193 1947 2247 Dei

366 2268 546 2338 tepida
594 2267 902 2322 inveniatur
943 2274 1037 2319 aut
1077 2262 1372 2336 negligens.
1400 2284 1416 2316 ι
1453 2264 1558 2317 Sed
1587 2262 1730 2338 hunc
1768 2262 1947 2338 locum

362 2333 677 2393 SfCtesarii
706 2337 872 2392 fuisse
899 2333 1451 2405 corruptu'm'certum
1472 2342 1588 2397 est;
1622 2333 1715 2403 qui
1744 2349 1810 2405 ex
1846 2334 1948 2388 hoc

367 2409 426 2464 8.
456 2408 731 2462 Aureliani
753 2407 872 2462 loco
895 2403 1240 2475 castigandus
1263 2412 1366 2466 est,
1395 2405 1480 2458 his
1502 2405 1680 2458 verbis
1703 2418 1716 2456 :
1743 2403 1804 2457 Si
1827 2419 1948 2475 vero

365 2479 678 2534 Dominicus
706 2487 797 2531 aut
825 2477 943 2546 fesz'i
974 2473 1084 2529 dies
1110 2485 1248 2538 sunt,
1296 2482 1486 2546 sancto
1526 2475 1759 2546 Cit-sario
1793 2473 1950 2546 resti-

367 2549 524 2613 tutis,
578 2550 679 2603 hoc
726 2542 886 2602 modo
916 2564 928 2600 :
961 2546 1015 2600 Si
1039 2563 1157 2598 vero
1201 2545 1502 2597 Dominicus
1549 2553 1638 2595 aut
1683 2542 1804 2611 [esti
1835 2543 1947 2613 dies

365 2612 518 2682 sunt,
567 2629 979 2690 qurc_grava_t_ur
1023 2631 1225 2690 somno,
1282 2623 1408 2690 etc._
1442 2613 1589 2690 Nam.
1623 2612 1951 2690 statuunt_hi

407 2699 555 2742 atres
579 2681 846 2758 profestis
871 2686 1082 2749 diebus,
1127 2687 1251 2739 dum
1285 2684 1545 2738 lectiones
1575 2682 1846 2751 leguntur,
1873 2681 1972 2734 Ia-‘

366 2703 676 2813 gerundum
729 2773 878 2813 esse.
935 2757 980 2810 si
1035 2770 1255 2809 somnus
1306 2754 1571 2813 obrepat:
1607 2753 1760 2807 festis
1818 2767 1948 2806 vero

409 2753 676 2814 orandum
729 2773 878 2820 esse,
935 2757 980 2810 si
1035 2770 1255 2809 somnus
1306 2754 1571 2824 obrepat:
1607 2753 1760 2824 festis
1818 2767 1948 2824 vero

371 2830 659 2893 standum;
689 2829 816 2898 quia
843 2826 950 2882 illis
978 2825 1166 2880 diebus
1201 2826 1415 2895 operari
1440 2821 1683 2888 'servilia,
1721 2823 1866 2876 haud
1889 2821 1954 2875 li-

371 2901 539 2957 citum
566 2907 666 2953 est.

445 2971 472 3011 ιι
503 2967 579 3024 De
606 2978 803 3038 sparto.
830 2965 1084 3038 Spartam
1129 2972 1212 3018 est
1257 2963 1630 3038 funis,_restis,
1651 2963 1948 3038 Ilcsvcbio,

373 3040 558 3096 Suidie
579 3035 643 3092 et'
659 3038 801 3112 aliis,
827 3035 1045 3112 «apage
1067 3038 1270 3112 ,σπείρω
1305 3035 1616 3112 ratium,
1651 3035 1953 3112 inquit-au-

373 3120 497 3166 ctor
543 3109 745 3164 veteris
790 3103 1154 3178 etymologici,
1196 3103 1468 3178 uagina,
1495 3105 1680 3178 idest,
1715 3103 1952 3178 implico,

373 3179 622 3258 involvo,
672 3173 915 3258 torquéo.
961 3173 1166 3258 Gldssm
1211 3173 1396 3258 Cyrilli
1422 3193 1447 3258 ε.
1473 3177 1748 3258 στξᾲρςτοςλ
1783 3173 1952 3258 restis.

373 3251 524 3306 Idem
555 3243 698 3319 quod
730 3243 936 3310 trienni,
977 3247 1028 3300 id
1059 3243 1390 3319 est,__restis,
1434 3245 1486 3298 in
1529 3243 1668 3319 Vitis
1707 3243 1952 3298 Patrum.

377 3321 473 3376 Est
493 3315 656 3374 etiam
689 3327 929 3388 spartum
957 3317 1124 3371 herba
1145 3315 1435 3388 IliSpanica
1466 3316 1791 3388 rusticorum
1817 3323 1958 3388 strn-

375 3392 470 3456 tis,
511 3385 909 3452 calceamentis,
955 3385 1259 3456 sportellis,
1291 3385 1509 3440 funibus
1541 3386 1770 3456 navium
1787 3385 1960 3456 conli-

375 3454 589 3516 cicadis
641 3460 854 3514 idonea.
897 3454 1145 3512 Nascitur
1184 3457 1235 3510 in
1270 3456 1488 3525 regione
1521 3454 1955 3525 Carthaginensi,

375 3547 498 3602 quin
524 3537 611 3586 est
640 3528 896 3602 Hispania
936 3527 1171 3602 citerior.
1220 3523 1356 3602 Non;
1379 3533 1493 3582 tota
1537 3526 1705 3602 regin
1730 3523 1955 3602 profert,

377 3593 473 3656 sed
514 3615 644 3669 pars
687 3593 934 3669 quaedam
982 3597 1146 3669 obid
1191 3596 1412 3660 sterilis,
1443 3593 1770 3669 _quia'_i_iihil
1813 3593 1959 3669 aliud

417 3663 546 3733 arit',
574 3663 770 3725 docent
789 3668 996 3723 Plinius
1019 3666 1112 3720 lib.
1146 3682 1260 3726 XIX,
1292 3681 1412 3735 cap.
1438 3663 1506 3729 2’;
1539 3675 1594 3720 et
1622 3663 1794 3735 Yaer
1819 3664 1961 3735 apud

425 3740 807 3812 gellium,_lib.
855 3754 989 3812 15v_1_t,
1027 3752 1148 3806 cap.
1175 3733 1406 3812 5.__l_l_lius
1444 3751 1578 3812 usus
1616 3734 1708 3788 diu
1755 3733 1961 3812 Grmcis

381 3802 595 3875 ignotus
621 3802 746 3875 fuit,
783 3808 885 3864 etsi
923 3802 1191 3863 Homerus
1230 3804 1372 3859 illius
1417 3805 1744 3859 mentionem
1799 3802 1967 3857 faciat

378 3880 532 3936 Iliad.
562 3897 601 3936 ιι
625 3896 638 3932 :

600 4031 612 4044 .
657 4029 669 4044 .
715 4030 730 4044 .
773 4031 787 4044 .
834 4029 848 4044 .
885 3999 1004 4045 νεῶν
1029 3993 1112 4044 καὶ
1136 3990 1340 4066 σπάρτα
1364 3988 1607 4042 λὲλυνται.

383 4081 439 4136 Id
471 4089 574 4152 est,
622 4089 805 4152 sparta
848 4081 1065 4152 navium
1103 4079 1365 4152 dissoluta
1405 4085 1548 4152 sunt.
1596 4076 1732 4152 Nam
1779 4085 1964 4147 sparta

387 4154 490 4210 hoc
538 4147 669 4221 loco-
705 4161 832 4206 sunt
873 4151 1124 4221 genistae,
1145 4159 1205 4203 ut
1247 4149 1364 4202 vult
1408 4147 1614 4221 Plinius
1657 4147 1757 4221 lib.‘
1800 4164 1961 4214 xxnv,

383 4235 504 4291 cap.
535 4214 594 4286 9,
622 4221 706 4291 vel
756 4214 929 4275 satifa
957 4220 1240 4291 quamam,
1288 4227 1348 4272 ut
1397 4217 1760 4291 cana_be,__vel
1807 4227 1964 4291 stupa

385 4287 608 4346 mendis
656 4290 786 4346 olim
829 4287 1054 4344 navibus
1101 4299 1244 4358 apta,
1287 4296 1350 4342 ut
1378 4289 1488 4342 vult
1517 4287 1755 4358 Agellius
1780 4287 1963 4358 capite

387 4362 578 4416 citato.
623 4359 747 4415 Hmc
783 4361 951 4415 herba
990 4367 1075 4414 est
1109 4359 1429 4414 animalibus
1469 4361 1651 4424 noxia,
1685 4365 1746 4412 ut
1771 4358 1968 4413 scribit

387 4431 596 4486 Plinius
623 4429 715 4484 lib.
749 4446 861 4495 XIX,
890 4444 1008 4498 cap.
1041 4427 1096 4498 f2.

463 4512 484 4542 ε
520 4502 596 4554 De
643 4499 829 4570 synaxi
850 4491 1012 4570 itiner-0.
1042 4497 1177 4570 Haec
1192 4499 1461 4570 habentur
1499 4497 1553 4570 in
1602 4497 1733 4570 Reg.
1767 4513 1870 4570 ms.
1901 4497 1960 4551 S.
1990 4491 2043 4552 D

385 4566 709 4628 Columbani
739 4571 858 4624 cod.
891 4567 1035 4623 Flor.
1065 4577 1120 4622 et
1167 4569 1220 4623 in
1244 4569 1479 4624 editione
1507 4566 1816 4633 Parisiensi,
1845 4583 1965 4638 quae

388 4652 608 4712 sumpta
630 4639 802 4696 fertur
823 4655 890 4693 ex
919 4640 1248 4712 monasterio
1290 4637 1541 4712 Bobieusi
1574 4638 1794 4692 fundato
1825 4637 1879 4692 a7
1903 4637 1960 4691 S.

387 4707 744 4776 Columbano,
775 4725 895 4764 cum
924 4707 978 4762 in
1008 4707 1157 4764 Italia
1187 4708 1615 4764 exsularet.Non
1644 4716 1859 4762 exstant
1880 4718 1964 4760 ta-

390 4795 516 4839 men
543 4781 597 4836 in
629 4780 866 4850 editione
911 4779 1131 4850 Insulze,
1158 4780 1269 4850 ubi,
1292 4777 1519 4850 [{cgdla‘
1543 4776 1599 4850 8ἷ
1647 4776 1962 4850 columbarii

390 4853 532 4924 typis
557 4849 816 4924 mandata
829 4859 912 4924 est
932 4864 1060 4903 cura
1086 4845 1397 4924 Melchiurig
1424 4845 1815 4924 Hnim_insfeldii
1844 4845 1967 4900 Gol-

390 4916 532 4976 dasti
554 4934 622 4976 ex
651 4917 974 4974 bibliotheca
1007 4918 1318 4974 monasterii
1357 4917 1415 4972 8.
1455 4916 1610 4972 Galli.
1646 4916 1799 4982 Quod
1835 4931 1965 4972 sane

391 4990 580 5045 miror.
614 4989 726 5044 Hoc
755 4998 934 5043 autem
971 4996 1132 5059 caput
1158 4988 1340 5042 multis
1369 4987 1523 5042 tricis
1558 4985 1855 5040 involutum
1885 4994 1970 5059 est

389 5060 462 5116 ob
485 5060 938 5132 exemplariorum
963 5057 1423 5132 depravationem,
1455 5071 1590 5127 quas
1613 5064 1791 5110 tamen
1822 5057 1970 5111 evol-

390 5143 518 5184 vere
552 5128 656 5184 pro
673 5129 816 5184 virili
845 5128 1105 5184 conabor.

324 5201 336 5211 '
462 5199 490 5240 ἀ
523 5195 835 5254 Gratianum
881 5197 1035 5251 modo
1066 5197 1342 5252 canonico.
1393 5195 1579 5252 Modus
1607 5197 1708 5252 hoc
1737 5195 1856 5250 loco
1885 5204 1969 5252 est

390 5284 668 5326 numerus.
1485 5289 1488 5292 ’

464 5351 488 5378 ο
519 5339 671 5416 ᾼρμᾱ
697 5339 926 5416 seniores
949 5347 1171 5416 nostrai.
1201 5337 1280 5392 Ita
1306 5335 1358 5390 in
1382 5337 1510 5416 βεδε..
1538 5352 1637 5390 ms.
1671 5335 1793 5416 cod.
1819 5333 1966 5416 Flor:

390 5409 448 5464 In
477 5403 715 5464 editione
752 5408 1043 5464 Parisiensi
1075 5422 1089 5460 :
1121 5406 1253 5460 Cum
1285 5403 1574 5461 senioribus
1605 5405 1814 5459 nostris.
1855 5403 1964 5460 Sed

389 5479 542 5549 prior
569 5477 733 5534 lectio
755 5487 996 5549 prestat.
1028 5476 1280 5549 Intelligit
1303 5473 1892 5549 senioresamplissimi
1912 5483 1968 5549 et

389 5536 734 5604 celeberrimi
755 5536 924 5602 'illius
963 5536 1434 5604 caenobii'Bencor
1467 5545 1522 5598 in
1553 5536 1810 5598 Hibernia
1851 5543 1962 5598 siti.

389 5617 528 5671 Nam
555 5618 698 5672 illius
739 5618 1038 5672 monachus
1067 5616 1124 5672 S.
1177 5615 1540 5671 Columbanus
1567 5613 1686 5678 fuit,
1721 5620 1780 5666 ut
1830 5614 1965 5669 scri-

388 5686 527 5756 bunt
549 5685 716 5742 Jonas
740 5687 794 5741 in
821 5685 938 5756 ejus
981 5688 1122 5752 Vita,
1157 5695 1212 5740 et
1240 5685 1298 5741 S.
1327 5683 1636 5756 Bernartius
1662 5682 1714 5736 in
1739 5682 1960 5756 Vita‘S.

391 5755 686 5812 Malachize.
736 5753 861 5812 Fuit
905 5757 1069 5812 etiam
1113 5756 1258 5812 aliud
1303 5753 1690 5810 monasterium
1744 5753 1964 5809 nomine

2047 532 2334 604 ldeojuxta
2378 533 2502 588 vitae
2543 533 2858 604 qualitatem
2888 547 2952 588 ac
2982 540 3285 602 temporum
3331 534 3630 589 successio-

2044 640 2167 679 nem
2194 625 2342 678 varie
2363 639 2392 678 a
2430 640 2514 679 me
2535 639 2748 694 quoque
2775 623 2968 678 litteris
2993 622 3318 678 insinuetur.
3343 621 3458 678 Non
3480 623 3628 679 enim

2029 718 2330 794 uniformis
2357 735 2478 775 esse
2510 720 2672 776 debet
2697 736 2796 791 pro
2827 721 3106 790 reciproca
3135 726 3439 789 temporum
3468 716 3632 772 alter-

2043 810 2280 864 natione.
2306 809 2545 881 Longior
2574 811 2719 865 enim
2749 827 2848 881 per
2873 811 3063 882 longas
3095 817 3286 866 noctes
3309 809 3635 878 breviorque

2043 915 2142 970 per
2166 900 2358 954 breves
2385 915 2506 954 esse
2549 901 2823 954 convenit.
2860 901 2986 956 Inde
3035 907 3094 955 et
3122 911 3146 940 θ
3197 899 3341 970 apud
3389 899 3633 955 seniores

2005 1033 2022 1044 .
2044 997 2262 1042 nostros
2298 986 2315 1024 ί
2345 988 2414 1042 ab
2447 995 2643 1042 octavo
2668 987 2786 1041 Kal.
2814 987 2918 1042 Jul.
2956 990 2981 1028 Β
3020 1003 3145 1044 cum
3170 989 3346 1045 noctis
3381 1003 3635 1060 augmen-

2046 1087 2160 1134 tum
2184 1080 2212 1119 ιι
2239 1081 2441 1135 sensim
2470 1080 2658 1150 incipit
2687 1096 2934 1135 crescere
2967 1096 3093 1135 cum
3117 1082 3300 1136 choris
3322 1081 3634 1136 brevissimi

2044 1170 2190 1224 modi
2225 1171 2238 1210 ί
2272 1170 2326 1224 in
2369 1180 2530 1225 nocte
2555 1170 2766 1225 sabbati
2817 1171 2930 1224 sive
2957 1169 3294 1226 Dominicrei
3350 1186 3521 1239 usque
3565 1168 3633 1224 ad

2044 1265 2257 1320 initium
2288 1265 2500 1332 hiemis,
2548 1265 2602 1320 id
2641 1273 2724 1319 est
2751 1264 2866 1320 Kal.
2915 1264 3200 1332 Novemb,
3222 1265 3274 1319 in
3303 1265 3499 1334 quibus
3527 1279 3633 1317 xxv

2046 1363 2247 1412 canunt
2280 1357 2606 1428 autiphonas
2653 1358 2679 1397 ιι
2723 1357 3052 1428 psalmorum
3105 1355 3349 1426 ejusdem
3380 1358 3632 1422 numeri,

2053 1446 2069 1486 ι
2098 1449 2190 1519 qui
2217 1463 2434 1518 semper
2457 1455 2566 1503 tres
2595 1447 2714 1503 loco
2737 1447 2945 1503 duobus
2969 1450 3268 1507 succedunt
3289 1460 3328 1488 ω
3353 1447 3632 1520 psallites:

2047 1541 2121 1595 ita
2155 1550 2214 1595 ut
2247 1541 2410 1597 t0tius
2431 1541 2672 1611 psalterii
2699 1542 2842 1598 inter
2876 1543 3010 1599 duas
3047 1558 3208 1612 supra
3241 1543 3416 1599 dictas
3442 1552 3631 1600 noctes

2045 1697 2294 1763 Bancor,‘
2313 1713 2406 1779 seu
2428 1697 2852 1779 Bancornaburg
2875 1695 2930 1779 in
2955 1695 3166 1778 Anglia,
3187 1695 3241 1750 in
3258 1695 3480 1779 regione
3508 1695 3632 1751 Bri-

1972 1790 2021 1848 Β
2049 1777 2260 1831 tonum,
2287 1767 2380 1836 qui
2410 1766 2549 1835 pulsi
2579 1768 2650 1848 ab
2669 1763 2858 1848 Anglis
2885 1767 2938 1820 in
2972 1763 3270 1848 penitiores
3290 1763 3482 1822 insula:
3506 1781 3633 1848 par-

2051 1849 2133 1892 tes
2183 1853 2242 1892 se
2277 1845 2616 1906 receperant,
2645 1837 2909 1906 religione
2947 1844 3004 1906 et
3028 1837 3418 1906 monachorum
3449 1837 3636 1892 multi-

2049 1907 2234 1978 tudine
2276 1904 2509 1978 clardn'i,
2545 1915 2603 1960 ut
2629 1904 2862 1978 testatur
2887 1904 3032 1978 Beda
3082 1904 3596 1978 lib._ttilIist.rAngl.
3620 1947 3634 1969 ,

2049 1993 2168 2047 cap.
2194 1976 2246 2029 2.
2279 1975 2585 2047 Qumlideo
2613 1975 2814 2033 notavi.
2842 1976 2967 2045 quia
2982 1975 3226 2047 nonnulli
3255 1977 3371 2030 haec
3395 1977 3498 2031 duo
3525 1975 3638 2047 ino-

2047 2045 2283 2102 nasteria
2319 2045 2677 2106 confundunt.
2717 2053 3044 2100 cumtamen
3070 2045 3302 2100 alterum
3331 2047 3403 2100 sit
3446 2047 3502 2100 in
3535 2045 3635 2100 Hi-

2047 2117 2261 2180 bernia,
2296 2117 2606 2184 alterumin
2637 2115 2916 2170 Britannia
2952 2115 3178 2184 majore.

2128 2186 2148 2224 τ
2180 2187 2256 2240 Ab
2279 2195 2458 2240 octauo
2495 2183 2622 2239 Kal.
2663 2184 2817 2239 Julii.
2847 2185 2924 2240 lta
2972 2183 3298 2240 in’omuibus
3333 2185 3634 2242 codicibus.

2125 2283 2149 2320 κ
2173 2278 2302 2335 Cum
2333 2279 2496 2332 noctis
2528 2288 2885 2348 augmentum.
2910 2277 2987 2332 Ita
3017 2278 3068 2332 in
3118 2277 3324 2348 Regula
3351 2294 3450 2332 ms.
3509 2278 3632 2334 cod.

2049 2350 2196 2404 Flor.
2223 2349 2279 2403 In
2302 2349 2538 2403 editione
2569 2347 2860 2402 Parisiensi
2894 2348 3091 2419 legitur
3117 2365 3131 2402 :
3162 2347 3296 2402 (lum
3339 2348 3505 2402 noctis
3535 2365 3637 2402 au-

2051 2429 2256 2491 gmento
2282 2435 2300 2482 ;
2330 2427 2498 2473 recte.

2123 2510 2148 2550 ιι
2203 2508 2409 2579 Sensim
2437 2509 2642 2579 incipit
2715 2525 2942 2579 crescere
2989 2525 3114 2562 cum
3135 2508 3308 2572 choris
3353 2508 3641 2564 brevissimi

2051 2578 2313 2648 moditlta
2345 2579 2398 2632 in
2430 2578 2708 2648 Reggcod.
2741 2578 2884 2631 Flor.
2907 2596 2922 2642 ;
2948 2579 3146 2632 rectius
3200 2588 3379 2632 tamen
3431 2579 3485 2632 in
3528 2579 3642 2632 edi-

2056 2649 2200 2703 ti0i;e
2221 2647 2536 2704 Parisiensi.
2559 2647 2762 2703 Sensim
2786 2647 2961 2717 incipit
2986 2663 3214 2701 crescere
3233 2664 3421 2701 cursus
3446 2665 3478 2700 a
3514 2649 3643 2701 duo-

2053 2719 2222 2772 decim
2243 2719 2416 2772 choris
2446 2718 2735 2772 brevissimi
2756 2716 2922 2770 modi.
2952 2716 3158 2772 Horum
3187 2725 3368 2771 autem
3393 2718 3636 2780 omnium

2054 2802 2247 2843 sensus
2281 2798 2365 2843 est
2407 2806 2419 2841 :
2459 2787 2595 2843 Cum
2640 2787 2817 2842 noctis
2864 2795 3154 2857 augmento
3198 2787 3402 2842 sensim
3447 2786 3642 2856 incipit

2057 2873 2310 2913 crescere
2337 2873 2528 2913 cursus
2549 2857 2708 2912 ollicii
2736 2857 2928 2920 divini,
2965 2857 3057 2926 qui
3087 2864 3248 2910 antea
3286 2857 3643 2912 brevissimus

2054 2936 2193 2986 erat.
2225 2929 2504 2995 Quomodo
2525 2936 2706 2983 autem
2733 2925 3080 2997 sitpaulatim
3107 2928 3404 2996 augendus,
3427 2943 3536 2982 non
3566 2926 3645 2981 di.-

2056 2998 2174 3053 cit:
2206 3000 2333 3067 quia
2383 3013 2432 3054 a-
2464 2997 2722 3053 Kalendis
2774 2996 3111 3052 Novembris.
3145 2997 3384 3066 assignat
3429 3005 3644 3052 tantum

2058 3083 2356 3142 numerum
2384 3068 2811 3142 rantipbonarum
2865 3075 2920 3122 et
2953 3067 3286 3142 psalmorum
3334 3067 3644 3142 recitando—

1983 3145 2028 3208 ρ,
2059 3152 2182 3194 rum
2211 3146 2324 3194 tota
2342 3138 2523 3194 hieme
2550 3139 2605 3193 in
2640 3139 2890 3194 noctibus
2915 3136 3127 3193 sabbati
3152 3147 3208 3191 et
3231 3136 3548 3194 Dominicae.

2138 3233 2154 3274 ί
2186 3231 2254 3286 In
2283 3239 2432 3286 nocte
2462 3231 2666 3286 sabbati
2688 3233 2795 3286 sive
2824 3230 3136 3285 Dominicis.
3161 3228 3276 3300 Hoc
3301 3229 3420 3286 loco
3469 3230 3643 3300 parti-

2059 3303 2203 3366 cula,
2229 3303 2353 3366 sive,
2379 3317 2494 3368 non
2517 3308 2601 3356 est
2620 3301 2968 3370 disjunctiva,
2994 3301 3089 3355 sed
3117 3299 3539 3370 copulativa,ut
3561 3301 3639 3355 in-

2059 3372 2142 3427 fra
2170 3373 2357 3442 eodem
2387 3379 2505 3442 cap.
2544 3387 2558 3425 :
2591 3372 2672 3424 Ad
2698 3369 3027 3442 mediumque
3054 3369 3224 3442 noctis
3243 3369 3642 3442 siuepullorum

2061 3451 2296 3496 cantum.
2331 3439 2611 3496 Soleinnes
2639 3450 2818 3494 autem
2857 3440 2988 3492 facit
3015 3439 3226 3508 vigilias
3255 3440 3488 3502 sabbati,
3515 3441 3644 3509 quia

2061 3513 2188 3593 glim
2202 3513 2359 3593 rapud
2389 3512 2584 3593 multos
2611 3511 2900 3593 sabbatum
2924 3509 3164 3565 solemne
3185 3515 3305 3562 erat
3325 3509 3552 3576 perinde
3573 3525 3641 3563 ac

2061 3581 2364 3644 Dominica,
2398 3591 2456 3634 ut
2491 3581 2628 3634 intra
2661 3581 2892 3634 dicetur.

2137 3669 2150 3719 i
2212 3668 2384 3739 Usque
2407 3671 2475 3723 ad
2501 3667 2706 3739 initium
2758 3668 2960 3739 hiemis.
2981 3663 3188 3739 'IIietns
3206 3666 3308 3720 hoc
3329 3666 3456 3739 loco
3480 3667 3644 3739 paulo

2062 3739 2226 3862 latilus
2255 3735 2508 3793 sumitur.
2537 3737 2671 3792 Nam
2703 3737 2894 3806 incipit
2939 3743 3145 3790 tantum
3175 3736 3230 3790 in
3263 3735 3496 3792 solstitio
3517 3738 3645 3792 bru-

2063 3824 2149 3862 ma
2177 3826 2211 3862 ι.

2063 3824 2211 3863 man.

2137 3903 2164 3940 ιι
2206 3897 2544 3954 Psalmorum
2569 3897 2799 3968 ejusdem
2828 3897 3050 3968 numeri.
3101 3896 3158 3950 In
3205 3897 3440 3968 editione
3492 3889 3646 3960 Pari-

2063 3971 2230 4094 silensi
2272 3968 2490 4023 additur
2541 3966 2602 4026 τό
2643 3967 2892 4039 duplicis,
2921 3968 3017 4022 sed
3043 3976 3175 4036 puto
3205 3966 3516 4038 legendum,
3549 3968 3668 4022 tri--

2063 4059 2094 4095 υ
2118 4058 2235 4095 tczs.
3499 4086 3507 4095 _

2098 4059 2235 4095 ηερε.
3497 4086 3507 4100 .

2063 4059 2094 4111 p
2143 4131 2160 4169 ι
2213 4130 2315 4196 Qui
2353 4145 2554 4200 semper
2577 4126 2841 4200 tresﬂloco
2889 4128 3092 4200 duobus
3121 4127 3428 4200 succedunt.
3459 4127 3645 4186 lla'in

2067 4201 2201 4272 Reg.
2235 4216 2334 4272 ms.
2384 4197 2503 4255 cod.
2538 4201 2592 4272 in
2645 4199 2882 4272 editione
2925 4197 3258 4254 Parisiensi:
3292 4197 3395 4264 Qui
3445 4215 3648 4270 semper

2065 4268 2218 4327 tert'io
2238 4271 2352 4324 loco
2373 4270 2676 4324 succedunt.
2709 4268 2855 4324 Flor.

2139 4377 2179 4405 ω
2219 4363 2484 4419 Psallites.
2515 4361 2592 4418 Ita
2621 4363 2674 4417 in
2701 4363 2838 4432 Reg.
2868 4363 2988 4418 cod.
3041 4361 3187 4418 Flor.
3219 4361 3380 4432 male.
3436 4362 3494 4416 In
3534 4364 3648 4418 edi-

2070 4439 2215 4491 tione
2240 4433 2559 4504 Parisiensi,
2593 4433 2787 4504 legitur
2807 4432 2990 4504 psaltis
3016 4449 3030 4496 ;
3061 4441 3226 4487 recte.
3257 4431 3441 4504 Potest
3465 4433 3642 4504 etiam

2068 4505 2180 4578 legi
2199 4503 2444 4578 psallitis,
2477 4519 2587 4578 pre
2625 4500 2829 4578 psaltis.
2896 4501 3090 4578 Tntum
3115 4516 3260 4578 ergo
3279 4502 3423 4578 hunc
3465 4500 3644 4576 locum

2071 4567 2149 4630 ita
2168 4567 2453 4644 legendum
2475 4567 2710 4644 arbitror
2733 4587 2747 4627 :
2779 4571 2847 4626 In
2869 4571 3053 4644 quibus
3080 4567 3260 4642 viginti
3287 4567 3639 4644 quinque__cn'-

2071 4655 2199 4699 nunt
2223 4639 2539 4713 antiphonas
2564 4639 2890 4713 psalmorum
2903 4639 3145 4713 ejusdem
3162 4639 3364 4695 numeri
3401 4639 3643 4713 triplicis,

2069 4716 2159 4785 qui
2185 4705 2388 4785 semper
2433 4721 2536 4766 tres
2564 4705 2850 4785 succedunt
2866 4705 3069 4785 psaltis.
3095 4711 3297 4766 Sensus
3323 4719 3429 4773 est,
3459 4705 3534 4785 ut
3554 4705 3645 4785 cn-

2071 4779 2272 4838 nantur
2295 4779 2536 4852 quinque
2563 4789 2621 4837 et
2662 4779 3200 4852 viginti'antiphonze
3251 4793 3374 4834 cum
3401 4779 3644 4852 psalmis

2071 4849 2401 4923 quinque—et
2431 4849 2798 4923 septuaginta,
2825 4853 2918 4920 qui
2946 4849 3204 4923 nti—merus
3228 4865 3300 4923 ex_
3323 4849 3560 4918 quinque
3587 4856 3641 4903 et

2070 4919 2255 4993 viginti
2281 4919 2564 4992 triplicatis
2577 4919 2817 4992 exsurgit
2834 4919 2853 4986 ξ
2872 4929 2928 4974 et
2943 4919 3174 4993 singulis
3189 4919 3514 4993 psalmorum
3537 4927 3645 4974 ter-

2071 4988 2323 5048 nionibus
2343 4988 2448 5047 una
2475 4988 3134 5060 interseraturiantiphona
3160 5006 3174 5042 :
3199 4988 3387 5060 'sicque
3407 4988 3645 5060 quinque

2071 5071 2128 5117 et
2175 5063 2364 5133 viginti
2404 5062 2711 5133 autiphonze
2732 5059 3000 5133 stillicient
3027 5059 3511 5133 huicpsalmorum
3548 5071 3645 5133 nu-

2071 5127 2260 5187 mero:
2273 5132 2426 5198 Quod
2477 5127 2657 5185 autem
2691 5129 2778 5184 hic
2813 5129 3007 5183 debeat
3031 5127 3644 5199 psalli’numerusrpsal-

2073 5218 2282 5257 murum
2300 5197 2368 5256 fin
2401 5201 2519 5256 istis
2536 5199 2754 5268 vigiliis,
2781 5208 2931 5268 patet
2954 5197 3398 5267 exsequentibus
3427 5217 3441 5253 :
3473 5197 3566 5252 Ita
3588 5207 3644 5252 ut
3683 5233 3690 5242 ι

2073 5271 2292 5344 (inquit)
2322 5281 2485 5325 totum
2512 5268 2816 5344 psalterium
2839 5269 2979 5344 inter
3015 5269 3154 5344 duas
3171 5285 3330 5344 supra
3353 5269 3522 5344 dictas
3549 5281 3645 5322 no-

2071 5337 2406 5396 ctes'numero
2419 5337 2626 5408 cantent
2643 5338 2917 5408 duodecim
2929 5338 3120 5392 choris.
3137 5337 3192 5392 Id
3205 5337 3308 5400 est,
3327 5339 3502 5394 media
3518 5349 3646 5408 pars

2071 5412 2310 5482 psalterii
2347 5411 2398 5464 in
2423 5417 2580 5482 nocte
2610 5407 2921 5473 Dominicis,
2948 5408 3118 5482 altern
3163 5408 3216 5482 in
3233 5415 3415 5482 nocte
3431 5407 3643 5464 sabbati

2073 5478 2322 5536 cantetur
2349 5499 2362 5532 :
2390 5489 2444 5535 et
2477 5480 2557 5534 sic
2581 5492 2916 5548 unaquazque
2934 5494 3041 5533 nox
3076 5478 3566 5548 rhabebitiquinque
3589 5486 3646 5533 et

2071 5551 2411 5621 septuaginta
2441 5549 2699 5621 psalmos,
2727 5555 2788 5621 ut
2808 5547 2945 5602 infra
2969 5547 3208 5621 declarat
3233 5566 3245 5602 :
3287 5547 3641 5621 Plurib'itslut

2062 5617 2181 5693 jam
2208 5617 2341 5693 dia'i)
2367 5617 2506 5674 nocti
2529 5617 2884 5693 Dominicw‘el
2917 5618 3118 5693 sabbati
3140 5618 3424 5688 deputatis,
3447 5621 3503 5673 in
3527 5617 3643 5690 qui-

2072 5687 2164 5744 bus
2194 5689 2287 5744 sub
2309 5687 2412 5744 uno
2435 5704 2592 5743 cursu
2623 5703 2760 5742 Lxxv
2793 5687 3097 5759 singillatim
3121 5687 3421 5744 cantantur.
