3958 6198
461 361 568 418 885

1454 355 1512 413 S.
1547 354 1908 413 BENEDICTI
1950 356 2241 412 ABBATIS
2282 357 2692 417 ANIANENSIS
3601 372 3688 427 εει

462 488 750 531 numerum
797 485 824 514 ι
857 478 1076 528 cantent
1102 485 1178 524 xu
1204 467 1389 524 choris
1417 467 1447 507 ι)
1485 477 1711 523 exteras
1742 476 2047 538 temperan-
2074 471 2126 530 Α
2152 480 2266 525 stea
2293 485 2392 540 pro
2418 487 2553 542 pace
2582 489 2790 544 regum,
2820 474 3111 532 novissime
3141 492 3240 547 pro
3267 478 3518 548 inimicis,
3544 500 3607 539 ne
3641 487 3695 540 il-

464 574 545 619 tes
571 572 683 618 tota
714 563 890 617 bieme
913 569 1119 625 noctes,
1157 575 1263 629 qua
1295 557 1445 612 ﬁnita
1480 569 1502 597 ο
1533 574 1630 612 ver
1666 559 1867 613 sensim
1891 557 1918 597 ἀ
1950 573 2046 627 per

462 654 702 724 singulas
723 650 1089 707 hebdomadas
1119 649 1257 704 terni
1286 664 1501 719 semper
1520 649 1786 704 decedunt
1809 648 2001 719 psalmi
2028 667 2041 702 :

464 752 521 798 ut
549 759 621 797 xu
652 753 675 781 ε
704 742 755 795 in
783 740 987 795 sanctis
1015 742 1264 795 noctibus
1295 747 1502 793 tantum
1531 738 1838 809 antipbonm
1868 754 2047 793 rema-

460 843 648 899 neant,
683 833 703 872 ί
737 834 788 889 id
831 842 916 889 est
949 833 1247 903 quotidiani
1274 833 1537 887 hiemales
1560 848 1665 885 xxv
1692 831 1887 901 psalmi
1928 847 2048 886 cur-

458 941 573 981 ευε.
607 926 631 965 ⁸
659 940 785 979 XXIV
813 934 994 980 autem
1017 938 1116 994 per
1138 933 1311 979 totum
1340 938 1434 978 VC!‘
1463 931 1557 976 aut
1583 931 1851 987 aestatem,
1880 932 1935 978 Cl
1959 938 2048 977 118-

460 1032 566 1087 que
588 1016 656 1071 ad
688 1015 1000 1071 autumnale
1028 1015 1435 1085 :equinoctium,
1457 1015 1513 1069 id
1535 1024 1621 1069 est
1663 1032 1760 1069 vui
1790 1014 1907 1070 Kal.
1937 1012 2047 1069 Oc-

461 1108 660 1174 tobris,
704 1107 757 1161 in
803 1122 909 1177 quo
936 1106 1231 1161 similitudo
1259 1121 1529 1177 synaxeos
1564 1106 1705 1161 sicut
1747 1107 1799 1161 in
1841 1105 2048 1161 vernali

461 1198 811 1269 equinoctio,
844 1198 896 1253 id
926 1206 1030 1262 est,
1058 1212 1154 1252 vui
1195 1196 1315 1252 Kal.
1345 1196 1566 1269 Aprilis,
1617 1199 1744 1252 dum
1784 1213 1882 1268 per
1911 1199 2050 1252 reci-

460 1307 657 1362 procas
681 1292 827 1346 vices
848 1289 1105 1361 paulatim
1134 1298 1189 1345 et
1214 1290 1243 1329 h
1272 1290 1471 1345 crescit
1491 1299 1546 1345 et
1566 1289 1851 1345 decrescit.
1879 1291 2050 1361 Igitur

454 1380 612 1450 juxta
648 1380 794 1435 vires
828 1378 1219 1434 consideranda
1264 1378 1446 1449 vigilia
1483 1386 1600 1444 εει,
1645 1379 1879 1433 maxime
1924 1394 2048 1433 cum

463 1472 535 1528 ab
557 1482 780 1527 auctore
806 1470 998 1526 salutis
1028 1478 1227 1525 nostrae
1251 1469 1509 1540 jubemur
1538 1470 1763 1542 vigilare
1792 1477 1847 1524 et
1890 1484 2050 1525 orare

463 1562 612 1617 omni
654 1569 917 1631 tempore,
974 1569 1029 1616 et
1061 1560 1259 1616 Paulus
1305 1561 1553 1631 praecipit
1596 1561 1713 1616 sine
1775 1562 2051 1617 intermis-

464 1655 619 1710 sione
645 1668 807 1709 orare
836 1652 887 1725 (1
920 1651 1100 1707 Thess.
1133 1652 1209 1725 v).
1239 1651 1345 1708 Sed
1384 1652 1509 1722 quia
1548 1658 1853 1707 orationum
1889 1667 2052 1707 cano-

463 1744 711 1799 nicarum
742 1742 1048 1798 noscendus
1093 1750 1179 1797 est
1220 1740 1413 1797 modus
1455 1742 1508 1796 in
1535 1758 1643 1812 quo
1668 1758 1859 1798 omnes
1887 1743 2048 1798 simul

464 1843 677 1889 orantes
713 1833 867 1889 horis
906 1833 1235 1888 conveniunt
1261 1833 1503 1898 statutis,
1545 1833 1742 1903 quibus
1786 1834 2051 1889 absolutis
2076 1818 2127 1880 Β

464 1925 838 1995 unusquisque
866 1926 921 1979 in
946 1925 1199 1980 cubiculo
1223 1941 1321 1980 suo
1347 1940 1510 1980 orare
1534 1927 1694 1982 debet
1729 1929 1746 1967 ί
1778 1944 1875 1998 per
1904 1928 2054 1984 diur-

465 2034 568 2075 nas
589 2020 754 2074 horas
777 2019 915 2072 terni
936 2017 1131 2087 psalmi
1146 2034 1245 2089 pro
1260 2033 1484 2088 operum
1511 2020 1918 2089 interpositione
1940 2030 2054 2077 sta-

469 2111 568 2165 tuti
596 2118 723 2166 sunt
746 2126 777 2164 a
805 2109 1113 2165 senioribus
1148 2113 1371 2176 nostris,
1407 2110 1420 2161 i
1482 2126 1607 2166 cum
1658 2112 2050 2168 versiculorum

467 2210 761 2274 augmento
795 2200 1269 2256 intervenientium
1292 2208 1408 2273 'pro
1435 2203 1672 2273 peccatis
1694 2204 1928 2273 primum
1955 2221 2053 2260 no-

467 2293 616 2356 stris,
666 2292 860 2348 deinde
893 2306 991 2362 pro
1029 2291 1177 2347 omni
1208 2291 1403 2362 p0pulo
1439 2292 1770 2359 Christiano,
1814 2310 1913 2365 pro
1966 2311 2054 2350 sa-

468 2385 780 2440 cerdotibus
808 2391 862 2440 et
891 2384 1114 2455 reliquis
1147 2384 1258 2440 Deo
1300 2386 1637 2442 consecratis
1662 2403 1833 2443 sacra:
1875 2389 2053 2460 plebis

468 2476 748 2547 gradibus,
774 2484 1052 2549 postremo
1071 2492 1170 2548 pro
1190 2477 1565 2550 eleemosynas
1584 2477 1925 2547 facientibus,
1958 2498 2053 2553 po-

544 2650 571 2677 ι
600 2634 822 2690 Cuntent
871 2651 947 2690 xu
974 2635 1166 2690 choris.
1196 2634 1254 2690 In
1286 2635 1616 2693 monasterio
1643 2635 1702 2691 S.
1735 2637 2051 2694 Columbani

467 2716 589 2764 erat
613 2707 731 2760 laus
760 2714 1039 2776 perpetua,
1089 2705 1144 2760 id
1173 2715 1273 2769 est,
1308 2715 1569 2775 perpetuo
1604 2708 1691 2762 die
1716 2717 1771 2762 et
1799 2719 1956 2763 nocte
1996 2710 2050 2764 in

469 2777 712 2831 oratorio
740 2776 833 2831 Dei
874 2776 1060 2831 laudes
1081 2778 1417 2830 canebantur
1443 2792 1473 2829 a
1502 2778 1730 2832 diversis
1760 2780 2054 2833 monacho-

471 2864 590 2902 rum
620 2847 803 2901 choris
830 2847 931 2900 sibi
962 2847 1396 2901 succedentibus.
1425 2846 1730 2901 Notandum
1762 2857 1941 2902 tamen
1968 2857 2052 2903 est

471 2918 569 2972 hos
611 2918 893 2971 duodecim
940 2918 1139 2971 choros
1168 2916 1219 2969 in
1255 2916 1491 2971 diversis
1534 2917 1789 2972 oratoriis
1816 2917 2050 2973 oilicium

471 2988 712 3042 divinum
736 2987 1013 3040 celebrare
1060 2985 1267 3056 solitos.
1298 2984 1431 3039 Nam
1482 2994 1591 3040 tam
1618 2986 1887 3056 prolixum
1931 2987 2050 3043 oili-

472 3058 616 3111 cium
648 3071 754 3127 non
779 3056 1043 3127 potuisset
1076 3054 1307 3124 persolvi
1336 3057 1551 3127 integro
1577 3054 1665 3127 die
1693 3072 1723 3110 a
1771 3059 2051 3113 duodecim

473 3127 660 3181 choris
687 3125 791 3179 sibi
820 3127 874 3180 in
918 3125 1106 3180 eodem
1144 3126 1383 3179 oratorio
1434 3125 1866 3182 succedentibus.
1914 3127 2052 3183 Puto

472 3198 641 3284 igitur
666 3194 1192 3284 plur-molimufuiss‘e
1214 3196 1454 3284 oratqria
1504 3196 1557 3249 in
1592 3198 1944 3284 monasterio.
1982 3198 2052 3284 IS.

471 3266 815 3330 Columbani,
844 3266 896 3319 in
919 3266 1117 3334 quibus
1147 3272 1259 3319 tres
1280 3266 1363 3319 vel
1408 3274 1642 3333 quatuor
1660 3282 1726 3321 ex
1749 3268 1834 3323 his
1859 3269 2058 3323 duode-

472 3337 582 3391 cim
613 3335 794 3390 choris
823 3335 926 3390 sibi
953 3336 1006 3389 in
1046 3335 1140 3390 Dei
1170 3334 1415 3390 laudibus
1438 3337 1779 3391 celebrandis
1806 3338 2060 3393 succede-

472 3415 618 3462 rent.
652 3404 777 3460 Fuit
798 3406 968 3461 etiam
993 3405 1121 3460 olim
1152 3405 1266 3458 haec
1297 3404 1416 3460 laus
1436 3408 1691 3475 perennis
1729 3408 1783 3460 in
1807 3407 2057 3463 coenobio

470 3476 780 3559 ,ἀραρερεί
806 3516 821 3540 ,
849 3484 909 3559 u_t
925 3546 935 3557 _
946 3476 1169 3557 planum
1186 3484 1281 3559 est
1302 3490 1369 3559 ea
1388 3476 1679 3559 _Eucbe_rio_
1698 3477 1950 3559 episcopo
2002 3479 2058 3559 in

477 3545 595 3601 Vita
628 3545 686 3601 S.
720 3545 983 3610 Mauricii,
1026 3561 1145 3615 cap.
1179 3545 1266 3610 15,
1306 3554 1363 3600 ει
1387 3547 1440 3600 in
1483 3545 1787 3602 cathedrali
1828 3545 2057 3604 ecclesia

474 3616 751 3681 Misuensi,
780 3625 840 3670 ut
871 3615 1077 3687 clarum
1124 3624 1207 3687 est
1250 3631 1315 3670 ex
1349 3616 1677 3687 Hieronymo
1727 3618 1953 3674 Emsero
2001 3619 2056 3673 in

478 3686 595 3743 Vita
635 3686 694 3742 S.
715 3687 989 3742 Bennonis
1009 3685 1248 3755 ejusdem
1270 3687 1421 3741 urbis
1446 3685 1711 3756 episcopi.

548 3759 573 3797 ι)
595 3756 824 3881 ἳίιεζαε
846 3766 1040 3811 noctes.
1059 3757 1103 3810 Α
1125 3771 1286 3826 supra
1310 3758 1469 3812 dictis
1490 3756 1742 3813 noctibus
1767 3757 2058 3816 Dominica:

554 3842 611 3881 sa
690 3836 786 3880 au.

473 3836 531 3884 ct
554 3827 786 3882 sabbati.

549 3911 573 3936 ιι
594 3896 719 3968 l’er.
736 3897 923 3968 Lege:
951 3895 1057 3950 Per
1081 3913 1186 3951 ver.
1211 3895 1289 3951 lla
1316 3897 1369 3951 in
1394 3896 1525 3967 Reg.
1551 3911 1654 3951 ms.
1682 3896 1804 3951 cod.
1830 3897 1976 3952 Flor.
2002 3907 2058 3954 et

474 3967 710 4024 editione
733 3966 1047 4022 Parisiensi.

545 4037 572 4077 ἀ
595 4035 702 4091 Per
732 4037 970 4107 singulas
998 4037 1353 4091 hebdomadas
1373 4037 1509 4091 terni
1553 4053 1755 4107 semper
1777 4038 2051 4093 decedunt.

545 4054 572 4077 α
595 4054 702 4091 rer
732 4054 970 4159 sinamus
998 4054 1353 4091 neoaomaaas
1373 4054 1506 4091 term
1553 4054 1755 4107 semper
1777 4054 2051 4093 aereaunt.

472 4107 531 4179 Id
571 4115 770 4179 est,gex
800 4109 815 4161 i
859 4108 914 4179 is
930 4107 1153 4179 psalmis
1172 4108 1506 4179 quinqueget
1537 4108 1905 4179 septuaginta,
1962 4110 2055 4179 qui

475 4178 655 4233 hieme
685 4177 738 4230 in
773 4177 1024 4230 noctibus
1070 4176 1278 4230 sabbati
1326 4176 1382 4231 et
1430 4176 2051 4243 Dominicaa'dicuntur,

476 4256 722 4315 tempore
775 4246 920 4301 veris
950 4245 1177 4317 singulis
1222 4246 1652 4301 hebdomadibus
1701 4255 1812 4301 tres
1858 4249 2053 4317 psalmi

474 4318 813 4373 deducantur
841 4324 896 4372 et
921 4316 1314 4371 subtrahantur
1337 4355 1353 4381 ,
1401 4323 1462 4369 ut
1509 4326 1828 4371 remaneant
1858 4316 1967 4373 iscx
1998 4328 2055 4374 et

475 4388 695 4459 triginta
718 4387 929 4443 dicendi
954 4385 1005 4459 i_n
1026 4386 1232 4459 sanctis
1263 4386 1525 4459 noctibus
1551 4387 1765 4459 sabbati
1794 4397 1848 4443 et
1878 4390 2057 4444 Domi-

474 4455 631 4531 nic'aa,
656 4461 711 4514 in
739 4460 856 4531 ipso
895 4456 1130 4512 solstitio
1158 4455 1347 4514 :estivo
1373 4455 1548 4527 primo
1575 4456 1682 4523 die,
1705 4473 1813 4528 quo
1848 4459 2054 4515 incide-

472 4530 605 4586 rint.

550 4613 573 4640 ο
602 4601 669 4655 In
692 4598 887 4654 sanctis
908 4597 1165 4653 noctibus.
1198 4597 1277 4652 lta
1299 4596 1351 4651 in
1384 4596 1518 4655 Reg.
1550 4611 1653 4651 ms.
1680 4597 1801 4653 cod.
1828 4597 1908 4653 Fl.
1940 4600 2053 4654 edi-

474 4672 552 4726 tio
595 4670 917 4726 Parisiensis
957 4668 1160 4723 habet:
1192 4668 1259 4721 In
1311 4667 1531 4738 singulis
1583 4668 1842 4733 noctibus,
1874 4671 2055 4726 minus

474 4751 643 4797 recte.
668 4739 803 4795 Nam
842 4740 944 4795 hoc
967 4738 1107 4803 loco,
1138 4738 1269 4808 quid
1297 4736 1584 4808 dicendum
1621 4738 1694 4792 sit
1721 4738 1776 4791 in
1803 4740 2055 4795 noctibus

474 4812 771 4868 Dominica:
798 4817 856 4865 et
879 4808 1116 4874 sabbati,
1156 4806 1284 4878 quae
1330 4807 1387 4861 S.
1420 4806 1756 4862 Columbano
1784 4810 2055 4865 solemnes

472 4891 618 4946 sunt,
644 4880 945 4937 ordinatur.

552 4953 571 4992 ί
599 4952 666 5007 Id
678 4961 752 5007 est
769 4949 1063 5023 quotidiani
1071 4946 1319 5002 hiemales
1333 4962 1439 5023 xxv
1452 4945 1642 5023 psalmi
1654 4965 1857 5023 cursus.
1873 4947 2057 5023 Primo

469 5026 531 5081 τὸ
553 5017 1184 5091 ειινειιε,ἰι’ίιηεροείιυηι
1232 5034 1355 5091 esse
1392 5017 1624 5091 videtur,
1657 5027 1712 5071 et
1740 5019 2055 5091 legendum,

471 5093 769 5165 quotidiani
790 5087 1009 5165 cursus.
1048 5089 1303 5165 Secundo
1341 5087 1646 5165 legendum,
1680 5089 1899 5158 triginta
1941 5106 2055 5152 sex,

475 5156 610 5218 utin
634 5165 868 5219 editione
886 5160 1205 5223 Parisiensi,
1246 5174 1407 5229 quam
1436 5156 1721 5229 lectionem
1745 5156 2057 5229 germanam

471 5250 596 5290 esse
623 5234 895 5289 existimo.
943 5231 1080 5298 Quia
1103 5246 1223 5285 cum
1262 5225 1338 5283 ab
1364 5234 1555 5298 octavo
1582 5225 1698 5280 Kal.
1731 5225 1939 5297 a'prilis,
1969 5245 2049 5281 us-

473 5320 582 5374 que
602 5306 670 5359 ad
697 5314 947 5359 octavum
970 5296 1112 5374 'Kal.
1167 5298 1311 5374 Julii,
1365 5296 1560 5365 quibus
1585 5296 1809 5374 vernum
1842 5307 2059 5374 tempus

473 5368 964 5436 circumscribitur,
998 5371 1258 5426 tredecim
1290 5377 1747 5423 conuumcrcutur
1772 5368 2061 5422 hebdoma-

474 5446 581 5509 dae,
606 5446 651 5499 si
677 5462 743 5500 ex
770 5442 999 5509 singulis
1022 5439 1394 5502 hebdomadis,
1423 5446 1482 5490 ut
1511 5438 1762 5503 diximus,
1789 5438 2053 5509 deducan-

477 5506 576 5585 tur
613 5523 721 5570 tres
768 5506 990 5585 psalmi,
1036 5510 1253 5585 triginta
1310 5523 1422 5585 sex_
1451 5509 1823 5585 remanebunt.
1850 5506 2055 5585 suadet

473 5584 638 5638 etiam
667 5576 925 5640 numerus
950 5576 1228 5638 duodecim
1259 5577 1692 5647 antiphonarum.
1722 5576 1856 5631 Nam
1886 5577 1931 5631 si
1957 5591 2055 5648 per

476 5652 719 5723 singulas
765 5655 1089 5723 antiphonas
1132 5657 1245 5704 tres
1295 5648 1485 5717 psalmi
1531 5647 1848 5723 concinendi
1907 5655 2049 5723 sunt,

477 5716 760 5777 duodecim
808 5716 1511 5792 aniiphonarum_-numero
1562 5718 1929 5792 absolventur.
1988 5716 2052 5770 Hi

484 5806 665 5849 autem
690 5793 880 5853 psalmi
923 5786 1177 5847 dicuntur
1201 5786 1458 5841 hiemales
1503 5788 1799 5855 quotidiani
1842 5803 2052 5849 cursus,

2148 564 2217 620 lis
2254 565 2398 621 Deus
2441 575 2647 621 statuat
2695 567 2750 620 in
2792 577 3098 637 peccatum,
3139 572 3284 640 quod
3333 587 3698 644 persequuntur

2149 671 2249 711 nos
2275 664 2331 712 et
2371 657 2667 713 detrahunt
2691 658 2848 714 nobis
2876 678 2888 712 :
2921 659 3047 730 quia
3076 663 3324 717 nesciunt
3346 665 3474 734 quid
3501 663 3696 724 faciunt.

2151 747 2178 787 ιι
2203 746 2285 803 Ad
2314 748 2526 802 initium
2550 764 2681 804 vero
2714 750 2889 805 noctis
2914 751 3197 806 duodecim
3222 753 3445 823 psalmi,
3472 753 3489 794 ι
3520 756 3583 810 ad
3604 775 3701 813 meo

2148 835 2297 891 dium
2325 838 2503 891 noctis
2529 837 2814 892 duodecim
2841 839 3002 894 simul
3026 841 3349 909 psalluntur.
3401 843 3482 900 Ad
3508 849 3699 902 matuti-

2150 942 2282 981 num
2322 943 2455 984 vero
2481 929 2563 983 bis
2592 928 2741 994 deni,
2779 929 2971 999 bisque
3019 931 3132 985 bini
3169 947 3267 1002 per
3313 942 3552 1004 tempora
3596 937 3701 992 bre-

2148 1016 2317 1081 vium,
2344 1025 2405 1071 ut
2436 1016 2641 1079 dictum
2688 1026 2797 1084 est,
2834 1018 3077 1074 noctium
3131 1029 3259 1075 sunt.
3292 1022 3556 1092 dispositi,
3601 1026 3701 1095 plu-

2150 1106 2303 1161 ribus
2343 1105 2476 1177 (jam
2525 1106 2659 1177 dixi)
2711 1123 2928 1178 semper
2978 1119 3139 1165 nocte
3190 1112 3472 1167 Dominica
3515 1113 3699 1170 sabbati

2150 1198 2346 1268 vigilia:
2369 1199 2664 1268 deputatis,
2684 1200 2736 1254 in
2762 1202 3013 1269 quibusm
3040 1202 3139 1257 sub
3153 1218 3263 1258 uno
3287 1219 3443 1259 versu
3466 1221 3594 1259 Lxxv
3607 1206 3702 1259 sin-

2151 1289 2374 1359 gillatim
2410 1298 2720 1346 cantantur.
2747 1291 3043 1360 Haecjuxta
3069 1309 3413 1350 communem
3464 1297 3597 1351 dicta
3629 1313 3702 1369 sy.

2152 1382 2355 1435 naxim.
2385 1382 2652 1437 Caeterum
2678 1398 2828 1449 vero,
2864 1392 2923 1438 ut
2976 1386 3111 1451 dixi,
3138 1388 3333 1442 orandi
3377 1389 3603 1453 traditio,
3654 1382 3701 1443 ut

2151 1474 2482 1544 possibilitas
2505 1475 2573 1529 ad
2597 1476 2699 1531 hoc
2726 1477 2978 1532 destinati
3008 1479 3125 1533 sine
3148 1478 3370 1535 fastidio
3404 1483 3509 1536 voti
3530 1498 3704 1552 przeva-

2151 1565 2280 1627 leat,
2314 1576 2343 1604 τι
2374 1566 2487 1622 sive
2510 1564 2773 1637 perfectio
2792 1569 3173 1639 possibilitatis
3201 1572 3499 1641 permittat,
3529 1572 3606 1626 vel
3633 1588 3703 1628 ca-

2150 1657 2361 1725 pacitas
2401 1658 2601 1728 mentis
2656 1658 2802 1713 illius
2851 1673 2976 1715 cum
3007 1661 3396 1715 necessitatum
3424 1661 3704 1716 considera-

2153 1746 2320 1811 tione,
2363 1746 2448 1801 vel
2476 1747 2602 1802 vita:
2652 1748 2886 1819 qualitas
2913 1749 3085 1819 possit
3135 1751 3445 1810 admittere.
3473 1761 3701 1821 quantum

2153 1835 2578 1907 uniuscujusque
2604 1836 2787 1894 fervor
2812 1840 3078 1909 exegerit,
3111 1840 3159 1895 si
3185 1840 3326 1895 liber
3349 1857 3414 1896 ac
3464 1843 3598 1895 soius
3625 1842 3700 1906 sit,

2153 1937 2247 1984 aut
2273 1929 2594 1984 eruditionis
2617 1928 2739 1997 ejus
2775 1931 3049 2000 quantitas
3075 1932 3450 2011 postulaverit,
3496 1941 3581 1986 aut
3612 1943 3702 1987 sta-

2153 2026 2242 2075 tus
2269 2018 2462 2084 otium,
2494 2028 2588 2073 aut
2619 2021 2931 2090 magnitudo
2953 2022 3137 2085 studii,
3174 2031 3271 2076 aut
3299 2038 3515 2091 operum
3556 2022 3705 2091 quali-

2154 2120 2258 2175 tas,
2281 2118 2375 2164 aut
2393 2111 2568 2165 aetatis
2590 2111 2878 2165 diversitas
2903 2112 3243 2181 permiserit.
3281 2112 3357 2166 lta
3392 2112 3530 2166 varie
3569 2114 3704 2168 unius

2155 2204 2232 2258 rei
2256 2202 2522 2274 perfectio
2548 2204 2871 2259 aestimanda
2921 2211 3022 2267 est,
3060 2211 3085 2237 ο
3135 2205 3268 2273 quia
3289 2219 3410 2259 cum
3434 2204 3604 2258 labore
3626 2202 3706 2257 ad-

2153 2295 2419 2352 orationis
2462 2295 2717 2366 partitur.
2752 2295 2821 2349 Et
2874 2295 3015 2360 ideo,
3069 2294 3202 2350 licet.
3235 2295 3505 2367 longitudo
3552 2295 3702 2350 standi

2154 2396 2247 2442 aut
2274 2386 2527 2442 cantandi
2554 2386 2625 2441 sit
2652 2386 2828 2451 varia,
2869 2386 3030 2441 unius
3053 2394 3242 2440 tamen
3272 2386 3601 2456 perfectionis
3618 2386 3704 2439 erit

2153 2477 2438 2548 inqualitas
2464 2477 2677 2543 orandi,
2706 2477 2759 2531 in
2807 2477 2971 2532 corde
3012 2484 3067 2530 et
3092 2486 3281 2533 mente
3311 2477 3452 2548 jugis
3487 2477 3699 2532 intentio.

2154 2635 2299 2704 quod
2331 2633 2386 2689 in
2408 2634 2526 2704 ejus
2555 2633 2887 2704 monasterio
2915 2632 3157 2702 quotidie
3189 2633 3496 2688 dicerentur
3537 2632 3702 2688 hiemis

2156 2703 2399 2774 tempore
2426 2703 2478 2758 in
2506 2705 2786 2759 nocturnis
2808 2703 3025 2757 ofﬁciis.

2230 2777 2254 2815 δ
2286 2790 2412 2830 xxiv
2464 2785 2672 2839 autem,
2722 2784 2830 2829 etc.
2890 2774 2966 2827 lta
3020 2774 3269 2842 reposui,
3311 2781 3371 2828 ut
3410 2774 3462 2828 in
3502 2774 3702 2829 editione

2153 2845 2489 2915 Parisiensi,:
2524 2859 2646 2915 cum
2678 2845 2731 2899 in
2763 2842 3286 2915 nostrapConcordia
3312 2843 3583 2915 legeretur,
3607 2852 3698 2915 aut.

2157 2916 2427 2997 ξιειιυίιιιι⁸
2455 2914 2558 2996 hoc
2582 2914 2711 2997 loco.
2729 2922 2861 2997 quot
2889 2913 3264 2997 debeantndici
3304 2913 3485 2997 psalmi
3520 2914 3702 2997 in_vigi-

2155 2984 2241 3039 liis
2265 2985 2543 3039 nocturnis
2566 2984 2825 3053 quotidie,
2842 2986 3082 3053 exceptis
3104 2984 3390 3039 Dominica
3415 2994 3468 3039 et
3488 2984 3700 3046 sabbato,

2156 3062 2401 3125 tempore
2431 3056 2593 3120 veris,
2622 3056 2826 3110 aestatis
2855 3063 3017 3125 atque
3046 3055 3318 3109 autumni.

2228 3123 2493 3197 ιι-Ονεεεὶι
2515 3136 2563 3179 et
2586 3125 2855 3197 decrescit.
2894 3123 3096 3194 Nempe
3124 3125 3301 3180 divini
3332 3125 3489 3181 oﬂicii
3514 3123 3700 3197 synaxis

2083 3200 2128 3264 ς
2160 3211 2283 3250 cum
2322 3196 2451 3264 ipsis
2476 3196 2743 3250 noctibus.

2238 3267 2254 3305 ί
2313 3264 2419 3319 Per
2439 3266 2660 3319 diurnas
2683 3266 2860 3320 horas.
2909 3264 3168 3337 Intelligit
3209 3265 3458 3337 primam,
3493 3265 3695 3328 tertiam,

2161 3342 2393 3405 sextam,
2437 3351 2653 3399 nonam,
2685 3350 2987 3405 vesperam.

2234 3404 2249 3456 i
2299 3404 2431 3459 Cum
2466 3401 2840 3476 versiculorum
2868 3415 3167 3476 augmento.
3220 3407 3358 3463 Sunt
3381 3406 3437 3461 hi
3463 3401 3696 3465 versiculi,

2159 3475 2537 3548 quidicuntur
2553 3484 2678 3548 ante
2705 3475 2987 3548 collectam
3009 3477 3174 3548 abiis
3205 3479 3296 3548 qui
3323 3478 3547 3531 retinent
3570 3487 3699 3548 usum

2160 3543 2507 3618 antiquorum
2530 3545 2923 3600 breviariorum
2969 3543 3240 3618 ordinisf
3266 3555 3320 3603 et
3364 3561 3540 3618 preces
3568 3543 3697 3618 vulgo

2160 3617 2519 3685 appellantur,
2567 3632 2794 3684 quorum
2823 3617 3157 3671 consuetudo
3212 3614 3393 3673 manat
3420 3632 3483 3671 ex
3510 3616 3600 3669 hac
3634 3614 3699 3666 in-

2161 3688 2440 3741 Stitutione
2466 3686 2523 3740 S.
2556 3685 2901 3749 Columbani;
2933 3687 3056 3755 quia
3085 3686 3222 3742 olim
3258 3689 3312 3742 in
3346 3687 3520 3741 multis
3534 3696 3698 3755 mona-

2160 3757 2340 3827 steriis
2383 3765 2609 3827 utraque
2659 3755 2839 3827 regula
2888 3754 2965 3811 S.’
2992 3757 3278 3814 Benedicti
3333 3765 3387 3811 ει
3431 3756 3485 3811 S.
3516 3754 3695 3809 Colum-

2158 3826 2206 3880 h:
2232 3828 2285 3880 ni
2312 3827 2718 3882 observabatur.
2760 3826 2961 3881 Harum
2989 3841 3220 3895 precum
3250 3827 3445 3883 multus
3482 3833 3557 3879 est
3580 3835 3697 3895 usus

2158 3899 2298 3966 apud
2327 3895 2562 3970 Graecos,
2596 3912 2715 3962 qua:
2740 3892 3269 3970 (Ιίειιῃιιιι-ἰτρηναὰ,
3305 3898 3357 3970 id
3386 3905 3466 3951 est
3484 3892 3694 3970 paciﬁca.

2156 3962 2334 4035 A'tque
2360 3968 2525 4021 etiam
2567 3971 2827 4029 συνάπτῃ,
2866 3968 2917 4020 id
2948 3962 3075 4030 est;
3105 3962 3395 4030 connexio,
3426 3962 3597 4034 esique
3614 3962 3688 4014 du-

2156 4037 2300 4160 plex,
2329 4037 2497 4091 altera
2525 4038 2718 4107 major,
2758 4038 2928 4090 altera
2973 4038 3175 4103 minor,
3215 4048 3275 4094 ut
3303 4037 3513 4108 planum
3546 4039 3619 4089 est
3643 4044 3694 4084 es

2203 4107 2394 4160 ituraia
2439 4106 3036 4160 Pracsanctiiicatorum.

2203 4107 2394 4230 iturgia
2439 4106 3036 4161 Pratsanctiiicatorum.
3304 4106 3320 4108 ⁷

2230 4177 2257 4258 Ιξ
2344 4177 2378 4230 d
2435 4177 2641 4231 initium
2670 4177 2857 4231 noctis.
2920 4175 3075 4244 Quod
3137 4176 3432 4248 respondet
3488 4168 3696 4240 Comple'

2155 4254 2315 4302 torio.

2235 4315 2251 4356 ι
2303 4317 2385 4371 Ad
2411 4316 2641 4371 medium
2686 4316 2852 4387 noctis
2881 4315 3180 4387 duodecim.
3236 4317 3333 4372 Hic
3365 4315 3510 4372 locus
3534 4307 3698 4387 intelli-

2157 4387 2362 4459 gendus
2387 4396 2472 4459 est
2495 4387 2561 4459 de
2587 4386 2776 4459 synaxi
2806 4386 3399 4459 nocturnaADominicte
3424 4394 3479 4439 et
3498 4381 3692 4459 sabbati.

2156 4455 2364 4529 Quibus
2389 4455 2672 4529 duodecim
2706 4455 2929 4529 psalmis
2959 4457 3005 4511 si
3030 4456 3297 4529 adjungas
3325 4465 3547 4527 quatuor
3559 4458 3616 4529 et
3630 4455 3695 4529 vi-

2085 4547 2137 4607 ι)
2162 4520 2296 4611 ginti
2336 4528 2572 4611 psalmos
2618 4520 3029 4611 maiut‘inorum,
3080 4520 3240 4611 fient:
3271 4520 3462 4611 seinet

2160 4592 2358 4668 psalmi
2403 4597 2665 4653 recitandi
2698 4597 2750 4653 in
2780 4597 3034 4668 brevibus
3072 4598 3327 4653 noctibus
3353 4592 3695 4668 Dominica}!

2160 4658 2392 4734 sabbati,
2442 4678 2502 4723 ut
2542 4682 2703 4736 supra
2752 4667 3018 4739 diximus;
3071 4668 3218 4724 unde
3261 4666 3561 4739 subjungit:
3608 4658 3695 4739 P_er

2159 4728 2393 4809 tempora
2431 4728 2683 4802 brevium,
2710 4746 2768 4790 ut
2822 4728 3077 4809 diximus,
3104 4728 3376 4809 noctium:
3407 4728 3528 4803 Quae
3557 4728 3692 4809 vgrba

2161 4799 2495 4879 superiorem
2520 4799 2762 4880 nostram
2785 4799 3200 4880 explicationem
3226 4799 3556 4864 confirmant.

2162 4878 2311 4933 terea
2365 4879 2659 4934 notandum
2709 4886 2794 4932 est
2849 4878 3083 4933 ofﬁcium
3127 4888 3447 4935 nocturnum
3476 4888 3562 4930 seu
3583 4878 3692 4946 vis?

2164 4947 2264 5003 lias
2293 4957 2587 5003 nocturnas
2621 4949 2876 5004 constitui
2905 4964 2935 5002 a
2985 4947 3044 5003 S.
3073 4947 3404 5004 Columbano
3442 4961 3505 5001 ex
3543 4941 3690 4995 medio

2161 5019 2337 5073 noctis
2361 5028 2415 5073 et
2438 5019 2722 5073 matutino.

2234 5097 2270 5118 ⁸³³
2301 5088 2408 5163 Sub
2432 5106 2535 5163 alio
2563 5105 2735 5142 versu.
2761 5088 2935 5163 Lege:
2969 5086 3076 5163 S_ub
3096 5105 3206 5163 urso
3229 5082 3556 5163 cyrsututin
3581 5077 3685 5163 Bitti-

2161 5173 2262 5230 ms.
2291 5157 2591 5230 cod.Flor_.
2629 5166 2687 5213 et
2708 5151 2944 5230 editione
2986 5158 3293 5230 Parisiensi,
3339 5156 3463 5227 quia
3463 5151 3582 5230 illis
3619 5160 3687 5230 εξ·

2159 5229 2268 5302 eris
2292 5228 2541 5282 noctibus
2561 5228 2852 5282 Dominica:
2872 5238 2928 5302 et
2949 5228 3158 5302 sabbati
3185 5221 3402 5299 promer
3423 5221 3568 5302 ofﬁcii
3592 5228 3686 5302 [tif

2160 5298 2421 5352 lixitatcm
2469 5314 2701 5367 synaxes
2766 5298 2957 5353 media:
3008 5295 3201 5353 noctis'
3228 5295 3300 5352 et'
3343 5295 3685 5349 matutinorum

2161 5368 2307 5422 nullo
2322 5369 2595 5439 temporis
2620 5367 2903 5422 intervallo
2916 5368 3348 5439 distinguuntur.

2230 5449 2257 5476 ιι
2300 5423 2466 5493 εξυε.“
2511 5437 2641 5507 Reg.
2691 5453 2794 5492 ms.
2828 5438 2949 5492 cod.
2997 5423 3143 5492 Flor'.
3182 5436 3367 5490 addit:
3422 5431 3558 5490 Sua’,
3602 5423 3684 5477 ιιοο

2158 5510 2337 5572 modo,
2374 5509 2480 5561 sire
2506 5524 2616 5561 sua:
2647 5507 2891 5577 perfectio
2927 5506 3304 5577 possibilitatis.

2231 5586 2254 5613 °
2298 5562 2436 5644 Quia
2470 5594 2588 5630 cum
2632 5562 2806 5630 labdre
2853 5562 3176 5631 adorationis
3198 5575 3436 5645 partitur.
3464 5562 3684 5645 _Leg€‘.""

2160 5648 2213 5701 in
2249 5630 2485 5702 editione
2509 5646 2798 5701 Parisiensi
2825 5661 2839 5699 :
2876 5647 3013 5712 Quia
3030 5630 3347 5703 baiulabare
3373 5656 3432 5694 ac
3456 5630 3557 5689 loco
3577 5630 3681 5682 αιίθυ

2159 5720 2375 5775 rationis
2407 5718 2536 5771 vices
2561 5718 2807 5787 partitur.
