3958 6198
404 305 511 363 885

1088 307 1483 369 GONCORDIA
1523 311 1991 372 REGULABUM.
2030 343 2102 353 —
2135 312 2287 370 CAP.
2331 314 2519 373 XXIII.
2562 317 2931 376 APPENDIX.

3573 326 3676 383 886

399 419 543 511 Sunt
578 426 758 511 autem
786 420 1005 491 quidam
1031 425 1306 493 catholici,
1329 428 1525 497 quibus
1548 428 1692 484 idem
1715 437 1801 485 est
1820 444 1985 485 cano-
2010 430 2285 492 A‘indixit
2305 435 2629 492 suavitatem
2655 445 2993 507 tanquameet
3021 436 3281 511 reliquam
3296 440 3635 511 disciplinam
3662 459 3678 500 :

400 510 556 565 uicus
579 510 942 568 duodenarius
962 515 1296 585 psalmorum
1322 534 1581 575 numerus
1610 521 1725 575 sive
1746 536 1844 590 per
1865 521 1991 576 bre—

400 614 498 655 ves
518 601 632 656 sive
652 616 751 671 per
769 602 957 675 longas
980 613 1190 672 noctes,
1215 607 1309 662 sed
1330 622 1429 677 per
1448 618 1740 678 quaternas
1761 611 1815 664 in
1837 617 1994 665 nocte

399 692 549 746 vices
570 692 714 747 hunc
744 705 769 733 α
786 708 1053 749 canonem
1068 696 1319 762 reddunt,
1342 699 1408 752 ad
1431 699 1644 753 initium
1666 700 1876 756 scilicet
1898 716 1994 756 no-

400 782 527 848 ctis,
541 783 607 838 ad
622 784 967 854 mediumque
981 788 1176 852 noctis,
1193 787 1220 827 δ
1235 788 1349 843 sive
1361 789 1628 858 pullorum
1643 805 1857 860 quoque
1868 806 1994 845 ean—

403 882 516 929 tum
532 891 597 931 ac
620 877 969 932 matutinum.
989 878 1194 934 Cursus
1219 881 1359 936 sicut
1374 882 1427 936 in
1450 882 1629 937 hieme
1646 899 1845 953 parvus
1866 898 1993 939 esse

318 961 329 967 ”
404 965 541 1020 videt
554 983 635 1029 ur,
655 966 726 1020 ita
740 976 928 1023 aestate
940 970 1074 1025 satis
1086 969 1412 1036 laboriosus,
1428 981 1483 1026 et
1496 974 1681 1043 gravis
1694 974 1987 1039 invenitur,

404 1056 529 1111 dum
543 1059 750 1113 crebris
772 1060 824 1114 in
848 1061 1022 1116 noctis
1032 1060 1299 1118 brevitate
1315 1064 1747 1134 expeditionibus
1760 1074 1992 1119 nontam

405 1146 775 1203 lassitudinem
804 1149 934 1207 facit
961 1167 1124 1221 quam
1153 1151 1550 1225 fatigationem.
1574 1153 1834 1210 Noctibus
1862 1169 1992 1208 vero

403 1241 858 1297 reverentissimis
906 1243 1202 1299 Dominiczc
1232 1252 1287 1299 et
1326 1246 1539 1301 sabbati
1568 1246 1635 1300 ad
1662 1248 1988 1302 matutinum

405 1335 490 1387 ter
517 1330 656 1384 idem
684 1332 916 1387 volvitur
946 1349 1226 1399 numems,
1267 1334 1319 1389 id
1343 1344 1447 1402 est,
1499 1344 1586 1392 ter
1632 1336 1785 1392 denis
1811 1348 1866 1392 et
1895 1353 1990 1392 sex

403 1420 651 1489 psalmis.
677 1422 917 1489 Quorum
958 1424 1248 1495 pluralitas
1276 1436 1299 1465 ο
1334 1427 1401 1481 ad
1430 1435 1673 1482 sanctam
1704 1441 1992 1482 conversa-

401 1509 604 1564 tionem
629 1508 656 1549 ἀ
699 1512 843 1568 hunc
886 1528 1174 1569 numerum
1202 1516 1528 1572 canonicum
1560 1516 1747 1571 multis
1780 1529 1803 1557 ο
1845 1518 1989 1572 dulci

472 1653 506 1719 α·
541 1639 827 1719 Canentem.
874 1644 1021 1702 More
1079 1645 1396 1704 Grmcorum
1442 1649 1601 1714 dixit,
1645 1650 1735 1719 qui
1768 1665 1986 1707 cursum

401 1711 754 1789 divinihoflicii
786 1732 1039 1789 canonem
1076 1720 1369 1789 appellant,
1398 1720 1464 1774 de
1494 1711 1599 1789 qua
1633 1711 1763 1775 voce
1788 1720 1949 1774 infra.

2094 524 2195 579 sub
2222 540 2453 596 quorum
2480 527 2737 584 nimirum
2769 528 2956 600 regula
2984 530 3164 586 nullus
3190 532 3677 602 inveniturlassus,

2092 623 2149 670 et
2191 630 2316 670 cum
2365 627 2514 673 tanta
2566 619 2851 689 pluralitas
2905 623 3296 678 monachorum
3358 627 3461 691 sit,
3500 627 3575 681 ita
3622 636 3682 682 ut

2097 703 2120 744 τ
2143 707 2292 762 mille
2324 708 2547 764 abbates
2575 711 2674 765 sub
2712 726 2821 766 uno
2840 713 3269 768 archimandrita
3297 728 3419 770 esse
3442 716 3681 772 referan-

2094 803 2202 861 tur,
2232 797 2378 852 nulla
2410 797 2481 853 ibi
2537 801 2562 840 ⁸
2583 815 2613 853 a
2644 800 2957 856 conditione
2978 804 3212 858 coenobii
3246 807 3389 859 inter
3409 806 3544 861 duos
3567 823 3683 862 mo-

2092 890 2298 944 nachos
2327 890 2445 945 rixa
2477 889 2646 946 fuisse
2666 890 2845 947 fertur
2870 892 2983 947 visa
3014 909 3030 946 :
3064 893 3204 963 quod
3236 894 3570 952 nisi~ibiDei
3593 913 3681 953 es—

2092 990 2176 1037 set
2200 982 2464 1038 habitatio
2502 983 2771 1038 dicentis:
2810 983 2919 1054 Ego
2959 985 3013 1039 in
3042 986 3116 1038 eis
3153 985 3420 1052 habitabo,
3453 999 3501 1042 et
3545 990 3683 1043 inter

2092 1070 2212 1126 illos
2252 1072 2533 1127 ambulabo
2558 1087 2575 1125 :
2604 1082 2651 1128 et
2685 1075 2786 1145 ipsi
2827 1083 2982 1129 erant
3008 1076 3137 1129 mihi
3157 1077 3380 1146 populus
3419 1078 3506 1150 (II
3552 1077 3675 1133 Cor.

2091 1179 2179 1231 v1;
2208 1160 2329 1218 Lev.
2356 1163 2530 1237 χχιι),
2560 1179 2680 1220 esse
2709 1180 2816 1219 non
2845 1180 3006 1235 posse
3033 1165 3379 1220 manifestum
3422 1175 3534 1233 est;
3571 1184 3680 1222 me-

2093 1255 2197 1309 rito
2224 1255 2409 1324 itaque
2453 1262 2767 1321 creverunt,
2795 1265 2852 1310 et
2878 1255 3139 1325 quotidie,
3173 1256 3284 1310 Deo
3305 1257 3528 1328 gratias,
3560 1274 3680 1313 crc-

2093 1353 2250 1399 scunt
2280 1345 2332 1398 in
2368 1361 2598 1414 quorum
2623 1346 2802 1400 medio
2830 1346 2972 1401 Deus
2997 1346 3228 1413 habitat,
3253 1362 3485 1418 quorum
3512 1349 3677 1405 meri-

2094 1436 2162 1491 tis
2193 1451 2504 1491 mercamur
2530 1436 2753 1490 salvari.

2093 1654 2381 1709 mandrita.
2419 1652 2663 1707 Notanda
2704 1667 2835 1707 sane
2871 1652 2925 1706 in
2967 1651 3159 1707 eodem
3207 1652 3457 1708 cmnobio
3486 1669 3676 1709 mona-

2093 1727 2319 1779 chorum
2350 1723 2650 1793 quantitas,
2684 1737 2804 1791 qum
2855 1722 3047 1793 saltem
3096 1732 3216 1777 erat
3263 1724 3510 1778 undecim
3556 1725 3679 1778 mil-

476 1782 501 1819 ι)
538 1782 672 1862 _Sive
705 1784 972 1862 pullorum
1037 1782 1242 1862 quoque
1285 1782 1526 1843 cantum:
1558 1789 1832 1844 Particula
1878 1791 1984 1843 sive
2018 1782 2063 1840 Β
2093 1794 2246 1858 lium,
2296 1782 2420 1847 cum
2450 1782 2779 1862 credendum
2825 1792 2896 1846 sit
2947 1793 3047 1847 sub
3108 1793 3337 1862 singulis
3388 1794 3678 1849 abbatibus

402 1851 508 1906 hoc
538 1851 656 1928 loco
700 1851 932 1911 sumitur
976 1851 1301 1926 copulative,
1339 1868 1399 1912 ut
1429 1874 1590 1928 supra
1637 1861 1985 1915 observatum

400 1930 525 1976 est:
563 1923 712 1977 deest
745 1934 923 1980 tamen
976 1923 1313 1983 in'editione
1359 1923 1673 1983 Parisiensi.
1707 1929 1983 1984 Pullorum

399 2000 591 2073 cantus
622 2005 723 2073 ,ρει
756 1996 1104 2073 gallicinium,
1155 2015 1317 2069 quam
1349 2000 1551 2073 _n0ctis
1598 2008 1806 2073 partem
1844 1999 1987 2073 inter

318 2106 323 2119 ,
399 2060 560 2142 ollicii
604 2060 783 2142 divini
800 2082 1033 2136 synaxes
1065 2060 1648 2140 rccénsetAnonymus
1692 2070 1745 2124 iu
1772 2070 1985 2139 exposi-

400 2134 548 2186 tione
572 2134 761 2190 psalmi
786 2134 932 2190 calx.

430 2271 443 2283 .
474 2213 497 2240 ο
538 2204 632 2283 .Ad
671 2215 908 2260 sanctam
947 2207 1411 2283 conversationem.
1468 2208 1526 2264 In
1555 2208 1676 2265 cod.
1706 2206 1983 2265 Parisien-

399 2273 446 2326 si
476 2291 489 2326 :
515 2273 587 2326 Ac
610 2286 793 2328 sancta
819 2279 1162 2332 conversatio.

471 2342 498 2382 ἀ
543 2341 699 2420 Hunc
736 2362 1028 2420 nn_:nerunt_,
1078 2362 1183 2420 cie.
1222 2348 1404 2420 Lege:
1432 2348 1548 2404 Hoc
1572 2364 1788 2404 numero
1815 2367 1979 2404 cano-

400 2413 542 2479 nico,
565 2424 623 2468 ut
653 2414 706 2467 in
730 2416 965 2471 editione
995 2413 1311 2474 Parisiensi.

427 2555 439 2566 .
477 2495 500 2524 ε
572 2483 746 2539 Dulci.
807 2485 983 2558 Lege,
1035 2487 1281 2555 dulcem,
1327 2497 1388 2544 ut
1436 2489 1492 2545 in
1532 2489 1827 2545 Parisiensi
1872 2490 1987 2545 edi-

401 2563 570 2609 tione.

477 2624 700 2707 ‘Ldlille
749 2627 982 2707 abbates.
1034 2628 1275 2685 Abbates
1302 2630 1412 2707 i_sti_
1430 2639 1590 2707 erant
1634 2631 1807 2707 instar
1847 2645 1986 2707 prte-

398 2698 697 2770 positorum
739 2714 833 2752 seu
865 2698 1194 2770 decanorum
1237 2701 1329 2770 qui
1361 2700 1544 2770 plures
1571 2698 1863 2756 habebant
1883 2701 1984 2755 sub

399 2782 461 2821 se
487 2769 803 2834 monachos,
847 2768 1042 2837 quibus
1076 2768 1329 2827 omnibus
1362 2768 1603 2842 praeerat
1636 2787 1777 2827 unus
1805 2770 1985 2825 archi-

2091 1880 2185 1919 seu
2213 1863 2451 1925 decanis,
2493 1863 2586 1932 qui
2613 1861 2759 1915 mille
2805 1872 2981 1922 erant,
3039 1861 3230 1917 saltem
3274 1865 3459 1918 decem
3510 1863 3680 1919 fuisse
3733 1887 3736 1890 ’

2091 1934 2418 1997 monachos;
2450 1933 2580 2002 quid
2607 1932 2654 1986 si
2697 1932 3057 2003 quadraginta
3085 1932 3186 1987 sub
3221 1949 3326 1987 uno
3364 1935 3677 2003 praeposito,

2092 2012 2151 2058 ut
2180 2001 2551 2065 Pachomiahi,
2579 2001 2779 2057 erant?
2826 2001 2940 2057 Hoc
2983 2001 3383 2057 monasterium
3407 2001 3512 2058 non
3557 2014 3679 2059 erat

2091 2074 2433 2130 Bancorense
2464 2075 2517 2129 in
2542 2071 2802 2143 Hibernia
2826 2073 2981 2143 cujus
3009 2082 3126 2126 erat
3152 2074 3450 2128 mOnachus
3478 2072 3536 2126 S.
3573 2074 3672 2129 (Ζο-

2090 2145 2398 2208 lumhanus,
2424 2159 2549 2198 nam
2577 2144 2642 2198 de
2672 2142 2785 2208 illo,
2813 2142 3070 2212 tanquam
3094 2143 3471 2214 derextraneo,
3509 2143 3681 2214 loqui-

2092 2226 2199 2270 tur.
2236 2215 2347 2269 Ncc
2372 2214 2589 2284 aliquod
2627 2222 2745 2268 erat
2772 2228 2839 2268 ex
2867 2212 3474 2284 monasteriistEgypti
3502 2212 3676 2284 :_nam

2092 2286 2184 2340 vix
2210 2285 2343 2340 mihi
2373 2282 2706 2353 persuadere
2740 2299 2959 2353 possum
3008 2285 3167 2338 {etate
3217 2283 3275 2338 8.
3332 2282 3675 2353 Columbam,

2093 2356 2262 2427 fuisse
2288 2352 2753 2427 inVL/Egyptotam’
2772 2354 3008 2427 amplum
3040 2354 3450 2427 monasterium.
3489 2352 3680 2427 Credi-

2092 2426 2200 2482 bile
2227 2433 2311 2480 est
2352 2422 2656 2493 hujusinodi
2699 2422 3087 2478 monasterium
3116 2424 3278 2477 etiam
3309 2422 3475 2479 fuisse
3498 2424 3552 2477 in
3585 2424 3680 2478 Hi-

2093 2496 2302 2559 lxernia,
2349 2510 2472 2549 cum
2505 2495 2571 2549 de
2614 2501 2966 2565 eotanquam
2998 2495 3064 2547 de
3105 2493 3208 2548 sibi
3257 2494 3503 2565 apprime
3548 2502 3680 2549 noto

2093 2565 2345 2635 loquatur
2372 2572 2592 2635 sanctus
2617 2562 3001 2635 Columbanus.

2168 2629 2193 2675 δ
2237 2636 2281 2688 Α
2329 2633 2648 2703 conditione.
2714 2632 3180 2703 Penpositionem,
3226 2649 3283 2703 α,
3324 2629 3566 2703 supplevi
3607 2648 3677 2689 ex

2013 2734 2058 2797 ρ
2093 2704 2227 2777 Reg.
2261 2720 2364 2761 ms.
2395 2704 2517 2760 cod.
2552 2702 2699 2757 Flor.
2728 2710 2784 2757 et
2805 2702 3044 2757 editione
3069 2702 3386 2759 Parisiensi.

1410 3006 1902 3068 APPENDICES
1945 3006 2057 3067 AD
2099 3005 2358 3069 CAPUT
2399 3001 2645 3066 XXIII.

1655 3166 1953 3211 MONITUM
1993 3163 2060 3208 Β.
2101 3158 2411 3207 MENABDI.

474 3335 495 3404 (
521 3335 577 3388 ln
609 3333 797 3407 codice
821 3350 924 3390 ms.
956 3335 1272 3392 Concordiae
1301 3336 1497 3393 desunt
1527 3334 1619 3407 hic
1653 3341 1858 3407 septem
1880 3333 2067 3407 capita
2094 3329 2314 3407 Regulae
2348 3324 2904 3407 san-ctiBenedictiha
2931 3338 3086 3407 nono‘
3104 3336 3276 3392 usque
3306 3320 3381 3407 ad
3406 3320 3677 3407 decimum

398 3392 638 3460 scitum.
669 3405 866 3460 Omisit
903 3406 993 3460 illa
1029 3414 1219 3462 auctor
1250 3417 1434 3462 noster
1459 3406 1586 3473 quia
1626 3392 1764 3458 nihil
1808 3392 2137 3474 habebatex
2171 3392 2412 3474 antiquis
2432 3395 2863 3474 Batribnslquod
2906 3400 3093 3474 posset
3132 3408 3256 3474 cum
3295 3392 3393 3473 .his
3421 3392 3677 3474 capitulis

398 3475 685 3556 conferre.
707 3475 961 3545 Magister
986 3461 1203 3556 quidem
1237 3478 1289 3556 in
1321 3493 1416 3533 sua
1437 3461 1649 3556 Begula
1676 3474 1875 3554 fuse_et
1912 3473 2197 3554 enucleate
2227 3461 2362 3556 satis
2391 3464 2574 3556 ollieia‘
2603 3461 2783 3556 divitia
2823 3461 3493 3556 ordiuajjk:nscg.inmana

400 3529 628 3601 natione
674 3546 750 3600 ita
779 3529 825 3600 5’
842 3529 1667 3608 sanctwaenedictordissidet,
1718 3553 1776 3597 ut
1798 3543 1924 3613 jure
1973 3544 2176 3614 merito,
2205 3548 2409 3614 auctor
2454 3544 2642 3591 noster
2670 3535 2818 3614 illam
2866 3531 3297 3614 prmtermiserit.
3361 3529 3472 3614 Nos
3521 3547 3673 3614 vero,

402 3632 474 3689 ne
502 3617 632 3686 quid
657 3632 723 3670 ex
747 3616 952 3689 Regula
988 3619 1161 3673 sancti
1204 3616 1475 3672 Benedicti
1508 3615 1563 3689 in
1594 3603 1710 3689 hoc
1753 3603 1893 3689 librg
1919 3615 2107 3689 deesse
2131 3613 2441 3689 videretur,
2463 3620 2683 3689 eaquae
2717 3603 2787 3685 ab
2827 3612 3057 3689 auctore
3074 3603 3675 3689 nostrpg‘przeterrn‘issa

402 3672 625 3742 {uer-ant
666 3672 982 3757 appenudicis
1024 3672 1244 3743 nomine
1293 3685 1734 3757 transcripsimus
1761 3700 1791 3737 a
1822 3672 2123 3757 S’maragdo
2144 3672 2809 3757 emendicata,ntuinnquia
2837 3673 3096 3757 a‘utiquus
3140 3672 3376 3741 scriptor
3416 3679 3520 3738 est,
3554 3679 3670 3726 tum

408 3758 539 3826 quia
572 3743 752 3812 textds
782 3756 1000 3830 Regulae
1025 3774 1184 3829 quem
1211 3757 1418 3829 profert
1440 3743 1675 3810 maxime
1702 3755 1957 3809 convenit
1997 3743 2119 3808 cum
2149 3751 2252 3806 hoc
2292 3764 2395 3803 ms.
2425 3746 2613 3802 codice
2639 3743 2971 3799 COncordite.

403 3914 681 3969 APPENDIX
708 3930 893 3970 PRIIA.
916 3946 988 3957 -—
1028 3927 1055 3956 ι
1079 3912 1278 4037 Qnafgti
1318 3911 1507 3985 psalmi
1530 3911 1738 3967 dicendi
1759 3921 1880 3967 sunt
1927 3911 1983 3965 in

1068 3992 1206 4037 nocti
1242 4000 1324 4037 us.

1068 3992 1324 4039 noctibus.

619 4119 718 4190 (Ex
753 4118 960 4191 Regula
990 4118 1163 4175 sancti
1200 4116 1496 4182 Benedicti,
1538 4134 1655 4187 cap.
1687 4114 1765 4188 9.)

479 4270 685 4327 lliemis
731 4279 972 4342 tempore
997 4270 1025 4311 ι»
1061 4286 1223 4342 supra
1252 4270 1453 4340 scripto
1499 4270 1553 4324 in
1593 4267 1784 4338 primis
1821 4282 1982 4322 versu

2086 3906 2386 3979 praemisso,
2425 3906 2477 3960 id
2516 3911 2620 3969 est,
2653 3913 2675 3942 ο
2721 3901 2863 3956 Dens
2907 3901 2962 3954 in
3002 3898 3326 3970 adjutorium
3369 3915 3543 3953 meum
3585 3898 3669 3952 in-

2092 3997 2280 4054 tende:
2326 3996 2582 4060 Domine,
2614 3994 2683 4048 ad
2733 3992 3094 4061 adjuvandum
3118 4005 3199 4043 me
3245 3989 3454 4060 festina.
3484 3987 3543 4043 In
3588 4003 3675 4043 se-

2093 4088 2292 4153 eundo,
2319 4085 2346 4126 ἀ
2374 4086 2535 4141 tertio
2566 4082 2891 4139 dicendum:
2942 4080 3182 4146 Domine,
3212 4078 3353 4133 labia
3389 4095 3504 4132 mea
3545 4093 3671 4147 ape-

2091 4180 2215 4244 ries,
2240 4186 2288 4232 et
2312 4193 2369 4231 os
2391 4192 2563 4231 meum
2590 4171 2926 4228 annuntiabit
2972 4169 3183 4225 laudem
3226 4180 3391 4224 tuam.
3414 4169 3524 4225 Cui
3549 4168 3675 4224 sub-

2085 4268 2394 4341 iungendus
2445 4274 2531 4322 est
2579 4264 2774 4320 tertius
2823 4262 3080 4334 psalmus,
3128 4270 3184 4318 et
3230 4273 3254 4301 θ
3284 4260 3486 4317 Gloria.
3544 4258 3676 4315 Post

480 4414 504 4442 α
547 4400 743 4479 Quanti
792 4400 1001 4479 psalmi.
1057 4401 1224 4479 Apud
1261 4401 1318 4456 S.
1368 4401 1702 4479 Dunstanum
1748 4398 1982 4479 legitur:
2012 4420 2064 4479 D
2091 4400 2149 4457 S.
2193 4399 2588 4479 P.___Benedicti
2633 4398 3137 4479 itiventuni:hcum
3179 4394 3347 4479 nihil“
3368 4393 3674 4479 bnqumodi

410 4472 607 4537 Quanti
625 4483 670 4525 et
698 4481 842 4539 quot.
878 4470 986 4526 Sed
1011 4488 1116 4526 non
1139 4473 1351 4527 videtur
1373 4470 1735 4526 necessarium
1757 4470 1984 4525 addere:

409 4543 479 4596 Et
504 4551 648 4611 quot.
678 4542 813 4607 Quia
836 4543 893 4596 τὸ
936 4543 1140 4612 quanti,
1172 4542 1313 4597 idem
1343 4549 1427 4596 est
1453 4556 1537 4606 ac,
1566 4549 1713 4610 quot,
1737 4547 1797 4593 ut
1824 4555 1987 4610 supra

409 4621 654 4667 notatum
676 4619 779 4666 εει.

483 4683 509 4721 δ
556 4680 728 4752 Supra
757 4680 972 4752 scripto.
1028 4681 1108 4736 lta
1138 4684 1281 4752 apud
1313 4680 1670 4749 Smaragdum
1693 4722 1707 4746 ,
1757 4696 1877 4750 qum
1910 4688 1989 4734 ta-

409 4769 534 4807 men
556 4751 719 4823 verba
756 4751 870 4823 non
891 4760 1108 4807 exstant
1144 4751 1283 4823 apud
1324 4752 1381 4807 8.
1421 4753 1780 4823 Dunstanum,
1811 4766 1913 4823 nec
1935 4755 1988 4823 in

411 4821 643 4895 vulgatis
694 4822 1068 4895 ιιςίἱιίοιιίιιιιε,⁸
1105 4821 1559 4895 quemadmodum
1608 4836 1712 4895 nec
1758 4822 1825 4895 in
1850 4821 1991 4895 aliis

409 4891 532 4947 rod‘.
566 4891 769 4946 nostris
790 4908 919 4972 mss.
964 4891 1296 4972 Referuntur
1331 4892 1398 4946 ad
1427 4892 1524 4972 illa
1555 4892 1720 4946 verba
1748 4910 1759 4945 :
1806 4892 1989 4945 hiemis

900 4980 956 5014 re
978 4980 1063 5014 681.
1088 4980 1230 5014 arma
1261 4980 1640 5014 arnaraauum.

411 4973 660 5034 tempore,
689 4969 748 5015 ut.
774 4962 956 5016 videre
978 4970 1063 5017 est
1088 4964 1230 5031 apud
1261 4961 1640 5033 Smaragdnm.

485 5044 507 5071 ο
552 5030 693 5085 Deus
719 5031 775 5085 in
802 5031 1128 5101 adjutorium
1156 5049 1328 5086 meum
1374 5032 1603 5085 intende.
1638 5031 1792 5085 Hunc
1820 5031 1991 5085 versi-

408 5101 590 5158 culum
619 5101 869 5171 ornnibus
903 5101 1207 5158 actionibus
1235 5103 1350 5157 suis
1385 5101 1786 5171 pnemittebant
1816 5116 1994 5155 mona-

411 5174 498 5228 chi
536 5171 611 5226 illi
644 5170 908 5241 AEgyptii,
939 5180 1001 5227 ut
1025 5173 1141 5227 fuse
1181 5173 1340 5228 docet
1380 5172 1692 5235 Cassianus,
1721 5171 1902 5226 collat.
1932 5187 1988 5236 Χ,

413 5259 533 5313 cap.
574 5242 663 5296 10.
696 5241 995 5313 Walfridus
1018 5241 1215 5297 Strabo
1242 5244 1309 5298 de
1340 5242 1522 5296 Rebus
1549 5241 1715 5313 Eccl,
1747 5256 1866 5310 cap.
1898 5241 1989 5313 23,

412 5311 662 5367 ait.hunc
681 5312 1005 5367 versiculum
1031 5314 1194 5368 etiam
1221 5313 1558 5382 praemissum
1589 5311 1755 5366 fuisse
1800 5314 1867 5365 ab
1900 5311 1993 5365 iis-

413 5385 535 5438 dem
566 5382 847 5437 monachis
876 5383 1026 5437 horis
1048 5380 1353 5439 canonicis:
1387 5380 1529 5452 quod
1555 5389 1834 5452 nonputo,
1868 5382 1990 5451 quia

410 5452 704 5507 Cassianus
758 5467 879 5521 cap.
929 5452 1097 5508 citato
1154 5454 1355 5507 nullam
1404 5450 1552 5507 facit
1606 5450 1766 5506 ollicii
1824 5450 1991 5505 divini

410 5524 773 5583 mentionem;
802 5530 855 5577 et
892 5521 983 5577 lib.
1031 5539 1069 5577 ιι
1118 5524 1186 5578 de
1226 5524 1513 5578 Nocturnis
1538 5521 1907 5586 Orationibus,
1933 5529 1995 5575 ut

414 5592 510 5647 lib.
543 5609 602 5648 ιιι
636 5592 703 5663 die
732 5592 1128 5663 DiurnisOrat.
1173 5594 1225 5648 in
1256 5595 1453 5663 quibus
1487 5592 1604 5648 fuse
1645 5592 1991 5663 antiquorum

413 5662 628 5717 illorum
658 5662 878 5715 Patrum
914 5662 1085 5718 ofﬁcia
1137 5660 1319 5718 divina
1367 5663 1654 5727 describit,
1712 5660 1846 5717 nihil
1885 5660 1992 5715 tale

411 5745 444 5787 ι’
480 5734 701 5802 peruris.
732 5732 857 5786 Mihi
887 5728 1042 5787 facile
1069 5734 1121 5789 in
1148 5735 1385 5788 animum
1414 5734 1715 5789 induxerim
1743 5734 1845 5787 hoc
1870 5747 1990 5786 esse

2090 4480 2218 4529 ante
2247 4471 2392 4526 illius
2431 4478 2645 4527 aatatem
2695 4468 2924 4539 legatur.
2974 4468 3144 4521 Porro
3170 4466 3236 4519 de
3262 4463 3671 4539 ollicio‘diviuo,

2089 4551 2149 4595 ut
2179 4558 2210 4596 a
2237 4542 2295 4595 8.
2327 4541 2388 4595 Ρ.
2414 4540 2710 4596 Benedicto
2735 4533 3042 4593 6rdinatum
3085 4544 3190 4597 est,
3237 4534 3358 4587 vide
3385 4533 3667 4603 mysticam

2090 4612 2591 4681 interpretationem
2622 4609 2764 4679 apud
2786 4607 3106 4679 Rupertum,
3134 4606 3227 4660 lib.
3257 4620 3296 4658 ιι
3327 4603 3381 4657 ἱιι
3408 4602 3669 4672 Regulam

2091 4683 2150 4737 S.
2190 4681 2488 4737 Benedicti.

2159 4752 2184 4792 εἰ
2213 4751 2405 4805 Tertio.
2435 4751 2493 4804 Id
2524 4756 2627 4812 est,
2672 4757 2790 4804 ter:
2830 4748 2902 4801 ita
2932 4746 3172 4816 loquitur
3209 4744 3268 4800 S.
3322 4743 3671 4816 Benedictus,

2090 4838 2209 4898 cap.
2239 4821 2352 4898 35_:
2386 4840 2403 4871 ι
2441 4821 2505 4874 Ει
2534 4821 2636 4898 h_qc
2686 4815 3019 4898 idemntertio
3060 4824 3334 4898 repetatur
3381 4816 3450 4898 ab
3497 4815 3676 4898 omni-

2090 4885 2210 4946 bu's.
2249 4911 2266 4942 ι
2300 4892 2368 4945 Et
2394 4905 2516 4960 cap.
2548 4889 2654 4960 58:
2688 4907 2706 4939 ι
2738 4887 2804 4941 Et
2827 4886 3050 4960 Dicatur
3078 4885 3380 4960 hicversus
3407 4885 3460 4939 in
3497 4895 3675 4941 orato-

2091 4964 2171 5017 rio
2195 4963 2346 5036 tertio
2364 4963 2440 5036 Aab
2463 4956 2795 5036 euntibus.)
2828 4956 2892 5036 in
2914 4956 3147 5036 vulgatis
3172 4956 3401 5036 legit-ur,‘
3424 4966 3521 5009 ter.

2166 5044 2189 5071 ε
2226 5030 2428 5085 Gloria.
2466 5029 2579 5084 Hoc
2603 5028 2718 5083 loco
2744 5026 2800 5079 8.
2828 5025 3152 5081 Benedictus
3172 5025 3488 5090 versiculos,
3530 5025 3672 5079 Dens

2090 5103 2147 5155 in
2170 5102 2497 5171 adjutoriam
2514 5098 2792 5171 ,{Domine
2812 5096 3085 5171 labia,__et
3132 5096 3422 5171 psalmum
3448 5095 3669 5151 tertium

2092 5172 2195 5226 sub
2235 5164 2350 5225 'una
2406 5169 2591 5225 Gloria
2640 5164 2931 5223 concludit.
2985 5164 3151 5222 llunc'
3191 5176 3372 5224 autem
3410 5167 3671 5237 hymnum

2092 5257 2252 5311 quem
2280 5249 2477 5296 vocant
2518 5237 2947 5310 glorificationis,
2973 5239 3265 5295 traditione
3303 5236 3671 5311 apostolorum

2094 5306 2161 5365 ad
2206 5326 2305 5366 nos
2352 5306 2598 5364 manasse
2636 5316 2842 5363 certum
2886 5317 2989 5373 est,
3022 5315 3081 5361 ut
3112 5311 3271 5363 docet
3322 5306 3381 5361 S.
3417 5306 3668 5370 Basilius,

2092 5381 2187 5435 lib.
2212 5382 2279 5437 de
2308 5380 2508 5449 Spiritu
2538 5387 2725 5434 sancto
2738 5378 2811 5449 ad
2846 5376 3300 5448 Amphilochium,
3328 5392 3448 5447 cap.
3481 5376 3511 5429 7
3544 5395 3556 5429 :
3588 5379 3670 5430 Αιό

2092 5454 2328 5524 accipere}
2353 5448 2443 5506 έτοῦ
2468 5449 2584 5524 Tini:
2614 5455 2705 5524 vita
2728 5448 3009 5524 deiolozyjav
3037 5452 3362 5524 προσάγομεν
3387 5455 3460 5524 τῷ
3488 5452 3665 5524 ΠαςτΔιίο

2092 5518 2208 5575 ἀλλ”
2240 5524 2301 5598 ob
2330 5526 2481 5574 τθῦτο
2505 5522 2619 5588 inpia
2658 5521 2871 5598 iéapzri,
2903 5518 2990 5598 ὅγε
3016 5518 3115 5598 τᾶἱςν
3143 5518 3351 5598 πριῖτίὲὥν
3377 5522 3408 5578 ἡ
3434 5518 3671 5598 arcendo:

2096 5539 2195 5575 αλλ’
2243 5542 2301 5574 ου
2330 5540 2481 5574 τηυτο
2505 5541 2619 5588 ημιν
2658 5539 2871 5594 ιςαρκει,
2906 5542 2990 5575 οτι
3016 5539 3115 5575 τῶν
3143 5539 3351 5645 πατὲων
3377 5542 3408 5578 η
3434 5539 3671 5598 παρᾳσος

2096 5613 2179 5651 an;
2200 5607 2214 5653 ;
2239 5591 2290 5661 id
2308 5597 2795 5661 est,g_quapr9pt_er
2817 5589 3226 5659 glorificationis
3288 5604 3506 5661 ymnum
3521 5592 3671 5661 Patri

2093 5660 2254 5715 simul
2278 5675 2400 5713 cum
2428 5658 2562 5713 Filio
2575 5656 2859 5713 offerimus
2884 5677 2896 5712 :
2927 5661 3021 5715 sed
3047 5675 3225 5714 nonne
3251 5656 3353 5714 hoc
3377 5660 3535 5715 nobis
3561 5656 3673 5711 suf-

2096 5730 2229 5796 ticit,
2274 5729 2415 5800 quod
2448 5730 2562 5786 haec
2591 5729 2662 5784 sit
2706 5728 2923 5785 Patrum
2966 5731 3220 5787 traditio?
3248 5751 3269 5785 ι
3322 5728 3467 5786 ldcm
3514 5728 3699 5789 docet
