3958 6198
206 312 322 368 889

930 313 1320 371 CONCORDIA
1359 318 1819 377 REGULARUM.
1858 352 1929 363 —-
1969 324 2122 379 CAP.
2164 326 2351 382 XXIII.
2388 326 2753 384 APPENDIX.

3361 337 3467 393 890

201 441 355 478 num.
390 423 593 479 Deinde
615 439 709 479 sex
744 425 965 493 psalmi;
993 429 1189 497 quibus
1212 428 1390 493 dictis,
1423 430 1567 486 dicto
1592 447 1773 498 versu,
1801 438 1854 496 Α
1883 436 1908 475 ⁸
1942 449 2008 490 ex
2032 436 2193 492 corde
2217 438 2490 493 recitanda
2517 447 2604 494 :et
2633 455 2820 494 versus
2838 433 2935 495 etll
2972 442 3294 514 supplicatio
3323 445 3464 501 Lita-

201 528 228 557 ι
261 516 553 571 benedicat
591 515 779 580 abbas,
808 525 863 570 et
890 518 1201 574 sedentibus
1247 520 1456 574 cunctis
1506 522 1558 575 in
1604 539 1778 577 scam-

197 606 285 659 nis
312 605 561 677 legantur
600 604 840 660 vicissim
874 621 904 659 a
935 605 1198 662 fratribus
1226 609 1281 662 in
1310 608 1497 663 codice
1542 611 1569 650 ιι
1616 626 1778 681 super

195 694 509 765 aualogium
546 703 658 749 tres
690 693 968 759 lectiones,
1016 697 1157 751 inter
1184 712 1320 766 quas
1368 705 1421 753 et
1466 711 1487 738 ο
1541 700 1642 754 tria
1691 716 1776 757 re-

195 784 487 852 sponsoria
532 791 842 838 cantentur.
890 785 1005 839 Duo
1048 789 1391 855 responsoria
1442 789 1557 843 sine
1592 788 1773 845 Gloria

193 874 469 927 dicantur.
502 872 527 911 ά
560 872 691 927 Post
713 874 931 928 tertiam
960 890 1087 929 vero
1113 875 1417 943 lectionem,
1447 880 1538 947 qui
1567 889 1771 946 cantat,

190 964 343 1018 dicat
361 964 619 1019 Gloriam.
644 964 812 1030 Quam
838 966 964 1020 dum
987 966 1175 1034 incipit
1198 975 1390 1021 cantor
1417 967 1618 1034 dicere,
1650 986 1772 1024 mox

188 1068 386 1108 omnes
415 1055 482 1109 de
516 1054 772 1110 sedilibus
800 1056 914 1110 suis
944 1065 1168 1125 surgant
1193 1058 1262 1111 ob
1290 1058 1553 1112 honorem
1596 1069 1650 1113 et
1693 1074 1775 1113 rc-

191 1146 495 1199 verentiam
523 1153 723 1199 sancta:
754 1145 1058 1199 Trinitatis.
1108 1145 1333 1201 Codices
1374 1155 1554 1202 autem
1591 1148 1775 1219 legan-

190 1247 280 1290 tur
315 1238 370 1291 in
397 1237 589 1309 vigiliis
608 1238 899 1292 Dominica:
928 1238 1266 1292 auctoritatis
1293 1247 1402 1293 tam
1433 1241 1643 1295 Veteris
1666 1242 1771 1297 Te-

187 1330 447 1383 stamenti
497 1344 658 1398 quam
710 1328 862 1383 Novi.
893 1328 999 1382 Sed
1043 1336 1097 1383 ct
1146 1330 1508 1398 expositiones
1556 1346 1766 1397 earum,

184 1435 309 1486 qua:
347 1430 370 1456 ε
393 1434 423 1471 a
457 1418 745 1472 nominatis
774 1427 828 1471 ct
855 1418 1169 1473 orthodoxis
1194 1419 1473 1474 catholicis
1523 1419 1772 1476 Patribus

187 1507 346 1563 {neue
374 1518 518 1563 sunt.
542 1509 667 1562 Post
698 1509 796 1563 has
828 1524 955 1563 vero
984 1524 1079 1563 sex
1103 1509 1363 1563 lectiones
1401 1526 1523 1564 cum
1548 1525 1771 1581 respon-

187 1586 355 1652 soriis
387 1600 498 1653 suis
530 1608 827 1669 sequantur
848 1600 1039 1669 reliqui
1067 1616 1161 1655 sex
1188 1600 1381 1671 psalmi
1412 1618 1534 1656 cum
1573 1602 1591 1642 τ
1636 1602 1770 1657 alle-

183 1688 299 1741 luia
357 1689 606 1743 canendi.
670 1688 800 1743 Post
860 1690 959 1744 hos
1008 1689 1170 1745 lectio
1219 1690 1458 1761 Apostoli
1514 1701 1770 1762 sequatur

256 1835 281 1860 ιι
321 1820 600 1874 Benedicat
631 1820 810 1873 abbas.
840 1820 918 1873 Ita
964 1819 1107 1874 hunc
1158 1820 1333 1875 locum
1362 1820 1773 1890 explicatSma-

181 1892 386 1961 t’agdus
411 1909 424 1942 :
467 1890 532 1943 Id
547 1900 645 1953 est,
673 1899 787 1959 post
816 1906 1022 1961 versum
1051 1908 1082 1943 a
1116 1900 1361 1943 cantante
1399 1890 1595 1943 dictant
1625 1892 1769 1946 dicat

177 1960 401 2014 Abbas:
448 1961 682 2029 precibus
734 1960 963 2013 omnium
1008 1969 1309 2013 sanctorum
1355 1976 1570 2013 suorum
1608 1962 1769 2015 salret

175 2043 226 2085 et
260 2030 531 2084 benedicat
559 2046 650 2082 nos
675 2029 954 2091 Dominus,
980 2029 1055 2083 rel
1074 2029 1305 2099 aliquam
1329 2029 1488 2082 aliam
1510 2030 1770 2099 ejusmodi

178 2100 612 2154 benedictionem.
663 2099 786 2154 llaec
836 2114 967 2168 ergo
1011 2099 1315 2169 benedictio
1363 2107 1445 2153 est
1476 2100 1767 2169 capitulmn

177 2169 337 2232 illud,
372 2170 513 2238 quod
541 2169 697 2223 modo
728 2169 1026 2239 appellatur
1055 2168 1342 2239 absolutio.
1376 2168 1569 2223 Postea
1595 2171 1763 2223 multa

174 2241 365 2296 addita
395 2248 543 2302 sunt,
566 2248 625 2308 ut
644 2238 818 2294 oratio
840 2238 1135 2302 Dominica,
1164 2238 1353 2308 petitio
1373 2240 1766 2297 benedictionis

172 2328 205 2364 a
247 2311 472 2373 lectore,
503 2307 654 2376 cujus
704 2309 904 2362 mentio
962 2309 1037 2361 lit.
1072 2310 1121 2361 l.
1167 2307 1292 2361 add.
1347 2308 1575 2376 Capitul.
1628 2309 1761 2365 Lud.

172 2382 310 2450 imp.
350 2382 433 2433 tit.
464 2381 550 2434 67.
585 2378 651 2433 Ut
673 2378 1048 2450 lectorstando
1062 2378 1476 2450 benedictionem
1506 2379 1756 2448 postulet,

175 2447 343 2505 ctItu
380 2459 552 2502 autent
583 2450 820 2511 Domine,
849 2448 901 2502 in
932 2449 1035 2502 line
1061 2447 1305 2503 lectionis
1333 2467 1344 2501 :
1373 2447 1528 2516 cujus
1559 2452 1762 2504 mentio

174 2525 239 2575 lit
257 2521 448 2574 eadem
474 2521 747 2573 additiouc
766 2520 845 2572 lit.
869 2518 955 2571 69.
981 2518 1179 2570 Deinde
1202 2518 1403 2582 regula,
1421 2530 1508 2572 aut
1532 2519 1763 2575 Hemi/ia

171 2610 243 2662 qtt
264 2597 420 2662 edam
442 2589 677 2662 legatur;
696 2589 900 2662 deinde,
927 2587 1006 2662 _Tu
1030 2602 1228 2662 autem,
1255 2587 1477 2662 Domine
1494 2589 1759 2662 ,_dicatur.

253 2662 278 2699 δ
315 2659 501 2727 δωρεὴ
537 2660 857 2729 analogiam.
902 2659 1225 2729 iAnalogium
1257 2667 1339 2711 est
1389 2659 1675 2727 pulpitum,
1710 2661 1761 2714 id

172 2730 323 2800 quod
358 2731 676 2799 supponitur
698 2727 866 2783 libro.
901 2728 976 2782 Ita
1002 2727 1174 2800 Julius
1202 2729 1389 2800 Pollux
1422 2730 1514 2781 lib.
1544 2744 1584 2783 ι.
1624 2728 1765 2783 Ono—

171 2798 565 2868 mastici,’cap.
600 2800 681 2863 l4,
711 2800 799 2868 qui
833 2807 1011 2852 tamen
1042 2799 1119 2851 ait
1144 2798 1196 2852 in
1235 2798 1335 2852 hac
1366 2800 1760 2868 signiﬁcatione

171 2889 283 2924 non
331 2871 553 2938 reperiri
585 2868 1246 2939 apadbonosauctores.
1295 2869 1497 2939 Glossae
1543 2884 1671 2923 mss.
1705 2871 1758 2923 in

172 2937 421 3009 regulam
463 2940 519 2993 S.
557 2937 828 2994 Benedicti
871 2938 988 3009 cod.
1019 2937 1353 3009 SsVictoris
1390 2938 1751 2993 Parisicusis:

170 3008 513 3079 Analogium,
542 3009 832 3079 lcctorium.
853 3008 1055 3062 Glossae
1074 3008 1284 3079 lsidoﬁrﬁi.
1322 3008 1592 3079 Lectr_um,
1625 3026 1757 3062 ana-

166 3077 395 3174 logiam,
420 3094 575 3149 super
603 3095 701 3174 aluo
724 3078 940 3174 legitur;
960 3078 1429 3174 EiedemnGlosszc:
1461 3077 1755 3174 Iaampiztm,
1786 3111 1829 3174 Ο

169 3147 839 3221 pulpitumpa‘nalowum.
899 3149 1111 3221 Eadem
1160 3147 1405 3221 Glossze:
1454 3147 1752 3221 Palpitum,

167 3217 505 3289 analogiam,
537 3217 773 3271 lectrum.
812 3218 857 3272 A
900 3219 1141 3289 nomine,
1172 3217 1412 3289 (cetram,
1445 3218 1506 3271 lit
1548 3219 1755 3289 Gallica

152 3306 298 3351 vos,
342 3287 541 3354 Vlutrin,
590 3289 639 3341 id
692 3297 794 3352 est,
842 3287 1168 3359 analogiam.
1208 3288 1400 3359 Papias
1445 3287 1754 3359 analogiam

165 3360 339 3413 sutnit
367 3375 467 3429 pro
495 3369 747 3428 suggestu
776 3376 788 3411 :
818 3358 1159 3429 analogiam,
1192 3358 1554 3429 diciturquod
1584 3358 1754 3412 sermo

166 3432 293 3482 inde
342 3427 768 3497 p‘rmdicetur,ex
809 3427 865 3482 S.
910 3428 1097 3482 lsidori
1150 3427 1241 3481 lib.
1279 3445 1346 3481 xv
1376 3427 1605 3498 origin.,
1636 3445 1750 3497 cap.

164 3500 223 3551 ι.
262 3498 561 3554 \Valfridus
590 3514 769 3551 rerum
818 3497 961 3551 Eccl.
992 3513 1112 3566 cap.
1141 3498 1211 3552 6:
1261 3497 1572 3565 Analogium
1618 3499 1755 3567 quod

163 3571 223 3621 in
244 3585 304 3622 eo
335 3568 541 3621 verbum
588 3567 682 3621 Dei
726 3567 931 3638 legatur
956 3578 1005 3620 et
1054 3569 1415 3638 annuntietur.
1452 3568 1546 3638 Est
1589 3569 1754 3638 etiam

164 3639 481 3708 analogium
542 3635 809 3691 manuale.
858 3635 1062 3708 Glossae
1108 3636 1387 3708 Philoxeni
1426 3656 1437 3690 :
1497 3636 1756 3708 Manuale

164 3706 458 3781 ἀναλόθλιως
485 3708 615 3830 quid
635 3708 706 3761 sit
723 3707 985 3771 Manuale,
1008 3707 1280 3777 explicant
1304 3708 1507 3762 Glossau
1529 3706 1715 3762 lsidori
1736 3726 1748 3761 :

167 3778 431 3830 Manuale
456 3778 493 3830 li
529 3794 585 3830 er
611 3778 679 3830 ad
700 3777 979 3830 uerendum
1007 3789 1182 3830 aptus.
1210 3778 1299 3830 aui
1322 3776 1643 3830 enchiridion
1674 3776 1748 3829 di-

167 3776 431 3849 Hanuale
456 3776 585 3849 liber
608 3778 679 3849 ad
700 3777 979 3849 gerendum
1007 3776 1193 3849 aptus,
1210 3778 1299 3849 qui
1322 3776 1643 3849 enchiridion
1674 3776 1755 3849 di-

164 3850 327 3902 citur.
359 3847 559 3901 Mentio
590 3848 649 3900 lit
675 3846 899 3917 a'nalogii
925 3848 979 3901 in
1022 3846 1230 3902 Glossis
1264 3846 1496 3901 Arabico
1524 3846 1752 3917 Latinis,

167 3919 263 3972 sed
293 3918 414 3971 sine
440 3915 1223 3988 interpretatione.‘Avaloyczov
1253 3927 1431 3988 autem
1468 3917 1607 3985 apud
1636 3915 1756 3970 Sui-

163 3990 291 4042 dztm
321 3985 595 4059 estis};
622 3990 839 4044 τίθενται
868 3989 933 4041 τὰ
965 3985 1155 4059 βιϐλία,
1194 3988 1249 4042 id
1290 3995 1373 4059 est
1408 3985 1611 4059 inquo
1658 4001 1754 4055 p0-

164 4067 373 4112 uuntur
421 4056 608 4111 libri':
660 4058 752 4111 sed
801 4066 884 4112 est
930 4056 1161 4126 pluteus,
1203 4056 1599 4128 repositorium,
1658 4072 1751 4111 seu

161 4129 461 4183 armarium
487 4128 763 4181 librorum.
1657 4145 1666 4153 -

235 4211 258 4237 ο
310 4197 438 4251 Tria
488 4197 833 4266 responsoria.
866 4196 1005 4263 Quid
1034 4196 1107 4250 sit
1145 4198 1543 4265 responsorium
1572 4196 1745 4266 expli—

162 4279 253 4323 cat
302 4268 365 4322 S.
401 4268 636 4322 Isidorus
665 4268 757 4321 lib.
803 4268 915 4337 ide
958 4266 1110 4321 Ollio.
1156 4266 1326 4330 Eccl.,
1356 4282 1473 4337 cap.
1500 4267 1550 4319 8.
1576 4285 1593 4315 ε
1646 4266 1750 4319 lle-

161 4339 473 4409 sponsoria,
504 4338 695 4406 inquit,
738 4337 806 4409 ab
834 4336 983 4390 Italis
1020 4337 1181 4409 longo
1210 4345 1335 4409 ante
1365 4336 1602 4405 tempore
1626 4345 1755 4390 sunt

166 4407 408 4479 reperta,
440 4419 496 4462 et
528 4417 716 4479 vocata
757 4407 859 4461 hoc
888 4408 1125 4479 nomine,
1149 4408 1326 4479 quod,
1369 4424 1476 4460 uno
1502 4415 1749 4479 canente,

1798 1773 1847 1833 B

1878 526 2001 590 nire,
2034 526 2087 580 id
2135 536 2237 593 est,
2291 528 2452 599 Kyrie
2479 528 2702 586 eleison.
2774 530 2841 584 Et
2863 532 2943 587 sic
2986 531 3244 589 liniantur
3272 536 3465 607 vigilia:

1890 624 2192 672 nocturnte.

1872 724 2146 780 APPESDiX
2172 726 2234 780 ll.
2258 758 2330 768 —
2356 729 2594 796 Qualiter
2632 733 2828 854 wstlatis
2876 743 3102 805 tempore
3149 745 3342 805 agatur
3368 753 3459 789 no-

2495 810 2680 853 cturna
2737 818 2854 854 aus.

2495 810 2680 853 cturna
2717 810 2854 856 laus.

2247 927 2346 998 (Ex
2367 929 2553 984 eadem
2584 931 2809 1001 Regula,
2847 953 2960 1006 cap.
2995 934 3105 1005 10.)

1938 1057 1981 1110 Α
2029 1057 2235 1113 Pascha
2287 1068 2466 1116 autem
2501 1078 2671 1131 usque
2696 1063 2762 1116 ad
2809 1063 3080 1119 Kalendas
3126 1064 3448 1124 Novembris

1872 1147 2069 1212 omnis,
2112 1157 2172 1201 ut
2210 1164 2375 1219 supra
2423 1150 2629 1205 dictum
2664 1160 2768 1216 est,
2815 1153 3129 1221 psalmodite
3178 1158 3457 1223 quantitas

1873 1246 2167 1293 teneatur:
2228 1248 2455 1310 excepto
2506 1245 2648 1313 quod
2697 1244 2956 1302 lectiones
3000 1247 3054 1301 in
3105 1249 3288 1303 codice
3333 1267 3457 1320 pro-

1871 1336 1994 1397 pter
2018 1329 2340 1384 brevitatem
2383 1334 2621 1387 noctium
2653 1336 2874 1390 minime
2905 1337 3186 1407 legantur:
3235 1341 3327 1395 sed
3356 1356 3456 1409 pro

1870 1414 2002 1487 ipsis
2042 1420 2218 1474 tribus
2264 1420 2586 1478 lectionibus
2630 1440 2734 1478 una
2780 1426 2845 1479 de
2872 1426 3055 1481 Veteri
3111 1429 3457 1484 Testamento

1870 1512 2183 1566 memoriter
2221 1512 2453 1583 legatur,
2499 1530 2660 1584 quam
2703 1517 2867 1571 breve
2892 1521 3288 1588 responsorium
3322 1522 3441 1575 sub-

1868 1609 2141 1669 sequatur.
2176 1602 2241 1655 Et
2268 1602 2469 1672 reliqua
2499 1606 2701 1669 omnia,
2730 1616 2789 1659 ut
2814 1606 3019 1661 dictum
3046 1617 3148 1673 est,
3182 1611 3441 1679 implean-

1870 1697 1977 1743 tur.
2005 1690 2060 1744 ld
2091 1699 2173 1744 cst
2206 1693 2220 1731 ί
2254 1700 2313 1745 ut
2364 1709 2639 1763 nunquam
2696 1695 2874 1751 minus
2898 1712 2929 1751 a
2977 1699 3259 1754 duodecim
3309 1702 3453 1771 psal-

1873 1839 1991 1892 eap.
2028 1823 2092 1877 Ξῖ
2125 1842 2144 1874 ι
2194 1823 2397 1880 Priscis
2422 1827 2751 1894 temporibus
2777 1844 2884 1883 non
2922 1832 3242 1885 cantabatur
3267 1832 3449 1888 Gloria

1869 1901 1991 1968 post
2020 1909 2260 1968 ver_su_m,
2303 1894 2396 1949 sed
2441 1896 3208 1968 repetebaturresponsorius.
3237 1922 3255 1953 ι
3309 1906 3453 1956 (lon-

1871 1962 2538 2041 ciliumu'ljoletanummtv,
2580 1982 2701 2041 can.
2753 1966 2841 2041 l5,
2890 1962 3164 2041 redarguit
3212 1986 3326 2033 eos,
3356 1974 3448 2041 qui

1869 2047 1973 2113 non
2006 2032 2564 2113 adhibebant,__(}loria
2613 2033 2787 2100 Patri,
2828 2032 3202 2113 responsoriis,
3245 2032 3447 2113 etgst'a-

1871 2104 1975 2177 _tuit_
2021 2119 2144 2156 cum
2193 2104 2295 2158 hac
2332 2105 2657 2177 discretione
2705 2120 2829 2177 esse
2883 2104 3214 2163 canendum:
3245 2129 3262 2160 ι
3298 2111 3366 2165 Ut
3395 2113 3448 2165 in

1869 2170 2007 2250 laetis
2043 2182 2306 2250 sequatur
2340 2174 2543 2250 Gloria,
2567 2170 2981 2250 in'tristioribus
3010 2187 3287 2250 repetatur
3308 2182 3451 2249 priu-

1867 2242 2087 2309 cipium,
2115 2264 2132 2296 ι
2165 2244 2308 2314 quod
2335 2247 2509 2300 adhuc
2537 2254 2623 2301 est
2651 2246 2703 2299 in
2729 2263 2849 2301 usu.

1942 2326 1965 2353 ε
1993 2317 2029 2366 Α
2075 2317 2351 2384 nominatis
2381 2326 2426 2369 et
2449 2315 2751 2384 ortltodoatis
2775 2316 3044 2370 catholicis
3081 2316 3349 2372 Patribus.
3382 2320 3439 2373 lu

1865 2384 1984 2437 cod.
2006 2399 2136 2439 mss.
2168 2383 2225 2438 S.
2264 2385 2447 2439 Germ.
2478 2403 2609 2451 ma.,
2630 2383 2757 2440 Ebr.
2782 2387 2981 2440 Far.et
3008 2388 3144 2441 Vict.
3175 2404 3281 2442 ma.
3312 2391 3449 2443 scri-

1862 2451 2010 2506 bitur
2035 2454 2113 2523 :7A
2140 2455 2564 2509 nominatissimis
2610 2464 2657 2509 et
2708 2456 2976 2509 catholicis
3016 2466 3063 2509 et
3115 2459 3441 2523 orthodoxis,

1865 2523 2004 2596 apud
2043 2522 2118 2596 Ss
2143 2525 2475 2596 Diunstanum
2523 2534 2579 2596 et
2636 2525 2690 2577 in
2736 2526 2968 2596 vulgatis
3005 2526 3328 2580 editionibus
3355 2547 3365 2581 :
3397 2530 3436 2580 Α

1864 2592 2296 2647 nominatissimis
2351 2594 2667 2655 doctoribus,
2709 2592 3012 2649 orthodoais
3066 2605 3115 2648 et
3173 2598 3445 2651 catholicis

1860 2661 2118 2735 panibus.
2147 2664 2420 2735 Codams.
2447 2663 2669 2735 Vict.7p.
2699 2663 2863 2735 legit:
2895 2664 2939 2715 Α
2964 2666 3242 2719 nominatis
3266 2667 3444 2719 docta-

1864 2729 2007 2783 rilms
2046 2741 2091 2784 et
2119 2732 2422 2785 orthodoxis
2455 2729 2723 2785 Patribus.

1939 2799 1956 2835 ί
1998 2799 2128 2853 Cum
2176 2801 2390 2855 alleluia
2427 2802 2664 2854 canendi.
2711 2801 2809 2856 Ms.
2839 2804 2939 2857 cod
2980 2801 3037 2856 S.
3067 2802 3275 2870 Ebrul.,
3309 2803 3441 2858 Cum

1859 2867 1991 2923 albis
2012 2871 2252 2923 canendi.

1933 2940 1958 2977 ⁸
1988 2940 2073 2993 Ea:
2108 2941 2260 2994 corde
2300 2941 2589 2993 recitando.
2640 2941 2717 2995 Ex
2756 2941 2919 2995 corde
2957 2942 3189 2996 recitare
3217 2950 3301 2996 est
3330 2959 3443 2998 me-

1859 3009 2086 3064 moriter
2112 3010 2313 3073 dicere,
2342 3012 2484 3079 quod
2529 3009 2701 3065 Grceci
2745 3018 2957 3073 vocant,
3001 3014 3368 3077 ἁποστηθὶζειν,
3409 3030 3440 3068 a

1862 3082 2071 3153 9590;,
2106 3080 2155 3133 id
2183 3088 2266 3153 est
2294 3089 2502 3153 pectus.
2535 3080 2803 3135 Palladius
2830 3081 2880 3134 iu
2912 3079 3191 3153 Lausiaca,
3222 3098 3339 3153 cap.
3374 3085 3441 3138 de

1863 3148 2104 3223 _H_erone:
2139 3152 2289 3223 Ιξεζὸῖ
2310 3151 2526 3223 βαδίζων
2550 3154 2876 3223 ἀπεστήομζεν
2893 3151 3127 3223 ψαλμοὺς
3146 3148 3437 3217 ductui-vn,

1860 3217 1913 3272 id
1942 3229 2047 3341 (ist,
2077 3220 2241 3289 pedes
2267 3217 2550 3276 ambulans
2571 3237 2638 3276 ex
2662 3221 2822 3276 corde
2851 3217 3109 3277 recitabat
3130 3224 3435 3291 quindecim

1860 3303 1955 3341 osa
1979 3305 2113 3341 mos.

1896 3303 2113 3343 salmos.

1855 3303 2326 3431 pégméziiplicatio
2357 3362 2572 3415 litanite.
2602 3360 2658 3413 In
2683 3362 2802 3416 cod.
2830 3376 2930 3431 ms.
2968 3361 3103 3418 Vict.
3137 3377 3267 3429 ma.,
3300 3362 3440 3431 Sap-

1856 3429 2140 3497 plicatio'et
2169 3431 2394 3493 (itania;
2433 3431 2525 3484 sed
2552 3431 2619 3484 de
2651 3432 2734 3484 his
2760 3430 2918 3483 infra.

1933 3500 1949 3539 ί
1988 3491 2548 3571 Πιίῃιιηφιαηιμῇιξηὲε
2575 3516 2605 3551 a
2632 3501 2902 3571 duodecim
2925 3499 3247 3571 psalrnorum
3270 3519 3437 3570 quan-

1857 3568 2025 3622 titate.
2058 3568 2281 3623 Veteres
2333 3569 2407 3622 illi
2457 3568 2696 3637 [Egyptii
2746 3569 2992 3622 monachi
3043 3569 3186 3622 hunc
3230 3568 3435 3625 duode-

1855 3638 2070 3692 narium
2106 3653 2390 3692 numerum
2420 3638 2746 3706 psalmorum
2778 3644 2884 3689 tam
2910 3637 2962 3689 in
2990 3637 3186 3707 vigiliis
3218 3644 3436 3693 noctur-

1854 3708 1941 3761 nis
1964 3723 2124 3788 quam
2153 3709 2209 3788 in
2246 3712 2434 3788 synaxi
2456 3708 2769 3788 vespertina
2782 3706 3055 3788 mordicus
3078 3707 3432 3788 retinuerunt,

1857 3774 2000 3845 quod
2028 3785 2173 3833 esset
2197 3774 2333 3847 ipsis
2349 3776 2586 3845 angelica
2628 3774 2955 3829 revelatione
2982 3775 3246 3847 traditus.
3295 3776 3431 3831 Nam

1855 3863 1975 3901 cum
1994 3864 2098 3902 una
2113 3845 2507 3908 convenissent,
2522 3853 2793 3899 utcertum
2805 3845 3087 3913 quemdam
3103 3846 3432 3913 psalmorum

1855 3931 2141 3971 numerum
2199 3923 2493 3980 struereul,
2541 3914 2632 3969 alii
2684 3928 2816 3969 vero
2862 3913 3283 3984 quinquagenos,
3339 3916 3430 3970 alii

1853 4002 2169 4055 sexagenos,
2198 3987 2286 4040 alii
2320 3985 2501 4055 plures
2529 3984 2895 4054 paucioresve,
2928 3985 3155 4053 quisque
3188 4001 3286 4054 pro
3311 3987 3429 4039 ani-

1853 4058 1926 4110 mi
1960 4057 2042 4111 sui
2091 4057 2303 4111 fervore
2342 4055 2645 4110 recitandos
2678 4055 3083 4117 contenderent,
3132 4056 3428 4124 quaestione

1854 4143 2027 4195 usque
2072 4129 2136 4182 ad
2181 4128 2424 4197 synaxim
2464 4135 2760 4194 protracta,
2778 4125 3113 4197 angeluseis
3138 4127 3424 4197 apparuit:

1852 4198 1942 4266 qui
1970 4195 2247 4251 duodecim
2280 4196 2500 4265 psalmis
2537 4209 2719 4249 coram
2758 4195 3056 4266 decantatis
3081 4196 3428 4265 adhibitoque

1852 4264 1907 4319 in
1939 4266 2042 4320 line
2082 4264 2328 4327 Alleluia,
2368 4267 2435 4319 al)
2476 4267 2848 4319 universorum
2891 4264 3061 4319 oculis
3093 4264 3419 4325 subtractus,

1893 4338 2137 4390 umstioni
2181 4338 2339 4391 ﬁnem
2389 4338 2662 4405 imposuit,
2702 4335 2909 4405 scribit
2934 4334 3226 4405 Cassianus
3258 4336 3351 4389 lib.
3384 4352 3421 4389 ιι

1894 4422 1925 4459 e
1953 4406 2258 4486 ‘Nocturnis
2311 4404 2684 4486 Oratiunibus,
2724 4404 2915 4486 cap."§
2962 4412 3018 4458 et
3162 4404 3423 4486 Eumdcm

161 4463 369 4534 chbrus
392 4463 735 4558 consonando
768 4463 1270 4558 respondeathnte
1297 4463 1475 4558 autem
1508 4477 1560 4529 id
1588 4463 1749 4558 ‘solus
1776 4463 1831 4522 D
1851 4476 2182 4558 psalmorum
2215 4491 2504 4558 numerum
2521 4492 2642 4530 cum
2664 4463 2724 4528 in
2748 4463 2945 4558 vigiliis
2970 4474 3267 4558 nocturnis.
3310 4482 3422 4527 tum

163 4552 402 4619 quisque
430 4549 623 4619 agebat
648 4565 659 4601 :
711 4544 874 4619 nunc
896 4562 1035 4619 unus
1062 4546 1329 4619 interdum
1354 4546 1494 4619 duo,
1522 4544 1748 4619 vel_trcs

161 4614 549 4683 communitam
582 4618 746 4672 choro
772 4615 824 4671 in
868 4615 1112 4686 plurimis
1142 4615 1518 4686 respondente.
1555 4634 1573 4666 ι
1603 4614 1747 4686 Idem

163 4691 260 4745 lib.
303 4706 378 4743 vt.
430 4684 909 4759 Etymologiarum,
959 4702 1078 4756 cap.
1139 4686 1300 4759 19_:_t
1355 4684 1750 4759 Responsorios

164 4760 284 4815 Itali
319 4755 701 4812 tradideruutf
726 4757 880 4825 Quod
931 4771 1152 4810 carmen
1201 4755 1325 4809 inde
1372 4755 1748 4825 responsorios

162 4838 362 4885 cantus
402 4837 617 4893 vocant,
665 4828 807 4897 quod
864 4826 970 4880 alio
1021 4826 1301 4879 desinente
1350 4824 1485 4897 alter
1526 4840 1749 4897 respon-

162 4903 312 4953 deat.
364 4898 511 4953 Inter
558 4893 932 4967 responsorios
975 4906 1153 4967 autem
1200 4904 1254 4947 et
1294 4893 1614 4967 antiphonas
1646 4896 1750 4967 hoc

162 4972 375 5033 dtllert,
415 4972 557 5051 quod
592 4972 645 5021 in
678 4972 1038 5036 responsoriis
1071 4979 1209 5017 unus
1251 4979 1465 5043 versum
1510 4984 1517 5015 4

160 5041 481 5114 antiphonts
508 5047 689 5114 autem
712 5038 961 5114 versibus
987 5035 1258 5114 alternant
1294 5034 1465 5114 chori.
1486 5052 1517 5114 μ’

233 5110 263 5148 ἀ
286 5100 422 5162 Post
453 5109 662 5160 tertiam
688 5123 805 5160 vero
835 5105 1125 5167 lectionem,
1147 5104 1234 5173 qui
1261 5111 1436 5173 cantat
1462 5103 1602 5156 dicat
1625 5100 1751 5173 Glo-

163 5180 325 5234 riam.
377 5177 579 5247 Nempe
629 5177 719 5247 in_
744 5177 903 5247 tertio
947 5172 1306 5247 rqspopSorio.
1361 5172 1513 5247 lianc
1551 5172 1748 5247 regulae

162 5248 347 5304 locum
379 5242 615 5315 respexit
651 5244 948 5299 Wall‘ridus
985 5243 1202 5315 Strabo,
1243 5259 1361 5311 cap.
1386 5242 1455 5295 25
1484 5257 1643 5310 supra
1672 5242 1749 5315 ci-

163 5328 301 5383 tato,
343 5313 570 5372 cum—ait
594 5317 737 5370 hunc
759 5330 972 5383 versum
1010 5313 1744 5383 paucioribusfrospousoriis

162 5382 359 5459 aptare
388 5401 502 5449 eos,
528 5386 851 5459 qui_statuta
888 5382 1067 5459 Patris
1110 5382 1376 5459 Benedicti
1403 5383 1455 5434 in
1494 5382 1635 5434 horis
1667 5398 1748 5435 se-

159 5451 402 5529 quuntur
445 5451 738 5529 canonicis.
796 5453 917 5529 Sed
950 5453 1051 5529 fuit
1102 5451 1347 5529 diversus
1394 5467 1562 5506 usus:
1619 5466 1745 5504 nam

161 5522 415 5582 crebrius
441 5526 668 5580 Romani
707 5525 847 5578 hunc
871 5522 1275 5594 gloriﬁcationis
1301 5523 1559 5590 hymnum
1585 5535 1747 5594 cane—

161 5598 299 5650 bant
326 5597 380 5651 in
421 5594 803 5666 responsoriis,
852 5590 911 5647 u't
962 5599 1115 5646 notat
1158 5593 1314 5666 idem
1341 5600 1529 5644 auctor
1555 5590 1743 5645 eodem

164 5667 365 5737 capite.
395 5666 479 5737 Ab
499 5662 734 5737 antiquis
762 5674 939 5737 tamen
970 5677 1075 5737 non
1106 5662 1480 5737 adhibebatur,
1511 5669 1569 5737 ut
1594 5666 1747 5737 notat

168 5729 480 5791 Athalarius
505 5729 828 5788 Fortunatus
875 5734 963 5786 lib.
1004 5733 1069 5787 de
1108 5731 1308 5786 Ordine
1346 5729 1742 5794 Antiphonarii,

415 4968 557 5051 quod
592 4964 1038 5051 in'responsoriis
1071 4979 1209 5017 unus
1239 4979 1465 5051 ‘vet‘sum
1510 4964 1659 5028 dicit,
1693 4964 1747 5017 in
1776 5026 1789 5033 _

1849 4542 1902 4599 in
1919 4546 2233 4616 vespertina
2257 4546 2444 4616 synaxi
2474 4542 2867 4616 decantanduin
2913 4543 2969 4597 S.
3018 4542 3307 4616 Pachonlio
3328 4558 3423 4595 an-

1848 4615 1998 4683 gelus
2025 4612 2305 4680 revelavit,
2337 4625 2398 4669 ut
2433 4615 2623 4669 scribit
2644 4613 2935 4675 Palladius,
2964 4628 3081 4681 cap.
3110 4613 3176 4665 de
3214 4612 3421 4683 Tahcn-

1847 4682 2087 4740 nesiotis.
2122 4685 2336 4753 Hacque
2386 4685 2590 4738 ratione
2622 4683 2789 4738 noluit
2813 4683 2869 4737 S.
2897 4683 3217 4753 Benedictus
3239 4683 3304 4753 ab
3316 4682 3423 4753 hoc

1847 4770 2073 4809 numero
2103 4750 2387 4809 deﬂectere
2411 4754 2597 4808 saltem
2625 4754 2678 4807 in
2708 4752 2987 4806 nocturnis
3031 4751 3243 4821 vigiliis.
3286 4750 3419 4804 Nam

1846 4824 1901 4877 in
1932 4824 2465 4894 synaxigvespertina
2510 4823 2680 4894 noluit
2715 4823 2869 4894 hunc
2903 4821 3291 4894 duodenarimn
3312 4836 3420 4894 nu-

1847 4890 2057 4947 merum
2101 4890 2373 4947 observari
2406 4893 2657 4946 brevitati
2688 4891 3010 4946 consulens:
3059 4890 3187 4958 quia
3219 4890 3414 4943 divinis

1845 4962 2034 5017 oliiciis
2059 4962 2223 5018 multa
2247 4963 2460 5032 adjecit,
2509 4962 2731 5029 insuper
2748 4969 2804 5015 et
2839 4960 3268 5032 completorium,
3297 4975 3419 5032 qtae

1846 5049 1955 5086 non
1983 5042 2143 5112 erant
2176 5033 2230 5112 in
2278 5028 2483 5112 canone
2524 5028 2824 5112 priscorum
2869 5028 3102 5112 illorum.
3129 5030 3420 5112 monacho-

1846 5117 1987 5156 rum.
2041 5102 2289 5171 Synodus
2341 5098 2608 5156 Turonica
2660 5115 2721 5163 ιι,
2754 5098 3002 5171 can.l_8,_
3053 5098 3123 5151 ob
3170 5099 3416 5153 eamdem

1846 5172 2019 5241 angeli
2047 5167 2427 5226 revelationem
2467 5171 2520 5224 in
2548 5178 2773 5236 utraque
2806 5167 3120 5223 celebritate
3153 5175 3414 5241 nocturna

1844 5250 1900 5294 et
1921 5237 2230 5310 vespertina
2260 5241 2468 5303 statuit,
2496 5248 2682 5310 utnon
2716 5241 2921 5310 minus,
2947 5252 3106 5305 quam
3134 5237 3413 5310 duodecim

1842 5306 2035 5379 psalmi
2056 5320 2404 5366 canerentur:
2429 5309 2543 5379 etsi,
2559 5308 2614 5361 in
2639 5306 2954 5379 quibusdam
2981 5306 3254 5379 mensibus
3271 5307 3413 5379 hunc

1844 5375 2038 5448 augeat
2056 5396 2337 5434 numerum
2351 5380 2401 5432 in
2423 5378 2619 5448 vigiliis
2633 5375 2935 5448 nocturnis:
2961 5395 2981 5428 ι
3003 5376 3069 5431 Et
3083 5375 3149 5448 ad
3164 5375 3414 5448 duodeci-

1844 5445 2008 5515 mam,
2041 5445 2525 5520 inquit,duodecim
2550 5462 2670 5520 cum
2692 5445 2940 5520 Alleluia,
2969 5446 3111 5520 quod
3132 5445 3414 5520 etiamnu-

1844 5513 2288 5591 gcloosteu'dente
2317 5518 2619 5591 didicerunt
2643 5513 3159 5591 (autiquiPatres)_si
3184 5515 3250 5568 ad
3281 5513 3409 5568 duo-

1844 5584 2107 5643 decimam
2150 5588 2431 5643 duodecim
2468 5584 2676 5656 psalmi,
2707 5601 2805 5639 cur
2830 5584 3406 5656 adimatu'tinumgnon

1845 5661 2078 5731 itemque
2108 5658 2386 5731 duodecim
2412 5652 2795 5731 explicenturt
2834 5675 2852 5706 ›
2906 5654 3017 5731 Hoc
3059 5662 3236 5706 autem
3266 5652 3405 5731 .loco

1846 5729 2164 5781 matutinum
2206 5743 2303 5797 pro
2331 5727 2526 5794 vigiliis
2555 5726 2829 5780 nocturnis
2849 5726 3160 5792 usurpatur,
3184 5733 3235 5776 ut
3266 5726 3404 5779 intra
