3958 6198
483 349 594 404 905

1490 333 1549 387 S.
1593 326 1951 385 BENEDICTI
1989 321 2284 379 ABBATIS
2322 312 2733 375 ANIANENSIS

3636 306 3733 361 9M

475 461 626 517 horis
654 457 788 513 dixit
810 452 1073 522 Propheta
1101 466 1113 501 :
1137 446 1333 517 Septies
1362 445 1412 496 in
1440 443 1522 495 die
1557 440 1764 493 laudem
1794 437 1905 491 dixi
1958 434 2050 488 tibi
2079 437 2129 495 Α
2154 427 2364 498 cxvnt).
2409 425 2523 522 Sed
2532 424 2728 522 prima
2772 419 2850 472 sic
2889 417 3048 522 debet
3088 415 3190 467 diei
3223 411 3505 522 .quoniod?
3528 412 3738 522 ‘du‘ode:

473 548 651 623 (Psal.
683 542 887 611 cxvm).
918 539 1051 594 Nam
1079 538 1146 591 de
1169 533 1445 590 nocturnis
1484 529 1682 600 vigiliis
1711 541 1736 568 α
1765 526 1905 623 idem
1948 526 2063 623 ipse

476 617 743 708 PrOpheta
773 634 846 687 ait
872 650 884 684 :
913 629 1089 683 Media
1120 636 1267 680 nocte
1287 622 1559 694 surgebam
1592 620 1659 673 ad
1704 617 2062 677 conﬁtendum

478 728 589 781 tibi.
616 725 756 792 Erga
783 722 868 775 his
895 718 1228 790 temporibus
1241 711 1741 769 referamuslandes
1763 709 1791 747 ι)
1816 708 2061 764 Creatori

479 823 685 879 nostro,
720 812 774 867 id
800 819 883 867 est
912 809 1210 873 matutinis,
1240 806 1437 875 prima,
1472 804 1651 866 tertia,
1679 808 1853 863 sexta,
1895 815 2061 863 nona,

476 918 723 974 vespera,
752 899 1130 973 eompletorio,
1157 905 1213 951 et
1237 903 1397 949 nocte
1434 907 1721 963 surgamus
1766 891 1837 945 ad
1893 888 2063 943 conﬁ-

482 998 700 1054 tendum
730 996 801 1050 ei.

651 1128 775 1201 §.ll.
815 1157 887 1167 -
922 1127 1001 1180 Ex
1035 1124 1253 1179 Rasum
1295 1122 1560 1176 Macrsrm
1598 1117 1737 1189 (cap.
1774 1111 1889 1181 3i).

561 1273 582 1299 ε
622 1260 682 1314 In
712 1257 1013 1313 exercendo
1052 1255 1285 1309 maxime
1324 1252 1507 1305 divino
1546 1249 1721 1305 ollicio
1755 1264 1867 1320 pm
1897 1247 2068 1302 omni-

487 1351 588 1405 bus
611 1356 812 1404 sancta:
840 1347 999 1401 debet
1032 1344 1235 1399 militiae
1265 1343 1395 1396 ordo
1426 1340 1716 1405 constitui;
1759 1338 1843 1393 vel
1874 1337 2067 1408 quibus

487 1442 696 1496 vicibus
725 1439 914 1493 tramis
946 1446 1108 1491 rectae
1134 1434 1525 1489 observationis
1552 1439 1823 1494 occurrat,
1854 1438 1915 1485 ut
1939 1438 2068 1485 mta-

491 1537 560 1585 tis
586 1546 702 1584 mos
726 1538 807 1582 est
828 1568 841 1592 ,
868 1537 921 1580 et
951 1526 1172 1579 Patrum
1218 1525 1462 1579 instituta
1502 1531 1829 1589 sanxerunt,
1870 1523 1921 1576 id
1960 1530 2065 1587 est,

491 1622 815 1680 matutinus,
842 1619 1041 1687 prima,
1069 1615 1229 1670 tertia
1249 1656 1262 1680 ,
1293 1622 1444 1669 sexta
1469 1655 1483 1679 ,
1530 1630 1705 1678 nona,
1749 1628 1972 1683 vespera
2014 1621 2072 1667 et

490 1710 939 1778 completorinm;
982 1714 1041 1759 ut
1084 1704 1414 1774 compleatur
1450 1705 1767 1774 prophetica
1801 1703 2069 1758 ordinatio

2162 522 2323 582 cima,
2344 533 2468 587 qua:
2492 516 2692 570 dicitur
2716 524 2965 578 vespera.
2994 507 3127 561 Nam
3154 506 3327 574 prima
3357 504 3439 559 sic
3461 504 3622 559 debet
3642 506 3743 559 dici

2161 609 2526 680 pungentibus
2554 603 2668 672 jam
2701 600 2872 656 radiis
2912 598 3071 662 solis,
3104 606 3160 650 et
3194 611 3419 666 vespera
3456 596 3635 650 adhuc
3658 596 3747 649 de-

2163 700 2490 755 clinantibus
2518 695 2684 751 radiis
2711 692 2848 761 ejus.
2873 690 3009 770 Quia
3033 689 3301 759 quomodo
3331 687 3624 742 inchoatur
3643 688 3748 742 dies

2164 794 2218 847 in
2251 791 2404 846 initio
2435 791 2487 844 in
2516 802 2682 858 opere
2706 784 2831 847 Dei,
2861 782 2887 823 τι
2920 783 2974 836 in
3009 782 3099 836 tali
3129 782 3286 836 debet
3309 778 3520 849 expleri
3547 779 3602 832 in
3628 778 3748 841 ﬁne,

2163 890 2221 935 ut
2244 880 2580 949 compleatur
2602 876 2885 947 Scriptura
2910 874 3097 929 dicens
3119 886 3134 924 :
3158 871 3200 924 A
3221 870 3348 925 solis
3368 880 3489 924 ortu
3512 886 3676 939 usque
3687 871 3749 922 ad

2162 987 2407 1025 occasum
2456 968 2573 1041 (Ps.
2614 966 2768 1035 cxu).
2814 963 2933 1018 Non
2964 964 3109 1018 enim
3145 962 3311 1025 dixit,
3342 970 3459 1031 post
3491 977 3750 1023 occasum,

2169 1072 2192 1098 ε
2222 1058 2461 1113 Laudate
2505 1073 2692 1111 nomen
2730 1053 2977 1116 Domini;
3030 1051 3156 1120 quia
3204 1051 3384 1105 exitus
3415 1049 3671 1102 matutini
3703 1059 3753 1103 et

2175 1152 2193 1191 ί
2240 1166 2466 1221 vespere
2510 1152 2535 1189 ⁸
2574 1147 2932 1204 delectabitur
2979 1144 3238 1198 Dominus
3288 1139 3418 1213 (Ps.
3467 1142 3653 1211 utr).
3698 1142 3749 1195 lu

2166 1248 2363 1317 quibus
2398 1242 2733 1314 temporibus
2776 1240 2843 1293 ab
2873 1237 3078 1307 angelis
3109 1235 3309 1289 nostris
3344 1234 3558 1288 diurnis
3587 1234 3641 1287 in
3670 1249 3749 1288 re-

2166 1337 2427 1393 nuntiatis
2451 1334 2722 1402 justorum
2756 1327 3055 1385 benefactis
3090 1325 3450 1381 delectabitur
3477 1324 3746 1378 Dominus.

2167 1430 2193 1468 ιι
2231 1428 2384 1483 Sicut
2407 1432 2628 1480 sanctus
2647 1421 2846 1475 Paulus
2869 1420 2924 1474 in
2947 1418 3279 1474 revelatione
3303 1431 3401 1469 sua
3424 1416 3559 1469 dicit
3590 1433 3602 1467 :
3633 1413 3749 1467 Filii

2168 1520 2460 1581 hominum,
2491 1514 2773 1569 benedicite
2820 1511 3099 1564 Dominum
3141 1505 3553 1568 incessabiliter,
3597 1507 3750 1575 magis

2169 1620 2342 1664 autem
2372 1624 2488 1661 cum
2528 1604 2773 1659 occiderit
2808 1602 2906 1657 sol.
2946 1600 3079 1654 Nam
3109 1599 3320 1652 initium
3359 1604 3415 1652 et
3452 1596 3614 1651 finem
3654 1597 3750 1651 diei

2170 1700 2252 1755 sol
2286 1699 2441 1753 nobis
2471 1697 2619 1767 juste
2650 1692 2915 1756 ostendit,
2957 1690 3051 1760 qui
3079 1689 3336 1743 abscessu
3366 1702 3468 1742 suo
3504 1688 3748 1741 tenebras

490 1776 677 1858 dicens
700 1799 962 1853 Domino:
992 1795 1191 1867 Septies
1217 1797 1272 1848 in
1300 1795 1385 1849 die
1411 1794 1621 1849 laudem
1646 1795 1758 1848 dixi
1778 1794 1871 1849 tibi
1894 1792 2067 1866 (Psal.
2098 1790 2146 1848 B
2173 1790 2482 1847 introducit.
2539 1788 2600 1842 ln
2648 1786 2837 1841 aestivo
2893 1796 3024 1838 vero
3076 1788 3316 1849 tempore
3369 1777 3551 1832 adhuc
3603 1776 3751 1861 altius

495 1974 553 2029 S.
586 1972 819 2028 Isidorus
839 1969 1172 2038 llispalensis
1194 1969 1359 2037 episc.
1389 1982 1508 2035 cap.
1533 1967 1566 2020 6
1593 1981 1704 2021 sum
1746 1965 1965 2035 Regulce
1988 1974 2069 2018 to—

495 2046 659 2098 tidem
686 2041 892 2103 statuit,
926 2055 1117 2106 nempe
1165 2039 1403 2101 tertiam,
1453 2046 1687 2095 sextam,
1728 2052 1946 2106 nonam,
1982 2051 2070 2106 ve-

497 2113 732 2182 spertina
762 2109 955 2182 ollicia,
988 2104 1388 2182 coinpletorios,
1418 2107 1596 2160 officia
1626 2105 1953 2174 vigiliarum,
1979 2104 2062 2157 of-

500 2179 618 2236 ficia
650 2180 935 2241 matutina,
984 2194 1079 2231 seu
1136 2179 1498 2240 matutinum;
1531 2183 1721 2229 auctor
1772 2189 2073 2243 anonymus

498 2248 1041 2322 Expusitionis_psal.
1080 2263 1204 2322 om
1265 2248 1404 2322 inter
1444 2260 1630 2322 opera_
1656 2245 1718 2297 D.
1758 2244 2071 2314 Hieronymi

499 2316 745 2375 eumdem
768 2316 991 2389 profert,
1015 2318 1108 2371 sed
1154 2332 1259 2389 non
1286 2318 1473 2371 eodem
1497 2316 1671 2389 modo
1696 2331 1712 2379 ;
1751 2330 1946 2389 nempe
1970 2325 2073 2367 ter-

502 2394 655 2456 tiam,
707 2385 937 2451 sentam,
978 2403 1200 2450 nonam,
1242 2387 1625 2448 lucernarium,
1690 2385 1923 2456 mediam
1973 2399 2074 2438 no-

502 2452 665 2523 ctem,
707 2458 1054 2530 gallicinium,
1107 2464 1174 2530 et
1222 2458 1685 2530 primum_mane:
1716 2452 2073 2530 cujus_loeur_n

502 2547 531 2584 a
564 2524 1116 2597 nobis'castigandum
1163 2524 1301 2597 infra
1343 2525 1724 2597 producemus.
1784 2524 1841 2597 ln
1873 2524 2074 2593 Regula

503 2603 561 2654 S.
602 2594 909 2669 Augustini
944 2597 1179 2669 secunda
1212 2596 1286 2669 (si
1330 2595 1487 2648 modo
1534 2594 1676 2669 illius
1704 2594 1806 2665 est)
1835 2602 1958 2648 octo
1990 2609 2078 2647 re-

498 2665 827 2744 censentur:
886 2666 1155 2744 matutini,
1206 2665 1636 2744 prima,“tertia,
1684 2673 1861 2728 sexta,
1901 2678 2075 2744 nona,

504 2753 758 2807 vesperze,
782 2732 1480 2806 complctoriumetvigilia:
1509 2744 1782 2807 nocturn-ae
1805 2751 1817 2784 :
1855 2751 1875 2807 ς
1900 2732 2075 2807 Simili

505 2802 661 2863 modo
679 2807 893 2879 (inquit)
908 2802 984 2879 ad
1002 2814 1207 2879 sextam
1223 2816 1278 2879 et
1302 2802 1498 2879 nonam
1519 2804 1866 2879 dicuntursui
1887 2802 2077 2879 psalmi

504 2894 623 2933 cum
655 2871 1007 2945 responsurus
1024 2884 1077 2929 et
1099 2875 1444 2944 antipbonis;
1476 2875 1577 2928 hoc
1601 2875 1743 2928 idem
1770 2875 1822 2927 in
1841 2871 2080 2945 vesperis

506 2958 562 3001 et
612 2947 963 3015 completorio
1013 2965 1024 2998 :
1078 2947 1146 2998 ad
1195 2945 1559 3015 lucernarium
1612 2955 1790 3015 autem
1838 2945 2079 3015 psalmus

504 3033 665 3077 unus.
699 3037 716 3067 ι
736 3011 855 3070 ’θια
891 3016 991 3070 Ubi
1022 3014 1315 3069 notandum
1366 3024 1449 3068 est
1479 3013 1838 3067 lucernarium
1865 3027 1963 3067 suo
1993 3011 2081 3067 hic

506 3088 697 3140 ordine
721 3102 823 3138 non
854 3084 1126 3149 collocari,
1159 3086 1253 3138 sed
1287 3084 1536 3147 seprsim,
1568 3084 1694 3152 quia
1723 3083 1772 3137 ei
1806 3083 2081 3153 peculiare

2170 1979 2339 2022 sextae
2369 1975 2425 2020 et
2453 1980 2609 2019 nona:
2636 1962 2877 2018 officium
2908 1957 3150 2029 quotidie
3171 1956 3564 2029 celebraretur,
3592 1964 3647 2029 ut
3673 1971 3751 2029 au-

2171 2047 2291 2091 ctor
2325 2045 2408 2091 est
2438 2035 2742 2105 Cyprianus
2768 2033 2864 2105 lib.
2893 2025 3006 2083 t'de
3022 2027 3312 2105 _ejus_\(ita.
3340 2025 3407 2079 Et
3438 2025 3750 2105 δέψει-ἰο-

2171 2123 2265 2161 sus
2288 2094 2536 2176 pontifex'
2563 2102 2917 2176 Turonensis,
2938 2094 3296 2176 ’q_ui_'se.leb_at
3340 2112 3467 2150 cum
3496 2094 3556 2150 S.
3590 2094 3749 2176 Chro-

2174 2166 2320 2231 tildis
2352 2177 2536 2245 regina
2568 2189 2704 2228 uxor
2730 2172 2889 2245 primi
2920 2166 3195 2245 _Clo_dovazi
3228 2166 3572 2245 Francorum
3618 2166 3750 2235 regis

2174 2246 2327 2309 obiit,
2359 2236 2545 2300 statuit
2570 2254 2628 2298 ut
2654 2245 2707 2296 in
2732 2236 2969 2297 ecclesia
2992 2236 3487 2309 ﬁ'l‘urpnensitertia
3529 2245 3587 2289 et
3609 2245 3751 2309 sexta

2176 2306 2568 2377 recitarentur,
2614 2322 2673 2367 ut
2725 2321 2953 2367 testatur
2983 2308 3040 2363 S.
3094 2307 3389 2379 Gregorius
3427 2306 3753 2361 Turonensis

2176 2387 2271 2441 lib.
2299 2403 2329 2439 χ
2359 2386 2496 2440 Hist.
2520 2401 2637 2453 cap.
2670 2384 2878 2437 ultimo.

2250 2468 2275 2496 ι
2315 2455 2465 2509 Idem
2504 2446 2610 2525 ipse
2648 2453 2894 2525 preparato
2929 2450 3021 2503 ait.
3062 2446 3215 2517 Apud
3253 2446 3633 2501 Burchardum
3661 2462 3756 2501 non

2179 2526 2440 2592 repetitur
2465 2523 2566 2579 vdx
2598 2542 2610 2577 :
2644 2523 2926 2592 Propheta.

2317 2594 2552 2649 Creatori
2581 2585 2775 2647 nostra.
2803 2590 2960 2662 Apud
2983 2588 3351 2644 Burchardum
3378 2587 3604 2641 additur
3627 2601 3642 2639 ;
3666 2585 3758 2640 Sn-

2177 2683 2272 2737 per
2286 2662 2491 2737 judicia
2507 2664 2732 2737 justilia:
2756 2680 2889 2737 sum.

2254 2727 2388 2788 c'ln
2418 2727 2725 2788 exercendo.
2755 2733 2879 2787 Hch
2908 2732 3177 2787 habentur
3205 2730 3259 2784 in
3286 2728 3493 2799 Regula
3521 2744 3625 2783 ms.
3657 2727 3760 2782 Ma-

2182 2803 2695 2876 gis_tri_cod._Corh.,
2724 2804 2843 2876 cod.
2876 2818 2994 2872 cap.
3027 2801 3117 2857 54.

2252 2874 2278 2914 d
2321 2874 2390 2928 In
2414 2874 2529 2928 tali.
2566 2874 2621 2928 Id
2649 2881 2755 2937 est,
2786 2874 2884 2928 sic.

2260 2957 2283 2985 ο
2324 2943 2565 2997 Laudare
2596 2959 2782 2997 nomen
2812 2944 3045 2998 Domini.
3076 2943 3155 2997 lta
3193 2943 3249 2997 in
3278 2940 3485 3010 Regula
3516 2953 3621 3010 r_nsi.
3650 2937 3762 2993 cod.

2181 3015 2371 3079 Corb.,
2403 3023 2464 3069 ut
2491 3014 2544 3067 in
2573 3012 2743 3067 veteri
2778 3014 3025 3068 versione
3062 3012 3303 3083 psalterii
3337 3008 3478 3083 apud
3516 3008 3764 3083 Fabi-uni.

2262 3086 2280 3125 ί
2336 3078 2693 3155 Vespere._lta
2725 3083 2780 3137 in
2811 3084 3013 3155 Regula
3056 3078 3156 3139 ius.
3188 3091 3242 3136 et
3270 3082 3324 3134 in
3363 3078 3602 3155 vulgatis
3630 3078 3768 3155 Psal-

508 3157 745 3225 assignat
774 3157 1033 3217 ofﬁcium,
1065 3170 1189 3207 nam
1218 3155 1468 3224 pmprius
1499 3149 1639 3207 illius
1666 3149 1826 3225 locus
1845 3161 1931 3207 est
1951 3162 2077 3206 ante
2105 3158 2149 3220 C
2183 3157 2356 3213 tet-iis.
2385 3149 2692 3225 Legendum
2734 3149 2918 3207 tamen?
2947 3163 3060 3219 est,
3089 3168 3309 3225 vespera:
3327 3191 3342 3215 ,
3371 3151 3425 3205 in
3448 3149 3630 3225 Agenit.
3649 3149 3769 3225 _sin-

507 3223 801 3294 vesper-as;
831 3227 938 3279 imo
968 3225 1107 3278 idem
1154 3240 1277 3294 eum
1328 3225 1565 3294 vesperis
1620 3223 1858 3294 oflicium
1887 3230 2081 3294 est,_ut

509 3292 649 3349 infra
680 3295 908 3349 dicetur.
952 3294 1103 3349 Unde
1128 3293 1285 3363 paulo
1332 3304 1454 3361 post
1477 3292 1532 3345 in
1555 3293 1742 3347 eadem
1778 3292 1960 3363 regula
2000 3292 2081 3363 lu—

511 3366 819 3419 cernarium
846 3366 1075 3418 sumitur
1096 3377 1193 3432 pro
1227 3364 1490 3432 vesperis,
1522 3378 1644 3417 cum
1678 3362 1873 3417 dicitur
1901 3380 1913 3415 :
1952 3380 1970 3411 ι
2008 3362 2081 3432 Ει

511 3444 812 3505 opportuno
844 3443 964 3505 post
990 3431 1353 3505 lucernarium
1391 3433 1981 3505 omnibussedentibus
2004 3431 2083 3487 le-

512 3500 708 3578 gantur
734 3500 1010 3578 lectiones.
1048 3523 1065 3554 ι
1102 3500 1234 3555 Nam
1249 3502 1391 3578 _olim
1414 3503 1662 3578 monachi
1691 3511 1815 3578 post
1830 3518 2084 3572 vesperas

512 3572 566 3630 in
594 3592 754 3629 unum
806 3575 980 3628 locum
1038 3572 1418 3627 convenientes
1461 3573 1639 3642 legere
1689 3572 1950 3642 Solebant,
1992 3580 2085 3625 aut

516 3647 787 3713 disputare
816 3645 881 3699 de
906 3642 1100 3697 divinis
1129 3642 1445 3711 Scripturis,
1477 3641 1537 3695 ut
1572 3642 1744 3697 fusius
1772 3641 1914 3697 infra
1945 3642 2088 3695 dice-

515 3724 623 3768 tur.
654 3714 710 3768 S.
750 3713 1077 3767 Fructuosus
1099 3713 1446 3767 Bracarensis
1487 3713 1925 3783 archiepiscopus
1962 3728 2081 3781 cap.

512 3784 549 3837 2
578 3792 633 3838 et
664 3786 696 3838 5
724 3783 938 3853 Regula:
965 3786 1147 3837 decem
1198 3783 1359 3836 horas
1386 3784 1680 3837 constituit.
1721 3783 1978 3845 Primam,
2006 3798 2089 3836 se-

517 3855 767 3918 cundum,
829 3855 1066 3917 tertiam,
1114 3861 1342 3916 sextam,
1415 3868 1631 3918 nonam,
1684 3853 2084 3915 duodecimam,

516 3924 726 3977 initium
756 3924 951 3986 noctis,
976 3921 1221 3993 synaxim
1249 3933 1377 3975 ante
1402 3923 1632 3976 mediam
1667 3933 1903 3987 noctem,
1928 3936 2089 3991 syna—

515 3995 627 4046 xim
655 4002 777 4062 post
807 3993 1034 4046 mediam
1056 4000 1268 4045 noctem
1298 4000 1353 4046 et
1372 3993 1711 4056 matutinum,
1743 3993 1828 4046 cui
1854 3993 2089 4062 praemit-

517 4064 582 4116 tit
609 4061 717 4116 tres
740 4062 973 4130 psalmos
1000 4078 1121 4114 cum
1156 4062 1308 4130 laude
1335 4069 1388 4114 et
1412 4061 1803 4116 benedictione.
1830 4061 2088 4116 Fructuo-

517 4148 609 4185 sus
638 4128 774 4186 alte‘r
803 4146 921 4251 eaq).
959 4131 1020 4182 10
1048 4146 1157 4184 sua:
1188 4128 1405 4198 Regula:
1449 4132 1756 4251 qsuindecim
1792 4133 1952 4185 horas
1977 4132 2089 4185 suis

519 4199 800 4251 monachis
884 4199 1100 4251 icendas
1147 4200 1434 4251 nrononit:
1513 4202 1796 4251 ecundam-
1847 4202 2087 4251 tertiam.

519 4199 800 4254 monachis
846 4199 1100 4252 dicendas
1146 4200 1434 4268 proponit:
1471 4199 1796 4267 Secundam,
1847 4202 2087 4266 tertiam,

520 4279 791 4337 quartam,
818 4268 1081 4335 quintam,
1105 4275 1333 4331 sextam,
1388 4278 1655 4333 octavam,
1702 4286 1919 4332 nouam,
1946 4271 2092 4325 deci-

520 4353 688 4403 mam,
720 4338 1077 4391 undecimam.
1103 4337 1324 4392 Cmtcrae
1360 4353 1468 4391 non
1523 4349 1891 4401 recensentur,
1915 4341 1983 4395 ob
2008 4356 2094 4394 ra-

522 4409 721 4479 tionem
750 4422 929 4477 supra,
959 4424 1078 4477 qua:
1106 4416 1232 4462 sunt
1261 4407 1597 4479 duodecima,
1637 4410 1688 4463 id
1714 4418 1815 4474 est,
1842 4425 2089 4479 vespera,

2183 3227 2316 3298 gul.,
2350 3220 2487 3280 naui
2503 3224 2643 3293 apud
2666 3224 3019 3298 Septu‘aginta
3043 3220 3238 3298 legitur
3262 3222 3505 3298 ingenit.
3530 3220 3769 3298 έσπέρρις.

2184 3291 2239 3351 ἐι
2270 3298 2323 3350 in
2352 3291 2792 3363 interpretatione
2814 3291 3206 3362 Sineronynti
3235 3292 3450 3361 tegitur,
3482 3291 3768 3363 vespertini.

2182 3367 2242 3421 lu
2271 3360 2606 3436 expositione
2633 3364 2879 3427 Arnobii,
2913 3360 3126 3433 vesperi.
3160 3362 3227 3416 Et
3252 3360 3312 3414 ut
3335 3364 3397 3416 τὸ
3424 3360 3676 3413 matutini
3697 3367 3772 3415 est

2184 3435 2379 3508 genit.,
2411 3436 2484 3508 ita
2509 3435 2674 3508 etiam
2705 3436 2776 3508 sit
2802 3438 2873 3508 rei
2893 3450 3135 3508 respera’.

2259 3507 2285 3547 σ
2329 3498 2698 3559 Delectabitur.
2724 3504 2878 3572 Apud
2898 3498 3198 3558 Arnobium
3224 3504 3277 3556 in
3297 3504 3443 3572 hunc
3466 3498 3768 3572 psalmum;

2193 3595 2211 3627 ι
2249 3575 2316 3629 1η
2356 3575 2497 3628 ελὶια
2541 3569 2789 3628 matutini
2829 3584 2877 3627 et
2922 3575 3116 3644 vesperi
3149 3571 3496 3644 delectabitur
3526 3569 3773 3644 Deus,_id

2186 3655 2291 3709 est,
2324 3647 2377 3699 in
2406 3644 2614 3698 oriente
2648 3653 2703 3699 et
2729 3640 3014 3699 occidente
3038 3645 3090 3697 in
3123 3640 3581 3698 aediﬁcationibus
3611 3640 3773 3694 eccle—

2189 3718 2394 3771 siarum
2431 3716 2801 3769 delectaberis.
2851 3734 2869 3765 »
2905 3715 3055 3770 Unde
3091 3715 3145 3768 in
3175 3711 3573 3767 commentario
3599 3710 3691 3778 qui
3719 3709 3771 3763 S.

2190 3786 2521 3854 Hieronymo
2558 3786 2875 3839 attribuitur
2912 3802 2925 3837 :
2972 3803 2991 3834 ‹
3038 3782 3314 3854 Matutinis
3351 3781 3775 3854 vespertinisque

2190 3849 2410 3925 hymnis
2456 3854 2709 3925 Ecclesiae
2758 3854 3056 3909 delectatur
3109 3853 3271 3925 Deus.
3327 3870 3346 3902 ι
3409 3849 3774 3925 lu_Psalleri_o

2190 3918 2372 3989 Hann,
2410 3924 2768 3979 delectaberis.
2817 3925 2896 3978 lta
2937 3925 3102 3978 etiam
3138 3923 3192 3978 in
3226 3919 3601 3975 vetustissimo
3639 3918 3776 3974 Psal-

2193 3996 2330 4050 terio
2355 4010 2456 4048 ms.
2491 3994 2739 4049 biblioth.
2775 4010 2921 4050 mon.
2966 3993 3024 4047 S.
3059 3991 3313 4048 Germani
3353 4005 3384 4042 a
3415 3989 3636 4053 Pratis,
3675 4004 3776 4059 quo

2190 4081 2350 4120 usum
2380 4064 2545 4119 fuisse
2578 4064 2759 4119 ferunt
2798 4063 2856 4117 S.
2889 4063 3216 4119 Germanum
3245 4059 3583 4129 Parisiorum
3610 4059 3776 4129 ponti-

2193 4135 2379 4216 ﬁcem;
2433 4143 2489 4189 et
2534 4137 2735 4204 passim
2782 4134 2857 4188 ita
2905 4135 3039 4189 citat
3087 4134 3231 4188 hunc
3283 4128 3627 4183 versieuium’
3671 4129 3776 4182 Ha-

2235 4215 2385 4260 ister.

2197 4221 2479 4329 Βιῗιωὲἓεαι
2505 4273 2565 4328 S.
2600 4272 2804 4327 Paulus
2832 4273 2887 4327 in
2915 4272 3224 4328 reuelatione
3248 4288 3345 4325 sua
3366 4270 3521 4339 dicit.
3551 4268 3699 4323 Citat
3722 4269 3780 4321 li-

2193 4345 2353 4399 brum
2380 4345 2765 4413 apocrypbum,
2789 4343 2880 4412 qui
2909 4343 3207 4413 appellatur
3225 4340 3382 4413 Pauli
3400 4339 3776 4413 Apocalypsis,

2194 4430 2288 4469 seu
2320 4407 2609 4476 rev—elatio,
2638 4407 2868 4466 refertus
2898 4407 3095 4466 fabulis
3123 4422 3179 4467 et
3208 4411 3420 4480 ineptiis
3433 4407 3467 4473 ξ
3487 4409 3558 4464 de
3581 4407 3691 4478 quo

520 4478 735 4561 initium
755 4476 1088 4561 'noctis,’seu
1116 4476 1548 4561 leonipletorium,
1578 4476 2086 4561 vigilia:_noeturna:,
2115 4491 2168 4550 1)
2191 4484 2781 4561 Augustinustractatu
2810 4485 2878 4537 98
2899 4523 2913 4546 ,
2946 4483 3001 4536 in
3033 4476 3315 4537 Joannem:
3352 4498 3370 4531 ‹
3410 4476 3649 4561 Quidam
3678 4478 3781 4558 spif

521 4549 769 4602 matutini
796 4557 849 4601 et
879 4549 1072 4619 prima.
1098 4547 1172 4619 VS.
1214 4547 1576 4601 Columbanus
1619 4547 1737 4619 cap.
1765 4550 1794 4602 7
1847 4564 1958 4604 sua:
1985 4549 2089 4603 Re-

522 4619 657 4685 gula:
683 4619 965 4673 constituit
993 4618 1204 4671 initium
1235 4619 1425 4680 noctis,
1486 4618 1719 4673 medium
1749 4620 1943 4684 noctis,
1971 4636 2089 4673 ma-

521 4699 751 4742 tutinum
803 4697 855 4742 et
907 4688 1125 4741 diurnas
1172 4688 1332 4740 horas
1386 4702 1525 4756 qum,
1580 4697 1638 4741 ut
1687 4689 1943 4755 arbitror,
1977 4705 2083 4743 non

522 4768 681 4813 erant
710 4758 827 4811 aliae
864 4770 1023 4826 quam
1066 4756 1258 4826 prima,
1303 4757 1480 4821 tertia,
1532 4770 1703 4822 sexta,
1751 4774 1889 4813 nona
1922 4767 1976 4812 et
2002 4775 2092 4814 ve-

524 4843 701 4896 spera.
740 4826 885 4881 ldem
930 4840 1159 4898 sanctus
1210 4828 1295 4878 vir
1331 4826 1527 4880 ibidem
1578 4828 1743 4881 refert
1770 4830 1835 4883 de
1865 4829 2090 4898 quibus-

487 4900 647 4953 .dam
693 4897 991 4961 menachis,
1046 4897 1135 4964 qui
1182 4906 1413 4966 quatuor
1464 4912 1695 4966 synaxes
1738 4897 1895 4953 nocte
1926 4897 2091 4952 facie-

524 4968 674 5038 bant,
704 4983 825 5037 qua:
849 4977 974 5023 sunt
1004 4966 1217 5021 initium
1264 4967 1456 5038 noctis,
1488 4966 1721 5038 medium
1748 4970 1945 5031 noctis,
1976 4966 2089 5038 gal-

526 5037 767 5092 licinium
810 5050 865 5092 et
889 5038 1232 5102 matutinum,
1260 5037 1456 5107 quibus
1482 5038 1525 5090 si
1558 5037 1828 5093 addideris
1855 5037 2093 5107 quinque

528 5107 689 5161 horas
716 5107 959 5172 diurnas,
991 5122 1180 5161 novem
1231 5106 1454 5160 efﬁcies.
1488 5108 1553 5160 Et
1582 5107 1696 5161 haec
1722 5109 1786 5161 de
1839 5106 2093 5161 horarum

527 5177 910 5232 canoniearum
962 5177 1275 5231 diversitate
1326 5186 1382 5230 et
1436 5192 1678 5230 numero.
1716 5178 1868 5242 Quod
1914 5187 2093 5231 autem

528 5246 655 5299 dicit
686 5246 741 5301 S.
776 5246 1135 5316 Hieronymus
1164 5246 1531 5316 supraepist.
1559 5245 1625 5298 ad
1654 5248 1998 5302 Eustochium
2027 5249 2095 5301 de

530 5317 771 5371 custodia
828 5312 1265 5384 Virginitatisft
1314 5312 1513 5369 Horam
1568 5318 1806 5382 tertiam,
1861 5326 2091 5379 sextam,

532 5399 749 5452 nonam,
780 5386 1073 5440 diluculum
1091 5399 1301 5455 quoque
1326 5394 1379 5439 et
1404 5400 1682 5453 vesperam
1699 5402 1868 5441 nemo
1892 5397 1972 5441 est
2005 5387 2096 5456 qui

533 5456 758 5520 nesciat,
793 5476 812 5508 ι
845 5472 951 5511 non
980 5456 1053 5508 ita
1088 5456 1406 5525 capiendum
1437 5465 1538 5519 est,
1591 5457 1746 5526 quasi
1802 5458 1855 5511 id
1881 5459 1953 5511 sit
1982 5457 2097 5512 uni-

534 5538 690 5579 verse
733 5541 919 5580 verum
946 5542 960 5590 ;
987 5539 1111 5579 nam
1152 5540 1233 5595 ex,
1256 5541 1414 5595 supra
1445 5527 1604 5581 dictis
1646 5536 1852 5582 certum
1876 5538 1961 5582 est
1985 5542 2101 5581 om-

445 5607 452 5617 '
536 5607 634 5647 nes
669 5595 801 5651 istas
853 5597 1015 5650 horas
1062 5610 1169 5648 non
1213 5594 1380 5649 fuisse
1420 5595 1548 5649 olim
1583 5598 1835 5653 omnibus
1885 5598 1938 5650 in
1973 5596 2104 5651 locis

534 5662 854 5741 celebratas.
892 5665 996 5741 Sed
1023 5674 1080 5741 et
1103 5662 1444 5741 S._Czesarius
1471 5666 2107 5741 episcopus‘Arelatensis

537 5733 795 5795 instituit.
829 5743 888 5787 ut
911 5734 1127 5787 Arelate
1168 5734 1220 5787 in
1253 5733 1480 5789 ecclesia
1506 5733 1590 5789 ’S.
1622 5733 1883 5803 Stephani
1913 5735 2102 5800 tertiae,

2195 4548 2433 4607 ritalium
2478 4554 2546 4607 ad
2590 4568 2654 4606 ea
2696 4561 3088 4619 pervenerunt,
3118 4567 3240 4621 quae
3278 4566 3383 4605 non
3423 4551 3556 4605 licet
3583 4548 3779 4621 homini

2190 4624 2339 4693 loqui
2387 4641 2399 4676 :
2449 4638 2557 4692 qua
2610 4618 2894 4676 occasione
2956 4618 3354 4693 vaniaquidam
3400 4618 3780 4693 Apocalypsim

2191 4689 2366 4755 Pauli,
2390 4689 2553 4762 quam
2575 4708 2702 4745 sana
2734 4708 2840 4762 non
2872 4692 3062 4762 recipit
3088 4690 3350 4762 Ecclesia,
3376 4691 3566 4762 nescio
3591 4689 3781 4757 quibus

2192 4763 2392 4817 fabulis
2410 4759 2642 4831 plenam,
2668 4759 3429 4831 stultissimapraesumptione
3440 4759 3747 4831 tinxerunt.
3759 4776 3776 4808 ι

2192 4833 2249 4887 S.
2294 4828 2628 4902 Epiphanius
2676 4830 2768 4902 lib.
2800 4847 2869 4902 At,
2909 4828 3160 4902 toni._lll,
3195 4828 3389 4902 hatresi
3439 4828 3547 4891 '68,
3580 4828 3783 4902 agitde

2194 4894 2427 4970 quodam
2472 4902 2611 4954 libro
2647 4916 2677 4953 a
2718 4900 2900 4954 Ca’inis
2938 4900 3168 4955 conﬁcto
3213 4900 3440 4954 nefariis
3482 4894 3786 4970 actiunibus

2197 4965 2385 5041 pleno,
2429 4972 2521 5039 qui
2554 4971 2836 5041 (Ascensus
2870 4970 3021 5024 Pauli
3057 4970 3276 5041 dicitur,
3305 4983 3413 5037 quo
3445 4976 3503 5022 et
3540 4965 3783 5041 Gnostici

2197 5038 2508 5096 utebantur.
2543 5040 2649 5095 Sed
2678 5049 2807 5110 puto
2836 5042 2934 5094 bos
2958 5042 3091 5110 duos
3124 5040 3408 5110 distinguis
3437 5051 3563 5110 esse
3597 5038 3781 5110 libros.

2196 5112 2297 5165 etsi
2330 5120 2554 5179 uterque
2586 5107 2781 5166 tractet
2807 5111 2873 5165 de
2904 5109 3052 5163 Pauli
3079 5118 3253 5178 raptu.
3283 5107 3417 5162 Nam
3443 5107 3559 5171 ille,
3589 5108 3659 5161 de
3683 5119 3782 5174 quo

2198 5183 2310 5251 agit
2334 5182 2390 5235 S.
2426 5178 2790 5249 Augustinus;
2818 5180 3096 5251 sceleratis
3117 5178 3442 5251 actionibus,
3474 5192 3575 5231 seu
3606 5190 3784 5229 narra-

2198 5248 2433 5306 tionibus
2462 5248 2569 5305 neu
2594 5251 2806 5304 videtur
2830 5250 3144 5304 redundare.
3176 5248 3232 5302 ld
3254 5248 3397 5302 enim
3427 5258 3540 5301 nun
3567 5255 3785 5316 praeter-

2200 5322 2444 5401 misisset
2473 5320 2894 5401 Sagugustinu‘s
2932 5319 3122 5401 dicere
3141 5333 3349 5400 aquem
3375 5325 3510 5387 puto
3536 5316 3780 5401 eumdem

2200 5407 2321 5447 esse
2358 5391 2451 5460 qui
2477 5406 2509 5443 a
2539 5387 2794 5460 Magistro
2818 5392 3032 5444 citatur.
3062 5388 3177 5443 Etsi
3204 5388 3352 5442 enim
3370 5402 3513 5460 vana
3539 5387 3780 5460 quadam

2202 5452 2509 5517 contineret
2540 5470 2597 5514 et
2626 5452 2814 5514 vfutilia
2834 5500 2847 5523 ,
2893 5460 3065 5513 multa
3101 5467 3279 5512 tamen
3314 5456 3468 5511 utilia
3501 5452 3782 5523 cdtnplecti

2203 5539 2436 5599 poterat,
2465 5541 2524 5585 ut
2547 5538 2675 5584 sunt
2696 5530 2858 5584 verba
2885 5545 2915 5581 a
2940 5528 3190 5597 Magistro
3209 5527 3493 5599 producta,
3509 5540 3636 5596 qua:
3663 5537 3784 5599 neu—

2207 5593 2586 5669 tiquamlibro
2625 5616 2654 5654 a
2695 5599 2877 5654 Cainis
2912 5593 3143 5653 conficto
3182 5593 3547 5669 conveniunt,
3590 5593 3783 5665 quippe

2209 5666 2302 5738 qui
2340 5671 2560 5726 nefariis
2594 5681 2649 5728 et
2686 5671 2896 5741 spurcis
2937 5668 3337 5723 narrationibus
3374 5666 3614 5720 referzus
3648 5670 3779 5719 erat.
