  <div class='ocr_page' id='page_1' title='image "/cluster/home/n/w/nwhite01/storage/ocr_20150623/103/hvd.32044054759691/460.png"; bbox 0 0 3958 6198; ppageno 0'>
   <div class='ocr_carea' id='block_1_1' title="bbox 296 400 405 454">
    <p class='ocr_par' dir='ltr' id='par_1_1' title="bbox 296 400 405 454">
     <span class='ocr_line' id='line_1_1' title="bbox 296 400 405 454; baseline 0 0"><span class='ocrx_word' id='word_1_1' title='bbox 296 400 405 454; x_wconf 75' lang='grc'><strong>913</strong></span> 
     </span>
    </p>
   </div>
   <div class='ocr_carea' id='block_1_2' title="bbox 1034 397 2844 458">
    <p class='ocr_par' dir='ltr' id='par_1_2' title="bbox 1034 397 2844 458">
     <span class='ocr_line' id='line_1_2' title="bbox 1034 397 2844 458; baseline 0.001 -5"><span class='ocrx_word' id='word_1_2' title='bbox 1034 397 1424 455; x_wconf 76' lang='lat' dir='ltr'><strong>CONCORDIA</strong></span> <span class='ocrx_word' id='word_1_3' title='bbox 1468 400 1923 458; x_wconf 79' lang='lat' dir='ltr'><strong>REGULARUM.</strong></span> <span class='ocrx_word' id='word_1_4' title='bbox 1965 429 2027 439; x_wconf 85' lang='lat'><strong>--</strong></span> <span class='ocrx_word' id='word_1_5' title='bbox 2067 399 2216 453; x_wconf 81' lang='lat' dir='ltr'><strong>CAP.</strong></span> <span class='ocrx_word' id='word_1_6' title='bbox 2256 398 2439 454; x_wconf 71' lang='lat' dir='ltr'><strong>XXlV.</strong></span> <span class='ocrx_word' id='word_1_7' title='bbox 2484 399 2844 454; x_wconf 62' lang='lat' dir='ltr'><strong>APPETIDIX.</strong></span> 
     </span>
    </p>
   </div>
   <div class='ocr_carea' id='block_1_3' title="bbox 3465 397 3588 454">
    <p class='ocr_par' dir='ltr' id='par_1_3' title="bbox 3465 397 3588 454">
     <span class='ocr_line' id='line_1_3' title="bbox 3465 397 3588 454; baseline -0.016 0"><span class='ocrx_word' id='word_1_8' title='bbox 3465 397 3588 454; x_wconf 62' lang='grc' dir='ltr'><strong>9ιᾷ</strong></span> 
     </span>
    </p>
   </div>
   <div class='ocr_carea' id='block_1_4' title="bbox 291 506 3573 581">
    <p class='ocr_par' dir='ltr' id='par_1_4' title="bbox 291 506 3573 581">
     <span class='ocr_line' id='line_1_4' title="bbox 291 506 3573 581; baseline -0.001 -16"><span class='ocrx_word' id='word_1_9' title='bbox 291 526 430 565; x_wconf 84' lang='lat' dir='ltr'><strong>vero</strong></span> <span class='ocrx_word' id='word_1_10' title='bbox 459 508 654 571; x_wconf 89' lang='lat' dir='ltr'><strong>minor,</strong></span> <span class='ocrx_word' id='word_1_11' title='bbox 685 506 738 560; x_wconf 91' lang='lat' dir='ltr'><strong>in</strong></span> <span class='ocrx_word' id='word_1_12' title='bbox 762 507 1026 561; x_wconf 86' lang='lat' dir='ltr'><strong>directum</strong></span> <span class='ocrx_word' id='word_1_13' title='bbox 1047 522 1071 547; x_wconf 72' lang='grc' dir='ltr'><strong>ο</strong></span> <span class='ocrx_word' id='word_1_14' title='bbox 1103 509 1423 579; x_wconf 87' lang='lat' dir='ltr'><strong>psallantur.</strong></span> <span class='ocrx_word' id='word_1_15' title='bbox 1449 511 1764 581; x_wconf 81' lang='lat' dir='ltr'><strong>Vespertina</strong></span> <span class='ocrx_word' id='word_1_16' title='bbox 1787 527 1885 565; x_wconf 89' lang='lat' dir='ltr'><strong>au-</strong></span> <span class='ocrx_word' id='word_1_17' title='bbox 1914 510 1965 568; x_wconf 82' lang='lat' dir='ltr'><strong>A</strong></span> <span class='ocrx_word' id='word_1_18' title='bbox 1991 515 2096 572; x_wconf 80' lang='lat' dir='ltr'><strong>est,</strong></span> <span class='ocrx_word' id='word_1_19' title='bbox 2145 507 2425 563; x_wconf 82' lang='lat' dir='ltr'><strong>Dominica</strong></span> <span class='ocrx_word' id='word_1_20' title='bbox 2451 517 2506 562; x_wconf 83' lang='lat' dir='ltr'><strong>et</strong></span> <span class='ocrx_word' id='word_1_21' title='bbox 2526 510 2761 564; x_wconf 84' lang='lat' dir='ltr'><strong>secunda</strong></span> <span class='ocrx_word' id='word_1_22' title='bbox 2807 508 2972 574; x_wconf 76' lang='lat' dir='ltr'><strong>feria;</strong></span> <span class='ocrx_word' id='word_1_23' title='bbox 3010 509 3170 563; x_wconf 87' lang='lat' dir='ltr'><strong>tertia</strong></span> <span class='ocrx_word' id='word_1_24' title='bbox 3198 507 3332 564; x_wconf 68' lang='lat' dir='ltr'><strong>feria</strong></span> <span class='ocrx_word' id='word_1_25' title='bbox 3356 508 3469 578; x_wconf 88' lang='lat' dir='ltr'><strong>jam</strong></span> <span class='ocrx_word' id='word_1_26' title='bbox 3509 508 3573 563; x_wconf 86' lang='lat' dir='ltr'><strong>ad</strong></span> 
     </span>
    </p>
   </div>
   <div class='ocr_carea' id='block_1_5' title="bbox 294 600 1887 673">
    <p class='ocr_par' dir='ltr' id='par_1_5' title="bbox 294 600 1887 673">
     <span class='ocr_line' id='line_1_5' title="bbox 294 600 1887 673; baseline -0.001 -16"><span class='ocrx_word' id='word_1_27' title='bbox 294 613 414 657; x_wconf 86' lang='lat' dir='ltr'><strong>tem</strong></span> <span class='ocrx_word' id='word_1_28' title='bbox 442 600 667 672; x_wconf 85' lang='lat' dir='ltr'><strong>synaxis</strong></span> <span class='ocrx_word' id='word_1_29' title='bbox 694 608 927 669; x_wconf 79' lang='lat' dir='ltr'><strong>quatuor</strong></span> <span class='ocrx_word' id='word_1_30' title='bbox 958 602 1180 670; x_wconf 79' lang='lat' dir='ltr'><strong>psalmis</strong></span> <span class='ocrx_word' id='word_1_31' title='bbox 1215 617 1340 657; x_wconf 90' lang='lat' dir='ltr'><strong>cum</strong></span> <span class='ocrx_word' id='word_1_32' title='bbox 1370 604 1681 673; x_wconf 86' lang='lat' dir='ltr'><strong>antiphonis</strong></span> <span class='ocrx_word' id='word_1_33' title='bbox 1702 604 1887 659; x_wconf 77' lang='grc' dir='ltr'>ιενωί-</span> 
     </span>
    </p>
   </div>
   <div class='ocr_carea' id='block_1_6' title="bbox 292 693 1887 763">
    <p class='ocr_par' dir='ltr' id='par_1_6' title="bbox 292 693 1887 763">
     <span class='ocr_line' id='line_1_6' title="bbox 292 693 1887 763; baseline -0.001 -13"><span class='ocrx_word' id='word_1_34' title='bbox 292 704 482 750; x_wconf 58' lang='lat' dir='ltr'><strong>natur.</strong></span> <span class='ocrx_word' id='word_1_35' title='bbox 506 693 635 748; x_wconf 85' lang='lat' dir='ltr'><strong>Post</strong></span> <span class='ocrx_word' id='word_1_36' title='bbox 656 707 793 762; x_wconf 92' lang='lat' dir='ltr'><strong>quos</strong></span> <span class='ocrx_word' id='word_1_37' title='bbox 811 693 1051 763; x_wconf 86' lang='lat' dir='ltr'><strong>psalmos</strong></span> <span class='ocrx_word' id='word_1_38' title='bbox 1081 694 1109 733; x_wconf 73' lang='grc' dir='ltr'>ι)</span> <span class='ocrx_word' id='word_1_39' title='bbox 1135 694 1376 763; x_wconf 90' lang='lat' dir='ltr'><strong>Apostoli</strong></span> <span class='ocrx_word' id='word_1_40' title='bbox 1421 695 1582 749; x_wconf 77' lang='lat' dir='ltr'><strong>lectio</strong></span> <span class='ocrx_word' id='word_1_41' title='bbox 1612 696 1887 750; x_wconf 89' lang='lat' dir='ltr'><strong>recitanda</strong></span> 
     </span>
    </p>
   </div>
   <div class='ocr_carea' id='block_1_7' title="bbox 293 783 1891 851">
    <p class='ocr_par' dir='ltr' id='par_1_7' title="bbox 293 783 1891 851">
     <span class='ocr_line' id='line_1_7' title="bbox 293 783 1891 851; baseline 0.001 -12"><span class='ocrx_word' id='word_1_42' title='bbox 293 793 407 840; x_wconf 88' lang='lat' dir='ltr'><strong>est.</strong></span> <span class='ocrx_word' id='word_1_43' title='bbox 441 784 566 838; x_wconf 87' lang='lat' dir='ltr'><strong>lnde</strong></span> <span class='ocrx_word' id='word_1_44' title='bbox 592 783 1016 851; x_wconf 86' lang='lat' dir='ltr'><strong>responsorium,</strong></span> <span class='ocrx_word' id='word_1_45' title='bbox 1047 783 1488 851; x_wconf 77' lang='lat' dir='ltr'><strong>Ambrosianum,</strong></span> <span class='ocrx_word' id='word_1_46' title='bbox 1513 801 1721 851; x_wconf 89' lang='lat' dir='ltr'><strong>versus,</strong></span> <span class='ocrx_word' id='word_1_47' title='bbox 1765 802 1891 841; x_wconf 88' lang='lat' dir='ltr'><strong>can-</strong></span> 
     </span>
    </p>
   </div>
   <div class='ocr_carea' id='block_1_8' title="bbox 294 874 1891 946">
    <p class='ocr_par' dir='ltr' id='par_1_8' title="bbox 294 874 1891 946">
     <span class='ocr_line' id='line_1_8' title="bbox 294 874 1891 946; baseline 0.003 -16"><span class='ocrx_word' id='word_1_48' title='bbox 294 878 469 932; x_wconf 89' lang='lat' dir='ltr'><strong>ticum</strong></span> <span class='ocrx_word' id='word_1_49' title='bbox 507 876 572 930; x_wconf 91' lang='lat' dir='ltr'><strong>de</strong></span> <span class='ocrx_word' id='word_1_50' title='bbox 599 874 914 946; x_wconf 84' lang='lat' dir='ltr'><strong>Evangelio,</strong></span> <span class='ocrx_word' id='word_1_51' title='bbox 954 885 1052 930; x_wconf 75' lang='lat' dir='ltr'><strong>etc</strong></span> <span class='ocrx_word' id='word_1_52' title='bbox 1085 877 1262 931; x_wconf 82' lang='lat' dir='ltr'><strong>oratio</strong></span> <span class='ocrx_word' id='word_1_53' title='bbox 1302 877 1618 945; x_wconf 88' lang='lat' dir='ltr'><strong>Dominica;</strong></span> <span class='ocrx_word' id='word_1_54' title='bbox 1659 887 1715 933; x_wconf 91' lang='lat' dir='ltr'><strong>et</strong></span> <span class='ocrx_word' id='word_1_55' title='bbox 1758 880 1891 933; x_wconf 86' lang='lat' dir='ltr'><strong>ﬁant</strong></span> 
     </span>
    </p>
   </div>
   <div class='ocr_carea' id='block_1_9' title="bbox 290 964 1889 1040">
    <p class='ocr_par' dir='ltr' id='par_1_9' title="bbox 290 964 1889 1040">
     <span class='ocr_line' id='line_1_9' title="bbox 290 964 1889 1040; baseline 0.003 -20"><span class='ocrx_word' id='word_1_56' title='bbox 290 966 503 1021; x_wconf 64' lang='lat' dir='ltr'><strong>missa).</strong></span> <span class='ocrx_word' id='word_1_57' title='bbox 562 968 588 1004; x_wconf 82' lang='grc' dir='ltr'>α</span> <span class='ocrx_word' id='word_1_58' title='bbox 630 964 1052 1034; x_wconf 88' lang='lat' dir='ltr'><strong>Completorium</strong></span> <span class='ocrx_word' id='word_1_59' title='bbox 1113 974 1293 1021; x_wconf 86' lang='lat' dir='ltr'><strong>autem</strong></span> <span class='ocrx_word' id='word_1_60' title='bbox 1341 969 1504 1023; x_wconf 88' lang='lat' dir='ltr'><strong>trium</strong></span> <span class='ocrx_word' id='word_1_61' title='bbox 1557 969 1889 1040; x_wconf 85' lang='lat' dir='ltr'><strong>psalmorum</strong></span> 
     </span>
    </p>
   </div>
   <div class='ocr_carea' id='block_1_10' title="bbox 294 1053 1893 1125">
    <p class='ocr_par' dir='ltr' id='par_1_10' title="bbox 294 1053 1893 1125">
     <span class='ocr_line' id='line_1_10' title="bbox 294 1053 1893 1125; baseline 0.003 -15"><span class='ocrx_word' id='word_1_62' title='bbox 294 1055 537 1110; x_wconf 87' lang='lat' dir='ltr'><strong>dictione</strong></span> <span class='ocrx_word' id='word_1_63' title='bbox 561 1054 902 1110; x_wconf 89' lang='lat' dir='ltr'><strong>terminetur.</strong></span> <span class='ocrx_word' id='word_1_64' title='bbox 954 1053 1059 1121; x_wconf 87' lang='lat' dir='ltr'><strong>Qui</strong></span> <span class='ocrx_word' id='word_1_65' title='bbox 1106 1055 1300 1125; x_wconf 82' lang='lat' dir='ltr'><strong>psalmi</strong></span> <span class='ocrx_word' id='word_1_66' title='bbox 1356 1069 1378 1096; x_wconf 73' lang='grc' dir='ltr'><strong>ο</strong></span> <span class='ocrx_word' id='word_1_67' title='bbox 1424 1058 1721 1114; x_wconf 88' lang='lat' dir='ltr'><strong>directanei</strong></span> <span class='ocrx_word' id='word_1_68' title='bbox 1772 1059 1893 1115; x_wconf 84' lang='lat' dir='ltr'><strong>sine</strong></span> 
     </span>
    </p>
   </div>
   <div class='ocr_carea' id='block_1_11' title="bbox 290 1145 1954 1220">
    <p class='ocr_par' dir='ltr' id='par_1_11' title="bbox 290 1145 1954 1220">
     <span class='ocr_line' id='line_1_11' title="bbox 290 1145 1954 1220; baseline 0.001 -21"><span class='ocrx_word' id='word_1_69' title='bbox 290 1145 595 1216; x_wconf 82' lang='lat' dir='ltr'><strong>antiphona</strong></span> <span class='ocrx_word' id='word_1_70' title='bbox 622 1145 835 1200; x_wconf 86' lang='lat' dir='ltr'><strong>dicendi</strong></span> <span class='ocrx_word' id='word_1_71' title='bbox 860 1152 1017 1211; x_wconf 90' lang='lat' dir='ltr'><strong>sunt;</strong></span> <span class='ocrx_word' id='word_1_72' title='bbox 1056 1155 1181 1215; x_wconf 90' lang='lat' dir='ltr'><strong>post</strong></span> <span class='ocrx_word' id='word_1_73' title='bbox 1211 1162 1348 1217; x_wconf 90' lang='lat' dir='ltr'><strong>quos</strong></span> <span class='ocrx_word' id='word_1_74' title='bbox 1378 1148 1610 1220; x_wconf 83' lang='lat' dir='ltr'><strong>hymnus</strong></span> <span class='ocrx_word' id='word_1_75' title='bbox 1649 1149 1892 1219; x_wconf 76' lang='lat' dir='ltr'><strong>ejusdem</strong></span> 
     </span>
    </p>
   </div>
   <div class='ocr_carea' id='block_1_12' title="bbox 292 1236 1887 1308">
    <p class='ocr_par' dir='ltr' id='par_1_12' title="bbox 292 1236 1887 1308">
     <span class='ocr_line' id='line_1_12' title="bbox 292 1236 1887 1308; baseline 0.003 -17"><span class='ocrx_word' id='word_1_76' title='bbox 292 1237 474 1302; x_wconf 71' lang='lat' dir='ltr'><strong>hom,</strong></span> <span class='ocrx_word' id='word_1_77' title='bbox 503 1236 663 1291; x_wconf 81' lang='lat' dir='ltr'><strong>lectio</strong></span> <span class='ocrx_word' id='word_1_78' title='bbox 693 1252 822 1302; x_wconf 88' lang='lat' dir='ltr'><strong>una,</strong></span> <span class='ocrx_word' id='word_1_79' title='bbox 841 1252 1030 1292; x_wconf 86' lang='lat' dir='ltr'><strong>versus</strong></span> <span class='ocrx_word' id='word_1_80' title='bbox 1055 1255 1067 1290; x_wconf 89' lang='lat'><strong>:</strong></span> <span class='ocrx_word' id='word_1_81' title='bbox 1093 1236 1256 1308; x_wconf 85' lang='lat' dir='ltr'><strong>Kyrie</strong></span> <span class='ocrx_word' id='word_1_82' title='bbox 1282 1238 1498 1305; x_wconf 80' lang='lat' dir='ltr'><strong>eleison,</strong></span> <span class='ocrx_word' id='word_1_83' title='bbox 1520 1239 1539 1278; x_wconf 74' lang='grc' dir='ltr'><em>τ</em></span> <span class='ocrx_word' id='word_1_84' title='bbox 1564 1241 1887 1305; x_wconf 81' lang='lat' dir='ltr'><strong>benedictio;</strong></span> 
     </span>
    </p>
   </div>
   <div class='ocr_carea' id='block_1_13' title="bbox 298 1327 870 1399">
    <p class='ocr_par' dir='ltr' id='par_1_13' title="bbox 298 1327 870 1399">
     <span class='ocr_line' id='line_1_13' title="bbox 298 1327 870 1399; baseline -0.002 -16"><span class='ocrx_word' id='word_1_85' title='bbox 298 1331 328 1369; x_wconf 74' lang='grc'><strong>⁸</strong></span> <span class='ocrx_word' id='word_1_86' title='bbox 356 1339 485 1399; x_wconf 86' lang='lat' dir='ltr'><strong>post</strong></span> <span class='ocrx_word' id='word_1_87' title='bbox 514 1328 694 1384; x_wconf 63' lang='lat' dir='ltr'><strong>missae</strong></span> <span class='ocrx_word' id='word_1_88' title='bbox 718 1327 870 1383; x_wconf 89' lang='lat' dir='ltr'><strong>ﬁant.</strong></span> 
     </span>
    </p>
   </div>
   <div class='ocr_carea' id='block_1_14' title="bbox 369 1417 1818 1493">
    <p class='ocr_par' dir='ltr' id='par_1_14' title="bbox 369 1417 1818 1493">
     <span class='ocr_line' id='line_1_14' title="bbox 369 1417 1818 1493; baseline 0.002 -19"><span class='ocrx_word' id='word_1_89' title='bbox 369 1419 646 1474; x_wconf 67' lang='lat' dir='ltr'><strong>Arrzsmx</strong></span> <span class='ocrx_word' id='word_1_90' title='bbox 675 1419 738 1472; x_wconf 92' lang='lat' dir='ltr'><strong>Il.</strong></span> <span class='ocrx_word' id='word_1_91' title='bbox 771 1449 843 1459; x_wconf 95' lang='lat'>—</span> <span class='ocrx_word' id='word_1_92' title='bbox 869 1417 985 1486; x_wconf 82' lang='lat' dir='ltr'><strong>Quo</strong></span> <span class='ocrx_word' id='word_1_93' title='bbox 1012 1421 1195 1476; x_wconf 80' lang='lat' dir='ltr'><strong>ordine</strong></span> <span class='ocrx_word' id='word_1_94' title='bbox 1223 1419 1413 1493; x_wconf 81' lang='lat' dir='ltr'><strong>psalmi</strong></span> <span class='ocrx_word' id='word_1_95' title='bbox 1434 1422 1642 1477; x_wconf 79' lang='lat' dir='ltr'><strong>dicendi</strong></span> <span class='ocrx_word' id='word_1_96' title='bbox 1673 1433 1818 1478; x_wconf 76' lang='lat' dir='ltr'><strong>sunt.</strong></span> 
     </span>
    </p>
   </div>
   <div class='ocr_carea' id='block_1_15' title="bbox 660 1508 1536 1581">
    <p class='ocr_par' dir='ltr' id='par_1_15' title="bbox 660 1508 1536 1581">
     <span class='ocr_line' id='line_1_15' title="bbox 660 1508 1536 1581; baseline 0.002 -19"><span class='ocrx_word' id='word_1_97' title='bbox 660 1508 762 1575; x_wconf 86' lang='lat' dir='ltr'><strong>(Ex</strong></span> <span class='ocrx_word' id='word_1_98' title='bbox 793 1508 981 1563; x_wconf 87' lang='lat' dir='ltr'><strong>eadem</strong></span> <span class='ocrx_word' id='word_1_99' title='bbox 1012 1509 1239 1580; x_wconf 81' lang='lat' dir='ltr'><strong>Regula,</strong></span> <span class='ocrx_word' id='word_1_100' title='bbox 1272 1525 1390 1579; x_wconf 85' lang='lat' dir='ltr'><strong>cap.</strong></span> <span class='ocrx_word' id='word_1_101' title='bbox 1423 1509 1536 1581; x_wconf 77' lang='grc'>18.)</span> 
     </span>
    </p>
   </div>
   <div class='ocr_carea' id='block_1_16' title="bbox 368 1600 1888 1671">
    <p class='ocr_par' dir='ltr' id='par_1_16' title="bbox 368 1600 1888 1671">
     <span class='ocr_line' id='line_1_16' title="bbox 368 1600 1888 1671; baseline 0.001 -15"><span class='ocrx_word' id='word_1_102' title='bbox 368 1601 431 1656; x_wconf 85' lang='lat' dir='ltr'><strong>In</strong></span> <span class='ocrx_word' id='word_1_103' title='bbox 466 1600 660 1670; x_wconf 82' lang='lat' dir='ltr'><strong>primis</strong></span> <span class='ocrx_word' id='word_1_104' title='bbox 689 1616 905 1671; x_wconf 83' lang='lat' dir='ltr'><strong>semper</strong></span> <span class='ocrx_word' id='word_1_105' title='bbox 950 1601 1160 1657; x_wconf 87' lang='lat' dir='ltr'><strong>diurnis</strong></span> <span class='ocrx_word' id='word_1_106' title='bbox 1201 1602 1352 1658; x_wconf 87' lang='lat' dir='ltr'><strong>horis</strong></span> <span class='ocrx_word' id='word_1_107' title='bbox 1392 1602 1610 1658; x_wconf 85' lang='lat' dir='ltr'><strong>dicatur</strong></span> <span class='ocrx_word' id='word_1_108' title='bbox 1655 1618 1888 1660; x_wconf 86' lang='lat' dir='ltr'><strong>versus:</strong></span> 
     </span>
    </p>
   </div>
   <div class='ocr_carea' id='block_1_17' title="bbox 294 1691 1894 1765">
    <p class='ocr_par' dir='ltr' id='par_1_17' title="bbox 294 1691 1894 1765">
     <span class='ocr_line' id='line_1_17' title="bbox 294 1691 1894 1765; baseline 0.001 -18"><span class='ocrx_word' id='word_1_109' title='bbox 294 1693 445 1747; x_wconf 81' lang='lat' dir='ltr'><strong>Deus</strong></span> <span class='ocrx_word' id='word_1_110' title='bbox 474 1694 528 1746; x_wconf 84' lang='lat' dir='ltr'><strong>in</strong></span> <span class='ocrx_word' id='word_1_111' title='bbox 558 1691 887 1762; x_wconf 83' lang='lat' dir='ltr'><strong>adjutorium</strong></span> <span class='ocrx_word' id='word_1_112' title='bbox 908 1709 1078 1747; x_wconf 87' lang='lat' dir='ltr'><strong>meum</strong></span> <span class='ocrx_word' id='word_1_113' title='bbox 1100 1695 1310 1748; x_wconf 76' lang='lat' dir='ltr'><strong>intende</strong></span> <span class='ocrx_word' id='word_1_114' title='bbox 1335 1706 1352 1745; x_wconf 91' lang='lat'><strong><em>:</em></strong></span> <span class='ocrx_word' id='word_1_115' title='bbox 1380 1693 1624 1760; x_wconf 78' lang='lat' dir='ltr'><strong>Domine,</strong></span> <span class='ocrx_word' id='word_1_116' title='bbox 1653 1695 1722 1749; x_wconf 89' lang='lat' dir='ltr'><strong>ad</strong></span> <span class='ocrx_word' id='word_1_117' title='bbox 1742 1695 1894 1765; x_wconf 88' lang='lat' dir='ltr'><strong>adju-</strong></span> 
     </span>
    </p>
   </div>
   <div class='ocr_carea' id='block_1_18' title="bbox 295 1782 1895 1856">
    <p class='ocr_par' dir='ltr' id='par_1_18' title="bbox 295 1782 1895 1856">
     <span class='ocr_line' id='line_1_18' title="bbox 295 1782 1895 1856; baseline 0.002 -18"><span class='ocrx_word' id='word_1_118' title='bbox 295 1782 532 1841; x_wconf 79' lang='lat' dir='ltr'><strong>vandum</strong></span> <span class='ocrx_word' id='word_1_119' title='bbox 562 1799 642 1836; x_wconf 89' lang='lat' dir='ltr'><strong>me</strong></span> <span class='ocrx_word' id='word_1_120' title='bbox 673 1782 886 1852; x_wconf 78' lang='lat' dir='ltr'><strong>festina,</strong></span> <span class='ocrx_word' id='word_1_121' title='bbox 912 1783 941 1823; x_wconf 76' lang='grc' dir='ltr'><strong>ιι</strong></span> <span class='ocrx_word' id='word_1_122' title='bbox 965 1791 1069 1840; x_wconf 90' lang='lat' dir='ltr'><strong>etc.</strong></span> <span class='ocrx_word' id='word_1_123' title='bbox 1111 1784 1240 1840; x_wconf 88' lang='lat' dir='ltr'><strong>lnde</strong></span> <span class='ocrx_word' id='word_1_124' title='bbox 1284 1785 1518 1856; x_wconf 85' lang='lat' dir='ltr'><strong>hymnus</strong></span> <span class='ocrx_word' id='word_1_125' title='bbox 1552 1785 1895 1856; x_wconf 83' lang='lat' dir='ltr'><strong>uniuscujus-</strong></span> 
     </span>
    </p>
   </div>
   <div class='ocr_carea' id='block_1_19' title="bbox 1994 599 3574 671">
    <p class='ocr_par' dir='ltr' id='par_1_19' title="bbox 1994 599 3574 671">
     <span class='ocr_line' id='line_1_19' title="bbox 1994 599 3574 671; baseline 0.001 -17"><span class='ocrx_word' id='word_1_126' title='bbox 1994 601 2232 666; x_wconf 85' lang='lat' dir='ltr'><strong>tertiam,</strong></span> <span class='ocrx_word' id='word_1_127' title='bbox 2263 610 2471 656; x_wconf 84' lang='lat' dir='ltr'><strong>sextam</strong></span> <span class='ocrx_word' id='word_1_128' title='bbox 2500 601 2585 655; x_wconf 93' lang='lat' dir='ltr'><strong>vel</strong></span> <span class='ocrx_word' id='word_1_129' title='bbox 2620 617 2816 656; x_wconf 88' lang='lat' dir='ltr'><strong>nonam</strong></span> <span class='ocrx_word' id='word_1_130' title='bbox 2840 600 3141 671; x_wconf 89' lang='lat' dir='ltr'><strong>psallantur</strong></span> <span class='ocrx_word' id='word_1_131' title='bbox 3162 601 3302 655; x_wconf 90' lang='lat' dir='ltr'><strong>terni</strong></span> <span class='ocrx_word' id='word_1_132' title='bbox 3330 599 3517 671; x_wconf 84' lang='lat' dir='ltr'><strong>psalmi</strong></span> <span class='ocrx_word' id='word_1_133' title='bbox 3545 621 3574 656; x_wconf 68' lang='grc' dir='ltr'><strong>ιι</strong></span> 
     </span>
    </p>
   </div>
   <div class='ocr_carea' id='block_1_20' title="bbox 1990 690 3577 761">
    <p class='ocr_par' dir='ltr' id='par_1_20' title="bbox 1990 690 3577 761">
     <span class='ocr_line' id='line_1_20' title="bbox 1990 690 3577 761; baseline 0 -17"><span class='ocrx_word' id='word_1_134' title='bbox 1990 691 2286 745; x_wconf 88' lang='lat' dir='ltr'><strong>centesimo</strong></span> <span class='ocrx_word' id='word_1_135' title='bbox 2311 691 2666 746; x_wconf 88' lang='lat' dir='ltr'><strong>nonodecimo</strong></span> <span class='ocrx_word' id='word_1_136' title='bbox 2701 707 2870 761; x_wconf 83' lang='lat' dir='ltr'><strong>usque</strong></span> <span class='ocrx_word' id='word_1_137' title='bbox 2902 691 2968 745; x_wconf 83' lang='lat' dir='ltr'><strong>ad</strong></span> <span class='ocrx_word' id='word_1_138' title='bbox 2997 690 3356 747; x_wconf 89' lang='lat' dir='ltr'><strong>centesimum</strong></span> <span class='ocrx_word' id='word_1_139' title='bbox 3382 692 3577 759; x_wconf 78' lang='lat' dir='ltr'><strong>vigesi-</strong></span> 
     </span>
    </p>
   </div>
   <div class='ocr_carea' id='block_1_21' title="bbox 1990 782 3581 854">
    <p class='ocr_par' dir='ltr' id='par_1_21' title="bbox 1990 782 3581 854">
     <span class='ocr_line' id='line_1_21' title="bbox 1990 782 3581 854; baseline 0 -19"><span class='ocrx_word' id='word_1_140' title='bbox 1990 797 2136 837; x_wconf 86' lang='lat' dir='ltr'><strong>mum</strong></span> <span class='ocrx_word' id='word_1_141' title='bbox 2167 785 2483 854; x_wconf 86' lang='lat' dir='ltr'><strong>septimum,</strong></span> <span class='ocrx_word' id='word_1_142' title='bbox 2503 784 2558 838; x_wconf 95' lang='lat' dir='ltr'><strong>id</strong></span> <span class='ocrx_word' id='word_1_143' title='bbox 2584 793 2687 847; x_wconf 90' lang='lat' dir='ltr'><strong>est,</strong></span> <span class='ocrx_word' id='word_1_144' title='bbox 2715 785 2909 853; x_wconf 87' lang='lat' dir='ltr'><strong>psalmi</strong></span> <span class='ocrx_word' id='word_1_145' title='bbox 2953 798 3167 840; x_wconf 88' lang='lat' dir='ltr'><strong>novem.</strong></span> <span class='ocrx_word' id='word_1_146' title='bbox 3200 782 3413 852; x_wconf 83' lang='lat' dir='ltr'><strong>Quique</strong></span> <span class='ocrx_word' id='word_1_147' title='bbox 3436 782 3581 853; x_wconf 54' lang='lat' dir='ltr'><strong>psal~&gt;</strong></span> 
     </span>
    </p>
   </div>
   <div class='ocr_carea' id='block_1_22' title="bbox 1991 873 3585 945">
    <p class='ocr_par' dir='ltr' id='par_1_22' title="bbox 1991 873 3585 945">
     <span class='ocr_line' id='line_1_22' title="bbox 1991 873 3585 945; baseline 0.001 -19"><span class='ocrx_word' id='word_1_148' title='bbox 1991 874 2063 927; x_wconf 89' lang='lat' dir='ltr'><strong>mi</strong></span> <span class='ocrx_word' id='word_1_149' title='bbox 2094 888 2306 943; x_wconf 87' lang='lat' dir='ltr'><strong>semper</strong></span> <span class='ocrx_word' id='word_1_150' title='bbox 2331 882 2354 909; x_wconf 89' lang='grc' dir='ltr'><strong>ο</strong></span> <span class='ocrx_word' id='word_1_151' title='bbox 2387 889 2557 943; x_wconf 86' lang='lat' dir='ltr'><strong>usque</strong></span> <span class='ocrx_word' id='word_1_152' title='bbox 2589 874 2655 928; x_wconf 88' lang='lat' dir='ltr'><strong>ad</strong></span> <span class='ocrx_word' id='word_1_153' title='bbox 2687 875 3023 929; x_wconf 86' lang='lat' dir='ltr'><strong>Dominicam</strong></span> <span class='ocrx_word' id='word_1_154' title='bbox 3050 889 3147 945; x_wconf 90' lang='lat' dir='ltr'><strong>per</strong></span> <span class='ocrx_word' id='word_1_155' title='bbox 3175 874 3394 930; x_wconf 90' lang='lat' dir='ltr'><strong>easdem</strong></span> <span class='ocrx_word' id='word_1_156' title='bbox 3418 873 3585 928; x_wconf 88' lang='lat' dir='ltr'><strong>horas</strong></span> 
     </span>
    </p>
   </div>
   <div class='ocr_carea' id='block_1_23' title="bbox 1993 962 3583 1034">
    <p class='ocr_par' dir='ltr' id='par_1_23' title="bbox 1993 962 3583 1034">
     <span class='ocr_line' id='line_1_23' title="bbox 1993 962 3583 1034; baseline 0.003 -22"><span class='ocrx_word' id='word_1_157' title='bbox 1993 973 2020 1012; x_wconf 80' lang='lat' dir='ltr'><strong>p</strong></span> <span class='ocrx_word' id='word_1_158' title='bbox 2046 962 2230 1017; x_wconf 88' lang='lat' dir='ltr'><strong>itidem</strong></span> <span class='ocrx_word' id='word_1_159' title='bbox 2254 971 2584 1032; x_wconf 86' lang='lat' dir='ltr'><strong>repetantur.</strong></span> <span class='ocrx_word' id='word_1_160' title='bbox 2611 964 2946 1034; x_wconf 84' lang='lat' dir='ltr'><strong>Hymnorum</strong></span> <span class='ocrx_word' id='word_1_161' title='bbox 2980 964 3354 1029; x_wconf 86' lang='lat' dir='ltr'><strong>nihilominus,</strong></span> <span class='ocrx_word' id='word_1_162' title='bbox 3395 964 3583 1018; x_wconf 87' lang='lat' dir='ltr'><strong>lectio-</strong></span> 
     </span>
    </p>
   </div>
   <div class='ocr_carea' id='block_1_24' title="bbox 1990 1055 3593 1126">
    <p class='ocr_par' dir='ltr' id='par_1_24' title="bbox 1990 1055 3593 1126">
     <span class='ocr_line' id='line_1_24' title="bbox 1990 1055 3593 1126; baseline 0 -16"><span class='ocrx_word' id='word_1_163' title='bbox 1990 1070 2140 1121; x_wconf 91' lang='lat' dir='ltr'><strong>num,</strong></span> <span class='ocrx_word' id='word_1_164' title='bbox 2171 1055 2258 1110; x_wconf 92' lang='lat' dir='ltr'><strong>vel</strong></span> <span class='ocrx_word' id='word_1_165' title='bbox 2288 1070 2543 1110; x_wconf 83' lang='lat' dir='ltr'><strong>versuum</strong></span> <span class='ocrx_word' id='word_1_166' title='bbox 2574 1056 2926 1126; x_wconf 87' lang='lat' dir='ltr'><strong>dispositione</strong></span> <span class='ocrx_word' id='word_1_167' title='bbox 2952 1055 3209 1110; x_wconf 82' lang='lat' dir='ltr'><strong>uniformi</strong></span> <span class='ocrx_word' id='word_1_168' title='bbox 3238 1057 3451 1111; x_wconf 89' lang='lat' dir='ltr'><strong>cunctis</strong></span> <span class='ocrx_word' id='word_1_169' title='bbox 3470 1057 3593 1111; x_wconf 81' lang='lat' dir='ltr'><strong>die-</strong></span> 
     </span>
    </p>
   </div>
   <div class='ocr_carea' id='block_1_25' title="bbox 1989 1147 3584 1218">
    <p class='ocr_par' dir='ltr' id='par_1_25' title="bbox 1989 1147 3584 1218">
     <span class='ocr_line' id='line_1_25' title="bbox 1989 1147 3584 1218; baseline -0.001 -14"><span class='ocrx_word' id='word_1_170' title='bbox 1989 1149 2091 1204; x_wconf 90' lang='lat' dir='ltr'><strong>bus</strong></span> <span class='ocrx_word' id='word_1_171' title='bbox 2116 1157 2355 1204; x_wconf 90' lang='lat' dir='ltr'><strong>servata.</strong></span> <span class='ocrx_word' id='word_1_172' title='bbox 2395 1149 2462 1202; x_wconf 87' lang='lat' dir='ltr'><strong>Et</strong></span> <span class='ocrx_word' id='word_1_173' title='bbox 2491 1148 2569 1202; x_wconf 89' lang='lat' dir='ltr'><strong>ita</strong></span> <span class='ocrx_word' id='word_1_174' title='bbox 2591 1149 2821 1209; x_wconf 89' lang='lat' dir='ltr'><strong>scilicet,</strong></span> <span class='ocrx_word' id='word_1_175' title='bbox 2868 1157 2930 1203; x_wconf 90' lang='lat' dir='ltr'><strong>ut</strong></span> <span class='ocrx_word' id='word_1_176' title='bbox 2978 1164 3194 1218; x_wconf 87' lang='lat' dir='ltr'><strong>semper</strong></span> <span class='ocrx_word' id='word_1_177' title='bbox 3239 1147 3519 1205; x_wconf 87' lang='lat' dir='ltr'><strong>Dominica</strong></span> <span class='ocrx_word' id='word_1_178' title='bbox 3552 1165 3584 1203; x_wconf 90' lang='lat' dir='ltr'><strong>a</strong></span> 
     </span>
    </p>
   </div>
   <div class='ocr_carea' id='block_1_26' title="bbox 1993 1241 3583 1312">
    <p class='ocr_par' dir='ltr' id='par_1_26' title="bbox 1993 1241 3583 1312">
     <span class='ocr_line' id='line_1_26' title="bbox 1993 1241 3583 1312; baseline -0.001 -15"><span class='ocrx_word' id='word_1_179' title='bbox 1993 1242 2294 1297; x_wconf 81' lang='lat' dir='ltr'><strong>centesimo</strong></span> <span class='ocrx_word' id='word_1_180' title='bbox 2322 1249 2516 1297; x_wconf 89' lang='lat' dir='ltr'><strong>octavo</strong></span> <span class='ocrx_word' id='word_1_181' title='bbox 2545 1241 2755 1297; x_wconf 89' lang='lat' dir='ltr'><strong>decimo</strong></span> <span class='ocrx_word' id='word_1_182' title='bbox 2782 1241 3094 1311; x_wconf 85' lang='lat' dir='ltr'><strong>incipiatur.</strong></span> <span class='ocrx_word' id='word_1_183' title='bbox 3125 1242 3368 1312; x_wconf 85' lang='lat' dir='ltr'><strong>Vespera</strong></span> <span class='ocrx_word' id='word_1_184' title='bbox 3399 1252 3583 1296; x_wconf 86' lang='lat' dir='ltr'><strong>autem</strong></span> 
     </span>
    </p>
   </div>
   <div class='ocr_carea' id='block_1_27' title="bbox 1991 1332 3580 1403">
    <p class='ocr_par' dir='ltr' id='par_1_27' title="bbox 1991 1332 3580 1403">
     <span class='ocr_line' id='line_1_27' title="bbox 1991 1332 3580 1403; baseline 0 -17"><span class='ocrx_word' id='word_1_185' title='bbox 1991 1332 2234 1401; x_wconf 84' lang='lat' dir='ltr'><strong>quotidie</strong></span> <span class='ocrx_word' id='word_1_186' title='bbox 2259 1340 2495 1402; x_wconf 88' lang='lat' dir='ltr'><strong>quatuor</strong></span> <span class='ocrx_word' id='word_1_187' title='bbox 2520 1332 2853 1403; x_wconf 86' lang='lat' dir='ltr'><strong>psalmorum</strong></span> <span class='ocrx_word' id='word_1_188' title='bbox 2909 1332 3279 1388; x_wconf 88' lang='lat' dir='ltr'><strong>modulatione</strong></span> <span class='ocrx_word' id='word_1_189' title='bbox 3328 1343 3580 1387; x_wconf 85' lang='lat' dir='ltr'><strong>canatur.</strong></span> 
     </span>
    </p>
   </div>
   <div class='ocr_carea' id='block_1_28' title="bbox 1992 1421 3581 1493">
    <p class='ocr_par' dir='ltr' id='par_1_28' title="bbox 1992 1421 3581 1493">
     <span class='ocr_line' id='line_1_28' title="bbox 1992 1421 3581 1493; baseline 0 -17"><span class='ocrx_word' id='word_1_190' title='bbox 1992 1422 2093 1490; x_wconf 89' lang='lat' dir='ltr'><strong>Qui</strong></span> <span class='ocrx_word' id='word_1_191' title='bbox 2125 1423 2317 1493; x_wconf 81' lang='lat' dir='ltr'><strong>psalmi</strong></span> <span class='ocrx_word' id='word_1_192' title='bbox 2347 1423 2677 1493; x_wconf 88' lang='lat' dir='ltr'><strong>incipiantur</strong></span> <span class='ocrx_word' id='word_1_193' title='bbox 2714 1438 2745 1477; x_wconf 92' lang='lat' dir='ltr'><strong>a</strong></span> <span class='ocrx_word' id='word_1_194' title='bbox 2799 1423 3097 1478; x_wconf 86' lang='lat' dir='ltr'><strong>centesimo</strong></span> <span class='ocrx_word' id='word_1_195' title='bbox 3137 1437 3283 1477; x_wconf 89' lang='lat' dir='ltr'><strong>nono</strong></span> <span class='ocrx_word' id='word_1_196' title='bbox 3309 1437 3484 1493; x_wconf 92' lang='lat' dir='ltr'><strong>usque</strong></span> <span class='ocrx_word' id='word_1_197' title='bbox 3513 1421 3581 1476; x_wconf 91' lang='lat' dir='ltr'><strong>ad</strong></span> 
     </span>
    </p>
   </div>
   <div class='ocr_carea' id='block_1_29' title="bbox 1991 1512 3583 1583">
    <p class='ocr_par' dir='ltr' id='par_1_29' title="bbox 1991 1512 3583 1583">
     <span class='ocr_line' id='line_1_29' title="bbox 1991 1512 3583 1583; baseline 0 -16"><span class='ocrx_word' id='word_1_198' title='bbox 1991 1512 2346 1567; x_wconf 87' lang='lat' dir='ltr'><strong>centesimum</strong></span> <span class='ocrx_word' id='word_1_199' title='bbox 2376 1512 2849 1583; x_wconf 83' lang='lat' dir='ltr'><strong>quadragesimum</strong></span> <span class='ocrx_word' id='word_1_200' title='bbox 2873 1513 3188 1582; x_wconf 84' lang='lat' dir='ltr'><strong>septimum,</strong></span> <span class='ocrx_word' id='word_1_201' title='bbox 3219 1513 3460 1582; x_wconf 84' lang='lat' dir='ltr'><strong>exceptis</strong></span> <span class='ocrx_word' id='word_1_202' title='bbox 3475 1512 3583 1577; x_wconf 81' lang='lat' dir='ltr'><strong>his,</strong></span> 
     </span>
    </p>
   </div>
   <div class='ocr_carea' id='block_1_30' title="bbox 1991 1602 3589 1673">
    <p class='ocr_par' dir='ltr' id='par_1_30' title="bbox 1991 1602 3589 1673">
     <span class='ocr_line' id='line_1_30' title="bbox 1991 1602 3589 1673; baseline 0.001 -16"><span class='ocrx_word' id='word_1_203' title='bbox 1991 1603 2083 1673; x_wconf 89' lang='lat' dir='ltr'><strong>qui</strong></span> <span class='ocrx_word' id='word_1_204' title='bbox 2109 1602 2165 1658; x_wconf 88' lang='lat' dir='ltr'><strong>in</strong></span> <span class='ocrx_word' id='word_1_205' title='bbox 2186 1604 2417 1660; x_wconf 88' lang='lat' dir='ltr'><strong>diversis</strong></span> <span class='ocrx_word' id='word_1_206' title='bbox 2428 1604 2577 1659; x_wconf 90' lang='lat' dir='ltr'><strong>horis</strong></span> <span class='ocrx_word' id='word_1_207' title='bbox 2597 1618 2662 1659; x_wconf 82' lang='lat' dir='ltr'><strong>ex</strong></span> <span class='ocrx_word' id='word_1_208' title='bbox 2677 1603 2757 1658; x_wconf 89' lang='lat' dir='ltr'><strong>eis</strong></span> <span class='ocrx_word' id='word_1_209' title='bbox 2777 1611 3211 1672; x_wconf 88' lang='lat' dir='ltr'><strong>sequestrantur,</strong></span> <span class='ocrx_word' id='word_1_210' title='bbox 3231 1603 3282 1659; x_wconf 92' lang='lat' dir='ltr'><strong>id</strong></span> <span class='ocrx_word' id='word_1_211' title='bbox 3295 1613 3402 1669; x_wconf 90' lang='lat' dir='ltr'><strong>est,</strong></span> <span class='ocrx_word' id='word_1_212' title='bbox 3416 1619 3445 1657; x_wconf 90' lang='lat' dir='ltr'><strong>a</strong></span> <span class='ocrx_word' id='word_1_213' title='bbox 3460 1619 3589 1659; x_wconf 89' lang='lat' dir='ltr'><strong>cen-</strong></span> 
     </span>
    </p>
   </div>
   <div class='ocr_carea' id='block_1_31' title="bbox 1992 1694 3587 1770">
    <p class='ocr_par' dir='ltr' id='par_1_31' title="bbox 1992 1694 3587 1770">
     <span class='ocr_line' id='line_1_31' title="bbox 1992 1694 3587 1770; baseline -0.001 -19"><span class='ocrx_word' id='word_1_214' title='bbox 1992 1695 2188 1751; x_wconf 89' lang='lat' dir='ltr'><strong>tesimo</strong></span> <span class='ocrx_word' id='word_1_215' title='bbox 2219 1696 2451 1766; x_wconf 89' lang='lat' dir='ltr'><strong>septimo</strong></span> <span class='ocrx_word' id='word_1_216' title='bbox 2494 1695 2708 1770; x_wconf 88' lang='lat' dir='ltr'><strong>decimo</strong></span> <span class='ocrx_word' id='word_1_217' title='bbox 2752 1696 2819 1750; x_wconf 88' lang='lat' dir='ltr'><strong>ad</strong></span> <span class='ocrx_word' id='word_1_218' title='bbox 2864 1696 3221 1751; x_wconf 87' lang='lat' dir='ltr'><strong>centesimum</strong></span> <span class='ocrx_word' id='word_1_219' title='bbox 3266 1694 3587 1767; x_wconf 79' lang='lat' dir='ltr'><strong>vigesimum</strong></span> 
     </span>
    </p>
   </div>
   <div class='ocr_carea' id='block_1_32' title="bbox 1993 1785 3591 1856">
    <p class='ocr_par' dir='ltr' id='par_1_32' title="bbox 1993 1785 3591 1856">
     <span class='ocr_line' id='line_1_32' title="bbox 1993 1785 3591 1856; baseline 0 -16"><span class='ocrx_word' id='word_1_220' title='bbox 1993 1786 2303 1856; x_wconf 87' lang='lat' dir='ltr'><strong>septimum,</strong></span> <span class='ocrx_word' id='word_1_221' title='bbox 2328 1793 2385 1840; x_wconf 90' lang='lat' dir='ltr'><strong>et</strong></span> <span class='ocrx_word' id='word_1_222' title='bbox 2405 1786 2705 1842; x_wconf 90' lang='lat' dir='ltr'><strong>centesimo</strong></span> <span class='ocrx_word' id='word_1_223' title='bbox 2728 1785 3001 1841; x_wconf 91' lang='lat' dir='ltr'><strong>tricesimo</strong></span> <span class='ocrx_word' id='word_1_224' title='bbox 3024 1785 3206 1851; x_wconf 90' lang='lat' dir='ltr'><strong>tertio,</strong></span> <span class='ocrx_word' id='word_1_225' title='bbox 3228 1793 3284 1840; x_wconf 90' lang='lat' dir='ltr'><strong>et</strong></span> <span class='ocrx_word' id='word_1_226' title='bbox 3294 1785 3591 1841; x_wconf 85' lang='lat' dir='ltr'><strong>centesimo</strong></span> 
     </span>
    </p>
   </div>
   <div class='ocr_carea' id='block_1_33' title="bbox 295 1872 3592 1948">
    <p class='ocr_par' dir='ltr' id='par_1_33' title="bbox 295 1872 3592 1948">
     <span class='ocr_line' id='line_1_33' title="bbox 295 1872 3592 1948; baseline -0.001 -16"><span class='ocrx_word' id='word_1_227' title='bbox 295 1891 411 1946; x_wconf 86' lang='lat' dir='ltr'><strong>que</strong></span> <span class='ocrx_word' id='word_1_228' title='bbox 433 1877 599 1931; x_wconf 65' lang='lat' dir='ltr'><strong>horre.</strong></span> <span class='ocrx_word' id='word_1_229' title='bbox 652 1875 857 1931; x_wconf 87' lang='lat' dir='ltr'><strong>Deinde</strong></span> <span class='ocrx_word' id='word_1_230' title='bbox 888 1876 1062 1946; x_wconf 90' lang='lat' dir='ltr'><strong>prima</strong></span> <span class='ocrx_word' id='word_1_231' title='bbox 1091 1877 1225 1932; x_wconf 90' lang='lat' dir='ltr'><strong>hora</strong></span> <span class='ocrx_word' id='word_1_232' title='bbox 1280 1877 1560 1933; x_wconf 86' lang='lat' dir='ltr'><strong>Dominiea</strong></span> <span class='ocrx_word' id='word_1_233' title='bbox 1593 1880 1607 1919; x_wconf 78' lang='grc' dir='ltr'><strong>ί</strong></span> <span class='ocrx_word' id='word_1_234' title='bbox 1638 1879 1888 1944; x_wconf 86' lang='lat' dir='ltr'><strong>dicenda,</strong></span> <span class='ocrx_word' id='word_1_235' title='bbox 1921 1872 1968 1933; x_wconf 88' lang='lat' dir='ltr'><strong>B</strong></span> <span class='ocrx_word' id='word_1_236' title='bbox 1994 1878 2412 1948; x_wconf 85' lang='lat' dir='ltr'><strong>quadragesimo</strong></span> <span class='ocrx_word' id='word_1_237' title='bbox 2440 1879 2697 1933; x_wconf 89' lang='lat' dir='ltr'><strong>secundo.</strong></span> <span class='ocrx_word' id='word_1_238' title='bbox 2732 1877 2946 1947; x_wconf 80' lang='lat' dir='ltr'><strong>Reliqui</strong></span> <span class='ocrx_word' id='word_1_239' title='bbox 2972 1893 3163 1933; x_wconf 86' lang='lat' dir='ltr'><strong>omnes</strong></span> <span class='ocrx_word' id='word_1_240' title='bbox 3192 1878 3247 1932; x_wconf 93' lang='lat' dir='ltr'><strong>in</strong></span> <span class='ocrx_word' id='word_1_241' title='bbox 3262 1892 3488 1947; x_wconf 89' lang='lat' dir='ltr'><strong>vespera</strong></span> <span class='ocrx_word' id='word_1_242' title='bbox 3507 1876 3592 1931; x_wconf 83' lang='lat' dir='ltr'><strong>di-</strong></span> 
     </span>
    </p>
   </div>
   <div class='ocr_carea' id='block_1_34' title="bbox 295 1969 1889 2040">
    <p class='ocr_par' dir='ltr' id='par_1_34' title="bbox 295 1969 1889 2040">
     <span class='ocr_line' id='line_1_34' title="bbox 295 1969 1889 2040; baseline 0.001 -16"><span class='ocrx_word' id='word_1_243' title='bbox 295 1979 541 2040; x_wconf 87' lang='lat' dir='ltr'><strong>quatuor</strong></span> <span class='ocrx_word' id='word_1_244' title='bbox 582 1969 820 2040; x_wconf 88' lang='lat' dir='ltr'><strong>capitula</strong></span> <span class='ocrx_word' id='word_1_245' title='bbox 865 1969 1060 2040; x_wconf 88' lang='lat' dir='ltr'><strong>psalmi</strong></span> <span class='ocrx_word' id='word_1_246' title='bbox 1093 1969 1105 2019; x_wconf 85' lang='lat' dir='ltr'><strong>i</strong></span> <span class='ocrx_word' id='word_1_247' title='bbox 1144 1970 1429 2025; x_wconf 88' lang='lat' dir='ltr'><strong>centesimi</strong></span> <span class='ocrx_word' id='word_1_248' title='bbox 1481 1972 1658 2026; x_wconf 86' lang='lat' dir='ltr'><strong>octavi</strong></span> <span class='ocrx_word' id='word_1_249' title='bbox 1692 1971 1889 2026; x_wconf 88' lang='lat' dir='ltr'><strong>decimi</strong></span> 
     </span>
    </p>
   </div>
   <div class='ocr_carea' id='block_1_35' title="bbox 298 2059 1888 2131">
    <p class='ocr_par' dir='ltr' id='par_1_35' title="bbox 298 2059 1888 2131">
     <span class='ocr_line' id='line_1_35' title="bbox 298 2059 1888 2131; baseline -0.001 -15"><span class='ocrx_word' id='word_1_250' title='bbox 298 2060 327 2101; x_wconf 75' lang='grc' dir='ltr'>¹ι</span> <span class='ocrx_word' id='word_1_251' title='bbox 365 2061 640 2116; x_wconf 83' lang='lat' dir='ltr'><strong>dicantur.</strong></span> <span class='ocrx_word' id='word_1_252' title='bbox 664 2059 909 2131; x_wconf 84' lang='lat' dir='ltr'><strong>Reliquis</strong></span> <span class='ocrx_word' id='word_1_253' title='bbox 930 2074 1061 2115; x_wconf 91' lang='lat' dir='ltr'><strong>vero</strong></span> <span class='ocrx_word' id='word_1_254' title='bbox 1091 2060 1263 2125; x_wconf 87' lang='lat' dir='ltr'><strong>horis,</strong></span> <span class='ocrx_word' id='word_1_255' title='bbox 1300 2060 1355 2115; x_wconf 92' lang='lat' dir='ltr'><strong>id</strong></span> <span class='ocrx_word' id='word_1_256' title='bbox 1375 2067 1480 2125; x_wconf 87' lang='lat' dir='ltr'><strong>est,</strong></span> <span class='ocrx_word' id='word_1_257' title='bbox 1516 2062 1696 2128; x_wconf 88' lang='lat' dir='ltr'><strong>tertia,</strong></span> <span class='ocrx_word' id='word_1_258' title='bbox 1720 2068 1888 2125; x_wconf 84' lang='lat' dir='ltr'><strong>sexta,</strong></span> 
     </span>
    </p>
   </div>
   <div class='ocr_carea' id='block_1_36' title="bbox 299 2150 1895 2222">
    <p class='ocr_par' dir='ltr' id='par_1_36' title="bbox 299 2150 1895 2222">
     <span class='ocr_line' id='line_1_36' title="bbox 299 2150 1895 2222; baseline -0.001 -18"><span class='ocrx_word' id='word_1_259' title='bbox 299 2152 390 2206; x_wconf 85' lang='lat' dir='ltr'><strong>vel</strong></span> <span class='ocrx_word' id='word_1_260' title='bbox 425 2167 566 2207; x_wconf 88' lang='lat' dir='ltr'><strong>nona</strong></span> <span class='ocrx_word' id='word_1_261' title='bbox 608 2160 765 2207; x_wconf 85' lang='lat' dir='ltr'><strong>terna</strong></span> <span class='ocrx_word' id='word_1_262' title='bbox 816 2150 1051 2220; x_wconf 88' lang='lat' dir='ltr'><strong>capitula</strong></span> <span class='ocrx_word' id='word_1_263' title='bbox 1096 2165 1259 2221; x_wconf 88' lang='lat' dir='ltr'><strong>supra</strong></span> <span class='ocrx_word' id='word_1_264' title='bbox 1289 2150 1475 2222; x_wconf 90' lang='lat' dir='ltr'><strong>scripti</strong></span> <span class='ocrx_word' id='word_1_265' title='bbox 1502 2151 1691 2221; x_wconf 90' lang='lat' dir='ltr'><strong>psalmi</strong></span> <span class='ocrx_word' id='word_1_266' title='bbox 1717 2150 1895 2207; x_wconf 87' lang='lat' dir='ltr'><strong>octavi</strong></span> 
     </span>
    </p>
   </div>
   <div class='ocr_carea' id='block_1_37' title="bbox 300 2237 1897 2309">
    <p class='ocr_par' dir='ltr' id='par_1_37' title="bbox 300 2237 1897 2309">
     <span class='ocr_line' id='line_1_37' title="bbox 300 2237 1897 2309; baseline -0.001 -14"><span class='ocrx_word' id='word_1_267' title='bbox 300 2241 505 2295; x_wconf 86' lang='lat' dir='ltr'><strong>decimi</strong></span> <span class='ocrx_word' id='word_1_268' title='bbox 544 2241 814 2295; x_wconf 86' lang='lat' dir='ltr'><strong>dicantur.</strong></span> <span class='ocrx_word' id='word_1_269' title='bbox 851 2237 933 2293; x_wconf 81' lang='lat' dir='ltr'><strong>Ad</strong></span> <span class='ocrx_word' id='word_1_270' title='bbox 958 2239 1187 2309; x_wconf 83' lang='lat' dir='ltr'><strong>primam</strong></span> <span class='ocrx_word' id='word_1_271' title='bbox 1238 2247 1422 2293; x_wconf 87' lang='lat' dir='ltr'><strong>autem</strong></span> <span class='ocrx_word' id='word_1_272' title='bbox 1469 2240 1720 2295; x_wconf 67' lang='lat' dir='ltr'><strong>secunda:</strong></span> <span class='ocrx_word' id='word_1_273' title='bbox 1744 2237 1897 2293; x_wconf 77' lang='lat' dir='ltr'><strong>feria:</strong></span> 
     </span>
    </p>
   </div>
   <div class='ocr_carea' id='block_1_38' title="bbox 301 2329 1900 2400">
    <p class='ocr_par' dir='ltr' id='par_1_38' title="bbox 301 2329 1900 2400">
     <span class='ocr_line' id='line_1_38' title="bbox 301 2329 1900 2400; baseline -0.002 -15"><span class='ocrx_word' id='word_1_274' title='bbox 301 2331 564 2386; x_wconf 89' lang='lat' dir='ltr'><strong>dicantur</strong></span> <span class='ocrx_word' id='word_1_275' title='bbox 614 2338 723 2385; x_wconf 91' lang='lat' dir='ltr'><strong>tres</strong></span> <span class='ocrx_word' id='word_1_276' title='bbox 774 2329 992 2400; x_wconf 83' lang='lat' dir='ltr'><strong>psalmi,</strong></span> <span class='ocrx_word' id='word_1_277' title='bbox 1018 2329 1073 2384; x_wconf 90' lang='lat' dir='ltr'><strong>id</strong></span> <span class='ocrx_word' id='word_1_278' title='bbox 1119 2339 1222 2394; x_wconf 90' lang='lat' dir='ltr'><strong>est,</strong></span> <span class='ocrx_word' id='word_1_279' title='bbox 1261 2330 1492 2400; x_wconf 90' lang='lat' dir='ltr'><strong>primus,</strong></span> <span class='ocrx_word' id='word_1_280' title='bbox 1525 2329 1816 2394; x_wconf 87' lang='lat' dir='ltr'><strong>secundus,</strong></span> <span class='ocrx_word' id='word_1_281' title='bbox 1844 2335 1900 2382; x_wconf 90' lang='lat' dir='ltr'><strong>et</strong></span> 
     </span>
    </p>
   </div>
   <div class='ocr_carea' id='block_1_39' title="bbox 300 2422 1900 2496">
    <p class='ocr_par' dir='ltr' id='par_1_39' title="bbox 300 2422 1900 2496">
     <span class='ocr_line' id='line_1_39' title="bbox 300 2422 1900 2496; baseline 0.001 -16"><span class='ocrx_word' id='word_1_282' title='bbox 300 2432 517 2480; x_wconf 77' lang='lat' dir='ltr'><strong>sextus.</strong></span> <span class='ocrx_word' id='word_1_283' title='bbox 546 2424 612 2483; x_wconf 87' lang='lat' dir='ltr'><strong>Et</strong></span> <span class='ocrx_word' id='word_1_284' title='bbox 638 2424 713 2479; x_wconf 92' lang='lat' dir='ltr'><strong>ita</strong></span> <span class='ocrx_word' id='word_1_285' title='bbox 737 2439 835 2494; x_wconf 88' lang='lat' dir='ltr'><strong>per</strong></span> <span class='ocrx_word' id='word_1_286' title='bbox 873 2422 1113 2494; x_wconf 89' lang='lat' dir='ltr'><strong>singulos</strong></span> <span class='ocrx_word' id='word_1_287' title='bbox 1162 2422 1277 2478; x_wconf 89' lang='lat' dir='ltr'><strong>dics</strong></span> <span class='ocrx_word' id='word_1_288' title='bbox 1330 2424 1399 2478; x_wconf 90' lang='lat' dir='ltr'><strong>ad</strong></span> <span class='ocrx_word' id='word_1_289' title='bbox 1444 2424 1677 2494; x_wconf 88' lang='lat' dir='ltr'><strong>primam</strong></span> <span class='ocrx_word' id='word_1_290' title='bbox 1727 2441 1900 2496; x_wconf 90' lang='lat' dir='ltr'><strong>usque</strong></span> 
     </span>
    </p>
   </div>
   <div class='ocr_carea' id='block_1_40' title="bbox 308 2514 1901 2587">
    <p class='ocr_par' dir='ltr' id='par_1_40' title="bbox 308 2514 1901 2587">
     <span class='ocr_line' id='line_1_40' title="bbox 308 2514 1901 2587; baseline 0.003 -18"><span class='ocrx_word' id='word_1_291' title='bbox 308 2514 333 2554; x_wconf 78' lang='grc' dir='ltr'><strong>ι</strong></span> <span class='ocrx_word' id='word_1_292' title='bbox 362 2515 694 2571; x_wconf 87' lang='lat' dir='ltr'><strong>dominicam</strong></span> <span class='ocrx_word' id='word_1_293' title='bbox 738 2515 989 2570; x_wconf 88' lang='lat' dir='ltr'><strong>dicantur</strong></span> <span class='ocrx_word' id='word_1_294' title='bbox 1045 2529 1145 2586; x_wconf 91' lang='lat' dir='ltr'><strong>per</strong></span> <span class='ocrx_word' id='word_1_295' title='bbox 1201 2515 1448 2570; x_wconf 86' lang='lat' dir='ltr'><strong>ordinem</strong></span> <span class='ocrx_word' id='word_1_296' title='bbox 1501 2517 1640 2571; x_wconf 89' lang='lat' dir='ltr'><strong>terni</strong></span> <span class='ocrx_word' id='word_1_297' title='bbox 1704 2517 1901 2587; x_wconf 84' lang='lat' dir='ltr'><strong>psalmi</strong></span> 
     </span>
    </p>
   </div>
   <div class='ocr_carea' id='block_1_41' title="bbox 305 2609 1903 2681">
    <p class='ocr_par' dir='ltr' id='par_1_41' title="bbox 305 2609 1903 2681">
     <span class='ocr_line' id='line_1_41' title="bbox 305 2609 1903 2681; baseline 0 -16"><span class='ocrx_word' id='word_1_298' title='bbox 305 2622 349 2650; x_wconf 77' lang='grc' dir='ltr'><strong>ιιι</strong></span> <span class='ocrx_word' id='word_1_299' title='bbox 369 2610 649 2681; x_wconf 86' lang='lat' dir='ltr'><strong>usquead</strong></span> <span class='ocrx_word' id='word_1_300' title='bbox 675 2624 877 2664; x_wconf 88' lang='lat' dir='ltr'><strong>nonum</strong></span> <span class='ocrx_word' id='word_1_301' title='bbox 901 2609 1170 2665; x_wconf 89' lang='lat' dir='ltr'><strong>decimum</strong></span> <span class='ocrx_word' id='word_1_302' title='bbox 1201 2609 1468 2681; x_wconf 89' lang='lat' dir='ltr'><strong>psalmum</strong></span> <span class='ocrx_word' id='word_1_303' title='bbox 1498 2629 1510 2665; x_wconf 94' lang='lat'>:</span> <span class='ocrx_word' id='word_1_304' title='bbox 1549 2610 1624 2665; x_wconf 91' lang='lat' dir='ltr'><strong>ita</strong></span> <span class='ocrx_word' id='word_1_305' title='bbox 1652 2627 1800 2675; x_wconf 88' lang='lat' dir='ltr'><strong>sane,</strong></span> <span class='ocrx_word' id='word_1_306' title='bbox 1842 2620 1903 2666; x_wconf 86' lang='lat' dir='ltr'><strong>ut</strong></span> 
     </span>
    </p>
   </div>
   <div class='ocr_carea' id='block_1_42' title="bbox 307 2701 1903 2775">
    <p class='ocr_par' dir='ltr' id='par_1_42' title="bbox 307 2701 1903 2775">
     <span class='ocr_line' id='line_1_42' title="bbox 307 2701 1903 2775; baseline 0.001 -16"><span class='ocrx_word' id='word_1_307' title='bbox 307 2718 497 2759; x_wconf 83' lang='lat' dir='ltr'><strong>nonus</strong></span> <span class='ocrx_word' id='word_1_308' title='bbox 527 2701 791 2773; x_wconf 87' lang='lat' dir='ltr'><strong>psalmus,</strong></span> <span class='ocrx_word' id='word_1_309' title='bbox 824 2710 879 2757; x_wconf 91' lang='lat' dir='ltr'><strong>et</strong></span> <span class='ocrx_word' id='word_1_310' title='bbox 905 2701 1168 2771; x_wconf 89' lang='lat' dir='ltr'><strong>septimus</strong></span> <span class='ocrx_word' id='word_1_311' title='bbox 1215 2701 1460 2757; x_wconf 90' lang='lat' dir='ltr'><strong>decimus</strong></span> <span class='ocrx_word' id='word_1_312' title='bbox 1502 2703 1810 2775; x_wconf 89' lang='lat' dir='ltr'><strong>partiantur</strong></span> <span class='ocrx_word' id='word_1_313' title='bbox 1848 2705 1903 2760; x_wconf 92' lang='lat' dir='ltr'><strong>in</strong></span> 
     </span>
    </p>
   </div>
   <div class='ocr_carea' id='block_1_43' title="bbox 309 2790 1904 2864">
    <p class='ocr_par' dir='ltr' id='par_1_43' title="bbox 309 2790 1904 2864">
     <span class='ocr_line' id='line_1_43' title="bbox 309 2790 1904 2864; baseline 0 -13"><span class='ocrx_word' id='word_1_314' title='bbox 309 2794 452 2851; x_wconf 88' lang='lat' dir='ltr'><strong>duas</strong></span> <span class='ocrx_word' id='word_1_315' title='bbox 476 2793 713 2864; x_wconf 90' lang='lat' dir='ltr'><strong>glorias:</strong></span> <span class='ocrx_word' id='word_1_316' title='bbox 739 2802 795 2848; x_wconf 89' lang='lat' dir='ltr'><strong>et</strong></span> <span class='ocrx_word' id='word_1_317' title='bbox 842 2792 923 2848; x_wconf 90' lang='lat' dir='ltr'><strong>sic</strong></span> <span class='ocrx_word' id='word_1_318' title='bbox 968 2790 1083 2857; x_wconf 83' lang='lat' dir='ltr'><strong>ﬁat,</strong></span> <span class='ocrx_word' id='word_1_319' title='bbox 1114 2802 1142 2830; x_wconf 84' lang='grc' dir='ltr'><strong>ιι</strong></span> <span class='ocrx_word' id='word_1_320' title='bbox 1167 2799 1228 2846; x_wconf 83' lang='grc' dir='ltr'><strong>ιιι</strong></span> <span class='ocrx_word' id='word_1_321' title='bbox 1265 2793 1333 2847; x_wconf 90' lang='lat' dir='ltr'><strong>ad</strong></span> <span class='ocrx_word' id='word_1_322' title='bbox 1358 2793 1571 2863; x_wconf 78' lang='lat' dir='ltr'><strong>vigilias</strong></span> <span class='ocrx_word' id='word_1_323' title='bbox 1623 2793 1904 2851; x_wconf 85' lang='lat' dir='ltr'><strong>Dominica</strong></span> 
     </span>
    </p>
   </div>
   <div class='ocr_carea' id='block_1_44' title="bbox 311 2882 1906 2955">
    <p class='ocr_par' dir='ltr' id='par_1_44' title="bbox 311 2882 1906 2955">
     <span class='ocr_line' id='line_1_44' title="bbox 311 2882 1906 2955; baseline 0 -15"><span class='ocrx_word' id='word_1_324' title='bbox 311 2899 535 2955; x_wconf 87' lang='lat' dir='ltr'><strong>semper</strong></span> <span class='ocrx_word' id='word_1_325' title='bbox 574 2898 605 2938; x_wconf 89' lang='lat' dir='ltr'><strong>a</strong></span> <span class='ocrx_word' id='word_1_326' title='bbox 652 2883 913 2939; x_wconf 87' lang='lat' dir='ltr'><strong>vicesimo</strong></span> <span class='ocrx_word' id='word_1_327' title='bbox 964 2882 1275 2953; x_wconf 87' lang='lat' dir='ltr'><strong>incipiatur.</strong></span> <span class='ocrx_word' id='word_1_328' title='bbox 1320 2882 1417 2938; x_wconf 66' lang='lat' dir='ltr'><strong>Ad</strong></span> <span class='ocrx_word' id='word_1_329' title='bbox 1468 2884 1681 2939; x_wconf 85' lang='lat' dir='ltr'><strong>tertiam</strong></span> <span class='ocrx_word' id='word_1_330' title='bbox 1708 2925 1724 2952; x_wconf 92' lang='lat'><strong>,</strong></span> <span class='ocrx_word' id='word_1_331' title='bbox 1773 2899 1906 2941; x_wconf 88' lang='lat' dir='ltr'><strong>vero</strong></span> 
     </span>
    </p>
   </div>
   <div class='ocr_carea' id='block_1_45' title="bbox 311 2972 1905 3046">
    <p class='ocr_par' dir='ltr' id='par_1_45' title="bbox 311 2972 1905 3046">
     <span class='ocr_line' id='line_1_45' title="bbox 311 2972 1905 3046; baseline -0.001 -14"><span class='ocrx_word' id='word_1_332' title='bbox 311 2984 554 3041; x_wconf 82' lang='lat' dir='ltr'><strong>sextam,</strong></span> <span class='ocrx_word' id='word_1_333' title='bbox 579 2988 889 3043; x_wconf 89' lang='lat' dir='ltr'><strong>nonamque</strong></span> <span class='ocrx_word' id='word_1_334' title='bbox 917 2972 1068 3029; x_wconf 65' lang='lat' dir='ltr'><strong>ferire</strong></span> <span class='ocrx_word' id='word_1_335' title='bbox 1095 2974 1367 3039; x_wconf 79' lang='lat' dir='ltr'><strong>secundae,</strong></span> <span class='ocrx_word' id='word_1_336' title='bbox 1412 2989 1606 3030; x_wconf 87' lang='lat' dir='ltr'><strong>novem</strong></span> <span class='ocrx_word' id='word_1_337' title='bbox 1644 2975 1905 3046; x_wconf 87' lang='lat' dir='ltr'><strong>capitula,</strong></span> 
     </span>
    </p>
   </div>
   <div class='ocr_carea' id='block_1_46' title="bbox 311 3063 1909 3137">
    <p class='ocr_par' dir='ltr' id='par_1_46' title="bbox 311 3063 1909 3137">
     <span class='ocr_line' id='line_1_46' title="bbox 311 3063 1909 3137; baseline 0.003 -18"><span class='ocrx_word' id='word_1_338' title='bbox 311 3080 441 3136; x_wconf 62' lang='lat' dir='ltr'><strong>qua</strong></span> <span class='ocrx_word' id='word_1_339' title='bbox 463 3064 676 3119; x_wconf 89' lang='lat' dir='ltr'><strong>residua</strong></span> <span class='ocrx_word' id='word_1_340' title='bbox 704 3070 829 3119; x_wconf 88' lang='lat' dir='ltr'><strong>sunt</strong></span> <span class='ocrx_word' id='word_1_341' title='bbox 848 3064 915 3119; x_wconf 90' lang='lat' dir='ltr'><strong>de</strong></span> <span class='ocrx_word' id='word_1_342' title='bbox 937 3063 1234 3118; x_wconf 64' lang='lat' dir='ltr'><strong>centesimo</strong></span> <span class='ocrx_word' id='word_1_343' title='bbox 1261 3063 1472 3119; x_wconf 88' lang='lat' dir='ltr'><strong>decimo</strong></span> <span class='ocrx_word' id='word_1_344' title='bbox 1510 3072 1703 3123; x_wconf 87' lang='lat' dir='ltr'><strong>octavo</strong></span> <span class='ocrx_word' id='word_1_345' title='bbox 1723 3107 1737 3130; x_wconf 91' lang='lat'><strong>,</strong></span> <span class='ocrx_word' id='word_1_346' title='bbox 1790 3067 1909 3137; x_wconf 90' lang='lat' dir='ltr'><strong>ipsa</strong></span> 
     </span>
    </p>
   </div>
   <div class='ocr_carea' id='block_1_47' title="bbox 316 3155 1906 3232">
    <p class='ocr_par' dir='ltr' id='par_1_47' title="bbox 316 3155 1906 3232">
     <span class='ocr_line' id='line_1_47' title="bbox 316 3155 1906 3232; baseline 0.003 -21"><span class='ocrx_word' id='word_1_347' title='bbox 316 3166 477 3211; x_wconf 87' lang='lat' dir='ltr'><strong>terna</strong></span> <span class='ocrx_word' id='word_1_348' title='bbox 523 3171 623 3227; x_wconf 89' lang='lat' dir='ltr'><strong>per</strong></span> <span class='ocrx_word' id='word_1_349' title='bbox 669 3156 889 3211; x_wconf 88' lang='lat' dir='ltr'><strong>easdem</strong></span> <span class='ocrx_word' id='word_1_350' title='bbox 947 3156 1111 3210; x_wconf 90' lang='lat' dir='ltr'><strong>horas</strong></span> <span class='ocrx_word' id='word_1_351' title='bbox 1163 3155 1431 3210; x_wconf 88' lang='lat' dir='ltr'><strong>dicantur.</strong></span> <span class='ocrx_word' id='word_1_352' title='bbox 1484 3157 1739 3229; x_wconf 85' lang='lat' dir='ltr'><strong>Expenso</strong></span> <span class='ocrx_word' id='word_1_353' title='bbox 1774 3175 1906 3232; x_wconf 85' lang='lat' dir='ltr'><strong>ergo</strong></span> 
     </span>
    </p>
   </div>
   <div class='ocr_carea' id='block_1_48' title="bbox 314 3234 1979 3319">
    <p class='ocr_par' dir='ltr' id='par_1_48' title="bbox 314 3234 1979 3319">
     <span class='ocr_line' id='line_1_48' title="bbox 314 3234 1979 3319; baseline 0.005 -16"><span class='ocrx_word' id='word_1_354' title='bbox 314 3248 531 3319; x_wconf 87' lang='lat' dir='ltr'><strong>psalmo</strong></span> <span class='ocrx_word' id='word_1_355' title='bbox 561 3248 858 3304; x_wconf 86' lang='lat' dir='ltr'><strong>centesimo</strong></span> <span class='ocrx_word' id='word_1_356' title='bbox 882 3255 1074 3304; x_wconf 88' lang='lat' dir='ltr'><strong>octavo</strong></span> <span class='ocrx_word' id='word_1_357' title='bbox 1098 3248 1310 3304; x_wconf 90' lang='lat' dir='ltr'><strong>decimo</strong></span> <span class='ocrx_word' id='word_1_358' title='bbox 1362 3249 1570 3307; x_wconf 90' lang='lat' dir='ltr'><strong>duobus</strong></span> <span class='ocrx_word' id='word_1_359' title='bbox 1610 3251 1822 3319; x_wconf 90' lang='lat' dir='ltr'><strong>diebus,</strong></span> <span class='ocrx_word' id='word_1_360' title='bbox 1852 3254 1906 3311; x_wconf 91' lang='lat' dir='ltr'><strong>id</strong></span> <span class='ocrx_word' id='word_1_361' title='bbox 1933 3234 1979 3298; x_wconf 72' lang='grc' dir='ltr'>ο</span> 
     </span>
    </p>
   </div>
   <div class='ocr_carea' id='block_1_49' title="bbox 316 3382 1909 3466">
    <p class='ocr_par' dir='ltr' id='par_1_49' title="bbox 316 3382 1909 3466">
     <span class='ocr_line' id='line_1_49' title="bbox 316 3382 1909 3466; baseline 0.003 -27"><span class='ocrx_word' id='word_1_362' title='bbox 316 3397 487 3466; x_wconf 84' lang='lat' dir='ltr'><strong>opera</strong></span> <span class='ocrx_word' id='word_1_363' title='bbox 526 3382 768 3464; x_wconf 68' lang='lat' dir='ltr'><strong>diurna:</strong></span> <span class='ocrx_word' id='word_1_364' title='bbox 803 3383 1038 3466; x_wconf 75' lang='lat' dir='ltr'><strong>maxime</strong></span> <span class='ocrx_word' id='word_1_365' title='bbox 1094 3397 1234 3465; x_wconf 42' lang='lat' dir='ltr'><strong>cum.</strong></span> <span class='ocrx_word' id='word_1_366' title='bbox 1268 3383 1507 3466; x_wconf 72' lang='lat' dir='ltr'><strong>minoris</strong></span> <span class='ocrx_word' id='word_1_367' title='bbox 1536 3388 1909 3466; x_wconf 75' lang='lat' dir='ltr'><strong>congregatio-</strong></span> 
     </span>
    </p>
   </div>
   <div class='ocr_carea' id='block_1_50' title="bbox 318 3453 1910 3514">
    <p class='ocr_par' dir='ltr' id='par_1_50' title="bbox 318 3453 1910 3514">
     <span class='ocr_line' id='line_1_50' title="bbox 318 3453 1910 3514; baseline 0.003 -5"><span class='ocrx_word' id='word_1_368' title='bbox 318 3453 410 3510; x_wconf 88' lang='lat' dir='ltr'><strong>nis</strong></span> <span class='ocrx_word' id='word_1_369' title='bbox 436 3453 771 3508; x_wconf 84' lang='lat' dir='ltr'><strong>monasteria</strong></span> <span class='ocrx_word' id='word_1_370' title='bbox 805 3453 914 3507; x_wconf 91' lang='lat' dir='ltr'><strong>sint</strong></span> <span class='ocrx_word' id='word_1_371' title='bbox 951 3453 1112 3507; x_wconf 88' lang='lat' dir='ltr'><strong>etiam</strong></span> <span class='ocrx_word' id='word_1_372' title='bbox 1162 3453 1389 3507; x_wconf 88' lang='lat' dir='ltr'><strong>minoris</strong></span> <span class='ocrx_word' id='word_1_373' title='bbox 1427 3453 1788 3511; x_wconf 65' lang='lat' dir='ltr'><strong>substantiae:</strong></span> <span class='ocrx_word' id='word_1_374' title='bbox 1832 3460 1910 3514; x_wconf 87' lang='lat' dir='ltr'><strong>ita</strong></span> 
     </span>
    </p>
   </div>
   <div class='ocr_carea' id='block_1_51' title="bbox 320 3523 1912 3607">
    <p class='ocr_par' dir='ltr' id='par_1_51' title="bbox 320 3523 1912 3607">
     <span class='ocr_line' id='line_1_51' title="bbox 320 3523 1912 3607; baseline 0.004 -30"><span class='ocrx_word' id='word_1_375' title='bbox 320 3533 388 3607; x_wconf 71' lang='lat' dir='ltr'><strong>ut</strong></span> <span class='ocrx_word' id='word_1_376' title='bbox 412 3538 634 3579; x_wconf 88' lang='lat' dir='ltr'><strong>necesse</strong></span> <span class='ocrx_word' id='word_1_377' title='bbox 657 3525 729 3607; x_wconf 74' lang='lat' dir='ltr'><strong>sit</strong></span> <span class='ocrx_word' id='word_1_378' title='bbox 751 3523 1013 3593; x_wconf 77' lang='lat' dir='ltr'><strong>quosdam</strong></span> <span class='ocrx_word' id='word_1_379' title='bbox 1034 3539 1100 3607; x_wconf 54' lang='lat' dir='ltr'><strong>ex</strong></span> <span class='ocrx_word' id='word_1_380' title='bbox 1128 3524 1193 3577; x_wconf 89' lang='lat' dir='ltr'><strong>iis</strong></span> <span class='ocrx_word' id='word_1_381' title='bbox 1218 3524 1365 3606; x_wconf 42' lang='lat' dir='ltr'><strong>foris.</strong></span> <span class='ocrx_word' id='word_1_382' title='bbox 1377 3524 1625 3607; x_wconf 70' lang='lat' dir='ltr'><strong>frugibus</strong></span> <span class='ocrx_word' id='word_1_383' title='bbox 1653 3525 1912 3598; x_wconf 77' lang='lat' dir='ltr'><strong>colligen—</strong></span> 
     </span>
    </p>
   </div>
   <div class='ocr_carea' id='block_1_52' title="bbox 319 3593 1909 3667">
    <p class='ocr_par' dir='ltr' id='par_1_52' title="bbox 319 3593 1909 3667">
     <span class='ocr_line' id='line_1_52' title="bbox 319 3593 1909 3667; baseline 0.004 -18"><span class='ocrx_word' id='word_1_384' title='bbox 319 3594 409 3649; x_wconf 90' lang='lat' dir='ltr'><strong>dis</strong></span> <span class='ocrx_word' id='word_1_385' title='bbox 435 3603 531 3667; x_wconf 83' lang='lat' dir='ltr'><strong>aut</strong></span> <span class='ocrx_word' id='word_1_386' title='bbox 555 3596 813 3667; x_wconf 78' lang='lat' dir='ltr'><strong>operibus</strong></span> <span class='ocrx_word' id='word_1_387' title='bbox 834 3603 965 3667; x_wconf 78' lang='lat' dir='ltr'><strong>puta</strong></span> <span class='ocrx_word' id='word_1_388' title='bbox 995 3593 1217 3667; x_wconf 80' lang='lat' dir='ltr'><strong>culinae,</strong></span> <span class='ocrx_word' id='word_1_389' title='bbox 1241 3603 1295 3648; x_wconf 91' lang='lat' dir='ltr'><strong>et</strong></span> <span class='ocrx_word' id='word_1_390' title='bbox 1323 3593 1594 3667; x_wconf 88' lang='lat' dir='ltr'><strong>similibus</strong></span> <span class='ocrx_word' id='word_1_391' title='bbox 1631 3593 1909 3667; x_wconf 71' lang='lat' dir='ltr'><strong>occupari,</strong></span> 
     </span>
    </p>
   </div>
   <div class='ocr_carea' id='block_1_53' title="bbox 318 3663 1910 3737">
    <p class='ocr_par' dir='ltr' id='par_1_53' title="bbox 318 3663 1910 3737">
     <span class='ocr_line' id='line_1_53' title="bbox 318 3663 1910 3737; baseline 0.004 -19"><span class='ocrx_word' id='word_1_392' title='bbox 318 3665 515 3734; x_wconf 88' lang='lat' dir='ltr'><strong>paucis</strong></span> <span class='ocrx_word' id='word_1_393' title='bbox 572 3663 862 3737; x_wconf 80' lang='lat' dir='ltr'><strong>admodum</strong></span> <span class='ocrx_word' id='word_1_394' title='bbox 921 3663 972 3717; x_wconf 89' lang='lat' dir='ltr'><strong>in</strong></span> <span class='ocrx_word' id='word_1_395' title='bbox 1021 3664 1187 3737; x_wconf 81' lang='lat' dir='ltr'><strong>choro</strong></span> <span class='ocrx_word' id='word_1_396' title='bbox 1223 3666 1656 3737; x_wconf 83' lang='lat' dir='ltr'><strong>remanentibus,</strong></span> <span class='ocrx_word' id='word_1_397' title='bbox 1712 3663 1910 3737; x_wconf 77' lang='lat' dir='ltr'><strong>quibus</strong></span> 
     </span>
    </p>
   </div>
   <div class='ocr_carea' id='block_1_54' title="bbox 319 3733 1779 3806">
    <p class='ocr_par' dir='ltr' id='par_1_54' title="bbox 319 3733 1779 3806">
     <span class='ocr_line' id='line_1_54' title="bbox 319 3733 1779 3806; baseline 0.003 -18"><span class='ocrx_word' id='word_1_398' title='bbox 319 3733 493 3806; x_wconf 77' lang='lat' dir='ltr'><strong>grave</strong></span> <span class='ocrx_word' id='word_1_399' title='bbox 522 3744 666 3806; x_wconf 88' lang='lat' dir='ltr'><strong>esset</strong></span> <span class='ocrx_word' id='word_1_400' title='bbox 693 3736 792 3789; x_wconf 88' lang='lat' dir='ltr'><strong>has</strong></span> <span class='ocrx_word' id='word_1_401' title='bbox 822 3736 984 3806; x_wconf 83' lang='lat' dir='ltr'><strong>horas</strong></span> <span class='ocrx_word' id='word_1_402' title='bbox 1009 3733 1234 3806; x_wconf 73' lang='lat' dir='ltr'><strong>solemni</strong></span> <span class='ocrx_word' id='word_1_403' title='bbox 1260 3744 1423 3789; x_wconf 90' lang='lat' dir='ltr'><strong>cantu</strong></span> <span class='ocrx_word' id='word_1_404' title='bbox 1447 3733 1779 3805; x_wconf 79' lang='lat' dir='ltr'><strong>persolvere.</strong></span> 
     </span>
    </p>
   </div>
   <div class='ocr_carea' id='block_1_55' title="bbox 398 3803 1440 3863">
    <p class='ocr_par' dir='ltr' id='par_1_55' title="bbox 398 3803 1440 3863">
     <span class='ocr_line' id='line_1_55' title="bbox 398 3803 1440 3863; baseline 0.001 -6"><span class='ocrx_word' id='word_1_405' title='bbox 398 3819 424 3845; x_wconf 75' lang='grc' dir='ltr'>ι</span> <span class='ocrx_word' id='word_1_406' title='bbox 461 3803 786 3859; x_wconf 77' lang='lat' dir='ltr'><strong>Psallantur‘.</strong></span> <span class='ocrx_word' id='word_1_407' title='bbox 815 3804 956 3859; x_wconf 90' lang='lat' dir='ltr'><strong>Vict.</strong></span> <span class='ocrx_word' id='word_1_408' title='bbox 983 3818 1115 3863; x_wconf 86' lang='lat' dir='ltr'><strong>ma..</strong></span> <span class='ocrx_word' id='word_1_409' title='bbox 1147 3803 1440 3859; x_wconf 80' lang='lat' dir='ltr'><strong>Conantur.</strong></span> 
     </span>
    </p>
   </div>
   <div class='ocr_carea' id='block_1_56' title="bbox 323 3872 1909 4001">
    <p class='ocr_par' dir='ltr' id='par_1_56' title="bbox 323 3872 1909 4001">
     <span class='ocr_line' id='line_1_56' title="bbox 323 3872 1909 4001; baseline -0.001 -71"><span class='ocrx_word' id='word_1_410' title='bbox 323 3945 374 4001; x_wconf 63' lang='grc' dir='ltr'>Β</span> <span class='ocrx_word' id='word_1_411' title='bbox 398 3874 427 3914; x_wconf 74' lang='grc' dir='ltr'><strong>ι’</strong></span> <span class='ocrx_word' id='word_1_412' title='bbox 457 3874 711 3999; x_wconf 50' lang='lat' dir='ltr'><strong>Atpostoli.</strong></span> <span class='ocrx_word' id='word_1_413' title='bbox 744 3874 912 3930; x_wconf 86' lang='lat' dir='ltr'><strong>Abest</strong></span> <span class='ocrx_word' id='word_1_414' title='bbox 935 3875 1004 3929; x_wconf 91' lang='lat' dir='ltr'><strong>ab</strong></span> <span class='ocrx_word' id='word_1_415' title='bbox 1030 3874 1151 3930; x_wconf 90' lang='lat' dir='ltr'><strong>aliis</strong></span> <span class='ocrx_word' id='word_1_416' title='bbox 1191 3876 1313 3932; x_wconf 90' lang='lat' dir='ltr'><strong>cod.</strong></span> <span class='ocrx_word' id='word_1_417' title='bbox 1351 3891 1480 3930; x_wconf 92' lang='lat' dir='ltr'><strong>mss.</strong></span> <span class='ocrx_word' id='word_1_418' title='bbox 1530 3875 1734 3931; x_wconf 88' lang='lat' dir='ltr'><strong>nostris</strong></span> <span class='ocrx_word' id='word_1_419' title='bbox 1772 3882 1828 3928; x_wconf 88' lang='lat' dir='ltr'><strong>et</strong></span> <span class='ocrx_word' id='word_1_420' title='bbox 1851 3872 1909 3928; x_wconf 91' lang='grc'><strong>8.</strong></span> 
     </span>
     <span class='ocr_line' id='line_1_57' title="bbox 378 3961 632 4000; baseline -0.004 -1"><span class='ocrx_word' id='word_1_421' title='bbox 378 3961 481 4000; x_wconf 92' lang='lat' dir='ltr'><strong>uns</strong></span> <span class='ocrx_word' id='word_1_422' title='bbox 506 3961 632 3999; x_wconf 91' lang='lat' dir='ltr'><strong>ano.</strong></span> 
     </span>
    </p>
   </div>
   <div class='ocr_carea' id='block_1_57' title="bbox 378 3954 632 4000">
    <p class='ocr_par' dir='ltr' id='par_1_57' title="bbox 378 3954 632 4000">
     <span class='ocr_line' id='line_1_58' title="bbox 378 3954 632 4000; baseline -0.004 -1"><span class='ocrx_word' id='word_1_423' title='bbox 378 3954 632 4000; x_wconf 88' lang='lat' dir='ltr'><strong>unstano.</strong></span> 
     </span>
    </p>
   </div>
   <div class='ocr_carea' id='block_1_58' title="bbox 328 4014 1918 4138">
    <p class='ocr_par' dir='ltr' id='par_1_58' title="bbox 328 4014 1918 4138">
     <span class='ocr_line' id='line_1_59' title="bbox 328 4014 1918 4138; baseline 0.005 -80"><span class='ocrx_word' id='word_1_424' title='bbox 328 4027 426 4138; x_wconf 61' lang='lat' dir='ltr'><strong>huc</strong></span> <span class='ocrx_word' id='word_1_425' title='bbox 458 4014 646 4071; x_wconf 84' lang='lat' dir='ltr'><strong>Oratio</strong></span> <span class='ocrx_word' id='word_1_426' title='bbox 699 4015 999 4071; x_wconf 86' lang='lat' dir='ltr'><strong>Dominica.</strong></span> <span class='ocrx_word' id='word_1_427' title='bbox 1052 4015 1191 4072; x_wconf 90' lang='lat' dir='ltr'><strong>Vict.</strong></span> <span class='ocrx_word' id='word_1_428' title='bbox 1239 4030 1293 4084; x_wconf 86' lang='lat' dir='ltr'><strong>p.</strong></span> <span class='ocrx_word' id='word_1_429' title='bbox 1345 4016 1536 4071; x_wconf 89' lang='lat' dir='ltr'><strong>addit:</strong></span> <span class='ocrx_word' id='word_1_430' title='bbox 1571 4015 1700 4070; x_wconf 85' lang='lat' dir='ltr'><strong>Cum</strong></span> <span class='ocrx_word' id='word_1_431' title='bbox 1749 4016 1918 4087; x_wconf 85' lang='lat' dir='ltr'><strong>preci-</strong></span> 
     </span>
     <span class='ocr_line' id='line_1_60' title="bbox 402 4103 452 4138; baseline -0.02 1"><span class='ocrx_word' id='word_1_432' title='bbox 402 4103 452 4138; x_wconf 73' lang='grc' dir='ltr'>ε.</span> 
     </span>
    </p>
   </div>
   <div class='ocr_carea' id='block_1_59' title="bbox 366 4100 452 4140">
    <p class='ocr_par' dir='ltr' id='par_1_59' title="bbox 366 4100 452 4140">
     <span class='ocr_line' id='line_1_61' title="bbox 366 4100 452 4140; baseline -0.023 0"><span class='ocrx_word' id='word_1_433' title='bbox 366 4100 452 4140; x_wconf 70' lang='grc' dir='ltr'>ιιι.</span> 
     </span>
    </p>
   </div>
   <div class='ocr_carea' id='block_1_60' title="bbox 399 4153 1919 4227">
    <p class='ocr_par' dir='ltr' id='par_1_60' title="bbox 399 4153 1919 4227">
     <span class='ocr_line' id='line_1_62' title="bbox 399 4153 1919 4227; baseline -0.002 -17"><span class='ocrx_word' id='word_1_434' title='bbox 399 4154 427 4194; x_wconf 73' lang='grc' dir='ltr'><strong><em>ἀ</em></strong></span> <span class='ocrx_word' id='word_1_435' title='bbox 461 4154 887 4227; x_wconf 74' lang='grc' dir='ltr'><strong>σοηιριειρνὶηηι.</strong></span> <span class='ocrx_word' id='word_1_436' title='bbox 918 4156 1009 4227; x_wconf 72' lang='grc' dir='ltr'>ιω</span> <span class='ocrx_word' id='word_1_437' title='bbox 1048 4157 1280 4227; x_wconf 84' lang='lat' dir='ltr'><strong>appellat</strong></span> <span class='ocrx_word' id='word_1_438' title='bbox 1311 4157 1453 4211; x_wconf 89' lang='lat' dir='ltr'><strong>hanc</strong></span> <span class='ocrx_word' id='word_1_439' title='bbox 1490 4157 1685 4227; x_wconf 72' lang='lat' dir='ltr'><strong>horam</strong></span> <span class='ocrx_word' id='word_1_440' title='bbox 1721 4153 1778 4210; x_wconf 91' lang='lat' dir='ltr'><strong>S.</strong></span> <span class='ocrx_word' id='word_1_441' title='bbox 1821 4153 1919 4208; x_wconf 91' lang='lat' dir='ltr'><strong>lsi-</strong></span> 
     </span>
    </p>
   </div>
   <div class='ocr_carea' id='block_1_61' title="bbox 327 4225 1920 4299">
    <p class='ocr_par' dir='ltr' id='par_1_61' title="bbox 327 4225 1920 4299">
     <span class='ocr_line' id='line_1_63' title="bbox 327 4225 1920 4299; baseline 0 -22"><span class='ocrx_word' id='word_1_442' title='bbox 327 4225 518 4299; x_wconf 79' lang='lat' dir='ltr'><strong>dorus,</strong></span> <span class='ocrx_word' id='word_1_443' title='bbox 552 4225 670 4299; x_wconf 80' lang='lat' dir='ltr'><strong>cap.</strong></span> <span class='ocrx_word' id='word_1_444' title='bbox 704 4226 737 4280; x_wconf 85' lang='lat'><strong>6</strong></span> <span class='ocrx_word' id='word_1_445' title='bbox 760 4242 872 4281; x_wconf 69' lang='lat' dir='ltr'><strong>sum</strong></span> <span class='ocrx_word' id='word_1_446' title='bbox 900 4225 1148 4299; x_wconf 70' lang='lat' dir='ltr'><strong>Begulie,</strong></span> <span class='ocrx_word' id='word_1_447' title='bbox 1185 4228 1279 4299; x_wconf 80' lang='lat' dir='ltr'><strong>sed</strong></span> <span class='ocrx_word' id='word_1_448' title='bbox 1309 4226 1402 4280; x_wconf 89' lang='lat' dir='ltr'><strong>lib.</strong></span> <span class='ocrx_word' id='word_1_449' title='bbox 1439 4228 1551 4299; x_wconf 80' lang='lat' dir='ltr'><strong>Ide</strong></span> <span class='ocrx_word' id='word_1_450' title='bbox 1592 4225 1793 4281; x_wconf 81' lang='lat' dir='ltr'><strong>Oliiciis</strong></span> <span class='ocrx_word' id='word_1_451' title='bbox 1830 4241 1920 4299; x_wconf 68' lang='grc' dir='ltr'><strong>(λετ</strong></span> 
     </span>
    </p>
   </div>
   <div class='ocr_carea' id='block_1_62' title="bbox 327 4294 1920 4367">
    <p class='ocr_par' dir='ltr' id='par_1_62' title="bbox 327 4294 1920 4367">
     <span class='ocr_line' id='line_1_64' title="bbox 327 4294 1920 4367; baseline 0.001 -20"><span class='ocrx_word' id='word_1_452' title='bbox 327 4295 674 4367; x_wconf 70' lang='lat' dir='ltr'><strong>clesiasticis,</strong></span> <span class='ocrx_word' id='word_1_453' title='bbox 712 4312 847 4367; x_wconf 84' lang='lat' dir='ltr'><strong>cap.</strong></span> <span class='ocrx_word' id='word_1_454' title='bbox 891 4294 1265 4366; x_wconf 51' lang='lat' dir='ltr'><strong>ilfappellat</strong></span> <span class='ocrx_word' id='word_1_455' title='bbox 1314 4296 1631 4366; x_wconf 86' lang='lat' dir='ltr'><strong>completas,</strong></span> <span class='ocrx_word' id='word_1_456' title='bbox 1676 4294 1920 4351; x_wconf 90' lang='lat' dir='ltr'><strong>nonnulli</strong></span> 
     </span>
    </p>
   </div>
   <div class='ocr_carea' id='block_1_63' title="bbox 326 4365 1915 4437">
    <p class='ocr_par' dir='ltr' id='par_1_63' title="bbox 326 4365 1915 4437">
     <span class='ocr_line' id='line_1_65' title="bbox 326 4365 1915 4437; baseline -0.001 -17"><span class='ocrx_word' id='word_1_457' title='bbox 326 4365 522 4437; x_wconf 87' lang='lat' dir='ltr'><strong>Patres</strong></span> <span class='ocrx_word' id='word_1_458' title='bbox 549 4365 871 4437; x_wconf 76' lang='lat' dir='ltr'><strong>completam</strong></span> <span class='ocrx_word' id='word_1_459' title='bbox 904 4386 916 4420; x_wconf 93' lang='lat'>:</span> <span class='ocrx_word' id='word_1_460' title='bbox 948 4377 1006 4422; x_wconf 88' lang='lat' dir='ltr'><strong>et</strong></span> <span class='ocrx_word' id='word_1_461' title='bbox 1029 4365 1188 4422; x_wconf 81' lang='lat' dir='ltr'><strong>debet</strong></span> <span class='ocrx_word' id='word_1_462' title='bbox 1213 4368 1318 4422; x_wconf 92' lang='lat' dir='ltr'><strong>dici</strong></span> <span class='ocrx_word' id='word_1_463' title='bbox 1340 4365 1449 4422; x_wconf 86' lang='lat' dir='ltr'><strong>sub</strong></span> <span class='ocrx_word' id='word_1_464' title='bbox 1473 4369 1650 4422; x_wconf 83' lang='lat' dir='ltr'><strong>noctis</strong></span> <span class='ocrx_word' id='word_1_465' title='bbox 1683 4368 1915 4432; x_wconf 87' lang='lat' dir='ltr'><strong>initium;</strong></span> 
     </span>
    </p>
   </div>
   <div class='ocr_carea' id='block_1_64' title="bbox 326 4434 1923 4509">
    <p class='ocr_par' dir='ltr' id='par_1_64' title="bbox 326 4434 1923 4509">
     <span class='ocr_line' id='line_1_66' title="bbox 326 4434 1923 4509; baseline 0.001 -21"><span class='ocrx_word' id='word_1_466' title='bbox 326 4436 477 4509; x_wconf 80' lang='lat' dir='ltr'><strong>unde</strong></span> <span class='ocrx_word' id='word_1_467' title='bbox 507 4453 536 4489; x_wconf 89' lang='lat' dir='ltr'><strong>a</strong></span> <span class='ocrx_word' id='word_1_468' title='bbox 572 4434 631 4489; x_wconf 98' lang='grc'><strong>8.</strong></span> <span class='ocrx_word' id='word_1_469' title='bbox 673 4434 1198 4509; x_wconf 73' lang='lat' dir='ltr'><strong>Columbanp,_cap.</strong></span> <span class='ocrx_word' id='word_1_470' title='bbox 1252 4438 1283 4490; x_wconf 90' lang='lat'><strong>7</strong></span> <span class='ocrx_word' id='word_1_471' title='bbox 1325 4453 1435 4509; x_wconf 70' lang='lat' dir='ltr'><strong>sua:</strong></span> <span class='ocrx_word' id='word_1_472' title='bbox 1457 4437 1677 4509; x_wconf 76' lang='lat' dir='ltr'><strong>Regulae</strong></span> <span class='ocrx_word' id='word_1_473' title='bbox 1722 4438 1923 4509; x_wconf 85' lang='lat' dir='ltr'><strong>dicitur</strong></span> 
     </span>
    </p>
   </div>
   <div class='ocr_carea' id='block_1_65' title="bbox 329 4506 1915 4577">
    <p class='ocr_par' dir='ltr' id='par_1_65' title="bbox 329 4506 1915 4577">
     <span class='ocr_line' id='line_1_67' title="bbox 329 4506 1915 4577; baseline 0 -17"><span class='ocrx_word' id='word_1_474' title='bbox 329 4506 550 4577; x_wconf 73' lang='lat' dir='ltr'><strong>initium</strong></span> <span class='ocrx_word' id='word_1_475' title='bbox 576 4507 775 4572; x_wconf 88' lang='lat' dir='ltr'><strong>noctis,</strong></span> <span class='ocrx_word' id='word_1_476' title='bbox 800 4516 857 4562; x_wconf 90' lang='lat' dir='ltr'><strong>et</strong></span> <span class='ocrx_word' id='word_1_477' title='bbox 892 4523 924 4562; x_wconf 86' lang='lat' dir='ltr'><strong>a</strong></span> <span class='ocrx_word' id='word_1_478' title='bbox 960 4507 1017 4562; x_wconf 93' lang='lat' dir='ltr'><strong>S.</strong></span> <span class='ocrx_word' id='word_1_479' title='bbox 1037 4506 1334 4564; x_wconf 74' lang='lat' dir='ltr'><strong>FructuoSo</strong></span> <span class='ocrx_word' id='word_1_480' title='bbox 1360 4506 1705 4572; x_wconf 74' lang='lat' dir='ltr'><strong>Bracareusi,</strong></span> <span class='ocrx_word' id='word_1_481' title='bbox 1733 4524 1853 4577; x_wconf 87' lang='lat' dir='ltr'><strong>cap.</strong></span> <span class='ocrx_word' id='word_1_482' title='bbox 1891 4507 1915 4561; x_wconf 83' lang='grc'><strong>1</strong></span> 
     </span>
    </p>
   </div>
   <div class='ocr_carea' id='block_1_66' title="bbox 1994 1966 3592 2037">
    <p class='ocr_par' dir='ltr' id='par_1_66' title="bbox 1994 1966 3592 2037">
     <span class='ocr_line' id='line_1_68' title="bbox 1994 1966 3592 2037; baseline -0.003 -14"><span class='ocrx_word' id='word_1_483' title='bbox 1994 1968 2149 2024; x_wconf 89' lang='lat' dir='ltr'><strong>cendi</strong></span> <span class='ocrx_word' id='word_1_484' title='bbox 2168 1978 2312 2023; x_wconf 88' lang='lat' dir='ltr'><strong>sunt.</strong></span> <span class='ocrx_word' id='word_1_485' title='bbox 2340 1967 2408 2022; x_wconf 86' lang='lat' dir='ltr'><strong>Et</strong></span> <span class='ocrx_word' id='word_1_486' title='bbox 2419 1967 2547 2037; x_wconf 91' lang='lat' dir='ltr'><strong>quia</strong></span> <span class='ocrx_word' id='word_1_487' title='bbox 2560 1968 2739 2021; x_wconf 88' lang='lat' dir='ltr'><strong>minus</strong></span> <span class='ocrx_word' id='word_1_488' title='bbox 2766 1967 2992 2021; x_wconf 86' lang='lat' dir='ltr'><strong>veniunt</strong></span> <span class='ocrx_word' id='word_1_489' title='bbox 3008 1979 3121 2022; x_wconf 89' lang='lat' dir='ltr'><strong>tres</strong></span> <span class='ocrx_word' id='word_1_490' title='bbox 3139 1967 3353 2037; x_wconf 86' lang='lat' dir='ltr'><strong>psalmi,</strong></span> <span class='ocrx_word' id='word_1_491' title='bbox 3377 1966 3500 2021; x_wconf 91' lang='lat' dir='ltr'><strong>ideo</strong></span> <span class='ocrx_word' id='word_1_492' title='bbox 3510 1966 3592 2020; x_wconf 91' lang='lat' dir='ltr'><strong>di-</strong></span> 
     </span>
    </p>
   </div>
   <div class='ocr_carea' id='block_1_67' title="bbox 1993 2056 3592 2129">
    <p class='ocr_par' dir='ltr' id='par_1_67' title="bbox 1993 2056 3592 2129">
     <span class='ocr_line' id='line_1_69' title="bbox 1993 2056 3592 2129; baseline -0.003 -15"><span class='ocrx_word' id='word_1_493' title='bbox 1993 2058 2213 2114; x_wconf 89' lang='lat' dir='ltr'><strong>videndi</strong></span> <span class='ocrx_word' id='word_1_494' title='bbox 2243 2067 2389 2121; x_wconf 92' lang='lat' dir='ltr'><strong>sunt,</strong></span> <span class='ocrx_word' id='word_1_495' title='bbox 2414 2058 2504 2128; x_wconf 87' lang='lat' dir='ltr'><strong>qui</strong></span> <span class='ocrx_word' id='word_1_496' title='bbox 2524 2072 2587 2112; x_wconf 82' lang='lat' dir='ltr'><strong>ex</strong></span> <span class='ocrx_word' id='word_1_497' title='bbox 2619 2072 2847 2112; x_wconf 88' lang='lat' dir='ltr'><strong>numero</strong></span> <span class='ocrx_word' id='word_1_498' title='bbox 2870 2073 3031 2128; x_wconf 88' lang='lat' dir='ltr'><strong>supra</strong></span> <span class='ocrx_word' id='word_1_499' title='bbox 3058 2059 3260 2129; x_wconf 86' lang='lat' dir='ltr'><strong>scripto</strong></span> <span class='ocrx_word' id='word_1_500' title='bbox 3285 2068 3313 2108; x_wconf 76' lang='grc' dir='ltr'>(ι</span> <span class='ocrx_word' id='word_1_501' title='bbox 3338 2056 3592 2111; x_wconf 84' lang='lat' dir='ltr'><strong>fortiores</strong></span> 
     </span>
    </p>
   </div>
   <div class='ocr_carea' id='block_1_68' title="bbox 1995 2148 3595 2215">
    <p class='ocr_par' dir='ltr' id='par_1_68' title="bbox 1995 2148 3595 2215">
     <span class='ocr_line' id='line_1_70' title="bbox 1995 2148 3595 2215; baseline -0.001 -10"><span class='ocrx_word' id='word_1_502' title='bbox 1995 2148 2369 2215; x_wconf 85' lang='lat' dir='ltr'><strong>inveniuntur,</strong></span> <span class='ocrx_word' id='word_1_503' title='bbox 2393 2149 2447 2205; x_wconf 87' lang='lat' dir='ltr'><strong>id</strong></span> <span class='ocrx_word' id='word_1_504' title='bbox 2467 2156 2573 2213; x_wconf 89' lang='lat' dir='ltr'><strong>est,</strong></span> <span class='ocrx_word' id='word_1_505' title='bbox 2599 2149 3247 2215; x_wconf 83' lang='lat' dir='ltr'><strong>centesimustricesimus</strong></span> <span class='ocrx_word' id='word_1_506' title='bbox 3264 2157 3509 2213; x_wconf 86' lang='lat' dir='ltr'><strong>octavus,</strong></span> <span class='ocrx_word' id='word_1_507' title='bbox 3537 2156 3595 2204; x_wconf 76' lang='lat' dir='ltr'><strong>et</strong></span> 
     </span>
    </p>
   </div>
   <div class='ocr_carea' id='block_1_69' title="bbox 1997 2240 3596 2315">
    <p class='ocr_par' dir='ltr' id='par_1_69' title="bbox 1997 2240 3596 2315">
     <span class='ocr_line' id='line_1_71' title="bbox 1997 2240 3596 2315; baseline -0.002 -17"><span class='ocrx_word' id='word_1_508' title='bbox 1997 2241 2327 2298; x_wconf 89' lang='lat' dir='ltr'><strong>centesimus</strong></span> <span class='ocrx_word' id='word_1_509' title='bbox 2346 2240 3023 2315; x_wconf 82' lang='lat' dir='ltr'><strong>quadragesimustertius,</strong></span> <span class='ocrx_word' id='word_1_510' title='bbox 3040 2240 3444 2296; x_wconf 85' lang='lat' dir='ltr'><strong>etceutesimus</strong></span> <span class='ocrx_word' id='word_1_511' title='bbox 3465 2254 3596 2309; x_wconf 90' lang='lat' dir='ltr'><strong>qua-</strong></span> 
     </span>
    </p>
   </div>
   <div class='ocr_carea' id='block_1_70' title="bbox 1998 2331 3593 2403">
    <p class='ocr_par' dir='ltr' id='par_1_70' title="bbox 1998 2331 3593 2403">
     <span class='ocr_line' id='line_1_72' title="bbox 1998 2331 3593 2403; baseline -0.002 -15"><span class='ocrx_word' id='word_1_512' title='bbox 1998 2332 2340 2403; x_wconf 87' lang='lat' dir='ltr'><strong>dragesimus</strong></span> <span class='ocrx_word' id='word_1_513' title='bbox 2350 2341 2597 2402; x_wconf 90' lang='lat' dir='ltr'><strong>quartus.</strong></span> <span class='ocrx_word' id='word_1_514' title='bbox 2614 2331 2956 2387; x_wconf 88' lang='lat' dir='ltr'><strong>Centesimus</strong></span> <span class='ocrx_word' id='word_1_515' title='bbox 2972 2346 3103 2387; x_wconf 91' lang='lat' dir='ltr'><strong>vero</strong></span> <span class='ocrx_word' id='word_1_516' title='bbox 3117 2340 3305 2388; x_wconf 81' lang='lat' dir='ltr'><strong>sextus</strong></span> <span class='ocrx_word' id='word_1_517' title='bbox 3328 2331 3593 2397; x_wconf 87' lang='lat' dir='ltr'><strong>decimus,</strong></span> 
     </span>
    </p>
   </div>
   <div class='ocr_carea' id='block_1_71' title="bbox 1999 2426 3603 2499">
    <p class='ocr_par' dir='ltr' id='par_1_71' title="bbox 1999 2426 3603 2499">
     <span class='ocr_line' id='line_1_73' title="bbox 1999 2426 3603 2499; baseline -0.001 -18"><span class='ocrx_word' id='word_1_518' title='bbox 1999 2429 2129 2497; x_wconf 87' lang='lat' dir='ltr'><strong>quia</strong></span> <span class='ocrx_word' id='word_1_519' title='bbox 2158 2443 2360 2497; x_wconf 90' lang='lat' dir='ltr'><strong>parvus</strong></span> <span class='ocrx_word' id='word_1_520' title='bbox 2371 2435 2475 2492; x_wconf 84' lang='lat' dir='ltr'><strong>est,</strong></span> <span class='ocrx_word' id='word_1_521' title='bbox 2491 2427 2788 2482; x_wconf 88' lang='lat' dir='ltr'><strong>centesimo</strong></span> <span class='ocrx_word' id='word_1_522' title='bbox 2800 2426 3205 2499; x_wconf 85' lang='lat' dir='ltr'><strong>quintodecimo</strong></span> <span class='ocrx_word' id='word_1_523' title='bbox 3216 2426 3603 2497; x_wconf 74' lang='lat' dir='ltr'><strong>coniungatur.</strong></span> 
     </span>
    </p>
   </div>
   <div class='ocr_carea' id='block_1_72' title="bbox 2003 2517 3596 2589">
    <p class='ocr_par' dir='ltr' id='par_1_72' title="bbox 2003 2517 3596 2589">
     <span class='ocr_line' id='line_1_74' title="bbox 2003 2517 3596 2589; baseline -0.001 -16"><span class='ocrx_word' id='word_1_524' title='bbox 2003 2519 2222 2589; x_wconf 85' lang='lat' dir='ltr'><strong>Digesto</strong></span> <span class='ocrx_word' id='word_1_525' title='bbox 2245 2533 2376 2589; x_wconf 86' lang='lat' dir='ltr'><strong>ergo</strong></span> <span class='ocrx_word' id='word_1_526' title='bbox 2398 2517 2588 2573; x_wconf 90' lang='lat' dir='ltr'><strong>ordine</strong></span> <span class='ocrx_word' id='word_1_527' title='bbox 2615 2518 2947 2586; x_wconf 85' lang='lat' dir='ltr'><strong>psalmorum</strong></span> <span class='ocrx_word' id='word_1_528' title='bbox 2976 2518 3407 2588; x_wconf 88' lang='lat' dir='ltr'><strong>vespertinorum</strong></span> <span class='ocrx_word' id='word_1_529' title='bbox 3425 2559 3443 2584; x_wconf 88' lang='lat'><strong>,</strong></span> <span class='ocrx_word' id='word_1_530' title='bbox 3471 2517 3596 2573; x_wconf 87' lang='lat' dir='ltr'><strong>reli-</strong></span> 
     </span>
    </p>
   </div>
   <div class='ocr_carea' id='block_1_73' title="bbox 2003 2606 3601 2680">
    <p class='ocr_par' dir='ltr' id='par_1_73' title="bbox 2003 2606 3601 2680">
     <span class='ocr_line' id='line_1_75' title="bbox 2003 2606 3601 2680; baseline 0.001 -19"><span class='ocrx_word' id='word_1_531' title='bbox 2003 2624 2142 2678; x_wconf 89' lang='lat' dir='ltr'><strong>qua,</strong></span> <span class='ocrx_word' id='word_1_532' title='bbox 2179 2607 2234 2661; x_wconf 93' lang='lat' dir='ltr'><strong>id</strong></span> <span class='ocrx_word' id='word_1_533' title='bbox 2261 2616 2377 2672; x_wconf 86' lang='lat' dir='ltr'><strong>est,</strong></span> <span class='ocrx_word' id='word_1_534' title='bbox 2416 2606 2702 2672; x_wconf 86' lang='lat' dir='ltr'><strong>lectiones,</strong></span> <span class='ocrx_word' id='word_1_535' title='bbox 2731 2608 3102 2677; x_wconf 90' lang='lat' dir='ltr'><strong>responsoria,</strong></span> <span class='ocrx_word' id='word_1_536' title='bbox 3134 2609 3343 2680; x_wconf 86' lang='lat' dir='ltr'><strong>hymni,</strong></span> <span class='ocrx_word' id='word_1_537' title='bbox 3380 2623 3601 2673; x_wconf 86' lang='lat' dir='ltr'><strong>versus,</strong></span> 
     </span>
    </p>
   </div>
   <div class='ocr_carea' id='block_1_74' title="bbox 2008 2699 3588 2769">
    <p class='ocr_par' dir='ltr' id='par_1_74' title="bbox 2008 2699 3588 2769">
     <span class='ocr_line' id='line_1_76' title="bbox 2008 2699 3588 2769; baseline 0 -16"><span class='ocrx_word' id='word_1_538' title='bbox 2008 2701 2091 2757; x_wconf 85' lang='lat' dir='ltr'><strong>vel</strong></span> <span class='ocrx_word' id='word_1_539' title='bbox 2143 2699 2387 2764; x_wconf 86' lang='lat' dir='ltr'><strong>cantica,</strong></span> <span class='ocrx_word' id='word_1_540' title='bbox 2447 2699 2590 2755; x_wconf 89' lang='lat' dir='ltr'><strong>sicut</strong></span> <span class='ocrx_word' id='word_1_541' title='bbox 2639 2700 2801 2769; x_wconf 80' lang='lat' dir='ltr'><strong>supra</strong></span> <span class='ocrx_word' id='word_1_542' title='bbox 2849 2699 3188 2766; x_wconf 82' lang='lat' dir='ltr'><strong>taxavimus,</strong></span> <span class='ocrx_word' id='word_1_543' title='bbox 3241 2699 3588 2768; x_wconf 86' lang='lat' dir='ltr'><strong>impleantur.</strong></span> 
     </span>
    </p>
   </div>
   <div class='ocr_carea' id='block_1_75' title="bbox 2004 2790 3596 2873">
    <p class='ocr_par' dir='ltr' id='par_1_75' title="bbox 2004 2790 3596 2873">
     <span class='ocr_line' id='line_1_77' title="bbox 2004 2790 3596 2873; baseline -0.002 -24"><span class='ocrx_word' id='word_1_544' title='bbox 2004 2793 2087 2849; x_wconf 83' lang='lat' dir='ltr'><strong>Ad</strong></span> <span class='ocrx_word' id='word_1_545' title='bbox 2113 2791 2525 2873; x_wconf 74' lang='lat' dir='ltr'><strong>completorium</strong></span> <span class='ocrx_word' id='word_1_546' title='bbox 2553 2805 2685 2851; x_wconf 74' lang='lat' dir='ltr'><strong>vero</strong></span> <span class='ocrx_word' id='word_1_547' title='bbox 2714 2791 2954 2861; x_wconf 85' lang='lat' dir='ltr'><strong>quotidie</strong></span> <span class='ocrx_word' id='word_1_548' title='bbox 2994 2790 3159 2846; x_wconf 83' lang='lat' dir='ltr'><strong>iidem</strong></span> <span class='ocrx_word' id='word_1_549' title='bbox 3207 2790 3403 2861; x_wconf 85' lang='lat' dir='ltr'><strong>psalmi</strong></span> <span class='ocrx_word' id='word_1_550' title='bbox 3438 2806 3596 2863; x_wconf 90' lang='lat' dir='ltr'><strong>repe-</strong></span> 
     </span>
    </p>
   </div>
   <div class='ocr_carea' id='block_1_76' title="bbox 2008 2882 3601 2960">
    <p class='ocr_par' dir='ltr' id='par_1_76' title="bbox 2008 2882 3601 2960">
     <span class='ocr_line' id='line_1_78' title="bbox 2008 2882 3601 2960; baseline -0.006 -15"><span class='ocrx_word' id='word_1_551' title='bbox 2008 2899 2215 2954; x_wconf 86' lang='lat' dir='ltr'><strong>tantur,</strong></span> <span class='ocrx_word' id='word_1_552' title='bbox 2237 2896 2485 2960; x_wconf 87' lang='lat' dir='ltr'><strong>quartus,</strong></span> <span class='ocrx_word' id='word_1_553' title='bbox 2521 2896 2544 2924; x_wconf 86' lang='grc' dir='ltr'>ι’</span> <span class='ocrx_word' id='word_1_554' title='bbox 2580 2884 2982 2956; x_wconf 85' lang='lat' dir='ltr'><strong>nonagesimus,</strong></span> <span class='ocrx_word' id='word_1_555' title='bbox 3027 2891 3085 2938; x_wconf 90' lang='lat' dir='ltr'><strong>et</strong></span> <span class='ocrx_word' id='word_1_556' title='bbox 3123 2884 3455 2940; x_wconf 85' lang='lat' dir='ltr'><strong>centesimus</strong></span> <span class='ocrx_word' id='word_1_557' title='bbox 3500 2882 3601 2937; x_wconf 80' lang='lat' dir='ltr'><strong>tri-</strong></span> 
     </span>
    </p>
   </div>
   <div class='ocr_carea' id='block_1_77' title="bbox 2009 2974 3598 3053">
    <p class='ocr_par' dir='ltr' id='par_1_77' title="bbox 2009 2974 3598 3053">
     <span class='ocr_line' id='line_1_79' title="bbox 2009 2974 3598 3053; baseline -0.004 -16"><span class='ocrx_word' id='word_1_558' title='bbox 2009 2982 2244 3053; x_wconf 87' lang='lat' dir='ltr'><strong>gesimus</strong></span> <span class='ocrx_word' id='word_1_559' title='bbox 2272 2979 2483 3035; x_wconf 89' lang='lat' dir='ltr'><strong>tertius.</strong></span> <span class='ocrx_word' id='word_1_560' title='bbox 2509 2977 2785 3048; x_wconf 89' lang='lat' dir='ltr'><strong>Disposito</strong></span> <span class='ocrx_word' id='word_1_561' title='bbox 2812 2974 3004 3032; x_wconf 90' lang='lat' dir='ltr'><strong>ordine</strong></span> <span class='ocrx_word' id='word_1_562' title='bbox 3030 2974 3345 3046; x_wconf 84' lang='lat' dir='ltr'><strong>psalmodiae</strong></span> <span class='ocrx_word' id='word_1_563' title='bbox 3368 2975 3598 3039; x_wconf 59' lang='lat' dir='ltr'><strong>diurnae,</strong></span> 
     </span>
    </p>
   </div>
   <div class='ocr_carea' id='block_1_78' title="bbox 2013 3064 3603 3143">
    <p class='ocr_par' dir='ltr' id='par_1_78' title="bbox 2013 3064 3603 3143">
     <span class='ocr_line' id='line_1_80' title="bbox 2013 3064 3603 3143; baseline -0.006 -17"><span class='ocrx_word' id='word_1_564' title='bbox 2013 3072 2208 3143; x_wconf 87' lang='lat' dir='ltr'><strong>reliqui</strong></span> <span class='ocrx_word' id='word_1_565' title='bbox 2234 3085 2424 3126; x_wconf 89' lang='lat' dir='ltr'><strong>omnes</strong></span> <span class='ocrx_word' id='word_1_566' title='bbox 2445 3068 2661 3139; x_wconf 86' lang='lat' dir='ltr'><strong>psalmi,</strong></span> <span class='ocrx_word' id='word_1_567' title='bbox 2693 3067 2784 3137; x_wconf 90' lang='lat' dir='ltr'><strong>qui</strong></span> <span class='ocrx_word' id='word_1_568' title='bbox 2809 3074 3122 3136; x_wconf 86' lang='lat' dir='ltr'><strong>supersunt,</strong></span> <span class='ocrx_word' id='word_1_569' title='bbox 3151 3065 3435 3138; x_wconf 81' lang='lat' dir='ltr'><strong>aequaliter</strong></span> <span class='ocrx_word' id='word_1_570' title='bbox 3463 3064 3603 3120; x_wconf 86' lang='lat' dir='ltr'><strong>divi-</strong></span> 
     </span>
    </p>
   </div>
   <div class='ocr_carea' id='block_1_79' title="bbox 2013 3155 3604 3233">
    <p class='ocr_par' dir='ltr' id='par_1_79' title="bbox 2013 3155 3604 3233">
     <span class='ocr_line' id='line_1_81' title="bbox 2013 3155 3604 3233; baseline -0.005 -15"><span class='ocrx_word' id='word_1_571' title='bbox 2013 3163 2214 3218; x_wconf 89' lang='lat' dir='ltr'><strong>dantur</strong></span> <span class='ocrx_word' id='word_1_572' title='bbox 2242 3162 2298 3217; x_wconf 94' lang='lat' dir='ltr'><strong>in</strong></span> <span class='ocrx_word' id='word_1_573' title='bbox 2331 3168 2538 3233; x_wconf 89' lang='lat' dir='ltr'><strong>septem</strong></span> <span class='ocrx_word' id='word_1_574' title='bbox 2575 3158 2815 3215; x_wconf 89' lang='lat' dir='ltr'><strong>noctium</strong></span> <span class='ocrx_word' id='word_1_575' title='bbox 2844 3155 3064 3227; x_wconf 75' lang='lat' dir='ltr'><strong>vigiliis,</strong></span> <span class='ocrx_word' id='word_1_576' title='bbox 3093 3167 3116 3195; x_wconf 80' lang='grc' dir='ltr'>ι</span> <span class='ocrx_word' id='word_1_577' title='bbox 3150 3157 3437 3228; x_wconf 90' lang='lat' dir='ltr'><strong>partiendo</strong></span> <span class='ocrx_word' id='word_1_578' title='bbox 3457 3155 3604 3211; x_wconf 85' lang='lat' dir='ltr'><strong>scili-</strong></span> 
     </span>
    </p>
   </div>
   <div class='ocr_carea' id='block_1_80' title="bbox 2010 3248 3605 3327">
    <p class='ocr_par' dir='ltr' id='par_1_80' title="bbox 2010 3248 3605 3327">
     <span class='ocr_line' id='line_1_82' title="bbox 2010 3248 3605 3327; baseline -0.006 -14"><span class='ocrx_word' id='word_1_579' title='bbox 2010 3266 2118 3323; x_wconf 85' lang='lat' dir='ltr'><strong>cet,</strong></span> <span class='ocrx_word' id='word_1_580' title='bbox 2146 3254 2240 3327; x_wconf 90' lang='lat' dir='ltr'><strong>qui</strong></span> <span class='ocrx_word' id='word_1_581' title='bbox 2269 3254 2411 3310; x_wconf 91' lang='lat' dir='ltr'><strong>inter</strong></span> <span class='ocrx_word' id='word_1_582' title='bbox 2434 3267 2529 3309; x_wconf 86' lang='lat' dir='ltr'><strong>eos</strong></span> <span class='ocrx_word' id='word_1_583' title='bbox 2551 3251 2876 3323; x_wconf 85' lang='lat' dir='ltr'><strong>prolixiores</strong></span> <span class='ocrx_word' id='word_1_584' title='bbox 2900 3257 3026 3305; x_wconf 89' lang='lat' dir='ltr'><strong>sunt</strong></span> <span class='ocrx_word' id='word_1_585' title='bbox 3043 3249 3265 3320; x_wconf 89' lang='lat' dir='ltr'><strong>psalmi,</strong></span> <span class='ocrx_word' id='word_1_586' title='bbox 3301 3257 3358 3305; x_wconf 91' lang='lat' dir='ltr'><strong>et</strong></span> <span class='ocrx_word' id='word_1_587' title='bbox 3403 3248 3605 3304; x_wconf 90' lang='lat' dir='ltr'><strong>duode-</strong></span> 
     </span>
    </p>
   </div>
   <div class='ocr_carea' id='block_1_81' title="bbox 2010 3383 3604 3453">
    <p class='ocr_par' dir='ltr' id='par_1_81' title="bbox 2010 3383 3604 3453">
     <span class='ocr_line' id='line_1_83' title="bbox 2010 3383 3604 3453; baseline -0.006 -7"><span class='ocrx_word' id='word_1_588' title='bbox 2010 3392 2064 3447; x_wconf 93' lang='lat' dir='ltr'><strong>in</strong></span> <span class='ocrx_word' id='word_1_589' title='bbox 2088 3389 2210 3445; x_wconf 89' lang='lat' dir='ltr'><strong>aliis</strong></span> <span class='ocrx_word' id='word_1_590' title='bbox 2232 3389 2355 3444; x_wconf 85' lang='lat' dir='ltr'><strong>cod.</strong></span> <span class='ocrx_word' id='word_1_591' title='bbox 2386 3387 2590 3443; x_wconf 89' lang='lat' dir='ltr'><strong>nostris</strong></span> <span class='ocrx_word' id='word_1_592' title='bbox 2619 3401 2777 3451; x_wconf 85' lang='lat' dir='ltr'><strong>mss.,</strong></span> <span class='ocrx_word' id='word_1_593' title='bbox 2808 3399 2912 3440; x_wconf 88' lang='lat' dir='ltr'><strong>nec</strong></span> <span class='ocrx_word' id='word_1_594' title='bbox 2940 3384 3175 3438; x_wconf 83' lang='lat' dir='ltr'><strong>habetur</strong></span> <span class='ocrx_word' id='word_1_595' title='bbox 3211 3383 3352 3453; x_wconf 88' lang='lat' dir='ltr'><strong>apud</strong></span> <span class='ocrx_word' id='word_1_596' title='bbox 3400 3383 3604 3438; x_wconf 86' lang='lat' dir='ltr'><strong>Turre-</strong></span> 
     </span>
    </p>
   </div>
   <div class='ocr_carea' id='block_1_82' title="bbox 2011 3453 3594 3524">
    <p class='ocr_par' dir='ltr' id='par_1_82' title="bbox 2011 3453 3594 3524">
     <span class='ocr_line' id='line_1_84' title="bbox 2011 3453 3594 3524; baseline -0.004 -9"><span class='ocrx_word' id='word_1_597' title='bbox 2011 3468 2347 3524; x_wconf 90' lang='lat' dir='ltr'><strong>crematam,</strong></span> <span class='ocrx_word' id='word_1_598' title='bbox 2391 3472 2491 3513; x_wconf 90' lang='lat' dir='ltr'><strong>nec</strong></span> <span class='ocrx_word' id='word_1_599' title='bbox 2543 3457 2598 3513; x_wconf 89' lang='lat' dir='ltr'><strong>in</strong></span> <span class='ocrx_word' id='word_1_600' title='bbox 2636 3457 2879 3523; x_wconf 85' lang='lat' dir='ltr'><strong>editione</strong></span> <span class='ocrx_word' id='word_1_601' title='bbox 2913 3453 3157 3517; x_wconf 69' lang='lat' dir='ltr'><strong>Colinzei,</strong></span> <span class='ocrx_word' id='word_1_602' title='bbox 3186 3467 3288 3507; x_wconf 91' lang='lat' dir='ltr'><strong>nec</strong></span> <span class='ocrx_word' id='word_1_603' title='bbox 3316 3453 3369 3507; x_wconf 94' lang='lat' dir='ltr'><strong>in</strong></span> <span class='ocrx_word' id='word_1_604' title='bbox 3422 3454 3594 3509; x_wconf 83' lang='lat' dir='ltr'><strong>veteri</strong></span> 
     </span>
    </p>
   </div>
   <div class='ocr_carea' id='block_1_83' title="bbox 2011 3523 3603 3596">
    <p class='ocr_par' dir='ltr' id='par_1_83' title="bbox 2011 3523 3603 3596">
     <span class='ocr_line' id='line_1_85' title="bbox 2011 3523 3603 3596; baseline -0.006 -9"><span class='ocrx_word' id='word_1_605' title='bbox 2011 3530 2306 3587; x_wconf 86' lang='lat' dir='ltr'><strong>Parisiensi</strong></span> <span class='ocrx_word' id='word_1_606' title='bbox 2341 3547 2352 3582; x_wconf 91' lang='lat'>:</span> <span class='ocrx_word' id='word_1_607' title='bbox 2385 3542 2518 3582; x_wconf 86' lang='lat' dir='ltr'><strong>sane</strong></span> <span class='ocrx_word' id='word_1_608' title='bbox 2542 3526 2811 3596; x_wconf 83' lang='lat' dir='ltr'><strong>superﬂua</strong></span> <span class='ocrx_word' id='word_1_609' title='bbox 2837 3523 3078 3589; x_wconf 88' lang='lat' dir='ltr'><strong>videtur,</strong></span> <span class='ocrx_word' id='word_1_610' title='bbox 3110 3538 3234 3578; x_wconf 91' lang='lat' dir='ltr'><strong>cum</strong></span> <span class='ocrx_word' id='word_1_611' title='bbox 3270 3538 3377 3577; x_wconf 91' lang='lat' dir='ltr'><strong>non</strong></span> <span class='ocrx_word' id='word_1_612' title='bbox 3423 3524 3496 3577; x_wconf 90' lang='lat' dir='ltr'><strong>sit</strong></span> <span class='ocrx_word' id='word_1_613' title='bbox 3548 3524 3603 3578; x_wconf 88' lang='lat' dir='ltr'><strong>in</strong></span> 
     </span>
    </p>
   </div>
   <div class='ocr_carea' id='block_1_84' title="bbox 2014 3597 2937 3667">
    <p class='ocr_par' dir='ltr' id='par_1_84' title="bbox 2014 3597 2937 3667">
     <span class='ocr_line' id='line_1_86' title="bbox 2014 3597 2937 3667; baseline -0.012 -10"><span class='ocrx_word' id='word_1_614' title='bbox 2014 3602 2135 3656; x_wconf 90' lang='lat' dir='ltr'><strong>ali‘is</strong></span> <span class='ocrx_word' id='word_1_615' title='bbox 2162 3599 2314 3656; x_wconf 88' lang='lat' dir='ltr'><strong>horis</strong></span> <span class='ocrx_word' id='word_1_616' title='bbox 2343 3613 2505 3667; x_wconf 89' lang='lat' dir='ltr'><strong>supra</strong></span> <span class='ocrx_word' id='word_1_617' title='bbox 2533 3597 2841 3667; x_wconf 83' lang='lat' dir='ltr'><strong>explicatis.</strong></span> <span class='ocrx_word' id='word_1_618' title='bbox 2934 3608 2937 3611; x_wconf 92' lang='grc'><strong>·</strong></span> 
     </span>
    </p>
   </div>
   <div class='ocr_carea' id='block_1_85' title="bbox 2083 3668 2359 3724">
    <p class='ocr_par' dir='ltr' id='par_1_85' title="bbox 2083 3668 2359 3724">
     <span class='ocr_line' id='line_1_87' title="bbox 2083 3668 2359 3724; baseline -0.004 0"><span class='ocrx_word' id='word_1_619' title='bbox 2083 3677 2111 3711; x_wconf 79' lang='grc' dir='ltr'><strong>ιι</strong></span> <span class='ocrx_word' id='word_1_620' title='bbox 2152 3671 2266 3724; x_wconf 85' lang='lat' dir='ltr'><strong>Etc.</strong></span> <span class='ocrx_word' id='word_1_621' title='bbox 2302 3668 2359 3724; x_wconf 88' lang='lat' dir='ltr'><strong>S.</strong></span> 
     </span>
    </p>
   </div>
   <div class='ocr_carea' id='block_1_86' title="bbox 2014 3741 3306 3813">
    <p class='ocr_par' dir='ltr' id='par_1_86' title="bbox 2014 3741 3306 3813">
     <span class='ocr_line' id='line_1_88' title="bbox 2014 3741 3306 3813; baseline 0 0"><span class='ocrx_word' id='word_1_622' title='bbox 2014 3741 2209 3813; x_wconf 61' lang='lat' dir='ltr'><strong>gloria:</strong></span> <span class='ocrx_word' id='word_1_623' title='bbox 2334 3808 2344 3813; x_wconf 84' lang='lat'><strong>-</strong></span> <span class='ocrx_word' id='word_1_624' title='bbox 2434 3807 2495 3813; x_wconf 87' lang='lat'><strong>_--</strong></span> <span class='ocrx_word' id='word_1_625' title='bbox 2942 3802 2974 3813; x_wconf 77' lang='lat'><strong>..</strong></span> <span class='ocrx_word' id='word_1_626' title='bbox 3066 3812 3069 3813; x_wconf 65' lang='lat'>,</span> 
     </span>
    </p>
   </div>
   <div class='ocr_carea' id='block_1_87' title="bbox 2092 3802 3609 3876">
    <p class='ocr_par' dir='ltr' id='par_1_87' title="bbox 2092 3802 3609 3876">
     <span class='ocr_line' id='line_1_89' title="bbox 2092 3802 3609 3876; baseline -0.006 -11"><span class='ocrx_word' id='word_1_627' title='bbox 2092 3812 2108 3851; x_wconf 76' lang='grc' dir='ltr'><strong>ἱ</strong></span> <span class='ocrx_word' id='word_1_628' title='bbox 2142 3808 2400 3864; x_wconf 81' lang='lat' dir='ltr'><strong>Dicenda.</strong></span> <span class='ocrx_word' id='word_1_629' title='bbox 2434 3807 2574 3861; x_wconf 86' lang='lat' dir='ltr'><strong>Vict.</strong></span> <span class='ocrx_word' id='word_1_630' title='bbox 2604 3822 2659 3876; x_wconf 90' lang='lat' dir='ltr'><strong>p.</strong></span> <span class='ocrx_word' id='word_1_631' title='bbox 2692 3805 2841 3876; x_wconf 82' lang='lat' dir='ltr'><strong>addit</strong></span> <span class='ocrx_word' id='word_1_632' title='bbox 2875 3823 2887 3876; x_wconf 83' lang='lat'><strong>;</strong></span> <span class='ocrx_word' id='word_1_633' title='bbox 2934 3802 3094 3866; x_wconf 82' lang='lat' dir='ltr'><strong>Sunt,</strong></span> <span class='ocrx_word' id='word_1_634' title='bbox 3132 3802 3441 3876; x_wconf 78' lang='lat' dir='ltr'><strong>omittitque</strong></span> <span class='ocrx_word' id='word_1_635' title='bbox 3456 3818 3609 3876; x_wconf 77' lang='lat' dir='ltr'><strong>_ver-</strong></span> 
     </span>
    </p>
   </div>
   <div class='ocr_carea' id='block_1_88' title="bbox 2015 3872 3609 3946">
    <p class='ocr_par' dir='ltr' id='par_1_88' title="bbox 2015 3872 3609 3946">
     <span class='ocr_line' id='line_1_90' title="bbox 2015 3872 3609 3946; baseline -0.005 -10"><span class='ocrx_word' id='word_1_636' title='bbox 2015 3882 2141 3936; x_wconf 91' lang='lat' dir='ltr'><strong>bum</strong></span> <span class='ocrx_word' id='word_1_637' title='bbox 2166 3880 2437 3943; x_wconf 86' lang='lat' dir='ltr'><strong>dicantur,</strong></span> <span class='ocrx_word' id='word_1_638' title='bbox 2483 3872 2943 3946; x_wconf 76' lang='lat' dir='ltr'><strong>quemadmodum</strong></span> <span class='ocrx_word' id='word_1_639' title='bbox 2984 3880 3216 3946; x_wconf 70' lang='lat' dir='ltr'><strong>vetusta</strong></span> <span class='ocrx_word' id='word_1_640' title='bbox 3240 3872 3409 3946; x_wconf 79' lang='lat' dir='ltr'><strong>editio</strong></span> <span class='ocrx_word' id='word_1_641' title='bbox 3456 3872 3609 3929; x_wconf 82' lang='lat' dir='ltr'><strong>Pari-</strong></span> 
     </span>
    </p>
   </div>
   <div class='ocr_carea' id='block_1_89' title="bbox 2016 3941 3404 4029">
    <p class='ocr_par' dir='ltr' id='par_1_89' title="bbox 2016 3941 3404 4029">
     <span class='ocr_line' id='line_1_91' title="bbox 2016 3941 3404 4029; baseline -0.009 -22"><span class='ocrx_word' id='word_1_642' title='bbox 2016 3949 2232 4029; x_wconf 61' lang='lat' dir='ltr'><strong>siensis,</strong></span> <span class='ocrx_word' id='word_1_643' title='bbox 2265 3963 2385 4029; x_wconf 73' lang='lat' dir='ltr'><strong>quae</strong></span> <span class='ocrx_word' id='word_1_644' title='bbox 2409 3941 2572 4029; x_wconf 72' lang='lat' dir='ltr'><strong>etiam</strong></span> <span class='ocrx_word' id='word_1_645' title='bbox 2598 3960 2697 4029; x_wconf 79' lang='lat' dir='ltr'><strong>pro</strong></span> <span class='ocrx_word' id='word_1_646' title='bbox 2726 3941 3404 4029; x_wconf 48' lang='lat' dir='ltr'><strong>dicenda,‘ponitdicendo_.</strong></span> 
     </span>
    </p>
   </div>
   <div class='ocr_carea' id='block_1_90' title="bbox 2091 4012 3606 4084">
    <p class='ocr_par' dir='ltr' id='par_1_90' title="bbox 2091 4012 3606 4084">
     <span class='ocr_line' id='line_1_92' title="bbox 2091 4012 3606 4084; baseline -0.003 -13"><span class='ocrx_word' id='word_1_647' title='bbox 2091 4019 2106 4071; x_wconf 87' lang='lat' dir='ltr'><strong>i</strong></span> <span class='ocrx_word' id='word_1_648' title='bbox 2147 4012 2426 4075; x_wconf 65' lang='lat' dir='ltr'><strong>CentEsimi</strong></span> <span class='ocrx_word' id='word_1_649' title='bbox 2448 4012 2615 4071; x_wconf 77' lang='lat' dir='ltr'><strong>octavi</strong></span> <span class='ocrx_word' id='word_1_650' title='bbox 2646 4015 2853 4069; x_wconf 80' lang='lat' dir='ltr'><strong>decimi.</strong></span> <span class='ocrx_word' id='word_1_651' title='bbox 2878 4012 3011 4084; x_wconf 58' lang='lat' dir='ltr'><strong>God}</strong></span> <span class='ocrx_word' id='word_1_652' title='bbox 3035 4029 3089 4084; x_wconf 89' lang='lat' dir='ltr'><strong>p.</strong></span> <span class='ocrx_word' id='word_1_653' title='bbox 3110 4012 3251 4084; x_wconf 84' lang='lat' dir='ltr'><strong>Vict.</strong></span> <span class='ocrx_word' id='word_1_654' title='bbox 3275 4012 3453 4066; x_wconf 87' lang='lat' dir='ltr'><strong>addit:</strong></span> <span class='ocrx_word' id='word_1_655' title='bbox 3475 4012 3606 4078; x_wconf 70' lang='lat' dir='ltr'><strong>Quae</strong></span> 
     </span>
    </p>
   </div>
   <div class='ocr_carea' id='block_1_91' title="bbox 2019 4082 3606 4162">
    <p class='ocr_par' dir='ltr' id='par_1_91' title="bbox 2019 4082 3606 4162">
     <span class='ocr_line' id='line_1_93' title="bbox 2019 4082 3606 4162; baseline -0.006 -16"><span class='ocrx_word' id='word_1_656' title='bbox 2019 4099 2272 4162; x_wconf 79' lang='lat' dir='ltr'><strong>sequatur</strong></span> <span class='ocrx_word' id='word_1_657' title='bbox 2297 4088 2523 4162; x_wconf 54' lang='lat' dir='ltr'><strong>hymnus</strong></span> <span class='ocrx_word' id='word_1_658' title='bbox 2540 4087 2614 4162; x_wconf 72' lang='lat' dir='ltr'><strong>de</strong></span> <span class='ocrx_word' id='word_1_659' title='bbox 2638 4085 2742 4154; x_wconf 77' lang='lat' dir='ltr'><strong>ﬁde</strong></span> <span class='ocrx_word' id='word_1_660' title='bbox 2771 4082 3053 4162; x_wconf 55' lang='lat' dir='ltr'><strong>catholica,</strong></span> <span class='ocrx_word' id='word_1_661' title='bbox 3085 4082 3140 4162; x_wconf 87' lang='lat' dir='ltr'><strong>_id</strong></span> <span class='ocrx_word' id='word_1_662' title='bbox 3169 4089 3275 4148; x_wconf 89' lang='lat' dir='ltr'><strong>est,</strong></span> <span class='ocrx_word' id='word_1_663' title='bbox 3301 4084 3606 4153; x_wconf 83' lang='lat' dir='ltr'><strong>symbolum</strong></span> 
     </span>
    </p>
   </div>
   <div class='ocr_carea' id='block_1_92' title="bbox 2021 4153 3154 4217">
    <p class='ocr_par' dir='ltr' id='par_1_92' title="bbox 2021 4153 3154 4217">
     <span class='ocr_line' id='line_1_94' title="bbox 2021 4153 3154 4217; baseline -0.01 0"><span class='ocrx_word' id='word_1_664' title='bbox 2021 4153 2415 4217; x_wconf 48' lang='lat' dir='ltr'><strong>SfAthanaéii.</strong></span> <span class='ocrx_word' id='word_1_665' title='bbox 2449 4155 2556 4211; x_wconf 90' lang='lat' dir='ltr'><strong>Sed</strong></span> <span class='ocrx_word' id='word_1_666' title='bbox 2585 4153 2703 4210; x_wconf 60' lang='lat' dir='ltr'><strong>hinc</strong></span> <span class='ocrx_word' id='word_1_667' title='bbox 2736 4161 2862 4210; x_wconf 90' lang='lat' dir='ltr'><strong>sunt</strong></span> <span class='ocrx_word' id='word_1_668' title='bbox 2886 4153 3154 4209; x_wconf 89' lang='lat' dir='ltr'><strong>addititia.</strong></span> 
     </span>
    </p>
   </div>
   <div class='ocr_carea' id='block_1_93' title="bbox 2095 4223 3603 4284">
    <p class='ocr_par' dir='ltr' id='par_1_93' title="bbox 2095 4223 3603 4284">
     <span class='ocr_line' id='line_1_95' title="bbox 2095 4223 3603 4284; baseline -0.003 0"><span class='ocrx_word' id='word_1_669' title='bbox 2095 4233 2121 4272; x_wconf 79' lang='grc' dir='ltr'><strong>ιι</strong></span> <span class='ocrx_word' id='word_1_670' title='bbox 2158 4230 2438 4284; x_wconf 77' lang='lat' dir='ltr'><strong>Dicuntur.</strong></span> <span class='ocrx_word' id='word_1_671' title='bbox 2468 4226 2582 4282; x_wconf 84' lang='lat' dir='ltr'><strong>Hoc</strong></span> <span class='ocrx_word' id='word_1_672' title='bbox 2619 4224 2942 4280; x_wconf 89' lang='lat' dir='ltr'><strong>vocabulum</strong></span> <span class='ocrx_word' id='word_1_673' title='bbox 2994 4223 3334 4279; x_wconf 88' lang='lat' dir='ltr'><strong>desideratur</strong></span> <span class='ocrx_word' id='word_1_674' title='bbox 3383 4225 3439 4279; x_wconf 89' lang='lat' dir='ltr'><strong>in</strong></span> <span class='ocrx_word' id='word_1_675' title='bbox 3484 4225 3603 4279; x_wconf 88' lang='lat' dir='ltr'><strong>cod.</strong></span> 
     </span>
    </p>
   </div>
   <div class='ocr_carea' id='block_1_94' title="bbox 2021 4292 3195 4362">
    <p class='ocr_par' dir='ltr' id='par_1_94' title="bbox 2021 4292 3195 4362">
     <span class='ocr_line' id='line_1_96' title="bbox 2021 4292 3195 4362; baseline -0.009 -4"><span class='ocrx_word' id='word_1_676' title='bbox 2021 4318 2154 4358; x_wconf 90' lang='lat' dir='ltr'><strong>mss.</strong></span> <span class='ocrx_word' id='word_1_677' title='bbox 2182 4300 2240 4355; x_wconf 87' lang='grc'><strong>8.</strong></span> <span class='ocrx_word' id='word_1_678' title='bbox 2271 4300 2455 4355; x_wconf 86' lang='lat' dir='ltr'><strong>Germ.</strong></span> <span class='ocrx_word' id='word_1_679' title='bbox 2489 4312 2622 4362; x_wconf 88' lang='lat' dir='ltr'><strong>ma.,</strong></span> <span class='ocrx_word' id='word_1_680' title='bbox 2659 4292 2718 4351; x_wconf 87' lang='grc'><strong>8.</strong></span> <span class='ocrx_word' id='word_1_681' title='bbox 2742 4294 2866 4349; x_wconf 85' lang='lat' dir='ltr'><strong>Far.</strong></span> <span class='ocrx_word' id='word_1_682' title='bbox 2894 4302 2948 4350; x_wconf 92' lang='lat' dir='ltr'><strong>et</strong></span> <span class='ocrx_word' id='word_1_683' title='bbox 2968 4293 3108 4349; x_wconf 87' lang='lat' dir='ltr'><strong>Vict.</strong></span> <span class='ocrx_word' id='word_1_684' title='bbox 3142 4309 3195 4362; x_wconf 91' lang='lat' dir='ltr'><strong>p.</strong></span> 
     </span>
    </p>
   </div>
   <div class='ocr_carea' id='block_1_95' title="bbox 2100 4363 3319 4425">
    <p class='ocr_par' dir='ltr' id='par_1_95' title="bbox 2100 4363 3319 4425">
     <span class='ocr_line' id='line_1_97' title="bbox 2100 4363 3319 4425; baseline -0.008 0"><span class='ocrx_word' id='word_1_685' title='bbox 2100 4371 2118 4411; x_wconf 75' lang='grc' dir='ltr'><strong>ι</strong></span> <span class='ocrx_word' id='word_1_686' title='bbox 2146 4371 2228 4425; x_wconf 80' lang='lat' dir='ltr'><strong>Ad</strong></span> <span class='ocrx_word' id='word_1_687' title='bbox 2249 4368 2586 4424; x_wconf 86' lang='lat' dir='ltr'><strong>dominicam.</strong></span> <span class='ocrx_word' id='word_1_688' title='bbox 2618 4367 2758 4422; x_wconf 87' lang='lat' dir='ltr'><strong>Vict.</strong></span> <span class='ocrx_word' id='word_1_689' title='bbox 2788 4381 2898 4421; x_wconf 90' lang='lat' dir='ltr'><strong>ma.</strong></span> <span class='ocrx_word' id='word_1_690' title='bbox 2934 4363 3119 4419; x_wconf 87' lang='lat' dir='ltr'><strong>addit:</strong></span> <span class='ocrx_word' id='word_1_691' title='bbox 3153 4363 3319 4416; x_wconf 84' lang='lat' dir='ltr'><strong>Diem.</strong></span> 
     </span>
    </p>
   </div>
   <div class='ocr_carea' id='block_1_96' title="bbox 2094 4434 3264 4512">
    <p class='ocr_par' dir='ltr' id='par_1_96' title="bbox 2094 4434 3264 4512">
     <span class='ocr_line' id='line_1_98' title="bbox 2094 4434 3264 4512; baseline -0.008 -16"><span class='ocrx_word' id='word_1_692' title='bbox 2094 4454 2133 4481; x_wconf 78' lang='grc' dir='ltr'>ω</span> <span class='ocrx_word' id='word_1_693' title='bbox 2158 4439 2340 4512; x_wconf 57' lang='lat' dir='ltr'><strong>{Isque</strong></span> <span class='ocrx_word' id='word_1_694' title='bbox 2355 4438 2426 4512; x_wconf 64' lang='lat' dir='ltr'><strong>ad</strong></span> <span class='ocrx_word' id='word_1_695' title='bbox 2453 4454 2646 4512; x_wconf 65' lang='lat' dir='ltr'><strong>nonum</strong></span> <span class='ocrx_word' id='word_1_696' title='bbox 2667 4434 3264 4512; x_wconf 45' lang='lat' dir='ltr'><strong>decimum._lnclu‘sive_.</strong></span> 
     </span>
    </p>
   </div>
   <div class='ocr_carea' id='block_1_97' title="bbox 2097 4502 3610 4581">
    <p class='ocr_par' dir='ltr' id='par_1_97' title="bbox 2097 4502 3610 4581">
     <span class='ocr_line' id='line_1_99' title="bbox 2097 4502 3610 4581; baseline -0.005 -16"><span class='ocrx_word' id='word_1_697' title='bbox 2097 4523 2125 4551; x_wconf 78' lang='grc' dir='ltr'><strong>ιι</strong></span> <span class='ocrx_word' id='word_1_698' title='bbox 2154 4509 2219 4565; x_wconf 90' lang='lat' dir='ltr'><strong>Ut</strong></span> <span class='ocrx_word' id='word_1_699' title='bbox 2242 4502 2467 4581; x_wconf 70' lang='lat' dir='ltr'><strong>ir&#39;gilias.</strong></span> <span class='ocrx_word' id='word_1_700' title='bbox 2502 4509 2640 4581; x_wconf 84' lang='lat' dir='ltr'><strong>Vict.</strong></span> <span class='ocrx_word' id='word_1_701' title='bbox 2674 4504 2851 4581; x_wconf 90' lang='lat' dir='ltr'><strong>p._,_Ut</strong></span> <span class='ocrx_word' id='word_1_702' title='bbox 2872 4503 3073 4581; x_wconf 66' lang='grc' dir='ltr'><strong>υἱρίιξςε⁵</strong></span> <span class='ocrx_word' id='word_1_703' title='bbox 3098 4502 3387 4581; x_wconf 62' lang='grc' dir='ltr'><strong>Βρῃιὶῃὶςιιο</strong></span> <span class='ocrx_word' id='word_1_704' title='bbox 3411 4520 3610 4581; x_wconf 67' lang='lat' dir='ltr'><strong>semper</strong></span> 
     </span>
    </p>
   </div>
   <div class='ocr_carea' id='block_1_98' title="bbox 2442 3660 3608 3731">
    <p class='ocr_par' dir='ltr' id='par_1_98' title="bbox 2442 3660 3608 3731">
     <span class='ocr_line' id='line_1_100' title="bbox 2442 3660 3608 3731; baseline -0.003 -9"><span class='ocrx_word' id='word_1_705' title='bbox 2442 3660 2708 3723; x_wconf 75' lang='lat' dir='ltr'><strong>unstahus</strong></span> <span class='ocrx_word' id='word_1_706' title='bbox 2742 3680 2866 3720; x_wconf 90' lang='lat' dir='ltr'><strong>cum</strong></span> <span class='ocrx_word' id='word_1_707' title='bbox 2895 3666 3056 3731; x_wconf 86' lang='lat' dir='ltr'><strong>vulgo</strong></span> <span class='ocrx_word' id='word_1_708' title='bbox 3099 3660 3262 3717; x_wconf 90' lang='lat' dir='ltr'><strong>editis</strong></span> <span class='ocrx_word' id='word_1_709' title='bbox 3309 3661 3492 3729; x_wconf 88' lang='lat' dir='ltr'><strong>habet,</strong></span> <span class='ocrx_word' id='word_1_710' title='bbox 3541 3662 3608 3721; x_wconf 78' lang='lat' dir='ltr'><strong>Et</strong></span> 
     </span>
    </p>
   </div>
   <div class='ocr_carea' id='block_1_99' title="bbox 328 4572 3607 4658">
    <p class='ocr_par' dir='ltr' id='par_1_99' title="bbox 328 4572 3607 4658">
     <span class='ocr_line' id='line_1_101' title="bbox 328 4572 3607 4658; baseline -0.001 -28"><span class='ocrx_word' id='word_1_711' title='bbox 328 4592 448 4631; x_wconf 62' lang='lat' dir='ltr'><strong>suae</strong></span> <span class='ocrx_word' id='word_1_712' title='bbox 478 4575 695 4658; x_wconf 57' lang='lat' dir='ltr'><strong>ltegulre</strong></span> <span class='ocrx_word' id='word_1_713' title='bbox 716 4577 897 4658; x_wconf 63' lang='lat' dir='ltr'><strong>prima</strong></span> <span class='ocrx_word' id='word_1_714' title='bbox 916 4579 1089 4658; x_wconf 72' lang='lat' dir='ltr'><strong>noctis</strong></span> <span class='ocrx_word' id='word_1_715' title='bbox 1114 4577 1266 4658; x_wconf 69' lang='lat' dir='ltr'><strong>hpra.</strong></span> <span class='ocrx_word' id='word_1_716' title='bbox 1300 4577 1383 4658; x_wconf 39' lang='lat' dir='ltr'><strong>Et.</strong></span> <span class='ocrx_word' id='word_1_717' title='bbox 1406 4578 1620 4658; x_wconf 77' lang='lat' dir='ltr'><strong>videtur</strong></span> <span class='ocrx_word' id='word_1_718' title='bbox 1659 4593 1781 4658; x_wconf 73' lang='lat' dir='ltr'><strong>esse</strong></span> <span class='ocrx_word' id='word_1_719' title='bbox 1801 4572 1918 4632; x_wconf 58' lang='lat' dir='ltr'><strong>&#39;illa</strong></span> <span class='ocrx_word' id='word_1_720' title='bbox 1944 4590 1998 4650; x_wconf 80' lang='lat'><strong>1)</strong></span> <span class='ocrx_word' id='word_1_721' title='bbox 2023 4602 2056 4639; x_wconf 83' lang='lat' dir='ltr'><strong>a</strong></span> <span class='ocrx_word' id='word_1_722' title='bbox 2083 4572 2335 4658; x_wconf 62' lang='lat' dir='ltr'><strong>pigesim&#39;o</strong></span> <span class='ocrx_word' id='word_1_723' title='bbox 2357 4572 2698 4658; x_wconf 48' lang='lat' dir='ltr'><strong>incipiantur:</strong></span> <span class='ocrx_word' id='word_1_724' title='bbox 2728 4577 2897 4633; x_wconf 89' lang='lat' dir='ltr'><strong>Vetus</strong></span> <span class='ocrx_word' id='word_1_725' title='bbox 2922 4572 3114 4629; x_wconf 59' lang='lat' dir='ltr'><strong>&#39;editio</strong></span> <span class='ocrx_word' id='word_1_726' title='bbox 3157 4572 3526 4638; x_wconf 31' lang='lat' dir='ltr'><strong>Parisiensis,‘</strong></span> <span class='ocrx_word' id='word_1_727' title='bbox 3552 4583 3607 4627; x_wconf 84' lang='lat' dir='ltr'><strong>ut</strong></span> 
     </span>
    </p>
   </div>
   <div class='ocr_carea' id='block_1_100' title="bbox 328 4647 1920 4718">
    <p class='ocr_par' dir='ltr' id='par_1_100' title="bbox 328 4647 1920 4718">
     <span class='ocr_line' id='line_1_102' title="bbox 328 4647 1920 4718; baseline 0.001 -17"><span class='ocrx_word' id='word_1_728' title='bbox 328 4647 557 4718; x_wconf 71' lang='lat' dir='ltr'><strong>synaxis</strong></span> <span class='ocrx_word' id='word_1_729' title='bbox 580 4664 743 4716; x_wconf 86' lang='lat' dir='ltr'><strong>quam</strong></span> <span class='ocrx_word' id='word_1_730' title='bbox 767 4647 826 4703; x_wconf 92' lang='lat' dir='ltr'><strong>S.</strong></span> <span class='ocrx_word' id='word_1_731' title='bbox 858 4648 1089 4703; x_wconf 90' lang='lat' dir='ltr'><strong>Basilius</strong></span> <span class='ocrx_word' id='word_1_732' title='bbox 1111 4647 1339 4706; x_wconf 79' lang='grc' dir='ltr'><strong>αἴτησιν.</strong></span> <span class='ocrx_word' id='word_1_733' title='bbox 1371 4649 1422 4701; x_wconf 89' lang='lat' dir='ltr'><strong>id</strong></span> <span class='ocrx_word' id='word_1_734' title='bbox 1450 4658 1566 4713; x_wconf 88' lang='lat' dir='ltr'><strong>est,</strong></span> <span class='ocrx_word' id='word_1_735' title='bbox 1604 4649 1920 4718; x_wconf 88' lang='lat' dir='ltr'><strong>petitionem</strong></span> 
     </span>
    </p>
   </div>
   <div class='ocr_carea' id='block_1_101' title="bbox 331 4716 1921 4789">
    <p class='ocr_par' dir='ltr' id='par_1_101' title="bbox 331 4716 1921 4789">
     <span class='ocr_line' id='line_1_103' title="bbox 331 4716 1921 4789; baseline 0.002 -20"><span class='ocrx_word' id='word_1_736' title='bbox 331 4716 571 4789; x_wconf 75' lang='lat' dir='ltr'><strong>appellat</strong></span> <span class='ocrx_word' id='word_1_737' title='bbox 599 4736 612 4771; x_wconf 91' lang='lat'>:</span> <span class='ocrx_word' id='word_1_738' title='bbox 645 4720 697 4773; x_wconf 92' lang='lat' dir='ltr'><strong>in</strong></span> <span class='ocrx_word' id='word_1_739' title='bbox 734 4719 823 4789; x_wconf 84' lang='lat' dir='ltr'><strong>illa</strong></span> <span class='ocrx_word' id='word_1_740' title='bbox 851 4719 1015 4783; x_wconf 89' lang='lat' dir='ltr'><strong>enim,</strong></span> <span class='ocrx_word' id='word_1_741' title='bbox 1060 4719 1513 4789; x_wconf 88' lang='lat' dir='ltr'><strong>quemadmodum</strong></span> <span class='ocrx_word' id='word_1_742' title='bbox 1542 4716 1921 4789; x_wconf 46' lang='lat' dir='ltr'><strong>in&#39;complcto—</strong></span> 
     </span>
    </p>
   </div>
   <div class='ocr_carea' id='block_1_102' title="bbox 330 4787 1923 4859">
    <p class='ocr_par' dir='ltr' id='par_1_102' title="bbox 330 4787 1923 4859">
     <span class='ocr_line' id='line_1_104' title="bbox 330 4787 1923 4859; baseline 0.001 -19"><span class='ocrx_word' id='word_1_743' title='bbox 330 4787 440 4849; x_wconf 89' lang='lat' dir='ltr'><strong>rio,</strong></span> <span class='ocrx_word' id='word_1_744' title='bbox 466 4788 668 4859; x_wconf 72' lang='lat' dir='ltr'><strong>petitur</strong></span> <span class='ocrx_word' id='word_1_745' title='bbox 691 4805 721 4844; x_wconf 93' lang='lat' dir='ltr'><strong>a</strong></span> <span class='ocrx_word' id='word_1_746' title='bbox 749 4788 861 4843; x_wconf 89' lang='lat' dir='ltr'><strong>Deo</strong></span> <span class='ocrx_word' id='word_1_747' title='bbox 885 4792 1062 4859; x_wconf 89' lang='lat' dir='ltr'><strong>noctis</strong></span> <span class='ocrx_word' id='word_1_748' title='bbox 1088 4788 1245 4859; x_wconf 88' lang='lat' dir='ltr'><strong>quies</strong></span> <span class='ocrx_word' id='word_1_749' title='bbox 1268 4804 1460 4844; x_wconf 89' lang='lat' dir='ltr'><strong>secura</strong></span> <span class='ocrx_word' id='word_1_750' title='bbox 1486 4796 1558 4859; x_wconf 87' lang='lat' dir='ltr'><strong>et</strong></span> <span class='ocrx_word' id='word_1_751' title='bbox 1584 4787 1818 4859; x_wconf 85' lang='lat' dir='ltr'><strong>placida,</strong></span> <span class='ocrx_word' id='word_1_752' title='bbox 1859 4796 1923 4843; x_wconf 88' lang='lat' dir='ltr'><strong>ut</strong></span> 
     </span>
    </p>
   </div>
   <div class='ocr_carea' id='block_1_103' title="bbox 329 4855 1917 4928">
    <p class='ocr_par' dir='ltr' id='par_1_103' title="bbox 329 4855 1917 4928">
     <span class='ocr_line' id='line_1_105' title="bbox 329 4855 1917 4928; baseline 0.001 -17"><span class='ocrx_word' id='word_1_753' title='bbox 329 4855 489 4911; x_wconf 79' lang='lat' dir='ltr'><strong>notat</strong></span> <span class='ocrx_word' id='word_1_754' title='bbox 506 4855 571 4928; x_wconf 73' lang='lat'><strong>§.</strong></span> <span class='ocrx_word' id='word_1_755' title='bbox 613 4858 863 4914; x_wconf 88' lang='lat' dir='ltr'><strong>Basilius.</strong></span> <span class='ocrx_word' id='word_1_756' title='bbox 896 4858 1027 4926; x_wconf 63' lang='lat' dir='ltr'><strong>Quae</strong></span> <span class='ocrx_word' id='word_1_757' title='bbox 1064 4855 1283 4928; x_wconf 80' lang='lat' dir='ltr'><strong>quidem</strong></span> <span class='ocrx_word' id='word_1_758' title='bbox 1310 4859 1446 4913; x_wconf 88' lang='lat' dir='ltr'><strong>hora</strong></span> <span class='ocrx_word' id='word_1_759' title='bbox 1480 4858 1535 4928; x_wconf 89' lang='lat' dir='ltr'><strong>in</strong></span> <span class='ocrx_word' id='word_1_760' title='bbox 1578 4855 1801 4914; x_wconf 86' lang='lat' dir='ltr'><strong>Oriente</strong></span> <span class='ocrx_word' id='word_1_761' title='bbox 1830 4859 1917 4912; x_wconf 89' lang='lat' dir='ltr'><strong>vix</strong></span> 
     </span>
    </p>
   </div>
   <div class='ocr_carea' id='block_1_104' title="bbox 332 4924 1923 4999">
    <p class='ocr_par' dir='ltr' id='par_1_104' title="bbox 332 4924 1923 4999">
     <span class='ocr_line' id='line_1_106' title="bbox 332 4924 1923 4999; baseline 0.002 -19"><span class='ocrx_word' id='word_1_762' title='bbox 332 4935 467 4999; x_wconf 70' lang='lat' dir='ltr'><strong>ante</strong></span> <span class='ocrx_word' id='word_1_763' title='bbox 497 4924 558 4981; x_wconf 89' lang='grc'><strong>8.</strong></span> <span class='ocrx_word' id='word_1_764' title='bbox 587 4929 844 4985; x_wconf 89' lang='lat' dir='ltr'><strong>Basilium</strong></span> <span class='ocrx_word' id='word_1_765' title='bbox 885 4924 1186 4999; x_wconf 44' lang='lat' dir='ltr'><strong>reperit—ur,</strong></span> <span class='ocrx_word' id='word_1_766' title='bbox 1228 4945 1329 4984; x_wconf 92' lang='lat' dir='ltr'><strong>nec</strong></span> <span class='ocrx_word' id='word_1_767' title='bbox 1371 4928 1424 4983; x_wconf 91' lang='lat' dir='ltr'><strong>in</strong></span> <span class='ocrx_word' id='word_1_768' title='bbox 1467 4927 1760 4984; x_wconf 85' lang='lat' dir='ltr'><strong>Occidente</strong></span> <span class='ocrx_word' id='word_1_769' title='bbox 1797 4937 1923 4984; x_wconf 90' lang='lat' dir='ltr'><strong>ante</strong></span> 
     </span>
    </p>
   </div>
   <div class='ocr_carea' id='block_1_105' title="bbox 333 4995 1925 5069">
    <p class='ocr_par' dir='ltr' id='par_1_105' title="bbox 333 4995 1925 5069">
     <span class='ocr_line' id='line_1_107' title="bbox 333 4995 1925 5069; baseline 0.003 -19"><span class='ocrx_word' id='word_1_770' title='bbox 333 4996 396 5069; x_wconf 89' lang='lat' dir='ltr'><strong>_S.</strong></span> <span class='ocrx_word' id='word_1_771' title='bbox 425 4995 798 5069; x_wconf 77' lang='lat' dir='ltr'><strong>Benedictum.</strong></span> <span class='ocrx_word' id='word_1_772' title='bbox 831 4995 1088 5069; x_wconf 58' lang='lat' dir='ltr'><strong>lmo&#39;post</strong></span> <span class='ocrx_word' id='word_1_773' title='bbox 1113 4998 1170 5053; x_wconf 90' lang='grc'><strong>8.</strong></span> <span class='ocrx_word' id='word_1_774' title='bbox 1204 4999 1388 5054; x_wconf 88' lang='lat' dir='ltr'><strong>Basilii</strong></span> <span class='ocrx_word' id='word_1_775' title='bbox 1409 5006 1627 5054; x_wconf 68' lang='lat' dir='ltr'><strong>aetatem</strong></span> <span class='ocrx_word' id='word_1_776' title='bbox 1655 4999 1712 5054; x_wconf 90' lang='lat' dir='ltr'><strong>in</strong></span> <span class='ocrx_word' id='word_1_777' title='bbox 1741 4999 1925 5054; x_wconf 90' lang='lat' dir='ltr'><strong>multis</strong></span> 
     </span>
    </p>
   </div>
   <div class='ocr_carea' id='block_1_106' title="bbox 330 5066 1927 5141">
    <p class='ocr_par' dir='ltr' id='par_1_106' title="bbox 330 5066 1927 5141">
     <span class='ocr_line' id='line_1_108' title="bbox 330 5066 1927 5141; baseline 0.003 -20"><span class='ocrx_word' id='word_1_778' title='bbox 330 5067 471 5141; x_wconf 70' lang='lat' dir='ltr'><strong>locis</strong></span> <span class='ocrx_word' id='word_1_779' title='bbox 497 5066 737 5125; x_wconf 90' lang='lat' dir='ltr'><strong>Orientis</strong></span> <span class='ocrx_word' id='word_1_780' title='bbox 766 5086 872 5125; x_wconf 93' lang='lat' dir='ltr'><strong>non</strong></span> <span class='ocrx_word' id='word_1_781' title='bbox 902 5066 1036 5135; x_wconf 85' lang='lat' dir='ltr'><strong>fuit,</strong></span> <span class='ocrx_word' id='word_1_782' title='bbox 1084 5077 1146 5124; x_wconf 91' lang='lat' dir='ltr'><strong>ut</strong></span> <span class='ocrx_word' id='word_1_783' title='bbox 1182 5078 1331 5140; x_wconf 88' lang='lat' dir='ltr'><strong>patet</strong></span> <span class='ocrx_word' id='word_1_784' title='bbox 1364 5085 1430 5124; x_wconf 82' lang='lat' dir='ltr'><strong>ex</strong></span> <span class='ocrx_word' id='word_1_785' title='bbox 1472 5085 1636 5141; x_wconf 90' lang='lat' dir='ltr'><strong>supra</strong></span> <span class='ocrx_word' id='word_1_786' title='bbox 1672 5069 1829 5126; x_wconf 88' lang='lat' dir='ltr'><strong>dictis</strong></span> <span class='ocrx_word' id='word_1_787' title='bbox 1860 5070 1927 5125; x_wconf 89' lang='lat' dir='ltr'><strong>de</strong></span> 
     </span>
    </p>
   </div>
   <div class='ocr_carea' id='block_1_107' title="bbox 331 5138 963 5196">
    <p class='ocr_par' dir='ltr' id='par_1_107' title="bbox 331 5138 963 5196">
     <span class='ocr_line' id='line_1_109' title="bbox 331 5138 963 5196; baseline 0 -3"><span class='ocrx_word' id='word_1_788' title='bbox 331 5138 596 5193; x_wconf 88' lang='lat' dir='ltr'><strong>horarum</strong></span> <span class='ocrx_word' id='word_1_789' title='bbox 626 5140 963 5196; x_wconf 87' lang='lat' dir='ltr'><strong>diversitate.</strong></span> 
     </span>
    </p>
   </div>
   <div class='ocr_carea' id='block_1_108' title="bbox 410 5208 1926 5267">
    <p class='ocr_par' dir='ltr' id='par_1_108' title="bbox 410 5208 1926 5267">
     <span class='ocr_line' id='line_1_110' title="bbox 410 5208 1926 5267; baseline 0.001 -5"><span class='ocrx_word' id='word_1_790' title='bbox 410 5220 437 5247; x_wconf 75' lang='grc' dir='ltr'><strong>θ</strong></span> <span class='ocrx_word' id='word_1_791' title='bbox 467 5208 787 5267; x_wconf 86' lang='lat' dir='ltr'><strong>Directanei.</strong></span> <span class='ocrx_word' id='word_1_792' title='bbox 812 5210 890 5265; x_wconf 87' lang='lat' dir='ltr'><strong>Ita</strong></span> <span class='ocrx_word' id='word_1_793' title='bbox 911 5211 965 5266; x_wconf 92' lang='lat' dir='ltr'><strong>in</strong></span> <span class='ocrx_word' id='word_1_794' title='bbox 996 5211 1115 5266; x_wconf 91' lang='lat' dir='ltr'><strong>cod.</strong></span> <span class='ocrx_word' id='word_1_795' title='bbox 1153 5210 1356 5266; x_wconf 87' lang='lat' dir='ltr'><strong>nostris</strong></span> <span class='ocrx_word' id='word_1_796' title='bbox 1378 5226 1509 5265; x_wconf 83' lang='lat' dir='ltr'><strong>mss.</strong></span> <span class='ocrx_word' id='word_1_797' title='bbox 1538 5226 1660 5265; x_wconf 90' lang='lat' dir='ltr'><strong>cum</strong></span> <span class='ocrx_word' id='word_1_798' title='bbox 1689 5209 1747 5265; x_wconf 87' lang='grc'><strong>8.</strong></span> <span class='ocrx_word' id='word_1_799' title='bbox 1783 5210 1926 5264; x_wconf 88' lang='lat' dir='ltr'><strong>Dun-</strong></span> 
     </span>
    </p>
   </div>
   <div class='ocr_carea' id='block_1_109' title="bbox 331 5278 1927 5363">
    <p class='ocr_par' dir='ltr' id='par_1_109' title="bbox 331 5278 1927 5363">
     <span class='ocr_line' id='line_1_111' title="bbox 331 5278 1927 5363; baseline 0.001 -29"><span class='ocrx_word' id='word_1_800' title='bbox 331 5288 517 5363; x_wconf 67' lang='lat' dir='ltr'><strong>stano,</strong></span> <span class='ocrx_word' id='word_1_801' title='bbox 544 5281 705 5363; x_wconf 72' lang='lat' dir='ltr'><strong>vulgo</strong></span> <span class='ocrx_word' id='word_1_802' title='bbox 733 5281 948 5363; x_wconf 79' lang='lat' dir='ltr'><strong>legitur,</strong></span> <span class='ocrx_word' id='word_1_803' title='bbox 974 5282 1307 5363; x_wconf 61' lang='lat' dir='ltr'><strong>pirectarteo.</strong></span> <span class='ocrx_word' id='word_1_804' title='bbox 1332 5278 1493 5363; x_wconf 75' lang='lat' dir='ltr'><strong>Iubet</strong></span> <span class='ocrx_word' id='word_1_805' title='bbox 1513 5280 1571 5363; x_wconf 60' lang='grc'><strong>8.</strong></span> <span class='ocrx_word' id='word_1_806' title='bbox 1604 5280 1927 5363; x_wconf 68' lang='lat' dir='ltr'><strong>Benedictus</strong></span> 
     </span>
    </p>
   </div>
   <div class='ocr_carea' id='block_1_110' title="bbox 332 5350 1927 5421">
    <p class='ocr_par' dir='ltr' id='par_1_110' title="bbox 332 5350 1927 5421">
     <span class='ocr_line' id='line_1_112' title="bbox 332 5350 1927 5421; baseline 0.001 -17"><span class='ocrx_word' id='word_1_807' title='bbox 332 5350 678 5420; x_wconf 88' lang='lat' dir='ltr'><strong>completorii</strong></span> <span class='ocrx_word' id='word_1_808' title='bbox 708 5350 945 5421; x_wconf 87' lang='lat' dir='ltr'><strong>psalmos</strong></span> <span class='ocrx_word' id='word_1_809' title='bbox 974 5352 1027 5406; x_wconf 92' lang='lat' dir='ltr'><strong>in</strong></span> <span class='ocrx_word' id='word_1_810' title='bbox 1055 5351 1319 5406; x_wconf 90' lang='lat' dir='ltr'><strong>directum</strong></span> <span class='ocrx_word' id='word_1_811' title='bbox 1346 5351 1566 5405; x_wconf 85' lang='lat' dir='ltr'><strong>recitari</strong></span> <span class='ocrx_word' id='word_1_812' title='bbox 1593 5391 1607 5415; x_wconf 94' lang='lat'><strong>,</strong></span> <span class='ocrx_word' id='word_1_813' title='bbox 1637 5358 1697 5404; x_wconf 90' lang='lat' dir='ltr'><strong>ut</strong></span> <span class='ocrx_word' id='word_1_814' title='bbox 1728 5350 1927 5421; x_wconf 80' lang='lat' dir='ltr'><strong>fratres</strong></span> 
     </span>
    </p>
   </div>
   <div class='ocr_carea' id='block_1_111' title="bbox 332 5420 1929 5488">
    <p class='ocr_par' dir='ltr' id='par_1_111' title="bbox 332 5420 1929 5488">
     <span class='ocr_line' id='line_1_113' title="bbox 332 5420 1929 5488; baseline 0.001 -14"><span class='ocrx_word' id='word_1_815' title='bbox 332 5422 447 5475; x_wconf 89' lang='lat' dir='ltr'><strong>cito</strong></span> <span class='ocrx_word' id='word_1_816' title='bbox 472 5429 599 5475; x_wconf 86' lang='lat' dir='ltr'><strong>eant</strong></span> <span class='ocrx_word' id='word_1_817' title='bbox 619 5420 880 5488; x_wconf 83' lang='lat' dir='ltr'><strong>cubitum,</strong></span> <span class='ocrx_word' id='word_1_818' title='bbox 913 5436 1037 5476; x_wconf 90' lang='lat' dir='ltr'><strong>cum</strong></span> <span class='ocrx_word' id='word_1_819' title='bbox 1060 5421 1175 5475; x_wconf 66' lang='lat' dir='ltr'><strong>haec</strong></span> <span class='ocrx_word' id='word_1_820' title='bbox 1193 5422 1329 5475; x_wconf 85' lang='lat' dir='ltr'><strong>hora</strong></span> <span class='ocrx_word' id='word_1_821' title='bbox 1372 5421 1645 5476; x_wconf 85' lang='lat' dir='ltr'><strong>diceretur</strong></span> <span class='ocrx_word' id='word_1_822' title='bbox 1686 5420 1788 5475; x_wconf 88' lang='lat' dir='ltr'><strong>sub</strong></span> <span class='ocrx_word' id='word_1_823' title='bbox 1827 5420 1929 5475; x_wconf 87' lang='lat' dir='ltr'><strong>ini-</strong></span> 
     </span>
    </p>
   </div>
   <div class='ocr_carea' id='block_1_112' title="bbox 332 5492 1390 5556">
    <p class='ocr_par' dir='ltr' id='par_1_112' title="bbox 332 5492 1390 5556">
     <span class='ocr_line' id='line_1_114' title="bbox 332 5492 1390 5556; baseline -0.001 -11"><span class='ocrx_word' id='word_1_824' title='bbox 332 5495 472 5545; x_wconf 85' lang='lat' dir='ltr'><strong>tium</strong></span> <span class='ocrx_word' id='word_1_825' title='bbox 493 5492 691 5556; x_wconf 84' lang='lat' dir='ltr'><strong>noctis,</strong></span> <span class='ocrx_word' id='word_1_826' title='bbox 716 5508 809 5548; x_wconf 90' lang='lat' dir='ltr'><strong>seu</strong></span> <span class='ocrx_word' id='word_1_827' title='bbox 834 5494 1008 5556; x_wconf 90' lang='lat' dir='ltr'><strong>prima</strong></span> <span class='ocrx_word' id='word_1_828' title='bbox 1036 5492 1211 5547; x_wconf 90' lang='lat' dir='ltr'><strong>noctis</strong></span> <span class='ocrx_word' id='word_1_829' title='bbox 1236 5492 1390 5546; x_wconf 76' lang='lat' dir='ltr'><strong>liora.</strong></span> 
     </span>
    </p>
   </div>
   <div class='ocr_carea' id='block_1_113' title="bbox 415 5559 1922 5625">
    <p class='ocr_par' dir='ltr' id='par_1_113' title="bbox 415 5559 1922 5625">
     <span class='ocr_line' id='line_1_115' title="bbox 415 5559 1922 5625; baseline 0.001 -12"><span class='ocrx_word' id='word_1_830' title='bbox 415 5559 436 5599; x_wconf 68' lang='grc' dir='ltr'>ί</span> <span class='ocrx_word' id='word_1_831' title='bbox 462 5559 792 5617; x_wconf 70' lang='grc' dir='ltr'><strong>Βεηεάίειίο.</strong></span> <span class='ocrx_word' id='word_1_832' title='bbox 818 5559 951 5618; x_wconf 88' lang='lat' dir='ltr'><strong>Cod.</strong></span> <span class='ocrx_word' id='word_1_833' title='bbox 983 5577 1083 5617; x_wconf 86' lang='lat' dir='ltr'><strong>ms.</strong></span> <span class='ocrx_word' id='word_1_834' title='bbox 1120 5561 1327 5625; x_wconf 83' lang='lat' dir='ltr'><strong>Ebrul.,</strong></span> <span class='ocrx_word' id='word_1_835' title='bbox 1362 5561 1429 5615; x_wconf 80' lang='lat' dir='ltr'><strong>Et</strong></span> <span class='ocrx_word' id='word_1_836' title='bbox 1456 5561 1922 5617; x_wconf 81' lang='lat' dir='ltr'><strong>benedictio.Vict.</strong></span> 
     </span>
    </p>
   </div>
   <div class='ocr_carea' id='block_1_114' title="bbox 331 5630 1927 5754">
    <p class='ocr_par' dir='ltr' id='par_1_114' title="bbox 331 5630 1927 5754">
     <span class='ocr_line' id='line_1_116' title="bbox 331 5630 1927 5754; baseline 0.001 -71"><span class='ocrx_word' id='word_1_837' title='bbox 331 5646 416 5754; x_wconf 72' lang='lat' dir='ltr'><strong>p.,</strong></span> <span class='ocrx_word' id='word_1_838' title='bbox 443 5630 859 5715; x_wconf 71' lang='lat' dir='ltr'><strong>Benedictiones,</strong></span> <span class='ocrx_word' id='word_1_839' title='bbox 912 5632 979 5687; x_wconf 90' lang='lat' dir='ltr'><strong>de</strong></span> <span class='ocrx_word' id='word_1_840' title='bbox 1020 5633 1125 5687; x_wconf 88' lang='lat' dir='ltr'><strong>hac</strong></span> <span class='ocrx_word' id='word_1_841' title='bbox 1174 5630 1510 5714; x_wconf 76' lang='lat' dir='ltr'><strong>completorii</strong></span> <span class='ocrx_word' id='word_1_842' title='bbox 1551 5632 1927 5714; x_wconf 80' lang='lat' dir='ltr'><strong>benedictione</strong></span> 
     </span>
     <span class='ocr_line' id='line_1_117' title="bbox 356 5701 1921 5754; baseline 0 0"><span class='ocrx_word' id='word_1_843' title='bbox 356 5714 442 5754; x_wconf 78' lang='lat' dir='ltr'><strong>ioc</strong></span> <span class='ocrx_word' id='word_1_844' title='bbox 466 5708 749 5754; x_wconf 73' lang='lat' dir='ltr'><strong>statuitur.</strong></span> <span class='ocrx_word' id='word_1_845' title='bbox 773 5719 828 5754; x_wconf 78' lang='lat' dir='ltr'><strong>in</strong></span> <span class='ocrx_word' id='word_1_846' title='bbox 858 5703 982 5754; x_wconf 84' lang='lat' dir='ltr'><strong>add.</strong></span> <span class='ocrx_word' id='word_1_847' title='bbox 1013 5719 1031 5754; x_wconf 85' lang='grc' dir='ltr'><strong>ι</strong></span> <span class='ocrx_word' id='word_1_848' title='bbox 1058 5702 1288 5754; x_wconf 87' lang='lat' dir='ltr'><strong>Camtul.</strong></span> <span class='ocrx_word' id='word_1_849' title='bbox 1316 5701 1451 5754; x_wconf 87' lang='lat' dir='ltr'><strong>Lud.</strong></span> <span class='ocrx_word' id='word_1_850' title='bbox 1489 5717 1648 5754; x_wconf 82' lang='lat' dir='ltr'><strong>1mn..</strong></span> <span class='ocrx_word' id='word_1_851' title='bbox 1688 5709 1770 5754; x_wconf 79' lang='lat' dir='ltr'><strong>tit.</strong></span> <span class='ocrx_word' id='word_1_852' title='bbox 1808 5701 1877 5754; x_wconf 65' lang='grc'>48</span> <span class='ocrx_word' id='word_1_853' title='bbox 1909 5720 1921 5754; x_wconf 91' lang='lat'><strong>:</strong></span> 
     </span>
    </p>
   </div>
   <div class='ocr_carea' id='block_1_115' title="bbox 356 5701 1921 5777">
    <p class='ocr_par' dir='ltr' id='par_1_115' title="bbox 356 5701 1921 5777">
     <span class='ocr_line' id='line_1_118' title="bbox 356 5701 1921 5777; baseline 0 -22"><span class='ocrx_word' id='word_1_854' title='bbox 356 5714 449 5777; x_wconf 67' lang='lat' dir='ltr'><strong>ioc</strong></span> <span class='ocrx_word' id='word_1_855' title='bbox 466 5702 749 5777; x_wconf 74' lang='lat' dir='ltr'><strong>statuitur,</strong></span> <span class='ocrx_word' id='word_1_856' title='bbox 773 5703 828 5758; x_wconf 92' lang='lat' dir='ltr'><strong>in</strong></span> <span class='ocrx_word' id='word_1_857' title='bbox 858 5703 982 5760; x_wconf 86' lang='lat' dir='ltr'><strong>add.</strong></span> <span class='ocrx_word' id='word_1_858' title='bbox 1013 5702 1288 5777; x_wconf 79' lang='lat' dir='ltr'><strong>t_Capi_tul.</strong></span> <span class='ocrx_word' id='word_1_859' title='bbox 1316 5701 1451 5757; x_wconf 87' lang='lat' dir='ltr'><strong>Lud.</strong></span> <span class='ocrx_word' id='word_1_860' title='bbox 1489 5702 1648 5777; x_wconf 85' lang='lat' dir='ltr'><strong>imp.,</strong></span> <span class='ocrx_word' id='word_1_861' title='bbox 1688 5702 1770 5777; x_wconf 74' lang='lat' dir='ltr'><strong>tit.</strong></span> <span class='ocrx_word' id='word_1_862' title='bbox 1808 5701 1877 5756; x_wconf 69' lang='grc'>48</span> <span class='ocrx_word' id='word_1_863' title='bbox 1909 5720 1921 5755; x_wconf 91' lang='lat'><strong>:</strong></span> 
     </span>
    </p>
   </div>
   <div class='ocr_carea' id='block_1_116' title="bbox 337 5768 1921 5845">
    <p class='ocr_par' dir='ltr' id='par_1_116' title="bbox 337 5768 1921 5845">
     <span class='ocr_line' id='line_1_119' title="bbox 337 5768 1921 5845; baseline 0 -21"><span class='ocrx_word' id='word_1_864' title='bbox 337 5768 719 5845; x_wconf 12' lang='lat' dir='ltr'><strong>Utgbenea&#39;iclio</strong></span> <span class='ocrx_word' id='word_1_865' title='bbox 746 5782 862 5845; x_wconf 74' lang='lat' dir='ltr'><strong>post</strong></span> <span class='ocrx_word' id='word_1_866' title='bbox 890 5768 1284 5845; x_wconf 63' lang='lat' dir='ltr'><strong>completorium</strong></span> <span class='ocrx_word' id='word_1_867' title='bbox 1326 5790 1361 5845; x_wconf 72' lang='grc' dir='ltr'><em>ᾳ</em></span> <span class='ocrx_word' id='word_1_868' title='bbox 1391 5768 1660 5845; x_wconf 78' lang='lat' dir='ltr'><strong>sacerdote</strong></span> <span class='ocrx_word' id='word_1_869' title='bbox 1686 5772 1921 5845; x_wconf 70' lang='lat' dir='ltr'><strong>dicatur.</strong></span> 
     </span>
    </p>
   </div>
   <div class='ocr_carea' id='block_1_117' title="bbox 412 5841 1925 5913">
    <p class='ocr_par' dir='ltr' id='par_1_117' title="bbox 412 5841 1925 5913">
     <span class='ocr_line' id='line_1_120' title="bbox 412 5841 1925 5913; baseline 0.001 -18"><span class='ocrx_word' id='word_1_870' title='bbox 412 5843 438 5881; x_wconf 74' lang='grc'>⁸</span> <span class='ocrx_word' id='word_1_871' title='bbox 469 5841 537 5895; x_wconf 83' lang='lat' dir='ltr'><strong>Et</strong></span> <span class='ocrx_word' id='word_1_872' title='bbox 567 5851 681 5912; x_wconf 74' lang='lat' dir='ltr'><strong>post</strong></span> <span class='ocrx_word' id='word_1_873' title='bbox 711 5841 881 5898; x_wconf 72' lang='lat' dir='ltr'><strong>niissu’</strong></span> <span class='ocrx_word' id='word_1_874' title='bbox 911 5841 1066 5912; x_wconf 76' lang='lat' dir='ltr'><strong>ﬁant.</strong></span> <span class='ocrx_word' id='word_1_875' title='bbox 1104 5841 1373 5898; x_wconf 82' lang='lat' dir='ltr'><strong>l‘articula</strong></span> <span class='ocrx_word' id='word_1_876' title='bbox 1409 5853 1522 5913; x_wconf 77' lang='lat' dir='ltr'><strong>post</strong></span> <span class='ocrx_word' id='word_1_877' title='bbox 1584 5842 1925 5898; x_wconf 82' lang='lat' dir='ltr'><strong>desideratur</strong></span> 
     </span>
    </p>
   </div>
   <div class='ocr_carea' id='block_1_118' title="bbox 2023 4648 2674 4709">
    <p class='ocr_par' dir='ltr' id='par_1_118' title="bbox 2023 4648 2674 4709">
     <span class='ocr_line' id='line_1_121' title="bbox 2023 4648 2674 4709; baseline -0.015 0"><span class='ocrx_word' id='word_1_878' title='bbox 2023 4654 2093 4709; x_wconf 88' lang='lat' dir='ltr'><strong>ad</strong></span> <span class='ocrx_word' id='word_1_879' title='bbox 2114 4648 2320 4709; x_wconf 78' lang='lat' dir='ltr'><strong>viqilias</strong></span> <span class='ocrx_word' id='word_1_880' title='bbox 2347 4648 2674 4702; x_wconf 80' lang='lat' dir='ltr'><strong>Dominicas.</strong></span> 
     </span>
    </p>
   </div>
   <div class='ocr_carea' id='block_1_119' title="bbox 2098 4713 3609 4791">
    <p class='ocr_par' dir='ltr' id='par_1_119' title="bbox 2098 4713 3609 4791">
     <span class='ocr_line' id='line_1_122' title="bbox 2098 4713 3609 4791; baseline -0.007 -15"><span class='ocrx_word' id='word_1_881' title='bbox 2098 4731 2123 4758; x_wconf 90' lang='grc' dir='ltr'>ο</span> <span class='ocrx_word' id='word_1_882' title='bbox 2163 4713 2335 4791; x_wconf 82' lang='lat' dir='ltr'><strong>Usque</strong></span> <span class='ocrx_word' id='word_1_883' title='bbox 2361 4718 2429 4772; x_wconf 85' lang='lat' dir='ltr'><strong>ad</strong></span> <span class='ocrx_word' id='word_1_884' title='bbox 2456 4716 2794 4770; x_wconf 83' lang='lat' dir='ltr'><strong>dominicam.</strong></span> <span class='ocrx_word' id='word_1_885' title='bbox 2819 4714 2876 4769; x_wconf 92' lang='lat' dir='ltr'><strong>ln</strong></span> <span class='ocrx_word' id='word_1_886' title='bbox 2904 4714 3045 4769; x_wconf 92' lang='lat' dir='ltr'><strong>Vict.</strong></span> <span class='ocrx_word' id='word_1_887' title='bbox 3084 4730 3191 4768; x_wconf 90' lang='lat' dir='ltr'><strong>ma.</strong></span> <span class='ocrx_word' id='word_1_888' title='bbox 3242 4713 3388 4768; x_wconf 76' lang='lat' dir='ltr'><strong>deest</strong></span> <span class='ocrx_word' id='word_1_889' title='bbox 3427 4713 3485 4769; x_wconf 80' lang='grc' dir='ltr'><strong>τὸ</strong></span> <span class='ocrx_word' id='word_1_890' title='bbox 3523 4730 3609 4767; x_wconf 80' lang='lat' dir='ltr'><strong>us-</strong></span> 
     </span>
    </p>
   </div>
   <div class='ocr_carea' id='block_1_120' title="bbox 2058 4810 2142 4847">
    <p class='ocr_par' dir='ltr' id='par_1_120' title="bbox 2058 4810 2142 4847">
     <span class='ocr_line' id='line_1_123' title="bbox 2058 4810 2142 4847; baseline -0.012 0"><span class='ocrx_word' id='word_1_891' title='bbox 2058 4810 2142 4847; x_wconf 87' lang='lat' dir='ltr'><strong>ue.</strong></span> 
     </span>
    </p>
   </div>
   <div class='ocr_carea' id='block_1_121' title="bbox 2023 4813 3605 4915">
    <p class='ocr_par' dir='ltr' id='par_1_121' title="bbox 2023 4813 3605 4915">
     <span class='ocr_line' id='line_1_124' title="bbox 2023 4813 3605 4915; baseline -0.005 -3"><span class='ocrx_word' id='word_1_892' title='bbox 2023 4813 2363 4915; x_wconf 44' lang='lat' dir='ltr'><strong>qugltidem.</strong></span> <span class='ocrx_word' id='word_1_893' title='bbox 2391 4857 2516 4912; x_wconf 60' lang='lat' dir='ltr'><strong>Haec</strong></span> <span class='ocrx_word' id='word_1_894' title='bbox 2554 4870 2661 4910; x_wconf 86' lang='lat' dir='ltr'><strong>vox</strong></span> <span class='ocrx_word' id='word_1_895' title='bbox 2688 4855 3030 4910; x_wconf 88' lang='lat' dir='ltr'><strong>desideratur</strong></span> <span class='ocrx_word' id='word_1_896' title='bbox 3055 4868 3220 4906; x_wconf 72' lang='lat' dir='ltr'><strong>etiam</strong></span> <span class='ocrx_word' id='word_1_897' title='bbox 3254 4853 3309 4906; x_wconf 93' lang='lat' dir='ltr'><strong>in</strong></span> <span class='ocrx_word' id='word_1_898' title='bbox 3334 4852 3473 4908; x_wconf 90' lang='lat' dir='ltr'><strong>Vict.</strong></span> <span class='ocrx_word' id='word_1_899' title='bbox 3498 4868 3605 4906; x_wconf 91' lang='lat' dir='ltr'><strong>ma.</strong></span> 
     </span>
    </p>
   </div>
   <div class='ocr_carea' id='block_1_122' title="bbox 2096 4922 3606 4996">
    <p class='ocr_par' dir='ltr' id='par_1_122' title="bbox 2096 4922 3606 4996">
     <span class='ocr_line' id='line_1_125' title="bbox 2096 4922 3606 4996; baseline -0.004 -13"><span class='ocrx_word' id='word_1_900' title='bbox 2096 4943 2125 4983; x_wconf 68' lang='grc' dir='ltr'>τι</span> <span class='ocrx_word' id='word_1_901' title='bbox 2155 4929 2449 4985; x_wconf 82' lang='lat' dir='ltr'><strong>Fortiores.</strong></span> <span class='ocrx_word' id='word_1_902' title='bbox 2484 4926 2544 4983; x_wconf 86' lang='lat' dir='ltr'><strong>Id</strong></span> <span class='ocrx_word' id='word_1_903' title='bbox 2568 4936 2674 4991; x_wconf 85' lang='grc' dir='ltr'>εει,</span> <span class='ocrx_word' id='word_1_904' title='bbox 2703 4926 2958 4996; x_wconf 82' lang='lat' dir='ltr'><strong>majores,</strong></span> <span class='ocrx_word' id='word_1_905' title='bbox 2991 4922 3333 4994; x_wconf 87' lang='lat' dir='ltr'><strong>prolixiores,</strong></span> <span class='ocrx_word' id='word_1_906' title='bbox 3360 4931 3418 4977; x_wconf 91' lang='lat' dir='ltr'><strong>ut</strong></span> <span class='ocrx_word' id='word_1_907' title='bbox 3442 4938 3606 4993; x_wconf 86' lang='lat' dir='ltr'><strong>supra</strong></span> 
     </span>
    </p>
   </div>
   <div class='ocr_carea' id='block_1_123' title="bbox 2026 5004 2500 5060">
    <p class='ocr_par' dir='ltr' id='par_1_123' title="bbox 2026 5004 2500 5060">
     <span class='ocr_line' id='line_1_126' title="bbox 2026 5004 2500 5060; baseline -0.019 0"><span class='ocrx_word' id='word_1_908' title='bbox 2026 5004 2371 5060; x_wconf 83' lang='lat' dir='ltr'><strong>observatum</strong></span> <span class='ocrx_word' id='word_1_909' title='bbox 2397 5006 2500 5053; x_wconf 88' lang='grc' dir='ltr'>εει.</span> 
     </span>
    </p>
   </div>
   <div class='ocr_carea' id='block_1_124' title="bbox 2105 5062 3608 5141">
    <p class='ocr_par' dir='ltr' id='par_1_124' title="bbox 2105 5062 3608 5141">
     <span class='ocr_line' id='line_1_127' title="bbox 2105 5062 3608 5141; baseline -0.015 -15"><span class='ocrx_word' id='word_1_910' title='bbox 2105 5083 2126 5111; x_wconf 82' lang='grc' dir='ltr'>ι’</span> <span class='ocrx_word' id='word_1_911' title='bbox 2160 5069 2564 5141; x_wconf 79' lang='lat' dir='ltr'><strong>Nonagesimus.</strong></span> <span class='ocrx_word' id='word_1_912' title='bbox 2596 5065 2651 5141; x_wconf 79' lang='lat' dir='ltr'><strong>Id</strong></span> <span class='ocrx_word' id='word_1_913' title='bbox 2674 5073 2794 5141; x_wconf 70' lang='lat' dir='ltr'><strong>est,</strong></span> <span class='ocrx_word' id='word_1_914' title='bbox 2836 5063 2939 5141; x_wconf 48' lang='lat' dir='ltr'><strong>Qui</strong></span> <span class='ocrx_word' id='word_1_915' title='bbox 2978 5062 3214 5141; x_wconf 59' lang='lat' dir='ltr'><strong>hgbitqt,</strong></span> <span class='ocrx_word' id='word_1_916' title='bbox 3266 5069 3407 5141; x_wconf 58' lang='lat' dir='ltr'><strong>em;</strong></span> <span class='ocrx_word' id='word_1_917' title='bbox 3459 5078 3608 5116; x_wconf 76' lang='grc' dir='ltr'>ριιιη-</span> 
     </span>
    </p>
   </div>
   <div class='ocr_carea' id='block_1_125' title="bbox 2028 5133 3609 5212">
    <p class='ocr_par' dir='ltr' id='par_1_125' title="bbox 2028 5133 3609 5212">
     <span class='ocr_line' id='line_1_128' title="bbox 2028 5133 3609 5212; baseline -0.007 -14"><span class='ocrx_word' id='word_1_918' title='bbox 2028 5144 2151 5198; x_wconf 88' lang='lat' dir='ltr'><strong>dem</strong></span> <span class='ocrx_word' id='word_1_919' title='bbox 2184 5133 2455 5212; x_wconf 80' lang='lat' dir='ltr'><strong>psalmum</strong></span> <span class='ocrx_word' id='word_1_920' title='bbox 2484 5136 2688 5212; x_wconf 72' lang='lat' dir='ltr'><strong>exsolvi</strong></span> <span class='ocrx_word' id='word_1_921' title='bbox 2707 5134 2865 5212; x_wconf 65' lang='lat' dir='ltr'><strong>jubet</strong></span> <span class='ocrx_word' id='word_1_922' title='bbox 2902 5133 2959 5188; x_wconf 92' lang='grc'><strong>8.</strong></span> <span class='ocrx_word' id='word_1_923' title='bbox 3004 5133 3232 5212; x_wconf 75' lang='lat' dir='ltr'><strong>Basilius</strong></span> <span class='ocrx_word' id='word_1_924' title='bbox 3271 5133 3323 5187; x_wconf 92' lang='lat' dir='ltr'><strong>in</strong></span> <span class='ocrx_word' id='word_1_925' title='bbox 3358 5146 3609 5212; x_wconf 62' lang='lat' dir='ltr'><strong>suprema</strong></span> 
     </span>
    </p>
   </div>
   <div class='ocr_carea' id='block_1_126' title="bbox 2028 5202 3610 5278">
    <p class='ocr_par' dir='ltr' id='par_1_126' title="bbox 2028 5202 3610 5278">
     <span class='ocr_line' id='line_1_129' title="bbox 2028 5202 3610 5278; baseline -0.008 -10"><span class='ocrx_word' id='word_1_926' title='bbox 2028 5214 2117 5268; x_wconf 89' lang='lat' dir='ltr'><strong>illa</strong></span> <span class='ocrx_word' id='word_1_927' title='bbox 2143 5202 2296 5275; x_wconf 77' lang='lat' dir='ltr'><strong>hora,</strong></span> <span class='ocrx_word' id='word_1_928' title='bbox 2339 5223 2500 5278; x_wconf 91' lang='lat' dir='ltr'><strong>quam</strong></span> <span class='ocrx_word' id='word_1_929' title='bbox 2542 5206 2765 5270; x_wconf 81' lang='grc' dir='ltr'><strong>αἴτησιν,</strong></span> <span class='ocrx_word' id='word_1_930' title='bbox 2798 5205 2850 5259; x_wconf 91' lang='lat' dir='ltr'><strong>id</strong></span> <span class='ocrx_word' id='word_1_931' title='bbox 2872 5212 2984 5267; x_wconf 91' lang='lat' dir='ltr'><strong>est,</strong></span> <span class='ocrx_word' id='word_1_932' title='bbox 3009 5203 3320 5273; x_wconf 89' lang='lat' dir='ltr'><strong>petitionem</strong></span> <span class='ocrx_word' id='word_1_933' title='bbox 3358 5202 3610 5270; x_wconf 85' lang='lat' dir='ltr'><strong>appellat,</strong></span> 
     </span>
    </p>
   </div>
   <div class='ocr_carea' id='block_1_127' title="bbox 2029 5281 2767 5338">
    <p class='ocr_par' dir='ltr' id='par_1_127' title="bbox 2029 5281 2767 5338">
     <span class='ocr_line' id='line_1_130' title="bbox 2029 5281 2767 5338; baseline -0.012 0"><span class='ocrx_word' id='word_1_934' title='bbox 2029 5293 2087 5338; x_wconf 93' lang='lat' dir='ltr'><strong>ut</strong></span> <span class='ocrx_word' id='word_1_935' title='bbox 2110 5297 2271 5338; x_wconf 83' lang='lat' dir='ltr'><strong>supra</strong></span> <span class='ocrx_word' id='word_1_936' title='bbox 2292 5281 2637 5334; x_wconf 88' lang='lat' dir='ltr'><strong>observatum</strong></span> <span class='ocrx_word' id='word_1_937' title='bbox 2664 5285 2767 5330; x_wconf 89' lang='lat' dir='ltr'><strong>est.</strong></span> 
     </span>
    </p>
   </div>
   <div class='ocr_carea' id='block_1_128' title="bbox 2102 5342 3609 5415">
    <p class='ocr_par' dir='ltr' id='par_1_128' title="bbox 2102 5342 3609 5415">
     <span class='ocr_line' id='line_1_131' title="bbox 2102 5342 3609 5415; baseline -0.007 -10"><span class='ocrx_word' id='word_1_938' title='bbox 2102 5365 2124 5392; x_wconf 66' lang='grc' dir='ltr'><strong>ε</strong></span> <span class='ocrx_word' id='word_1_939' title='bbox 2158 5342 2445 5404; x_wconf 80' lang='lat' dir='ltr'><strong>Partiendo</strong></span> <span class='ocrx_word' id='word_1_940' title='bbox 2490 5347 2684 5401; x_wconf 84' lang='lat' dir='ltr'><strong>scilicet</strong></span> <span class='ocrx_word' id='word_1_941' title='bbox 2730 5346 2820 5415; x_wconf 85' lang='lat' dir='ltr'><strong>qui</strong></span> <span class='ocrx_word' id='word_1_942' title='bbox 2858 5343 2994 5397; x_wconf 77' lang='lat' dir='ltr'><strong>inter</strong></span> <span class='ocrx_word' id='word_1_943' title='bbox 3020 5358 3107 5397; x_wconf 80' lang='lat' dir='ltr'><strong>eos</strong></span> <span class='ocrx_word' id='word_1_944' title='bbox 3147 5342 3456 5415; x_wconf 77' lang='lat' dir='ltr'><strong>prolia&#39;iores</strong></span> <span class='ocrx_word' id='word_1_945' title='bbox 3478 5354 3609 5415; x_wconf 52' lang='lat' dir='ltr'><strong>sunt</strong></span> 
     </span>
    </p>
   </div>
   <div class='ocr_carea' id='block_1_129' title="bbox 2064 5410 3609 5483">
    <p class='ocr_par' dir='ltr' id='par_1_129' title="bbox 2064 5410 3609 5483">
     <span class='ocr_line' id='line_1_132' title="bbox 2064 5410 3609 5483; baseline -0.008 -6"><span class='ocrx_word' id='word_1_946' title='bbox 2064 5421 2239 5477; x_wconf 82' lang='lat' dir='ltr'><strong>salmi.</strong></span> <span class='ocrx_word' id='word_1_947' title='bbox 2270 5418 2418 5472; x_wconf 71' lang='lat' dir='ltr'><strong>lianc</strong></span> <span class='ocrx_word' id='word_1_948' title='bbox 2443 5410 2838 5472; x_wconf 80' lang='lat' dir='ltr'><strong>institutionem</strong></span> <span class='ocrx_word' id='word_1_949' title='bbox 2861 5420 3047 5473; x_wconf 79' lang='lat' dir='ltr'><strong>secuta</strong></span> <span class='ocrx_word' id='word_1_950' title='bbox 3080 5410 3163 5468; x_wconf 86' lang='lat' dir='ltr'><strong>est</strong></span> <span class='ocrx_word' id='word_1_951' title='bbox 3203 5412 3440 5483; x_wconf 82' lang='lat' dir='ltr'><strong>synodus</strong></span> <span class='ocrx_word' id='word_1_952' title='bbox 3478 5410 3609 5483; x_wconf 83' lang='lat' dir='ltr'><strong>Nar-</strong></span> 
     </span>
    </p>
   </div>
   <div class='ocr_carea' id='block_1_130' title="bbox 2102 5482 3612 5555">
    <p class='ocr_par' dir='ltr' id='par_1_130' title="bbox 2102 5482 3612 5555">
     <span class='ocr_line' id='line_1_133' title="bbox 2102 5482 3612 5555; baseline -0.008 -8"><span class='ocrx_word' id='word_1_953' title='bbox 2102 5491 2289 5547; x_wconf 82' lang='lat' dir='ltr'><strong>nensis</strong></span> <span class='ocrx_word' id='word_1_954' title='bbox 2332 5488 2433 5544; x_wconf 89' lang='lat' dir='ltr'><strong>sub</strong></span> <span class='ocrx_word' id='word_1_955' title='bbox 2463 5486 2774 5542; x_wconf 81' lang='lat' dir='ltr'><strong>Reccaredo</strong></span> <span class='ocrx_word' id='word_1_956' title='bbox 2813 5499 2940 5555; x_wconf 83' lang='lat' dir='ltr'><strong>rege</strong></span> <span class='ocrx_word' id='word_1_957' title='bbox 2973 5502 2985 5538; x_wconf 91' lang='lat'><strong>:</strong></span> <span class='ocrx_word' id='word_1_958' title='bbox 3021 5501 3039 5533; x_wconf 73' lang='grc' dir='ltr'><strong>ι</strong></span> <span class='ocrx_word' id='word_1_959' title='bbox 3063 5483 3191 5555; x_wconf 75' lang='lat' dir='ltr'><strong>Hoc</strong></span> <span class='ocrx_word' id='word_1_960' title='bbox 3234 5482 3446 5555; x_wconf 73' lang='lat' dir='ltr'><strong>quoque</strong></span> <span class='ocrx_word' id='word_1_961' title='bbox 3484 5482 3612 5536; x_wconf 84' lang='lat' dir='ltr'><strong>deli-</strong></span> 
     </span>
    </p>
   </div>
   <div class='ocr_carea' id='block_1_131' title="bbox 2030 5552 3612 5624">
    <p class='ocr_par' dir='ltr' id='par_1_131' title="bbox 2030 5552 3612 5624">
     <span class='ocr_line' id='line_1_134' title="bbox 2030 5552 3612 5624; baseline -0.006 -7"><span class='ocrx_word' id='word_1_962' title='bbox 2030 5564 2204 5617; x_wconf 91' lang='lat' dir='ltr'><strong>nitum</strong></span> <span class='ocrx_word' id='word_1_963' title='bbox 2232 5567 2336 5624; x_wconf 89' lang='lat' dir='ltr'><strong>est,</strong></span> <span class='ocrx_word' id='word_1_964' title='bbox 2380 5566 2441 5612; x_wconf 92' lang='lat' dir='ltr'><strong>ut</strong></span> <span class='ocrx_word' id='word_1_965' title='bbox 2482 5558 2539 5612; x_wconf 92' lang='lat' dir='ltr'><strong>in</strong></span> <span class='ocrx_word' id='word_1_966' title='bbox 2581 5552 3179 5624; x_wconf 57' lang='lat' dir='ltr'><strong>psallendis&#39;ordinibus</strong></span> <span class='ocrx_word' id='word_1_967' title='bbox 3208 5552 3375 5624; x_wconf 87' lang='lat' dir='ltr'><strong>gloria</strong></span> <span class='ocrx_word' id='word_1_968' title='bbox 3399 5552 3612 5624; x_wconf 85' lang='lat' dir='ltr'><strong>dicatur</strong></span> 
     </span>
    </p>
   </div>
   <div class='ocr_carea' id='block_1_132' title="bbox 2028 5622 3612 5700">
    <p class='ocr_par' dir='ltr' id='par_1_132' title="bbox 2028 5622 3612 5700">
     <span class='ocr_line' id='line_1_135' title="bbox 2028 5622 3612 5700; baseline -0.007 -13"><span class='ocrx_word' id='word_1_969' title='bbox 2028 5622 2382 5700; x_wconf 84' lang='lat' dir='ltr'><strong>omnipotenti</strong></span> <span class='ocrx_word' id='word_1_970' title='bbox 2414 5629 2544 5683; x_wconf 86' lang='lat' dir='ltr'><strong>Deo.</strong></span> <span class='ocrx_word' id='word_1_971' title='bbox 2576 5622 2680 5682; x_wconf 85' lang='lat' dir='ltr'><strong>Per</strong></span> <span class='ocrx_word' id='word_1_972' title='bbox 2707 5624 2944 5700; x_wconf 77' lang='lat' dir='ltr'><strong>majores</strong></span> <span class='ocrx_word' id='word_1_973' title='bbox 2968 5639 3097 5678; x_wconf 84' lang='lat' dir='ltr'><strong>vero</strong></span> <span class='ocrx_word' id='word_1_974' title='bbox 3125 5622 3385 5692; x_wconf 84' lang='lat' dir='ltr'><strong>psalmos,</strong></span> <span class='ocrx_word' id='word_1_975' title='bbox 3410 5622 3456 5681; x_wconf 76' lang='lat' dir='ltr'><strong>si</strong></span> <span class='ocrx_word' id='word_1_976' title='bbox 3497 5623 3612 5677; x_wconf 82' lang='lat' dir='ltr'><strong>fue-</strong></span> 
     </span>
    </p>
   </div>
   <div class='ocr_carea' id='block_1_133' title="bbox 2028 5695 3612 5772">
    <p class='ocr_par' dir='ltr' id='par_1_133' title="bbox 2028 5695 3612 5772">
     <span class='ocr_line' id='line_1_136' title="bbox 2028 5695 3612 5772; baseline -0.007 -15"><span class='ocrx_word' id='word_1_977' title='bbox 2028 5703 2140 5758; x_wconf 87' lang='lat' dir='ltr'><strong>rint</strong></span> <span class='ocrx_word' id='word_1_978' title='bbox 2170 5695 2514 5772; x_wconf 83' lang='lat' dir='ltr'><strong>prolixiores,</strong></span> <span class='ocrx_word' id='word_1_979' title='bbox 2543 5695 3071 5772; x_wconf 56' lang='lat' dir='ltr'><strong>pausationesliant;</strong></span> <span class='ocrx_word' id='word_1_980' title='bbox 3101 5702 3155 5772; x_wconf 64' lang='lat' dir='ltr'><strong>et</strong></span> <span class='ocrx_word' id='word_1_981' title='bbox 3176 5710 3273 5772; x_wconf 74' lang='lat' dir='ltr'><strong>per</strong></span> <span class='ocrx_word' id='word_1_982' title='bbox 3311 5709 3612 5772; x_wconf 75' lang='lat' dir='ltr'><strong>quamcun-</strong></span> 
     </span>
    </p>
   </div>
   <div class='ocr_carea' id='block_1_134' title="bbox 2029 5764 3610 5842">
    <p class='ocr_par' dir='ltr' id='par_1_134' title="bbox 2029 5764 3610 5842">
     <span class='ocr_line' id='line_1_137' title="bbox 2029 5764 3610 5842; baseline -0.009 -14"><span class='ocrx_word' id='word_1_983' title='bbox 2029 5788 2134 5842; x_wconf 91' lang='lat' dir='ltr'><strong>que</strong></span> <span class='ocrx_word' id='word_1_984' title='bbox 2171 5764 2561 5842; x_wconf 57' lang='lat' dir='ltr'><strong>pausationem&#39;</strong></span> <span class='ocrx_word' id='word_1_985' title='bbox 2578 5767 2747 5839; x_wconf 87' lang='lat' dir='ltr'><strong>gloria</strong></span> <span class='ocrx_word' id='word_1_986' title='bbox 2784 5765 3067 5842; x_wconf 85' lang='lat' dir='ltr'><strong>Trinitatis</strong></span> <span class='ocrx_word' id='word_1_987' title='bbox 3108 5764 3341 5842; x_wconf 82' lang='lat' dir='ltr'><strong>Domino</strong></span> <span class='ocrx_word' id='word_1_988' title='bbox 3359 5764 3610 5842; x_wconf 67' lang='lat' dir='ltr'><strong>decante—</strong></span> 
     </span>
    </p>
   </div>
   <div class='ocr_carea' id='block_1_135' title="bbox 2030 5831 3607 5909">
    <p class='ocr_par' dir='ltr' id='par_1_135' title="bbox 2030 5831 3607 5909">
     <span class='ocr_line' id='line_1_138' title="bbox 2030 5831 3607 5909; baseline -0.011 -11"><span class='ocrx_word' id='word_1_989' title='bbox 2030 5831 2135 5898; x_wconf 63' lang='lat' dir='ltr'><strong>tur.</strong></span> <span class='ocrx_word' id='word_1_990' title='bbox 2174 5831 2191 5894; x_wconf 70' lang='grc' dir='ltr'><strong><em>ἱ</em></strong></span> <span class='ocrx_word' id='word_1_991' title='bbox 2222 5831 2606 5897; x_wconf 56' lang='lat' dir='ltr'><strong>l‘ausationes&#39;</strong></span> <span class='ocrx_word' id='word_1_992' title='bbox 2622 5846 2803 5894; x_wconf 80' lang='lat' dir='ltr'><strong>autem</strong></span> <span class='ocrx_word' id='word_1_993' title='bbox 2857 5838 2974 5893; x_wconf 78' lang='lat' dir='ltr'><strong>ista:</strong></span> <span class='ocrx_word' id='word_1_994' title='bbox 3013 5845 3139 5892; x_wconf 85' lang='lat' dir='ltr'><strong>sunt</strong></span> <span class='ocrx_word' id='word_1_995' title='bbox 3167 5836 3496 5909; x_wconf 79' lang='lat' dir='ltr'><strong>psalmorum</strong></span> <span class='ocrx_word' id='word_1_996' title='bbox 3526 5831 3607 5884; x_wconf 65' lang='lat' dir='ltr'><strong>in»</strong></span> 
     </span>
    </p>
   </div>
  </div>
