3940 6196
452 217 557 276 9Ξ3
1464 206 1521 264 S.
1561 207 1919 263 BENEDICTI
1955 205 2244 262 ABBATIS
2282 203 2688 263 AMANENSIS
3537 211 3617 267 ωδ

453 330 657 386 scentia
685 339 710 368 α
749 325 894 382 sitim
919 336 1279 394 onagrorum,
1306 321 1335 360 ιι
1364 320 1419 375 in
1448 320 1698 375 sensibus
1742 319 2026 374 stultitiam
2057 320 2103 379 Α
2131 317 2199 371 Ει
2227 318 2353 386 quia
2376 317 2594 387 quando
2621 330 2721 386 pro
2746 316 2987 386 peccatis
3013 314 3204 371 nostris
3243 315 3486 372 humiliter
3523 335 3623 389 sup-

452 422 746 484 vulturum,
765 419 817 473 in
842 416 1097 471 memoria
1120 414 1443 469 oblivionem
1472 426 1777 475 cervorum,
1805 411 1859 464 in
1887 426 2032 465 men-

455 511 623 565 daciis
650 508 914 563 fallaciam
946 505 1206 574 vulpium,
1244 504 1298 557 in
1342 501 1541 556 invidia
1574 516 1838 556 venenum
1886 500 2035 568 vipe-

453 616 659 662 rarum,
675 600 727 652 in
744 598 948 667 jejunio
964 596 1271 649 tarditatem
1292 596 1477 657 boum,
1500 594 1551 646 in
1579 594 1741 647 corde
1761 591 2031 645 inscitiam

451 691 766 753 vitulorum,
796 689 849 742 in
880 688 1129 756 superbia
1161 686 1399 740 cervices
1434 693 1731 748 taurorum,
1764 682 1819 736 in
1863 683 2034 751 impu-

460 783 643 838 dentia
672 781 906 835 frontem
933 780 1186 841 arietum,
1216 778 1267 830 in
1298 777 1516 829 levitate
1548 774 1903 828 mobilitatem
1944 789 2036 827 ca—

456 874 794 944 preolorum,
830 873 884 926 in
912 870 1211 924 visceribus
1257 868 1449 922 callum
1483 866 1741 930 verrium,
1793 865 1848 918 in
1889 864 2036 934 cogi-

456 968 751 1023 tationibus
804 965 1087 1018 volutabra
1145 976 1469 1032 porcorum,
1519 960 1573 1013 in
1617 958 1796 1027 lingua
1846 957 2038 1010 dentes

458 1075 733 1130 aprorum,
772 1058 824 1111 iu
856 1056 1180 1112 conscientia
1221 1052 1456 1107 maculas
1477 1053 1715 1121 tigrium,
1742 1050 1795 1103 in
1826 1049 2036 1101 iracun-

459 1150 545 1203 dia
608 1148 867 1203 tumentia
911 1147 1048 1202 colla
1101 1145 1416 1206 draconum,
1478 1144 1531 1196 in
1581 1142 1817 1210 peccatis
1869 1141 2040 1194 moles

458 1242 887 1310 elephantorum.
944 1238 1097 1293 Unde
1152 1238 1519 1306 deprecorut,
1555 1241 1911 1303 agnoscentes
1939 1246 2040 1286 nos

460 1332 626 1386 tantis
677 1330 932 1400 periculis
990 1329 1380 1390 circumdatos,
1432 1326 1690 1380 attentius
1736 1341 1835 1395 pro
1885 1326 2042 1380 nobis

462 1424 693 1477 invicem
744 1421 972 1474 Domino
1018 1419 1396 1489 supplicemus.
1455 1418 1627 1481 Fiant,
1676 1432 1710 1471 o
1762 1417 2041 1471 Benedicti

459 1512 658 1566 fratres
681 1519 734 1565 et
758 1510 1050 1578 adjutores,
1105 1509 1188 1562 vel
1216 1500 1461 1563 conservi
1519 1509 1571 1560 in
1617 1506 1865 1571 Domino,
1908 1507 2043 1561 ﬁant

459 1618 654 1657 manus
680 1612 899 1666 nostrae,
935 1602 984 1655 id
1008 1612 1109 1663 est,
1161 1606 1361 1653 sanctae
1402 1600 1698 1663 orat'ones,
1730 1597 2041 1652 simul-cum

2133 407 2417 475 plicamus,
2443 408 2509 461 ad
2539 406 2824 460 Dominum
2871 421 2972 461 nos
3017 405 3156 475 loqui
3195 408 3542 478 cognoscimus,
3575 412 3625 465 ti-

2133 513 2282 552 mere
2326 499 2584 552 debemus
2618 512 2686 551 ne
2720 497 2859 550 forte
2885 498 2929 552 si
2955 496 3096 550 aliud
3120 513 3271 567 quam
3296 497 3344 552 id
3380 498 3500 567 quod
3522 500 3627 569 peti»

2134 606 2254 645 mus
2273 592 2512 661 cogitare
2533 592 2847 661 poterimus.
2879 591 3074 645 divinae
3093 590 3365 658 majestati.
3400 599 3628 661 antequam

2136 692 2281 738 stare
2319 684 2585 747 videmur,
2616 680 2867 750 injuriam
2894 682 3169 736 faciamus.
3222 681 3354 738 Certi
3385 684 3506 738 enim
3542 700 3631 739 esse

2136 780 2192 827 et
2219 781 2328 827 tota
2358 773 2641 828 devotione
2666 772 2940 827 conlidere
2964 772 3235 837 debemus,
3252 775 3383 842 quod
3408 774 3447 828 si
3465 777 3633 842 quando

2137 873 2230 917 aut
2261 864 2351 917 illa
2392 864 2670 932 psallimus
2711 873 2806 918 aut
2833 880 3071 930 oramus,
3101 867 3198 919 hoc
3219 867 3351 935 quod
3377 866 3637 936 proferimus

2137 970 2205 1008 ex
2241 970 2336 1009 ore
2364 964 2645 1009 teneamus
2666 956 2720 1009 in
2749 957 2932 1010 corde.
2957 956 3023 1010 Et
3052 963 3177 1011 tunc
3200 957 3363 1011 oratio
3382 965 3540 1011 nostra
3554 973 3638 1012 om~

2139 1045 2226 1097 nis
2251 1044 2540 1098 exauditur
2564 1059 2595 1097 a
2625 1045 2873 1099 Domino.
2907 1044 3061 1113 Quod
3090 1047 3201 1115 ipse
3221 1055 3458 1116 praestare
3498 1048 3639 1117 digne-

2140 1142 2249 1197 tur,
2297 1135 2389 1203 qui
2414 1150 2539 1189 cum
2574 1134 2735 1190 Patre
2756 1144 2812 1190 et
2844 1136 3048 1206 Spiritu
3070 1146 3254 1193 sancto
3279 1138 3401 1191 vivit
3422 1146 3470 1192 et
3499 1146 3641 1209 regnat

2143 1226 2195 1280 in
2228 1226 2423 1281 saecula
2448 1228 2789 1283 saeculorum.
2814 1227 3007 1283 Amen.

2230 1362 2257 1433 §
2284 1361 2394 1416 XII.
2422 1392 2493 1400 —
2521 1361 2597 1415 Ex
2636 1362 2857 1417 Rscuca
2890 1377 3081 1418 SANCTI
3111 1363 3344 1418 CASSIANI
3374 1361 3494 1435 (cap.
3520 1362 3580 1431 5).

2218 1507 2239 1534 ο
2293 1497 2571 1551 Praedicta:
2611 1505 2793 1551 autem
2843 1496 2945 1551 hoc
2988 1498 3150 1552 modo
3194 1498 3494 1568 incipiuntur
3516 1506 3641 1567 atque

2147 1586 2431 1653 ﬁniuntur,
2467 1586 2494 1626 ἀ
2526 1595 2586 1641 ut
2618 1588 2771 1642 [inito
2800 1588 3008 1657 psalmo
3038 1605 3145 1644 non
3193 1591 3430 1645 continuo
3469 1589 3528 1644 ad
3552 1605 3644 1644 ora-

459 1692 713 1761 operibus
740 1692 894 1746 bonis
928 1691 995 1745 ad
1018 1689 1325 1754 Dominum,
1372 1696 1431 1741 ut
1479 1688 1772 1741 introducti
1822 1688 1876 1741 in
1932 1697 2042 1741 tam

2147 1679 2347 1732 tionem
2404 1677 2616 1733 inﬂexis
2658 1679 2886 1747 genibus
2940 1689 3245 1744 corruatur,
3288 1687 3376 1735 sed
3417 1689 3642 1750 antequam

460 1781 764 1851 periculoso
795 1797 982 1852 agone,
1025 1789 1081 1834 et
1108 1781 1163 1834 in
1199 1782 1411 1835 theatro
1440 1779 1622 1833 mundi
1653 1777 1809 1847 hujus
1841 1780 1893 1834 in
1938 1797 2046 1850 quo

463 1887 626 1925 nemo
664 1880 957 1925 coronatur
984 1871 1085 1924 nisi
1117 1871 1209 1940 qui
1254 1870 1492 1940 legitime
1518 1871 1833 1935 certaverit,
1864 1870 2045 1925 laetum

465 1960 575 2013 Deo
595 1969 648 2014 et
669 1961 874 2030 angelis
900 1959 1262 2030 spectaculum
1286 1959 1643 2029 praebeamus,
1672 1966 1731 2013 ut
1755 1960 1871 2029 ipso
1896 1960 2047 2013 auxi-

461 2049 652 2115 liante,
692 2051 918 2105 devictis
948 2059 1003 2105 et
1026 2050 1309 2120 prostratis
1337 2048 1684 2113 adversariis,
1709 2064 1831 2102 cum
1858 2049 2049 2103 trium-

464 2142 575 2211 pho
603 2142 668 2197 ad
700 2150 959 2196 aeternam
983 2141 1213 2212 patriam
1248 2147 1552 2195 remeantes
1578 2139 1725 2193 illam
1755 2139 1963 2193 felicem
1994 2147 2049 2195 et

464 2218 872 2286 desiderabilem
902 2245 1088 2286 vocem
1117 2232 1302 2285 audire
1329 2245 1636 2284 mercamur
1664 2248 1678 2283 :
1731 2228 1929 2296 Venite,
1964 2231 2049 2283 be-

463 2321 657 2375 nedicti
688 2321 865 2376 Patris
911 2323 1030 2386 mei,
1067 2322 1315 2392 percipite
1353 2336 1567 2389 regnum
1595 2320 1734 2391 quod
1762 2320 1906 2375 vobis
1954 2338 2051 2391 pa-

463 2419 637 2463 ratum
678 2420 751 2465 est
781 2411 845 2465 ab
878 2412 1077 2481 origine
1118 2408 1303 2463 mundi
1348 2409 1564 2481 (Matth.
1618 2407 1832 2480 xxviii).
1874 2409 2047 2477 Quam

464 2515 579 2554 rem
609 2509 668 2555 ut
705 2502 950 2557 obtinere
982 2516 1104 2557 cum
1155 2501 1253 2555 Dei
1306 2501 1480 2572 gratia
1530 2516 1855 2569 mereamur,
1909 2501 2051 2557 sicut

463 2607 622 2662 supra
653 2595 1038 2665 suggessimus,
1088 2593 1306 2662 quando
1356 2594 1411 2646 in
1456 2593 1702 2648 oratione
1739 2604 1834 2647 aut
1886 2601 2049 2662 caput

464 2681 810 2750 inclinamus,
848 2692 939 2737 aut
963 2697 1135 2754 genua
1162 2682 1454 2748 ﬂectimus,
1480 2690 1593 2738 tota
1615 2682 1912 2737 intentione
1938 2683 2050 2737 ani-

462 2771 562 2837 mi,
597 2773 724 2827 totis
757 2773 963 2827 viribus
992 2772 1319 2832 laboremus,
1352 2786 1420 2825 ne
1450 2772 1605 2827 nobis
1653 2772 1915 2843 cogitatio
1954 2781 2049 2828 aut

466 2861 737 2931 superﬂua
767 2870 860 2916 aut
900 2862 1084 2931 iniqua
1112 2862 1418 2932 subripiens
1457 2870 1693 2939 mentem
1724 2871 1966 2918 nostram
2015 2878 2046 2917 a

461 2949 703 3020 perfecta
733 2960 789 3007 et
832 2959 1149 3022 compuncta
1189 2952 1361 3023 possit
1402 2953 1649 3009 oratione
1700 2955 2042 3010 subtrahere.

535 3106 749 3181 {Sitim
768 3124 1105 3181 onagrorum.
1129 3108 1275 3163 Psal.
1310 3125 1404 3181 cm
1437 3128 1472 3181 :_
1489 3109 1876 3181 Exspectabam
1914 3129 2046 3166 ona-

572 3178 754 3256 ingsita
779 3176 896 3256 sua:
926 3177 1159 3256 Qnager,
1190 3194 1284 3256 seu
1307 3176 1417 3240 ὄνος
1441 3176 1635 3256 ἆγρῳῤ,
1662 3181 1717 3235 id
1750 3192 1833 3256 est
1863 3182 2050 3256 asinus

465 3247 731 3332 silvestris
750 3247 894 3332 apud
938 3247 1264 3332 indos‘equi
1313 3247 1703 3332 magnitudine,
1760 3251 2049 3332 aliquando

466 3316 802 3391 major,_tot9
828 3333 1057 3391 corpore
1084 3316 1276 3391 albus,_
1302 3316 1476 3389 capite
1500 3335 1831 3391 purpureus,
1850 3316 2050 3391 foculis

464 3386 935 3459 caeruleis.7Cornu
978 3388 1052 3443 illi
1079 3388 1313 3443 cubitale
1346 3386 1522 3445 media
1551 3386 1794 3459 procedit
1846 3390 2047 3457 fronte,

464 3457 619 3531 cujus
647 3458 802 3513 scobs
832 3458 884 3513 in
901 3466 1054 3531 potu,
1082 3460 1205 3513 data
1246 3467 1427 3531 tuetur
1453 3476 1484 3531 a
1510 3457 1752 3515 venenis.
1791 3461 1920 3531 Ejus
1968 3463 2051 3516 in-

465 3525 634 3603 ferior
650 3543 786 3603 pars
819 3538 872 3583 et
893 3525 1057 3583 fronti
1078 3530 1323 3603 proxima
1358 3529 1426 3584 ad
1449 3530 1583 3603 duos
1604 3530 1812 3600 palmus
1831 3525 2051 3603 egregie

464 3597 696 3651 candida
724 3604 829 3660 est.
853 3597 1103 3666 suprema
1136 3599 1189 3653 in
1216 3614 1442 3653 acumen
1471 3597 1723 3656 desinens
1745 3597 2049 3657 cum'suiu-

465 3668 777 3743 morabore
803 3670 1029 3737 punicea
1054 3678 1158 3743 est,
1186 3684 1315 3743 qua;
1332 3672 1508 3725 media
1531 3671 1837 3743 intercedit,
1872 3673 2045 3743 nigra.

463 3734 566 3802 Qtti
615 3737 679 3791 de
704 3753 769 3792 eo
798 3734 989 3806 cornu,
1025 3740 1111 3795 vel
1142 3734 1351 3809 poculis
1384 3757 1450 3795 ex
1476 3756 1541 3795 eo
1577 3734 2046 3807 tornatis'hibt'mt,

463 3820 567 3860 nec
591 3821 836 3882 spasmo,
855 3824 955 3864 nec
981 3810 1170 3864 morbo
1198 3825 1354 3865 sacro
1385 3812 1774 3882 corripiuntur.
1803 3811 1911 3867 Nec
1937 3812 2047 3866 ulla

462 3877 659 3930 veneni
683 3878 763 3932 vis
788 3879 869 3933 eis
889 3894 1085 3934 nocere
1114 3887 1311 3948 potest,
1343 3881 1435 3949 qui
1475 3877 1601 3936 ante
1625 3880 1710 3934 vel
1746 3891 1869 3949 post
1909 3882 2046 3935 hau-

463 3953 612 3999 stum
643 3962 907 4019 venenum
931 3965 1124 4019 aquam
1157 3959 1250 4003 aut
1283 3950 1467 4004 vinum
1496 3952 1561 4005 de
1591 3949 1853 4019 ejusmodi
1878 3967 2048 4006 cornu

463 4029 561 4067 seu
591 4016 798 4084 poculis
818 4016 1071 4072 biberint.
1101 4017 1527 4075 Robustissimus
1560 4016 1646 4076 est
1673 4029 1728 4075 et
1770 4021 2049 4077 velocissi-

463 4098 606 4161 mus,
645 4093 706 4138 ut
728 4101 830 4140 nec
852 4101 1048 4161 equus,
1078 4102 1178 4161 nec
1215 4088 1361 4161 aliud
1385 4090 1599 4161 animal
1628 4090 1778 4144 illum
1831 4091 2048 4161 assequi

462 4154 664 4233 ροεείμ
694 4162 759 4233 13$
766 4154 950 4233 refert
973 4156 1521 4233 Ctesias_lndicorum
1548 4159 1688 4215 libro
1736 4163 1878 4230 apud
1904 4154 2048 4218 Plio—

464 4224 597 4276 tium
622 4224 674 4278 in
703 4225 1056 4292 Bibliotheca,
1090 4244 1146 4281 n.
1175 4226 1262 4281 71.

536 4294 562 4332 δ
597 4293 664 4347 In
692 4296 928 4371 sensibus
961 4297 1242 4371 stultitiam
1278 4297 1565 4371 vulturum.
1608 4300 1784 4371 Lege:
1817 4300 1885 4354 In
1928 4318 2045 4356 sen-

2146 1762 2434 1824 lleetantur
2457 1786 2633 1841 genua
2661 1770 2922 1839 majorem
2963 1773 3224 1842 temporis
3267 1783 3458 1842 partem
3489 1780 3646 1828 stantes

2147 1863 2201 1916 in
2229 1862 2621 1931 supplicatione
2640 1863 2947 1933 cxpendant
2972 1878 2986 1917 :
3016 1872 3072 1918 et
3101 1872 3221 1935 post
3241 1865 3349 1919 lucc
3370 1872 3541 1935 puncto
3559 1865 3648 1919 bre-

2146 1950 2367 2005 vissime
2395 1950 2740 2019 procidentes
2770 1951 2824 2005 in
2863 1959 3070 2006 terram
3108 1953 3252 2007 velut
3277 1953 3533 2007 adorantes
3560 1961 3651 2006 tan-

2148 2052 2262 2100 tum
2292 2045 2527 2100 divinam
2559 2046 2903 2101 clementiam
2940 2062 3156 2102 summa
3182 2049 3448 2105 velocitate
3481 2064 3651 2103 consur-

2147 2144 2277 2206 gant
2304 2153 2316 2189 :
2348 2144 2405 2190 et
2448 2136 2645 2190 iterum
2689 2137 2857 2192 erecti
2908 2149 2933 2178 °
2972 2139 3234 2208 expansis
3271 2139 3525 2203 manibus,
3549 2140 3652 2193 sicut

2147 2224 2299 2294 prius
2327 2232 2535 2280 stantes
2563 2235 2875 2293 oraverant,
2906 2229 3185 2284 modicum
3218 2231 3326 2286 suis
3342 2231 3559 2300 precibus
3581 2228 3652 2283 im-

2147 2323 2446 2369 morentur.
2514 2314 2639 2371 ldeo
2684 2324 2866 2371 autem
2914 2318 2994 2372 sic
3031 2333 3202 2376 orare
3240 2330 3535 2389 perceptum
3564 2327 3652 2379 est.

2148 2404 2298 2474 quia,
2343 2406 2469 2459 dum
2504 2405 2705 2461 diutius
2751 2415 2974 2462 orantes
3022 2408 3077 2463 in
3134 2418 3277 2465 terra
3304 2409 3653 2480 procumbimus

2149 2510 2258 2549 non
2288 2494 2463 2549 solum
2498 2496 2944 2566 cogitationibus,
2971 2512 3172 2553 verum
3212 2500 3367 2555 etiam
3387 2513 3549 2555 somno
3569 2514 3658 2568 gra-

2151 2586 2269 2641 vius
2299 2587 2696 2658 impugnamur.
2729 2588 2866 2643 Nam
2893 2590 3071 2655 multi,
3091 2592 3191 2660 qui
3212 2591 3461 2656 nesciunt,
3483 2589 3657 2645 necdum

2148 2676 2287 2732 bene
2331 2678 2484 2733 linito
2509 2678 2717 2749 psalmo
2764 2679 2818 2733 in
2858 2680 3171 2736 orationem
3200 2684 3526 2752 procumbere
3550 2679 3660 2734 festi-

2149 2783 2322 2837 nant,
2368 2781 2424 2829 et
2472 2774 2603 2829 dum
2651 2774 2719 2830 de
2749 2775 2888 2830 lassi
2929 2778 3186 2846 corporis
3229 2774 3499 2831 refectione
3526 2771 3663 2843 potius

2156 2878 2323 2933 quam
2360 2866 2426 2920 de
2463 2864 2728 2920 orationis
2757 2864 2991 2920 utilitate
3016 2867 3294 2936 cogitant,
3337 2870 3506 2935 optant
3522 2862 3640 2916 incur

2149 2954 2367 3010 vatione
2410 2970 2646 3025 genuum
2686 2956 2889 3011 diutius
2934 2957 3239 3012 incurvari.
3297 2954 3424 3011 Cum
3456 2959 3603 3010 autem
3628 2950 3661 3003 is

2150 3124 2369 3185 pectore
2392 3132 2631 3190 oramus.
2656 3139 2674 3171 ι
2695 3120 2764 3174 Et
2783 3119 2923 3190 libro
2952 3120 3019 3175 de
3040 3117 3224 3186 Orat.,
3250 3135 3365 3190 cap.
3393 3118 3477 3172 l3;
3493 3110 3661 3190 inqui

2151 3202 2273 3241 cum
2297 3188 2577 3259 modestia
2622 3198 2679 3244 et
2722 3189 3024 3245 humilitate
3062 3188 3357 3246 adorantes
3377 3188 3528 3259 magis
3555 3198 3665 3240 com-

2153 3257 2607 3331 mendamusDeo
2632 3274 2823 3331 preces
2852 3267 3089 3324 nostras,
3133 3277 3200 3316 ne
3224 3261 3352 3331 ipsis
3377 3257 3563 3331 quidem
3582 3268 3665 3331 nia.

2152 3326 2313 3402 nibus
2336 3322 2648 3402 “sublimius-
2689 3329 2847 3384 elatis
2864 3369 2881 3402 ,ν
2913 3331 3004 3383 sed
3031 3322 3334 3402 temperate
3357 3322 3410 3384 et
3427 3328 3569 3402 probe
3587 3322 3667 3402 elo:

2151 3396 2241 3470 tis.
2276 3396 2389 3470 p_S.
2432 3397 2764 3470 Fructuosus
2800 3390 3087 3470 episcopus
3136 3390 3494 3463 Bracarensis,
3526 3409 3619 3464 cap.
3640 3390 3668 3446 ὅ

2151 3464 2369 3541 Regula;
2394 3482 2408 3519 :
2438 3485 2455 3517 ι
2482 3466 2592 3541 Sed
2603 3485 2791 3525 omnes
2811 3464 3023 3524 summa
3042 3472 3358 3541 mqualitate
3378 3470 3661 3541 consumam.

2151 3537 2411 3591 extensisr
2433 3553 2499 3592 ue
2529 3538 2595 3591 ad
2626 3541 2822 3594 cmlum
2868 3541 3059 3609 palmis
3100 3537 3311 3597 orando
3354 3539 3619 3611 pet-sistant.
3649 3552 3661 3583 ι

2151 3603 2383 3659 Joannes
2409 3555 2658 3659 iloschns
2685 3610 2738 3659 in
2767 3609 2932 3659 Prata
2961 3611 3221 3659 snit-itali-
3250 3627 3365 3659 nan.
3393 3611 3456 3659 55
3488 3627 3500 3659 :
3526 3606 3661 3659 ἐπιτεὶ-

2149 3603 2383 3682 Joannes
2409 3603 2658 3663 Moschus
2685 3610 2738 3663 in
2767 3603 2932 3665 Pra'to
2961 3611 3222 3681 spiritali,
3250 3603 3369 3682 cap:
3393 3611 3456 3665 55
3488 3627 3500 3661 :
3526 3606 3666 3682 ἐξετεί-

2148 3697 2240 3758 ita:
2270 3680 2367 3758 τὰε
2393 3686 2577 3758 χεῖρας
2596 3683 2750 3758 ςρτοῦ
2781 3684 2853 3758 sic
2879 3684 2964 3736 τὸν
2991 3673 3357 3758 ὂρρανὸνξπρδς
3385 3683 3493 3758 Quir
3519 3673 3663 3758 ηξξατο

2148 3702 2240 3736 ναι·
2270 3702 2577 3800 ταςέειρας
2596 3702 2750 3735 αντου
2781 3702 2853 3741 εις
2879 3703 2964 3736 τον
2993 3703 3048 3735 ου
3084 3707 3210 3739 ανον
3230 3704 3357 3758 προς
3385 3702 3493 3737 υτον
3519 3702 3663 3739 vim“

2148 3746 2370 3818 λέγωνί
2431 3757 2531 3812 est,
2564 3750 2857 3818 (Exte-usis
2899 3702 3161 3808 manibus
3215 3754 3268 3807 in
3317 3747 3667 3818 cwlumeeuyl

2148 3811 2403 3890 precatus
2429 3827 2520 3890 est
2533 3817 2737 3873 dicens.
2755 3840 2774 3872 ι
2799 3820 2875 3890 Et
2906 3836 3027 3890 cap.
3054 3825 3166 3879 lOl
3194 3823 3448 3877 rationem
3472 3811 3664 3890 aﬂ‘ert

2147 3882 2725 3958 astet-iusepiscopus
2780 3882 3027 3945 Amase'm
3070 3908 3341 3948 enarrans
3392 3891 3496 3944 hate
3541 3882 3666 3958 verba

2149 3954 2425 4027 Evangelii
2453 3954 2486 4010 ε’
2513 3954 2641 4011 Duo'
2653 3960 2888 4014 homines
2933 3965 3287 4017 ascenderunt
3332 3963 3385 4016 in
3420 3955 3627 4027 ternplum
3654 3963 3668 3999 ἔ

2148 4030 2237 4106 Bai
2260 4025 2323 4081 τὸ
2344 4025 2506 4102 ὄρθιον
2526 4037 2616 4106 γῆς
2637 4039 2946 4105 προσευχῆς
2967 4033 3306 4106 ἐκτεταμέναις
3333 4025 3668 4106 προξαὶλρμτξνα

2147 4099 2239 4159 τὰς
2277 4097 2464 4185 χεῐριαις
2492 4100 2548 4152 τὸ
2588 4097 2936 4185 τοῦῐζσταυῇοῦ
2966 4104 3132 4185 adeo;
3151 4097 3666 4185 ’σχὴμισιτίιιἐξεικονίζειΖ

2147 4188 2192 4219 κ.
2220 4189 2271 4221 τ.
2299 4176 2343 4219 λ.
2368 4168 2446 4220 ⁷141
2477 4178 2581 4233 est,
2616 4186 2635 4218 ‹
2665 4170 2730 4222 Et
2766 4168 2943 4225 rectas
2978 4168 3286 4227 tende-rein
3309 4171 3490 4225 callum
3521 4175 3670 4221 manus

2146 4234 2378 4290 formam
2420 4246 2506 4291 est
2548 4239 2808 4293 exhibere
2849 4240 3050 4296 Christi
3092 4244 3248 4298 cruci
3289 4240 3445 4296 aﬂixi.
3494 4236 3542 4290 Si
3571 4243 3669 4286 vero

2146 4321 2273 4360 vere
2298 4315 2437 4371 orat,
2476 4316 2531 4361 et
2559 4324 2721 4362 orans
2749 4309 2959 4383 placeat
2988 4312 3119 4383 Deo,
3152 4328 3260 4383 non
3290 4313 3444 4383 modo
3463 4308 3511 4363 in
3534 4306 3668 4383 [ἱειιῇ

459 4362 602 4444 sibus
630 4364 973 4444 subtilitatem
1014 4367 1300 4421 vulturum.
1345 4366 1627 4444 Nambmc
1651 4362 1766 4444 avis
1795 4380 1880 4426 est
1904 4388 2035 4427 acu-
2063 4371 2117 4431 D
2144 4391 2359 4430 crucem
2399 4362 2774 4444 reprxcscntat',
2810 4362 3600 4438 isedetiain,a—ﬂ:ectu.vlltrenitit
3627 4371 3668 4425 in

458 4432 657 4512 tissimi
688 4435 1012 4512 visu_s_inter
1048 4447 1243 4512 czctera
1284 4437 1559 4512 animalia,
1586 4456 1655 4512 ex
1692 4441 1852 4512 longo
1876 4444 2039 4497 inter-

460 4502 602 4558 vallo
631 4506 966 4578 prospiciens
993 4508 1251 4578 escasab
1265 4516 1386 4562 ortu
1423 4502 1554 4565 solis
1583 4511 1635 4566 in
1664 4502 1939 4578 occasum,
1969 4513 2037 4567 ab

457 4589 657 4648 occasu
688 4574 755 4648 ad
781 4586 982 4648 ortum,
1015 4577 1193 4648 inquit
1224 4576 1365 4632 Orus
1393 4578 1605 4648 Apollo.
1638 4581 1715 4637 De
1743 4574 1958 4637 vulture
1982 4590 2036 4637 et

458 4642 580 4699 aliis
633 4644 958 4701 animalibus
1010 4642 1110 4702 hic"
1148 4642 1481 4704 enumeratis
1522 4650 1648 4705 vide
1700 4651 1932 4708 Plinium
1983 4658 2039 4706 et

454 4713 728 4769 .lElianum
757 4716 824 4771 de
848 4715 1190 4772 animalibus.

530 4795 552 4823 ε
602 4784 880 4860 Prafdicta;
899 4796 1093 4853 autem,
1118 4797 1223 4843 etc.
1242 4787 1382 4860 llaec
1409 4800 1623 4860 sumpta
1659 4800 1785 4846 sunt
1813 4806 1879 4845 ex
1906 4792 2038 4847 Cas-

456 4853 632 4915 siano,
666 4856 758 4930 lib.
785 4872 824 4930 tt
847 4856 913 4911 de
940 4866 1193 4930 nocturn.
1228 4858 1495 4925 0ration.,
1526 4853 1648 4930 cap.
1696 4861 1748 4915 7.
1803 4860 1905 4917 llic
1942 4879 2039 4917 au-

456 4931 566 4998 tem
600 4924 825 4998 subaudi
849 4929 1134 4998 orationes,
1166 4944 1233 4982 ex
1260 4930 1438 4998 capite
1467 4924 1656 4985 citato.

524 4992 552 5031 ιι
697 4994 851 5073 finito
885 4996 1107 5073 psalmo.
1147 4992 1343 5069 Arguit
1372 5014 1721 5073 moremisute
1745 5001 2039 5073 provincia:

461 5060 847 5129 Massiliensis,
885 5060 1042 5133 juxta
1069 5060 1513 5141 quemimonachi
1547 5072 1613 5126 ad
1651 5060 1811 5126 tinem
1841 5070 2037 5141 psalmi

453 5141 813 5254 properantes
842 5150 907 5189 co
943 5138 1181 5192 nondmn
1229 5138 1381 5195 ﬁnito
1428 5140 1480 5193 in
1523 5156 1694 5211 genua
1717 5138 2040 5212 procumbe-

492 5208 603 5253 aut.
647 5200 720 5254 De
770 5204 853 5254 his
901 5206 1368 5254 trennﬂexinnilmq
1431 5210 1497 5254 ml
1563 5209 1724 5254 ﬂnpm
1771 5211 2038 5254 nuiincmm

492 5208 603 5283 aut.
636 5200 720 5283 pe
740 5204 1368 5283 “hisngenuﬂexionibus
1431 5210 1498 5264 ad
1523 5200 1735 5267 vﬂnem‘
1771 5211 2038 5281 cujusque

455 5271 649 5340 psalmi
678 5271 816 5327 infra
848 5271 1077 5330 dicetur.

534 5351 557 5379 ε
598 5340 860 5411 Expansis
883 5347 1291 5425 manibus.__ltlos
1318 5349 1420 5404 fuit
1438 5351 2037 5425 prisqirumuChristia-

455 5425 650 5492 norum
706 5418 966 5492 expansis
1004 5418 1273 5492 tnanibttts
1323 5418 1501 5474 orare.
1567 5422 1934 5477 Tertullianus
1981 5423 2034 5475 in

458 5478 824 5563 Apulogctitc,
856 5500 973 5563 cap.
1004 5487 1036 5539 5
1076 5506 1086 5539 :
1127 5507 1145 5563 ξ
1179 5490 1306 5563 Illuc
1338 5493 1696 5559 suspicientes
1737 5493 2034 5563 Christiani

462 5549 717 5632 manibus
738 5549 1016 5632 expauéis,
1048 5557 1173 5632 quia
1202 5549 1475 5615 innocuis:
1509 5564 1682 5631 rapite
1715 5561 1879 5627 nudo,
1905 5563 2034 5632 quia

460 5635 567 5674 non
603 5621 996 5687 erubescimus,
1045 5621 1275 5698 denique
1320 5632 1437 5683 sine
1485 5621 1795 5708 monitore;
1821 5621 1940 5703 quia
1969 5634 2033 5687 dc

2144 4462 2305 4521 cruce
2333 4447 2504 4521 clavis
2530 4447 2749 4521 affixus,
2789 4450 2871 4504 sic
2899 4460 2955 4505 et
2980 4467 3146 4507 orans
3175 4460 3336 4508 necat
3362 4461 3554 4506 omnem
3575 4454 3669 4521 cng-

2141 4517 2225 4570 nis
2252 4510 2745 4587 concupiscentiam
2766 4559 2780 4585 ,
2809 4523 3072 4577 memoria
3101 4522 3374 4587 expellens
3397 4530 3587 4574 omnem
3606 4510 3669 4566 di-

2138 4587 2433 4659 vitiarunt,
2469 4587 2653 4658 gloriae
2702 4597 2757 4643 et
2796 4600 3080 4659 parentum
3123 4587 3396 4647 affectum.
3428 4609 3447 4642 ι
3491 4587 3667 4659 Etprz-

2138 4656 2286 4711 clare
2300 4654 2704 4735 S.Aug'u.stinus
2729 4654 3156 4735 enarrationem
3186 4662 3323 4733 psal.
3353 4675 3496 4735 tam:
3522 4654 3665 4735 ιιτθτξ

2140 4741 2270 4796 ergo
2296 4742 2490 4808 manus
2518 4728 2571 4782 in
2616 4730 2892 4794 oratione,
2924 4730 3120 4786 levavit
3148 4728 3251 4803 pro
3279 4731 3433 4787 nobis
3457 4728 3668 4808 Dominus

2139 4805 2324 4850 noster
2348 4797 2403 4850 in
2430 4813 2622 4861 cruce;
2666 4808 2722 4853 et
2766 4808 3005 4857 extensae
3053 4797 3185 4857 sun't
3231 4816 3424 4856 manus
3459 4797 3563 4864 ejus
3591 4804 3667 4864 ΡΝ

2138 4867 2315 4920 nobis.
2358 4867 2483 4921 Ideo
2530 4879 2775 4944 extensae
2810 4880 2937 4925 sunt
2970 4887 3176 4944 manus
3216 4874 3334 4944 ejus
3365 4871 3416 4924 in
3443 4863 3601 4944 cruce,
3623 4863 3667 4913 οἳ

2140 4951 2336 5012 manus
2359 4945 2560 5012 nostra;
2580 4939 2947 5012 extendantur
2967 4943 3020 4995 in
3045 4941 3185 4996 bona
3215 4936 3398 5012 opera,
3435 4936 3545 5012 quia
3562 4944 3664 5012 cruf

2138 5004 2309 5072 ipsius
2349 5004 2780 5063 misericordiam
2826 5011 2984 5066 nobis
3019 5004 3271 5072 nmbuit'.
3330 5004 3465 5065 Ecce
3511 5004 3667 5072 levati!

2137 5070 2229 5129 ille
2257 5091 2470 5149 manus,
2506 5086 2562 5132 et
2600 5079 2795 5133 obtulit
2831 5094 2929 5149 pro
2958 5070 3111 5136 nobis
3139 5080 3465 5137 sacriﬁcium
3486 5117 3500 5140 ,
3526 5070 3666 5128 deleta

2138 5153 2266 5200 sunt
2303 5147 2485 5202 omnia
2519 5158 2742 5217 peccata
2792 5147 2978 5205 nostra
3002 5191 3016 5215 ,
3048 5150 3292 5208 levemus
3313 5159 3368 5203 et
3391 5164 3483 5203 uos
3511 5151 3667 5199 manus

2138 5225 2354 5270 nostras
2379 5217 2446 5271 ad
2473 5217 2640 5290 Deum
2676 5219 2729 5273 in
2755 5235 2939 5290 prece,
2970 5230 3026 5275 et
3047 5236 3153 5274 non
3178 5220 3558 5290 confundantur
3576 5217 3663 5286 m3:

2138 5301 2241 5340 nus
2266 5295 2466 5341 nostrae
2505 5287 2691 5343 levatae
2724 5281 2792 5344 ad
2835 5281 3002 5345 Deum
3022 5331 3035 5354 ,
3069 5291 3114 5344 si
3155 5297 3507 5345 exerceantur
3543 5281 3671 5354 [pilis

2137 5356 2412 5425 operibus.
2455 5356 2591 5423 Quid
2641 5360 2785 5430 enim
2824 5360 2957 5415 facit
2983 5346 3073 5430 qui
3120 5360 3269 5413 levat
3299 5346 3669 5430 ηιειιιυςζυιιάθ

2138 5422 2466 5504 prmecptum
2485 5422 2493 5423 ί
2512 5435 2727 5504 φεμ-ιη
2762 5429 2954 5504 levatis
2992 5422 3245 5485 inanibus
3275 5441 3484 5484 oremus
3508 5422 3666 5504 DEUsz

2139 5495 2427 5569 Apostolus
2446 5499 2591 5552 enim
2617 5500 2747 5554 dicit
2771 5518 2784 5552 :
2821 5500 3068 5555 Leuantes
3090 5517 3257 5569 puras
3292 5495 3666 5569 manusfftm"

2138 5564 2613 5637 et'discepmtione;
2640 5580 2699 5623 ut
2722 5585 2844 5624 nittn
2877 5570 3024 5625 levas
3047 5564 3243 5623 manus
3274 5580 3392 5624 tuas
3425 5564 3485 5619 ad
3506 5564 3669 5628 Deum!

2138 5638 2359 5693 veniant
2381 5639 2473 5693 tibi
2500 5640 2551 5694 in
2580 5655 2817 5695 mentem
2843 5657 3006 5710 opera
3031 5650 3144 5696 tua.
3178 5662 3194 5693 ι
