3940 6196
295 347 400 403 925

1234 347 1625 405 CONCOBDIA
1663 350 2118 409 REGULARUM.
2153 385 2223 394 —
2261 355 2413 412 CAP.
2455 358 2617 414 XXV.

3450 369 3553 425 926

291 471 318 498 ι
348 458 440 526 qui
466 455 751 525 praecedit,
780 456 844 511 de
875 456 1117 511 oratione
1148 459 1469 523 surrexerit,
1508 474 1696 514 omnes
1722 460 1871 530 pari-
1897 466 1947 523 Α
1976 460 2250 516 boriosum
2292 464 2394 519 fuit
2433 472 2514 521 tot
2543 466 2751 522 vicibus
2775 483 2896 523 eum
2928 480 3203 541 repetere,
3254 475 3423 529 donec
3453 492 3554 532 nec

289 562 377 604 ter
396 549 694 620 erigantur.
726 549 755 588 δ
792 548 1053 603 Similiter
1079 564 1178 604 nec
1210 559 1502 621 antequam
1532 550 1621 605 ille
1653 551 1719 605 ad
1751 566 1873 605 era-

288 642 495 695 tionem
530 650 552 678 ο
582 640 893 705 inclinetur,
926 640 1122 711 aliquis
1160 656 1219 695 se
1246 641 1506 696 inclinare
1531 650 1823 711 praesumat
1853 661 1866 696 :

287 746 359 785 ne
386 746 493 785 non
521 738 630 784 tam
659 730 856 800 prioris
879 730 1305 795 conclusionem,
1353 733 1443 802 qui
1471 747 1690 802 precem
1722 733 1870 786 colli-

283 822 386 891 git,
419 837 577 891 quam
609 836 761 875 suam
789 820 1095 877 celebrasse
1120 821 1381 878 videatur.

363 912 391 983 §
421 911 554 966 XIII.
582 911 744 965 —-—Ex
773 911 993 967 Rasum
1020 928 1207 967 SANCTI
1239 913 1470 968 Casum
1496 913 1634 984 (cap.
1663 913 1775 987 ‘20).
1803 924 1817 937 '

353 1002 382 1040 εί
409 1002 543 1057 Cum
574 1017 700 1056 vero
746 1002 966 1072 psalmis
1009 1011 1063 1058 et
1109 1004 1322 1074 hymnis
1364 1005 1534 1058 oratis
1578 1005 1778 1070 Deum,
1812 1004 1864 1059 id

278 1103 537 1147 versetur
572 1094 623 1147 in
653 1095 816 1149 corde
845 1095 989 1164 quod
1014 1093 1290 1165 profertur
1314 1096 1369 1150 in
1392 1111 1543 1150 voce.
1573 1095 1863 1164 Quodcun-

275 1201 390 1255 que
427 1186 608 1256 operis
644 1184 913 1251 feceritis,
965 1187 1179 1256 quando
1221 1185 1380 1241 lectio
1410 1202 1516 1241 non
1546 1186 1762 1257 legitur,
1795 1187 1861 1242 de

276 1276 485 1331 divinis
538 1275 834 1345 Scripturis
885 1276 1090 1346 aliquid
1151 1278 1438 1331 ruminate.
1506 1276 1859 1348 Aigrotantes

275 1384 412 1422 vero
433 1368 513 1423 sic
544 1368 806 1423 tractandi
834 1378 978 1434 sunt,
1010 1376 1071 1422 ut
1094 1368 1253 1423 citius
1271 1368 1675 1424 convalescant.
1710 1380 1732 1408 ε
1751 1367 1857 1424 Sed

272 1474 402 1512 cum
431 1458 574 1512 vires
602 1459 861 1527 pristinas
894 1460 1285 1529 reparaverint,
1314 1461 1540 1516 redeant
1562 1463 1628 1515 ad
1654 1460 1858 1517 felicio-

273 1564 394 1602 rem
427 1549 765 1603 abstinentiae
792 1552 1255 1606 consuetudinem.
1297 1551 1317 1591 τ
1347 1552 1465 1607 Non
1498 1554 1569 1608 sit
1601 1554 1855 1609 notabilis

269 1639 494 1695 habitus
521 1650 720 1706 vester,
779 1657 880 1696 nec
921 1640 1186 1697 aﬂ‘ectetis
1217 1642 1433 1713 placere
1460 1643 1720 1708 vestibus,
1756 1644 1851 1698 sed

272 1731 543 1797 moribus,
570 1733 712 1801 quod
748 1732 904 1786 decet
924 1732 1260 1802 prepositum
1288 1741 1547 1788 vestrum.

633 1821 660 1893 §
689 1820 825 1876 XIV.
853 1852 925 1861 —
952 1824 976 1863 ε
1002 1823 1174 1878 υιετΑ
1201 1822 1489 1878 Casum-1.

342 1911 543 1967 Beatus
573 1912 842 1968 Caesarius
889 1928 996 1968 non
1031 1915 1096 1969 de
1132 1914 1424 1989 superﬁcie
1461 1915 1725 1970 Iabiorum
1754 1916 1852 1970 ali—

264 2004 400 2073 quid
438 2003 731 2073 Scripturae
752 2004 1042 2059 meditatus
1062 2014 1175 2072 est;
1199 2006 1463 2077 psalmum
1494 2007 1663 2076 ipsum
1689 2025 1849 2078 quem

264 2092 554 2159 recitavit,
597 2092 640 2146 si
680 2091 762 2146 vel
802 2108 941 2147 unus
969 2109 1147 2149 sermo
1171 2111 1294 2149 eum
1320 2097 1581 2166 praeteriit
1610 2098 1698 2152 ubi
1728 2115 1851 2152 sea—

262 2197 389 2236 sum
444 2181 807 2253 intelligentiae
837 2199 943 2239 non
989 2187 1483 2253 accommodasset,
1539 2205 1644 2243 non
1684 2190 1731 2244 ei
1774 2190 1848 2244 la-

338 2354 366 2417 _-
408 2339 513 2417 Qui
532 2345 800 2417 prmcedit.
836 2346 889 2399 Id
919 2353 1023 2409 est,
1054 2347 1142 2416 qui
1162 2358 1368 2417 pra’est.

338 2412 368 2451 δ
406 2412 663 2468 Similiter
699 2432 791 2490 nec
829 2412 1106 2490 antequam
1134 2412 1242 2470 ille.
1285 2418 1343 2472 S.
1372 2419 1705 2475 Fructuosus
1731 2421 1846 2490 epi-

260 2498 486 2554 scepus,
518 2499 638 2554 cap.
675 2486 843 2539 citato
880 2504 890 2538 :
944 2485 969 2536 ι
993 2485 1416 2542 Prosternantur
1439 2491 1492 2544 in
1525 2498 1746 2554 terram,
1767 2485 1845 2547 'eo

261 2552 476 2607 scilicet
513 2552 702 2626 ordine
747 2564 805 2608 ut
852 2571 1008 2609 nemo
1038 2556 1190 2626 prius
1223 2558 1440 2613 seniore
1470 2569 1563 2613 aut
1597 2552 1846 2615 incurve-

261 2632 378 2701 tur,
421 2632 512 2676 aut
537 2624 729 2679 iterum
759 2636 972 2697 surgat;
1014 2624 1109 2681 scd
1145 2643 1333 2682 omnes
1364 2644 1572 2684 summa
1616 2630 1842 2701 aequali-

263 2699 379 2746 tate
405 2704 749 2766 consurgant.
783 2716 803 2746 ι

339 2774 362 2802 ε
404 2762 715 2839 ζηειὶηεῐιιν.
765 2765 1017 2822 Inclinari
1065 2768 1170 2821 hoc
1218 2767 1336 2839 loco
1369 2777 1454 2823 est
1491 2771 1761 2839 prosterni
1789 2780 1845 2826 et

296 2832 656 2915 etmflectere;
687 2853 812 2892 nam
857 2839 960 2893 hoc
1009 2845 1123 2894 toto
1157 2837 1337 2907 capite
1370 2832 1551 2910 agitur
1581 2841 1648 2894 de
1674 2856 1842 2912 genu-

299 2918 516 2958 GXIOIIC.

334 2972 362 3012 ά
378 2973 535 3052 “Cum
559 2991 678 3052 vero
703 2976 941 3047 psalmis,
970 2978 1231 3052 etctlglrec
1261 2978 1531 3052 habentur
1555 2980 1609 3035 in
1636 2980 1841 3052 Regula

260 3041 324 3098 S.
372 3041 593 3120 C_a:sarii
637 3041 861 3112 excusa,
907 3041 1027 3119 cap.
1070 3048 1172 3114 20;
1206 3052 1299 3105 sed
1344 3049 1562 3120 quidem
1604 3041 1838 3119 primum

258 3114 566 3220 (magnarum
616 3130 886 3188 sumptum
934 3114 1019 3174 est
1066 3135 1134 3173 ex
1184 3114 1387 3191 Regula
1426 3120 1484 3175 8.
1525 3114 1834 3190 Augustini,
1863 3160 1906 3220 C

256 3197 383 3251 cap.
416 3182 467 3237 9.

337 3264 362 3375 ἔ
401 3252 505 3375 ξςῖά
558 3270 676 3307 cum
716 3257 873 3323 vires,
917 3267 1023 3314 etc.
1075 3258 1153 3313 Ex
1192 3257 1395 3329 Regula
1421 3259 1480 3316 8.
1523 3261 1829 3333 Augustini,

256 3338 321 3377 ca
368 3363 382 3376 .
422 3337 504 3376 ιι.

271 3460 288 3474 ι
328 3337 362 3430 li
402 3392 637 3474 Nan_sit
688 3396 951 3474 notabilis,
986 3407 1090 3453 etc.
1138 3399 1271 3454 Item
1321 3414 1386 3455 ex
1430 3399 1633 3472 Regula
1662 3401 1835 3456 sancti

255 3460 571 3572 Ausgustini,
598 3479 715 3534 cap.
755 3467 839 3520 18.

407 3532 555 3572 "irin
604 3532 839 3572 nn’enrin

399 3532 555 3587 Dicta
604 3532 871 3589 Ctrsaria’.
931 3537 1057 3591 Dea:
1103 3547 1229 3593 sunt
1271 3538 1518 3595 Cirsaritc
1550 3539 1837 3595 abbatissa:

255 3604 581 3673 monasterii
628 3606 768 3673 quod
810 3604 868 3660 8.
909 3605 1177 3663 Caesarius
1222 3609 1557 3664 Arelatensis
1609 3612 1837 3664 antistes

230 3672 548 3744 aedificavit
574 3672 751 3744 prope
798 3676 1092 3733 Arelatem.
1140 3678 1324 3734 Prima
1361 3688 1445 3734 est
1492 3678 1549 3733 8.
1578 3680 1831 3744 Cresaria,

252 3757 417 3824 s‘oror
553 3741 769 3824 Ct'esarii
816 3746 882 3802 de
923 3763 1046 3824 qua
1072 3746 1373 3824 Cyprianus
1401 3749 1511 3824 lib._
1536 3767 1561 3824 _l
1613 3748 1745 3804 Vita:
1773 3741 1830 3803 8.

254 3811 483 3884 Cmsarii
511 3831 523 3866 :
553 3831 572 3865 ‹
594 3811 975 3884 Evocataquee
999 3811 1318 3873 Massiliensi
1340 3820 1586 3873 emnobio
1610 3834 1833 3873 venera-

252 3881 585 3958 bili__sorore
619 3900 715 3939 sua
749 3881 986 3958 Catsaria
1041 3887 1235 3958 (quam
1261 3889 1462 3943 idcirco
1494 3907 1559 3944 eo
1588 3890 1830 3954 miserat,

251 3959 317 4005 ut
343 3952 591 4026 disceret
619 3956 763 4026 quod
807 3952 1058 4023 doceret;
1092 3952 1160 4011 et
1185 3960 1337 4026 prius
1391 3968 1534 4012 esset
1570 3952 1835 4026 discipula

254 4036 423 4097 quam
452 4024 757 4097 magistra),
810 4026 863 4097 in
905 4024 1207 4097 pneparata
1234 4028 1506 4083 domicilia
1540 4045 1663 4084 cum
1702 4024 1837 4083 dua-

252 4091 359 4145 bus
405 4100 501 4166 aut
532 4091 722 4166 tribus
761 4091 1036 4151 sodalibus
1068 4112 1187 4151 eam
1233 4098 1551 4154 introduxit.
1584 4119 1603 4151 ›
1666 4098 1835 4166 Hujus

253 4161 506 4243 meminit
531 4161 887 4232 Fortunatus,
920 4167 1015 4221 lib.
1047 4183 1169 4233 vui,
1212 4176 1464 4238 poemate
1482 4169 1540 4234 4,
1567 4170 1632 4225 de.
1660 4161 1833 4239 Virgi-

252 4238 464 4285 nitate:

318 4320 424 4391 IIth
450 4324 581 4372 inter
599 4325 801 4391 comites
819 4327 1069 4391 conjuncta
1093 4327 1297 4379 Caesaria
1321 4327 1477 4391 fulget

380 4382 708 4452 Tettiporiluts
732 4382 1214 4452 nostris'Arelatense
1235 4382 1407 4452 decus;

312 4442 519 4512 (Ismarii
537 4448 726 4494 monitis
757 4447 848 4512 luco
874 4450 1051 4512 sociata
1076 4454 1305 4512 perenni,

377 4504 431 4553 Si
457 4518 550 4553 non
576 4511 813 4569 martyrii,
835 4504 1122 4570 virginitatis
1144 4525 1259 4573 Ope.

254 4583 326 4640 Et
350 4584 497 4640 infra
529 4586 751 4656 loquens
778 4588 844 4643 de
864 4597 1051 4645 sancta
1074 4590 1405 4662 Radegunde
1429 4610 1441 4644 :

313 4680 413 4747 Sit_
415 4679 505 4728 tibi
528 4679 671 4747 dulce
692 4681 846 4747 decus
869 4685 1141 4732 veneranda
1161 4683 1361 4732 Casaria
1398 4695 1615 4747 praesens

379 4739 597 4790 Pra’sule
616 4741 819 4791 Ctesario
840 4757 931 4791 non
958 4747 1166 4793 caritura
1192 4753 1293 4794 tuo.

310 4800 432 4866 lllgs
453 4804 599 4850 corde
616 4815 850 4864 sequens,
870 4805 1189 4865 mandataque
1212 4816 1416 4866 corpore
1435 4806 1684 4864 complens

380 4860 444 4911 Ut
469 4870 643 4914 teneas
665 4860 936 4927 ﬂores,'bas
958 4860 1164 4915 imiteris
1181 4860 1317 4929 apes:

252 4944 647 5020 S._Cregorius
694 4948 1064 5020 Turonensis,
1110 4949 1205 5004 lib.
1257 4964 1311 5004 ιχ
1357 4949 1494 5004 Hist.
1517 4991 1533 5015 ,
1562 4965 1680 5020 cap.
1706 4950 1768 5004 41
1807 4970 1820 5004 :

256 5034 276 5068 α
307 5016 439 5071 Post
466 5016 581 5073 haec
607 5034 730 5073 cum
758 5018 1030 5090 pontificis
1072 5020 1154 5074 sui
1202 5020 1397 5089 saepius
1431 5016 1656 5090 gratiam
1679 5037 1823 5090 quae-

253 5095 423 5152 reret,
448 5104 548 5158 nec
578 5098 759 5157 posset
784 5089 1027 5158 adipisci,
1053 5091 1378 5145 necessitate
1399 5089 1671 5145 commota
1697 5089 1821 5145 cum

250 5173 346 5212 sua
383 5156 656 5212 abbatis-sa
681 5199 696 5224 ,
741 5156 903 5228 quam
951 5159 1279 5224 instituerat,
1331 5161 1705 5217 Arelatensem
1733 5176 1821 5214 ur-

250 5229 376 5300 bem
402 5236 689 5300 expetunt,
718 5229 786 5282 de
809 5245 916 5298 qua
956 5228 1160 5299 Regula
1189 5230 1247 5285 8.
1277 5229 1497 5285 Caesarii
1520 5240 1681 5300 atque
1702 5230 1819 5285 Ca:-

249 5298 416 5369 saria:
442 5298 614 5369 beatae
644 5308 890 5367 suscepta
913 5298 1061 5369 regis
1084 5314 1143 5369 se
1173 5301 1399 5355 tuitione
1428 5298 1754 5355 munierunt.
1795 5321 1814 5353 ι

246 5366 319 5421 Et
360 5382 481 5436 cap.
524 5367 595 5440 «i2
641 5369 695 5440 in
740 5366 1075 5440 epistola'S.
1121 5368 1500 5440 Radegundis:
1552 5388 1571 5420 ι
1599 5370 1822 5438 Insuper

246 5438 665 5511 congregationi
702 5453 801 5511 per
842 5454 931 5511 me
970 5439 1212 5511 collectae
1222 5438 1498 5511 ‘Regulam
1520 5481 1534 5505 ,
1579 5441 1677 5511 sub
1713 5455 1821 5508 qua

247 5508 704 5579 sainctaACzesaria
739 5508 917 5579 degit,
946 5524 1107 5579 quam
1136 5508 1440 5565 sollicitudo
1462 5509 1602 5564 beati
1637 5508 1815 5564 Caesa-

251 5577 316 5630 rii
350 5577 610 5633 antistitis
648 5577 980 5636 Arelatensis
1027 5595 1092 5635 ex
1140 5579 1474 5634 institutione
1509 5586 1815 5634 sanctorum

249 5645 476 5703 Patrum
522 5648 908 5703 convenienter
951 5649 1183 5715 collegit,
1229 5650 1413 5703 ascivi.
1450 5669 1468 5700 ι
1521 5650 1620 5715 Qui
1654 5649 1815 5704 etiam

253 5718 477 5789 ultimus
506 5716 655 5774 locus
687 5719 1064 5789 intelligendus
1095 5729 1179 5773 est
1205 5719 1271 5772 de
1300 5719 1472 5788 prima
1499 5719 1729 5789 Caesarie:
1756 5718 1811 5772 S.

251 5787 470 5847 (ἐκθοιξή
498 5804 706 5856 sorore,
736 5790 849 5845 sive
872 5787 1104 5863 legatur,
1135 5787 1331 5861 arguit,
1356 5790 1468 5845 sive
1494 5788 1650 5860 degit.
1682 5789 1812 5843 Nam

1972 567 2110 606 unus
2136 568 2315 629 sermo
2343 570 2465 610 eum
2498 558 2917 629 subterfugerct,
2946 562 3175 631 implcns
3204 565 3330 620 illud
3356 587 3366 621 :
3396 565 3552 621 Psal-

1970 641 2076 696 lam
2107 647 2318 713 spiritu,
2348 647 2572 717 psallam
2594 660 2642 703 et
2672 661 2839 704 mente
2866 652 2915 724 (Ι
2946 651 3067 707 Cor.
3099 655 3229 727 χιιί).
3274 657 3341 711 Ει
3370 658 3496 714 illud
3528 676 3545 713 :

1968 732 2208 789 Psallam
2245 748 2292 790 et
2317 738 2605 804 intelligam
2638 739 2809 809 (Psal.
2838 741 2911 813 c).

2465 830 2492 899 §
2533 831 2647 885 XV.
2674 863 2743 870 -—
2764 833 3037 901 Ejusdem.

2036 915 2187 969 Sicut
2235 917 2518 971 laudabilis
2563 921 2699 987 ignis
2740 938 2837 989 per
2886 923 3128 978 lectionis
3175 929 3546 987 assiduitatem

1962 1008 2264 1076 acquiritur
2283 1018 2337 1062 et
2362 1011 2620 1075 nutritur,
2652 1011 2676 1050 ιι
2711 1012 2786 1065 ita
2810 1013 2909 1066 iste
2931 1030 3028 1082 per
3056 1016 3410 1085 cogitationes
3432 1036 3548 1074 ma-

1963 1096 2040 1150 las
2070 1106 2125 1151 et
2152 1098 2415 1163 sordidas,
2442 1115 2535 1154 seu
2560 1101 2626 1155 ad
2652 1100 2822 1155 Deum
2850 1118 2954 1157 non
2999 1105 3336 1172 pertinentes
3357 1149 3370 1173 ,
3400 1111 3546 1165 sicut

1959 1202 2222 1241 venenum
2248 1191 2513 1259 serpentis
2539 1200 2592 1244 et
2621 1192 2759 1245 sicut
2790 1192 2999 1261 gladius
3024 1195 3243 1251 occidit.
3271 1196 3369 1263 Qui
3400 1200 3543 1255 sicut

1958 1275 2073 1331 ﬁeri
2118 1294 2224 1331 non
2259 1286 2433 1347 potest
2461 1288 2518 1332 ut
2547 1295 2650 1333 non
2684 1282 2922 1346 veniant,
2956 1284 3059 1347 ita,
3084 1285 3127 1338 si
3159 1301 3263 1339 non
3311 1287 3538 1343 invitan-

1959 1374 2065 1431 tur,
2094 1369 2246 1421 tarde
2269 1370 2506 1423 veniunt.
2534 1370 2783 1427 Invitatio
2810 1381 2939 1427 tunc
2979 1374 3099 1440 fiet,
3131 1378 3344 1445 quando
3375 1379 3544 1434 medi-

1956 1460 2086 1513 tatio
2114 1468 2299 1515 sancta
2327 1460 2575 1516 defuerit.
2612 1464 2871 1520 Dominus
2904 1466 3072 1521 dicit:
3109 1470 3121 1508 i
3160 1469 3361 1523 Invenit
3397 1488 3542 1526 men-

1953 1560 2055 1604 tem
2080 1569 2294 1606 vacuam
2322 1557 2491 1623 scapis
2520 1554 2826 1608 mandatam
2852 1565 2898 1609 et
2920 1559 3139 1611 assumit
3165 1569 3357 1630 septem
3383 1562 3541 1631 spiri-

1952 1650 2036 1695 tus
2079 1643 2347 1711 nequiores
2389 1660 2473 1709 se,
2507 1652 2556 1697 et
2588 1643 2720 1712 ﬁunt
2765 1644 2778 1694 l
2838 1647 3116 1701 novissima
3164 1648 3307 1703 illius
3354 1651 3537 1720 pejora

1954 1732 2214 1802 prioribus
2241 1732 2391 1804 (Luc.
2420 1733 2518 1805 ιι).
2544 1734 2673 1801 Qute
2706 1735 2751 1789 si
2780 1737 3056 1803 venerint,
3090 1738 3137 1792 si
3174 1754 3280 1793 non
3312 1747 3533 1794 tenean-

1879 1819 1924 1877 B
1958 1832 2060 1889 tur,
2093 1824 2202 1878 cito
2230 1824 2540 1891 discedunt;
2571 1826 2615 1879 si
2647 1842 2754 1881 non
2790 1827 3158 1894 ruminantur,
3195 1846 3300 1884 non
3338 1840 3531 1896 urent;

1954 1927 2059 1965 non
2091 1912 2445 1977 delectentur,
2467 1913 2492 1953 ιι
2517 1930 2623 1968 non
2652 1914 2956 1981 maculent;
2989 1916 3096 1971 cito
3117 1918 3460 1972 excutiantur
3480 1928 3537 1973 et

1952 2004 2229 2073 pulverem
2260 2020 2414 2058 suum
2440 2022 2543 2059 non
2567 2005 2904 2076 relinquant;
2942 2024 3050 2062 non
3080 2008 3185 2063 illis
3221 2012 3531 2066 consentia-

1952 2103 2041 2149 tur
2066 2104 2120 2149 et
2150 2110 2254 2148 non
2284 2094 2600 2161 vulnerant;
2635 2112 2739 2151 non
2770 2100 3074 2161 audiantur,
3123 2108 3183 2152 ut
3208 2100 3291 2155 vel
3334 2101 3386 2155 in
3429 2101 3533 2156 Iin-

1949 2200 2110 2257 guam
2135 2184 2455 2254 procedunt,
2485 2194 2540 2239 et
2568 2202 2832 2242 venenum
2864 2188 3103 2258 ipsorum
3134 2206 3243 2244 non
3269 2193 3452 2263 serpit.

1953 2341 2172 2413 verbum
2217 2342 2369 2413 dego,
2398 2341 2564 2396 habet
2602 2343 2946 2413 etiamdegit
2978 2343 3031 2396 in
3066 2346 3361 2413 praeterito,
3392 2354 3529 2404 teste

1946 2408 2248 2481 Qrisciano,
2274 2408 2369 2466 lib.
2395 2428 2449 2476 ι,
2474 2428 2595 2481 quae
2623 2428 2754 2467 sane
2774 2408 2891 2479 jani
2913 2408 3168 2469 defuncta
3194 2426 3314 2470 erat
3336 2408 3525 2474 sancta

1947 2479 2278 2553 Radegunzle
2314 2479 2638 2551 superstite,
2672 2491 2731 2535 ut
2757 2491 2943 2536 notum
2966 2491 3049 2537 est
3075 2500 3140 2537 ex
3170 2496 3414 2553 poemate
3443 2490 3523 2543 ci-

1947 2559 2081 2625 tato,
2115 2552 2204 2625 ubi
2230 2552 2559 2625 Fortunatus
2589 2552 2842 2625 admonet
2867 2561 3108 2625 saneta_m
3138 2552 3522 2625 Radeguudem

1945 2628 2003 2673 ut
2049 2621 2292 2675 imitetur
2332 2620 2389 2676 8.
2433 2620 2721 2676 Ctesariam
2759 2620 2874 2688 jam
2925 2623 2993 2675 ad
3043 2620 3328 2678 Dominum
3371 2642 3521 2683 rece-

1943 2699 2113 2760 ptam.
2154 2690 2338 2745 Altera
2375 2702 2484 2766 est
2507 2706 2627 2766 quae
2653 2692 2916 2766 successit
2940 2692 2997 2766 S_.
3024 2691 3272 2766 Cmsarize
3297 2695 3351 2748 in
3382 2698 3523 2766 regi-

1946 2774 2067 2814 mea
2094 2762 2428 2833 monasterii.
2468 2760 2524 2833 ltl
2553 2769 2792 2833 patetex
2821 2760 3111 2833 Cypriane,
3140 2762 3276 2818 libro
3304 2760 3518 2831 eodem,

1943 2846 2066 2886 cum
2102 2832 2213 2900 agit
2241 2832 2313 2904 de
2339 2831 2835 2904 sanctimonialium
2869 2830 3169 2904 sepulturis
3203 2830 3521 2904 praaparatis

1944 2915 1975 2954 a
2012 2911 2200 2955 sancto
2226 2900 2499 2974 Caesarie:
2537 2920 2555 2951 ι
2587 2901 2702 2955 Non
2728 2900 2955 2956 multum
2988 2901 3153 2974 igitur
3177 2900 3328 2972 post,
3347 2903 3518 2974 ipsam

1942 2971 2259 3025 monasterii
2288 2981 2518 3041 matrem
2559 2986 2871 3041 germanam
2901 2971 3053 3026 suam
3077 2971 3520 3030 CmSariam'san-

1942 3048 2085 3096 ctam
2113 3042 2180 3114 ad
2208 3043 2430 3114 praemia
2465 3040 2664 3114 Christi
2694 3042 3015 3114 [nigrantem
3043 3082 3058 3106 ,
3092 3042 3233 3097 inter
3264 3044 3361 3098 has
3382 3061 3518 3114 quas

1943 3112 2300 3180 praemiserat,
2333 3113 2399 3165 ad
2420 3112 2657 3166 medium
2687 3111 2889 3176 throni,
2911 3111 3064 3179 juxta
3089 3127 3209 3166 eam
3234 3111 3517 3182 quam—sibi

1937 3191 2261 3250 paraverat,
2312 3182 2669 3236 condiderunt
2704 3183 3030 3251 sepulturam
3049 3223 3063 3247 ,
3091 3183 3419 3239 succedente
3441 3186 3517 3241 ei-

1937 3251 2058 3322 dem
2084 3267 2205 3320 qua:
2238 3268 2385 3322 nunc
2412 3260 2688 3322 superest,
2724 3251 2955 3307 Cmsaria
2983 3262 3175 3308 matre.
3201 3278 3219 3304 ι
3264 3252 3361 3308 Ubi
3400 3256 3517 3310 dure

1937 3320 2186 3393 Cmsarite
2212 3320 2504 3393 manifeste
2547 3322 2992 3392 distinguuntur:
3026 3323 3198 3392 prima
3224 3339 3343 3393 quae
3377 3326 3512 3380 obiit

1938 3401 2060 3445 ante
2083 3391 2415 3463 Caesarium,
2458 3392 2625 3446 altera
2659 3408 2778 3463 qum
2809 3393 2858 3463 ei
2890 3391 3163 3463 superstes
3194 3391 3310 3447 fuit.
3330 3393 3514 3463 Hujus

1937 3464 2185 3517 secundm
2219 3461 2469 3517 Caesarie:
2512 3462 2756 3515 meminit
2784 3462 2924 3515 idem
2961 3462 3261 3530 Cyprianus
3281 3503 3294 3522 ,
3326 3461 3512 3530 libiu,

1937 3477 2185 3517 secundm
2219 3477 2469 3517 Caesaris:
2512 3477 2756 3515 meminit
2784 3477 2924 3515 idem
2961 3477 3294 3581 exprimas,
3327 3477 3419 3515 un.
3449 3480 3512 3530 ιι,

1936 3546 2059 3602 cum
2097 3533 2211 3602 agit
2238 3533 2303 3587 de
2343 3532 2494 3585 obitu
2543 3530 2600 3584 8.
2641 3531 2903 3602 Caesarii;
2945 3548 2965 3580 ι
3066 3531 3303 3602 loquitur
3329 3532 3513 3600 itaque

1938 3600 2171 3671 primam
2216 3602 2371 3671 quasi
2423 3614 2574 3671 more
2640 3600 2939 3671 dulcedinis
2987 3613 3098 3653 suae
3150 3601 3505 3671 ducentarum

1938 3669 2247 3741 puellarum
2270 3669 2636 3741 venerabilem
2665 3669 2953 3741 Caesariani
2975 3677 3233 3741 matrem.
3265 3688 3285 3721 ι
3326 3669 3513 3741 Δξζίιιιιιξ

1938 3738 2084 3794 dicat
2110 3741 2289 3794 Vitam
2316 3739 2373 3793 S.
2404 3738 2624 3809 Caesarii
2651 3780 2664 3802 ,
2704 3748 2761 3792 ut
2798 3754 2864 3793 ex
2889 3738 3019 3792 locis
3048 3739 3226 3809 citatis
3254 3738 3511 3809 colligere

1936 3819 2035 3873 est,
2067 3826 2173 3865 non
2219 3810 2408 3880 primae
2449 3808 2720 3880 Caesarize,
2748 3817 2807 3862 ut
2832 3809 3049 3880 quidam
3081 3808 3220 3880 male
3240 3808 3512 3862 arbitran-

1936 3889 2045 3934 tur.
2085 3876 2344 3934 Secunda:
2386 3878 2543 3944 hujus
2579 3879 2741 3933 etiam
2774 3876 2975 3932 mentio
3001 3876 3059 3930 fit
3101 3876 3154 3931 in
3189 3886 3510 3933 testamento

1938 3949 1995 4003 8.
2025 3948 2249 4005 Caesarii
2292 3967 2306 4003 :
2363 3967 2381 3999 ς
2417 3948 2642 4003 Ancillae
2687 3956 2886 4002 nostra:
2925 3946 3171 4002 Caesarie:
3217 3948 3507 4004 abbatissae

1938 4030 2179 4073 mantum
2227 4017 2481 4086 maiorem
2511 4033 2669 4088 quem
2699 4018 2764 4071 de
2787 4016 3033 4072 cannabe
3066 4016 3223 4088 fecit,
3272 4018 3386 4088 dari
3416 4033 3509 4072 vo-

1938 4088 2009 4142 lo.
2042 4108 2059 4140 »
2093 4090 2160 4142 Ει
2180 4088 2339 4159 paulo
2368 4096 2490 4159 post
2514 4087 2710 4159 ibidem
2740 4096 2903 4158 atque
2941 4088 3102 4159 etiam
3134 4087 3304 4159 initio.
3330 4087 3504 4159 Quod

1937 4173 2066 4212 vero
2090 4157 2295 4227 spectat
2338 4157 2404 4212 ad
2438 4158 2579 4213 dicta
2629 4158 2875 4212 Caesarius
2914 4157 3004 4212 hic
3038 4157 3222 4219 citata,
3255 4158 3507 4212 videntur

1937 4242 1998 4281 ea
2028 4243 2150 4298 esse
2186 4228 2439 4283 Caesariae
2478 4229 2754 4292 secundae,
2785 4244 2892 4282 non
2930 4227 3135 4297 primae.
3174 4227 3308 4281 Nam
3335 4227 3506 4298 loqui-

1940 4305 2027 4350 tur
2060 4297 2295 4352 Caesaria
2326 4298 2379 4351 in
2411 4298 2684 4367 praeterito
2712 4316 2725 4351 :
2750 4298 2893 4367 quod
2921 4313 3027 4351 non
3061 4298 3297 4359 fecisset,
3328 4299 3373 4351 si
3408 4297 3503 4352 ad—
3548 4328 3565 4337 -

1940 4367 2046 4421 huc
2073 4369 2127 4421 in
2156 4368 2295 4422 vivis
2323 4367 2513 4423 fuisset
2564 4366 2622 4422 8.
2655 4366 2943 4430 Caesarius,
2981 4368 3194 4436 quando
3224 4368 3341 4421 haec
3365 4367 3504 4421 scri-

1938 4437 2045 4504 psit
2071 4437 2333 4496 Caesaria;
2380 4438 2473 4493 sed
2520 4438 2574 4492 in
2602 4437 2855 4507 prmsemi
2894 4437 3140 4492 dixisset.
3192 4437 3497 4502 meditatur,

1859 4496 1908 4555 D
1936 4496 2139 4572 recitat,
2168 4516 2275 4562 etc.

2003 4577 2030 4615 h
2064 4575 2153 4647 Itg
2172 4578 2286 4630 iste.
2315 4575 2572 4641 Subaudi,
2596 4578 2731 4647 ignis
2754 4573 3126 4645 vituperabilis,
3154 4589 3247 4647 seu
3275 4575 3403 4644 quid
3430 4575 3500 4628 si-

1933 4646 2079 4767 mile.
2115 4645 2211 4701 Est
2246 4647 2334 4701 hic
2377 4644 2645 4715 quoddam
2691 4644 2996 4701 membrum
3047 4659 3078 4698 a
3126 4644 3224 4700 suo
3271 4659 3499 4714 corpore

1933 4730 2031 4767 avu
2057 4731 2195 4767 sum.

1930 4730 2195 4769 avutsum.

2007 4784 2022 4824 ί
2058 4784 2262 4839 Invenit
2295 4794 2519 4838 mentem
2551 4800 2789 4838 vacuam.
2825 4783 2954 4839 Luc.
2992 4799 3046 4836 χι
3072 4822 3086 4846 ,
3112 4784 3200 4837 ubi
3235 4784 3306 4837 ita
3335 4782 3498 4837 habe-

1928 4861 2052 4923 tur;
2082 4852 2288 4907 Invenit
2316 4870 2431 4907 eam
2455 4854 2621 4923 scopis
2642 4854 2972 4923 mandatam,
2995 4854 3210 4906 domum
3226 4852 3491 4923 videlicet.

1929 4921 1987 4977 S.
2012 4921 2242 4978 Caesaria
2272 4923 2451 4992 posuit
2478 4921 2730 4986 mentem,
2762 4921 3253 4992 explicansnomen
3294 4922 3492 4991 allego-

1925 4993 2098 5063 rieum
2128 5008 2226 5063 per
2252 4991 2553 5063 propriu‘m.
2590 4992 2723 5046 Nam
2767 4993 2959 5045 domus
2984 4991 3090 5063 illa
3116 4992 3306 5063 scopis
3345 5007 3498 5063 mun-

1924 5062 2049 5116 data
2095 5060 2229 5116 nihil
2256 5060 2408 5117 'aliud
2448 5072 2531 5117 est
2575 5078 2738 5130 quam
2783 5076 2935 5115 mens
2983 5061 3217 5115 hominis
3266 5077 3299 5115 a
3344 5060 3492 5115 vitiis

1923 5140 2165 5202 purgata.

1996 5210 2010 5259 i
2050 5209 2369 5265 Novissima.
2419 5210 2568 5265 Hanc
2609 5223 2830 5272 vocem,
2858 5222 2977 5277 quae
3007 5207 3212 5273 deerat,
3257 5207 3495 5263 restitui-

1922 5296 2062 5335 mus.

1994 5372 2019 5410 k
2056 5369 2176 5424 Non
2211 5370 2492 5424 maculent.
2524 5371 2700 5434 Locus
2725 5369 3187 5438 corruptissimus,
3222 5383 3382 5437 quem
3415 5369 3491 5423 ita

1920 5441 2296 5510 Corrigendum
2318 5449 2479 5509 puto:
2522 5440 2644 5510 Non
2679 5438 2968 5502 maculant,
2997 5442 3040 5493 :i
3067 5455 3169 5510 non
3200 5438 3488 5510 delectant;

1919 5512 1965 5564 si
1994 5507 2093 5562 cito
2115 5507 2468 5573 excutiantur,
2489 5509 2747 5578 pulverem
2768 5524 2919 5561 suum
2951 5526 3053 5561 non
3090 5507 3417 5578 relinquunt;
3443 5509 3490 5562 si
3522 5512 3531 5519 ’

1919 5580 2025 5633 illis
2056 5596 2158 5631 non
2187 5577 2558 5642 consentiatnr,
2593 5594 2694 5631 non
2723 5578 3026 5643 vulnerant;
3052 5580 3099 5632 si
3133 5577 3241 5631 non
3263 5577 3488 5630 audian-

1918 5661 2024 5709 tur,
2058 5658 2111 5699 ιιι
2146 5647 2221 5700 vel
2258 5649 2313 5700 in
2353 5648 2584 5717 linguam
2614 5649 2918 5716 procedunt,
2959 5664 3207 5701 venenum
3253 5647 3489 5717 ipsarum

1921 5736 2025 5839 "01?.
2044 5718 2219 5785 serpit.
2251 5718 2379 5784 Quae
2405 5718 2620 5786 quidem
2646 5717 2708 5770 de
2746 5718 2925 5786 pravis
2956 5717 3369 5789 cogitationibus
3400 5718 3485 5772 iu-

1923 5798 1969 5839 tc
2016 5795 2251 5839 tauntur.

1923 5788 2251 5855 trlliguntur.
