3940 6196
413 390 515 446 937

911 499 939 571 §
975 498 1110 555 XVI.
1128 529 1197 537 —
1219 497 1495 568 Ejusdem.

480 590 698 647 l’uritas
728 591 908 647 cordis
933 591 1115 646 omnia
1142 590 1271 645 vitia
1306 590 1580 655 excludit,
1609 604 1802 645 omnes
1824 589 1998 645 virtu—

411 694 494 741 tes
517 685 729 739 obtinet
747 704 759 737 :
776 682 1011 738 Laztetur
1027 699 1118 736 cor
1141 682 1487 754 qurerentium
1510 680 1795 735 Dominum
1819 678 1993 753 (Psal.

411 776 543 847 etv).
580 774 716 843 Quia
762 776 837 830 ibi
885 783 970 830 est
1011 773 1377 829 habitaculum
1423 771 1659 842 Spiritus
1699 772 1873 827 sancti
1903 773 1996 827 ubi

412 869 582 924 fuerit
624 871 829 938 puritas
872 869 1074 924 cordis.
1121 866 1295 933 Quam
1331 867 1589 920 virtutem
1635 867 1728 936 qui
1764 865 1997 920 voluerit

410 964 678 1026 obtinere,
714 976 738 1001 ιι
774 961 908 1015 nihil
940 970 1141 1030 prmter
1174 959 1320 1030 quod
1359 959 1426 1012 de
1451 958 1560 1012 Deo
1583 959 1873 1028 cogitavit,
1904 966 1997 1012 aut

411 1052 672 1123 loquitur,
719 1052 1003 1106 evidenter
1051 1051 1271 1104 scimus.
1318 1049 1472 1115 Quod
1519 1048 1566 1103 si
1608 1048 1692 1102 vel
1738 1057 1995 1119 punctum

412 1142 562 1197 horae
589 1139 869 1195 meditatio
906 1139 1000 1193 Dei
1028 1139 1372 1204 discesserit,
1404 1138 1589 1192 statim
1617 1138 1869 1193 inimicus
1905 1139 1999 1193 ad-

412 1232 539 1286 erit.
575 1231 727 1298 Quod
755 1229 911 1285 valde
935 1229 1287 1285 devitandum
1328 1238 1430 1285 est.
1462 1230 1530 1283 Et
1571 1230 1835 1299 scriptum
1866 1240 1949 1285 est
1980 1249 1993 1285 :

412 1325 746 1380 Abominatio
782 1334 856 1379 est
898 1325 1124 1379 Domino
1173 1326 1419 1395 cogitatio
1447 1326 1627 1396 iniqua
1673 1323 1836 1398 (Prov
1882 1326 1996 1401 xv).

412 1417 669 1488 Ideoque,
695 1420 820 1488 quia
848 1418 1071 1473 omnino
1107 1434 1263 1474 mens
1291 1418 1529 1472 humana
1547 1418 1722 1473 otiosa
1743 1435 1862 1474 esse
1893 1435 2001 1474 non

412 1518 611 1583 potest,
641 1512 670 1552 δ
702 1511 826 1567 talis
854 1512 925 1566 sit
952 1511 1250 1577 meditatio,
1274 1526 1395 1581 qua:
1415 1527 1522 1565 non
1552 1510 1779 1567 fetorem
1813 1511 1999 1579 faciat,

418 1602 513 1658 sed
541 1603 613 1658 sit
634 1604 809 1659 bonus
839 1603 975 1659 odor
1001 1602 1219 1659 Christi.

554 1736 583 1809 ς
616 1736 775 1793 XVII.
798 1738 971 1793 —Ex
1008 1737 1228 1794 Recuut
1264 1738 1533 1797 Msersrnt
1573 1739 1713 1811 (cap.
1752 1738 1864 1809 47).

496 1883 518 1911 ο
557 1870 731 1926 Tanta
758 1872 917 1926 debet
954 1887 1077 1927 esse
1112 1872 1430 1927 reverentia:
1462 1871 1703 1942 gravitas
1730 1869 1816 1926 vel
1846 1870 2007 1925 disci-
2033 1859 2081 1918 Β

418 1964 565 2035 plina
588 1963 875 2034 psallendi,
899 1972 953 2017 ut
982 1964 1266 2018 amabilius
1292 1980 1322 2018 a
1348 1963 1577 2019 Domino
1606 1979 1773 2033 quam
1796 1979 1825 2017 a
1846 1964 2005 2018 nobis

419 2054 639 2121 dicitur,
668 2054 937 2110 audiatur.
973 2053 1125 2109 Sicut
1155 2055 1229 2109 ait
1262 2054 1543 2125 Scriptura
1568 2072 1583 2109 :
1617 2054 1809 2109 Exitus
1839 2062 2011 2108 matu-

420 2150 520 2204 tini
564 2159 613 2203 et
653 2166 858 2219 vespere
884 2147 911 2188 ἀ
941 2149 1281 2204 delectaberis
1330 2146 1503 2219 (Psal.
1535 2149 1702 2220 LXIV).
1734 2150 1801 2204 Et
1839 2149 2007 2203 item:

426 2252 451 2281 θ
489 2240 629 2296 Bene
647 2239 855 2312 psallite
883 2241 930 2294 ei
956 2240 1011 2294 in
1029 2238 1366 2310 jabilatione,
1388 2240 1515 2311 quia
1542 2249 1712 2294 rectus
1735 2249 1811 2294 est
1840 2256 2011 2294 sermo

418 2330 636 2386 Domini
665 2328 839 2402 (Psal.
872 2332 1073 2400 xxx").
1107 2331 1175 2385 Et
1204 2331 1337 2386 item
1365 2350 1377 2385 :
1409 2329 1691 2385 Exsultate
1713 2331 1760 2384 ei
1789 2346 1909 2385 cum
1945 2330 2013 2384 ti-

420 2438 567 2476 more
596 2420 769 2492 (Psal.
798 2421 883 2492 ιι).
904 2421 972 2476 Et
1002 2423 1131 2477 item
1158 2440 1171 2477 :
1206 2420 1227 2461 ί
1254 2421 1476 2477 Psallite
1500 2422 1727 2476 Domino
1750 2423 2014 2493 sapienter

420 2512 598 2587 (Psal.
622 2513 791 2586 XLVI).
824 2514 968 2585 Ergo
993 2514 1039 2569 si
1071 2514 1350 2584 sapienter
1380 2521 1435 2569 et
1461 2528 1586 2568 cum
1614 2513 1814 2569 timore
1854 2511 2013 2581 jubet

423 2606 616 2679 psalli,
651 2615 869 2679 oportet
915 2607 1238 2678 psallentem
1283 2607 1546 2663 immobili
1589 2607 1773 2673 corde,
1807 2609 1832 2648 ⁸
1861 2607 2017 2663 incli-

422 2710 558 2758 nato
581 2717 811 2772 corpore
840 2711 1018 2767 stare,
1047 2711 1102 2758 et
1133 2702 1324 2758 laudes
1353 2702 1586 2758 Domino
1617 2704 1896 2758 moderate
1925 2718 2016 2759 ca—

422 2807 588 2847 nere:
613 2792 812 2863 quippe
837 2793 928 2863 qui
956 2793 1319 2848 ministerium
1341 2809 1495 2849 suum
1519 2801 1642 2848 ante
1668 2794 2013 2848 Divinitatem

422 2883 648 2956 implet,
693 2886 926 2942 docente
972 2887 1076 2942 hoc
1107 2886 1411 2956 Propheta,
1435 2903 1560 2943 cum
1591 2888 1725 2943 dicit
1751 2906 1764 2941 :
1797 2887 1866 2943 In
1896 2905 2017 2948 con-

424 2986 606 3047 spectu
636 2976 941 3047 angelorum
971 2976 1199 3047 psallam
1240 2977 1334 3031 tibi
1365 2974 1540 3050 (Psal.
1579 2975 1846 3047 cxxxvn).
1879 2976 2014 3032 Nam

425 3066 774 3121 considerare
804 3067 985 3131 debet,
1016 3066 1108 3135 qui
1137 3066 1340 3136 psallit,
1370 3081 1610 3136 semper,
1639 3082 1711 3122 ne
1740 3067 1869 3122 alibi
1893 3083 2015 3123 sen-

1411 381 1468 439 S.
1505 381 1865 439 BENEDICTI
1902 384 2194 440 ABBATIS
2230 384 2641 442 ANIANENSIS

3578 393 3693 447 oss

2020 503 2068 562 Α
2097 515 2287 557 sensus
2307 512 2493 557 noster
2509 503 2843 574 migraverit,
2871 504 2937 559 de
2958 504 3118 560 nobis
3137 505 3281 561 dicat
3296 504 3445 562 Deus
3470 526 3483 561 :
3510 504 3694 579 Popu-

2103 594 2185 649 lus
2216 597 2312 650 iste
2337 595 2490 651 labiis
2517 614 2598 652 me
2621 598 2876 663 honorat,
2906 614 2998 652 cor
3019 608 3193 653 autem
3222 615 3406 654 eorum
3438 599 3590 673 longe
3614 612 3695 659 est

2103 707 2135 743 a
2159 707 2239 743 me
2272 688 2405 757 (Isa.
2435 707 2497 756 ιι,
2523 690 2599 763 9).
2632 689 2700 744 Ει
2728 690 2858 746 item
2888 690 2955 747 de
2982 693 3140 747 nobis
3181 692 3433 748 dicatur:
3467 693 3574 749 Ore
3594 713 3698 751 suo

2104 782 2469 836 benedicebant
2489 823 2502 848 ,
2534 792 2580 836 et
2608 784 2767 837 corde
2798 801 2896 838 suo
2932 783 3312 839 maledicebant
3344 782 3520 856 (Psal.
3553 786 3693 857 ut).

2103 874 2202 939 Ne,
2236 890 2360 928 cum
2410 875 2464 929 in
2510 874 2622 929 sola
2660 875 2843 946 lingua
2892 875 3061 930 Deum
3110 875 3427 943 laudamus,
3474 878 3529 932 in
3574 878 3693 934 sola

2103 965 2130 1004 ιι
2166 966 2313 1035 regia
2348 967 2461 1020 oris
2493 966 2665 1020 nostri
2700 966 2868 1021 Deum
2905 966 3285 1031 admittamus;
3326 968 3475 1023 intus
3504 969 3562 1022 in
3590 970 3694 1024 do-

2104 1074 2251 1112 mum
2283 1058 2464 1113 cordis
2496 1057 2863 1113 introductum
2886 1057 3157 1112 diabolum
3186 1059 3201 1097 ί
3227 1058 3559 1116 collocemus
3583 1059 3698 1116 for-

2104 1149 2316 1201 tiorem.
2339 1145 2422 1202 Ab
2445 1147 2821 1201 iutroducente
2841 1144 3137 1215 judicatur,
3163 1148 3257 1218 qui
3286 1150 3435 1204 intus
3457 1151 3697 1221 ingredi-

2105 1248 2210 1302 tur,
2244 1253 2405 1309 quam
2433 1238 2523 1307 qui
2560 1237 2696 1294 foris
2722 1239 3019 1307 exspettat.
3052 1240 3195 1311 Ergo
3220 1241 3290 1296 ad
3314 1248 3526 1296 tantum
3548 1251 3605 1297 et
3623 1245 3694 1297 ad

2106 1331 2212 1386 tale
2242 1329 2476 1385 ollicium
2501 1346 2597 1385 cor
2629 1331 2835 1402 pariter
2861 1347 2985 1387 cum
3022 1331 3201 1400 lingua
3242 1335 3532 1388 conveniat
3571 1350 3696 1389 cum

2106 1424 2302 1477 timore
2331 1421 2561 1477 Domino
2593 1423 2969 1492 quotidianum
3007 1424 3248 1479 debitum
3285 1426 3595 1480 redhibere.
3622 1427 3691 1480 Et

2109 1523 2259 1569 notet
2285 1514 2388 1569 sibi
2418 1513 2472 1568 in
2499 1514 2661 1569 corde
2689 1514 2781 1583 qui
2802 1513 2983 1583 psallit
3002 1515 3071 1568 ad
3094 1514 3303 1586 singula
3330 1518 3514 1570 omnia
3547 1524 3695 1571 testi-

2108 1605 2290 1659 monia
2334 1620 2455 1673 qua:
2502 1602 2652 1659 dicit.
2683 1603 2786 1672 Qui
2828 1603 3021 1675 singuli
3065 1621 3284 1671 versus,
3333 1607 3379 1660 si
3414 1615 3694 1672 notentur,

2109 1694 2402 1766 proﬁciunt
2427 1694 2622 1749 anima:
2650 1694 2717 1750 ad
2753 1694 3017 1762 salutem;
3042 1706 3097 1751 et
3128 1697 3183 1751 in
3211 1697 3294 1752 eis
3329 1706 3502 1752 totum
3543 1698 3694 1753 inve-

2112 1789 2259 1842 nitur
2273 1784 2418 1857 quod
2437 1786 2719 1856 quzeritur,
2734 1786 2861 1856 quia
2885 1787 3066 1841 omnia
3087 1785 3156 1841 ad
3175 1787 3589 1843 aediﬁcationem
3608 1788 3690 1843 io-

2109 1878 2295 1947 quitur
2324 1877 2585 1947 psalmus,
2610 1877 2823 1932 dicente
2848 1876 3118 1947 Propheta
3145 1893 3159 1930 :
3196 1876 3434 1931 Psallam
3461 1888 3509 1932 et
3550 1878 3696 1933 intelo

2109 1969 2271 2040 ligam
2303 1970 2359 2023 in
2384 1970 2467 2024 via
2492 1967 2858 2034 immaculata,
2877 1968 3090 2038 quando
3119 1970 3289 2022 venies
3324 1968 3394 2023 ad
3420 1986 3501 2022 me
3524 1968 3693 2038 (Psal.

2109 2061 2183 2134 c).
2209 2061 2363 2129 Quod
2392 2070 2548 2116 sonat
2575 2061 2633 2116 in
2661 2076 2814 2126 voce,
2842 2062 3016 2131 ipsum
3053 2061 3127 2116 sit
3164 2061 3218 2115 in
3262 2069 3444 2116 mente
3468 2062 3699 2131 psallen-

2112 2154 2201 2209 tis.
2235 2152 2535 2207 Psallamus
2576 2167 2705 2223 ergo
2749 2167 2881 2208 voce
2916 2161 2972 2206 et
3006 2162 3189 2207 mente
3213 2154 3593 2218 communiter,
3621 2155 3700 2207 di-

2111 2254 2269 2299 cente
2295 2244 2554 2316 Apostolo
2581 2262 2591 2297 :
2622 2241 2862 2298 Psallam
2897 2245 3121 2313 spiritu,
3161 2243 3391 2313 psallam
3437 2256 3485 2299 et
3528 2255 3697 2299 ments

2113 2334 2164 2405 (1
2196 2333 2321 2389 Cor.
2368 2333 2504 2406 xw).
2545 2334 2662 2389 Non
2695 2332 2870 2389 solum
2908 2334 3152 2399 vocibus,
3205 2334 3299 2389 sed
3343 2342 3401 2387 et
3439 2335 3604 2389 corde
3628 2335 3699 2389 ad

2113 2425 2400 2481 Dominum
2421 2425 2671 2480 clamate.
2691 2422 3004 2479 Cavendum
3021 2440 3252 2493 namque
3274 2433 3380 2488 est,
3407 2440 3534 2479 cum
3559 2425 3695 2495 psal-

2111 2517 2264 2585 litur,
2293 2533 2361 2573 ne
2383 2516 2637 2586 frequens
2660 2515 2826 2571 tussis
2844 2523 2939 2569 aut
2959 2514 3230 2569 anhelitus
3251 2515 3499 2584 prolixus
3525 2515 3699 2570 abun-

2113 2610 2228 2675 det,
2269 2616 2365 2663 aut
2405 2608 2701 2664 salivarum
2728 2614 3016 2662 excreatus
3048 2622 3079 2660 a
3102 2606 3369 2676 psallente
3413 2612 3598 2661 tuante
3614 2604 3701 2673 ja-

2113 2708 2367 2757 ctentur:
2398 2700 2494 2754 sed
2522 2700 2722 2755 debere
2755 2697 2981 2753 fratrem
3010 2707 3133 2768 post
3156 2713 3216 2752 se
3244 2696 3540 2769 projicere;
3571 2698 3698 2767 quia

2114 2792 2292 2863 angeli
2316 2798 2444 2846 ante
2468 2789 2761 2860 psallentes
2788 2792 3053 2845 docentur
3082 2800 3248 2855 stare,
3273 2804 3397 2844 cum
3418 2789 3552 2844 dicit
3569 2787 3702 2843 Pro-

2113 2884 2316 2955 pheta:
2354 2882 2423 2937 In
2459 2890 2738 2952 conspectu
2780 2879 3087 2952 angelorum
3116 2879 3343 2951 psallam
3385 2880 3481 2935 tibi
3523 2878 3697 2948 (Psal.

2114 2971 2380 3046 cxxxvn).
2409 2973 2545 3029 Cum
2576 2973 2692 3029 hac
2730 2987 2861 3044 ergo
2901 2972 3088 3027 omnia
3124 2971 3511 3042 impedimenta
3557 2968 3699 3040 psalc

2114 3067 2351 3122 lentibus
2382 3083 2413 3122 a
2449 3066 2665 3123 diabolo
2699 3065 2904 3120 fuerint
2931 3066 3262 3135 ministrata,
3285 3078 3416 3119 mox
3440 3062 3544 3119 sibi
3563 3102 3580 3129 ,
3605 3061 3704 3132 qui

428 3172 522 3213 sus
551 3156 668 3225 ejus
701 3157 986 3228 demigret.
1028 3155 1140 3224 Ne,
1177 3173 1301 3213 cum
1331 3158 1386 3213 in
1428 3157 1589 3212 aliam
1625 3158 2010 3230 cogitationem
2042 3211 2082 3232 η
2116 3160 2319 3231 psallit,
2346 3161 2523 3232 signet
2546 3175 2609 3216 os
2640 3158 2654 3209 i
2691 3157 2900 3215 Christi
2924 3157 3120 3230 sigillo.

498 3289 708 3365 I_Nihil
725 3302 915 3365 praeter
933 3291 1094 3365 quod.
1124 3291 1293 3362 Lege,
1315 3290 1455 3362 quod
1488 3291 1619 3346 nihil
1638 3298 1830 3362 praeter
1855 3309 2014 3365 quam

429 3360 495 3415 de
525 3360 923 3431 Deorco'gitabit,
946 3360 1039 3415 aut
1067 3360 1336 3429 loquetur,
1352 3372 1457 3417 etc.

502 3429 796 3504 buTalis'sit
824 3432 1117 3504 meditatio,
1148 3441 1253 3504 etc.
1281 3432 1417 3486 Nam
1457 3431 1599 3487 bona
1634 3432 1891 3504 cogitatio
1921 3448 2013 3488 seu

429 3501 711 3573 meditatio
739 3510 824 3557 est
847 3502 1171 3573 innocentiae
1192 3502 1313 3557 fons
1338 3511 1403 3573 et,
1427 3501 1726 3573 scaturigo,
1762 3502 1870 3573 imo
1899 3504 2014 3573 ipsa

431 3570 764 3645 innocentia,
792 3582 850 3645 ut
877 3580 958 3627 est
986 3571 1042 3625 in
1071 3573 1351 3645 responsis
1377 3570 1727 3645 Cariliphillis
1752 3592 1765 3627 :
1794 3570 2016 3639 Qace'sit

429 3640 769 3712 innocentia?
792 3642 942 3697 Bona
966 3640 1234 3712 cogitatio.

504 3722 532 3788 ἦ
564 3711 734 3788 Tgnta
760 3712 907 3767 debet
930 3711 1059 3788 esse,
1077 3720 1182 3767 etc.
1210 3713 1452 3769 [labetur
1473 3714 1529 3769 in
1546 3714 1753 3787 Regula
1771 3714 2015 3788 Magistri

433 3782 555 3852 cod.
589 3781 774 3844 Corb.,
811 3798 927 3852 cap.
952 3782 1041 3835 47.

503 3850 529 3890 ἀ
564 3850 936 3906 Delectaberis.
967 3852 1045 3906 lta
1073 3851 1127 3905 in
1155 3851 1322 3907 Psalt.
1354 3853 1511 3909 Rom.
1541 3855 1674 3911 Vide
1705 3871 1893 3911 sunra.

507 3932 531 3960 ο
568 3922 703 3976 Bene
741 3922 948 3993 psallite
990 3922 1039 3993 ei
1069 3922 1123 3974 in
1154 3923 1488 3992 jubilatione.
1528 3923 1607 3980 Ita
1656 3927 1713 3981 in
1757 3922 2020 3981 Psalterto

434 3990 700 4067 Romano.
734 3990 885 4067 Apud
912 3991 970 4067 S.
996 3990 1399 4067 Hieronymum,
1426 3996 1483 4067 in
1512 3995 1715 4067 jabilo.
1735 3996 1892 4067 Apud
1918 3995 2017 4056 Se.-

476 4010 700 4047 .omano.
734 4010 885 4061 Apuli
913 4010 970 4046 δ.
996 4010 1399 4117 uterouj'mum,
1426 4012 1483 4049 in
1517 4010 1715 4064 juouo.
1735 4010 1892 4067 Apud
1918 4010 2017 4056 58.-

476 4063 734 4147 tuaginta,
761 4065 809 4145 εγ
837 4063 1152 4147 alain};ch
1168 4064 1181 4117 i
1199 4134 1228 4147 Α
1245 4072 1355 4147 est,
1367 4065 1421 4118 in
1447 4065 1797 4147 jubilatione.
1812 4065 2018 4147 Glossze

478 4118 621 4202 yrilli
642 4149 653 4184 :
683 4118 994 4204 ἀλαλαγμὸς,
1011 4118 1282 4201 ἳιιὸίιηιίο.
1316 4118 1502 4190 Ῠειέἶο
1518 4118 1843 4192 hominum;
1857 4118 2021 4192 habet

448 4271 851 4284 ..υ-’ωκκμ

856 4279 1233 4289 Ἥ

1238 4282 1647 4292 -ς--μ-υ

2112 3297 2169 3350 in
2192 3295 2576 3366 vociferatione.

2192 3365 2207 3404 ί
2248 3361 2470 3419 Psallite
2495 3365 2744 3419 Domino.
2778 3364 2871 3434 Ita
2890 3363 2957 3434 in
2976 3361 3181 3434 Regula
3213 3376 3319 3416 ms.
3355 3362 3478 3418 cod.
3510 3362 3701 3427 Corb.;

2115 3436 2210 3492 sed
2242 3435 2303 3494 τό
2334 3435 2562 3490 Domino
2592 3434 2800 3489 addidit
2825 3432 3099 3504 Magister.

2187 3517 2211 3553 εί
2249 3505 2513 3562 Inclinato
2551 3521 2788 3575 corpore.
2817 3500 2990 3575 Lege,
3028 3501 3281 3556 inclinato
3322 3501 3510 3575 capite,
3555 3508 3616 3555 ut
3649 3500 3707 3557 in

2115 3576 2236 3632 cod.
2262 3576 2431 3647 Corb.
2458 3584 2514 3647 et
2540 3573 2681 3647 apud
2709 3573 3090 3646 Smaragdum.

2189 3647 2213 3686 ιι
2250 3646 2428 3716 Regia.
2462 3644 2522 3700 Id
2546 3643 2630 3701 est
2656 3643 2844 3712 janua.

2198 3718 2211 3756 ί
2251 3711 2575 3787 collocemus
2599 3711 3109 3787 fortiorem._Locus
3143 3711 3396 3787 mutilus,
3431 3712 3503 3766 ita
3542 3711 3703 3787 resti-

2119 3795 2248 3841 tucn
2269 3788 2352 3841 lus
2371 3800 2440 3841 ex
2471 3782 2768 3855 Smaragdo
2800 3801 2813 3838 :
2850 3802 2868 3835 ι
2906 3784 2974 3855 Et
3008 3785 3149 3855 intus
3180 3784 3234 3835 in
3266 3782 3483 3855 domum
3512 3782 3707 3855 cordis

2127 3858 2293 3912 nostri
2333 3850 2702 3910 introductum
2742 3854 3012 3909 diabolum
3039 3853 3367 3908 collocemus
3400 3850 3704 3907 fortiorem.

2122 3927 2340 3981 Fortior
2384 3927 2529 3980 enim
2578 3927 2647 3981 ab
2694 3924 3068 3980 iutroducente
3102 3920 3403 3992 judicatur,
3444 3942 3462 3975 ι
3497 3932 3605 3977 etc.
3640 3921 3710 3976 Et

2125 4013 2317 4052 sensus
2342 3996 2523 4051 clarus
2545 4005 2648 4050 est.

2198 4066 2210 4117 i
2250 4065 2449 4123 Christi
2471 4066 2664 4138 sigillo.
2693 4065 2751 4121 Id
2779 4074 2884 4130 est,
2913 4063 3066 4135 signo
3099 4061 3296 4117 crucis.

1722 4379 2061 4456 CAPUT
2116 4379 2394 4458 XXVI.

1572 4556 1662 4614 DE
1701 4555 2145 4614 REVERENTIA
2183 4554 2572 4613 ORATIONIS.

667 4789 694 4861 §
734 4789 770 4843 l.
796 4789 962 4842 ——Ex
1006 4788 1223 4844 Renum
1263 4805 1448 4843 SANCTI
1490 4788 1802 4843 BENEDICTI.

513 4895 538 4921 ιι
581 4880 673 4945 Si,
712 4895 833 4933 cum
871 4879 1181 4934 hominibus
1222 4879 1533 4949 potentibus
1562 4877 1804 4933 volumus
1845 4877 2026 4948 aliqua

518 5048 541 5076 ιι
574 5034 654 5099 Si,
681 5050 800 5088 cum
821 5033 1140 5097 hominibus,
1163 5042 1269 5088 etc.
1294 5033 1448 5087 IIunc
1474 5032 1647 5086 lucum
1677 5032 1809 5085 cit:~.t
1830 5028 1888 5085 S.
1918 5030 2027 5085 Eli—

447 5106 875 5178 giuscpiscopus
911 5103 1317 5178 Noviomensis,
1348 5103 1532 5178 liomil.
1566 5103 1599 5156 9
1627 5119 1640 5178 :_
1669 5121 1686 5151 ι
1721 5100 1855 5178 Nam
1900 5117 2023 5178 cum

444 5172 593 5246 quali
625 5172 915 5230 devotione
951 5184 1005 5246 et
1030 5175 1350 5246 reverentia
1373 5173 1443 5225 sit
1474 5173 1736 5246 orandum
1777 5172 2027 5225 beatissi-

448 5241 570 5301 mus
617 5254 671 5299 et
717 5245 1092 5300 sanctissimus
1128 5244 1291 5298 Pater
1318 5241 1641 5296 Benedictus
1688 5242 2025 5296 demonstrat

449 5316 637 5371 dicens
663 5333 673 5367 :
706 5316 749 5367 si
779 5332 896 5369 cum
929 5314 1225 5367 hominibus
1252 5315 1583 5384 potentibus,
1603 5333 1620 5363 ι
1654 5320 1758 5365 etc.
1787 5310 1930 5365 Citat
1953 5320 2029 5384 et

450 5386 658 5455 liaymo
688 5385 1161 5448 llalberstatensis,
1189 5382 1282 5438 lib.
1312 5400 1348 5437 ιι
1378 5386 1442 5438 de
1463 5383 1755 5455 Vat-ietate,
1788 5397 1903 5448 cap.
1938 5382 2027 5435 90.

449 5454 585 5523 Apta
611 5454 961 5509 similitudine
985 5470 1088 5523 qua
1116 5454 1414 5508 reverentia
1442 5455 1510 5508 sit
1542 5454 2028 5523 oramlum__osten-

452 5520 534 5577 dit
559 5534 780 5580 sanctus
807 5520 1147 5578 Benedictus.
1184 5525 1384 5578 Eadem
1426 5526 1598 5578 utitur
1632 5520 2028 5585 'I‘ertullianus,

454 5592 549 5645 lib.
574 5594 641 5647 de
672 5594 967 5649 Oratione:
1008 5613 1025 5654 ι
1062 5592 1119 5648 Si
1152 5596 1367 5663 quidem
1414 5596 1720 5649 irreverens
1764 5602 1847 5645 est
1897 5592 2033 5646 assi-

454 5662 583 5716 dere
601 5664 700 5715 sub
724 5672 1017 5732 conspectu
1037 5662 1331 5732 contraque
1356 5672 1703 5732 conspectum
1732 5662 1849 5732 ejus
1874 5678 2032 5730 quem

455 5748 578 5786 cum
612 5732 845 5785 maxime
880 5734 1181 5787 reverearis
1217 5742 1272 5787 et
1307 5736 1601 5798 venereris,
1628 5743 1832 5800 quanto
1862 5732 2034 5803 magis

455 5803 557 5859 sub
586 5811 873 5868 conspectu
898 5803 990 5857 Dei
1020 5803 1125 5857 vivi
1153 5802 1342 5872 angelo
1369 5805 1542 5858 adhuc
1567 5803 1830 5857 orationis
1856 5814 2034 5858 astan-

2133 4802 2441 4859 suggcrere,
2468 4804 2576 4841 non
2610 4786 2989 4857 praesumimus
3022 4786 3123 4841 nisi
3162 4801 3285 4840 cum
3318 4785 3622 4841 humilitate
3654 4792 3715 4840 et

2132 4881 2462 4947 reverentia,
2501 4887 2703 4950 quanto
2728 4880 2902 4952 magis
2932 4879 3163 4935 Domino
3190 4878 3303 4933 Deo
3333 4879 3716 4933 universorum

2132 5047 2214 5092 te:
2243 5037 2343 5092 nisi
2374 5038 2766 5106 exprobramus
2792 5036 2905 5094 Deo
2933 5039 3076 5107 quod
3111 5052 3211 5092 nos
3247 5038 3430 5093 oratio
3462 5036 3720 5108 fatigave-

2129 5109 2219 5161 rit.
2252 5108 2412 5175 Atqui
2438 5123 2561 5162 cum
2587 5108 2849 5163 modestia
2874 5117 2929 5162 et
2958 5108 3263 5163 humilitate
3283 5110 3574 5163 adorantes
3599 5121 3714 5160 ma-

2132 5180 2212 5249 gis
2239 5178 2683 5249 commendamus
2718 5178 2828 5233 Deo
2852 5193 3042 5249 preces
3069 5186 3304 5249 nostras,
3343 5194 3413 5233 ne
3436 5178 3565 5249 ipsis
3595 5176 3713 5249 qui-

2134 5246 2253 5302 dem
2284 5248 2536 5301 manibus
2569 5246 3068 5314 sublimius'elatis,
3104 5265 3171 5302 ne
3195 5248 3349 5301 vultu
3395 5246 3610 5316 quidem
3656 5246 3711 5299 in

2133 5319 2413 5371 audaciam
2440 5327 2642 5372 erecto.
2682 5318 2815 5372 Nam
2846 5319 2962 5388 ipse
2986 5318 3334 5383 Publicanus,
3352 5319 3446 5388 qui
3473 5332 3575 5388 non
3598 5324 3716 5368 tan-

2134 5397 2245 5440 tum
2282 5403 2467 5457 prece,
2502 5388 2594 5441 sed
2641 5396 2695 5442 et
2740 5386 2891 5442 vultu
2930 5388 3242 5442 humiliatus
3272 5386 3439 5456 atque
3474 5386 3714 5451 dejectus

2131 5459 2346 5518 orabat,
2374 5457 2720 5527 justiﬁcaiiOr
2763 5459 3150 5527 procaciSsimo
3191 5457 3475 5527 Pharist
3502 5457 3714 5527 disce?

2132 5530 2221 5582 sit.
2263 5549 2280 5579 ι
2317 5521 2390 5580 Et
2426 5526 2481 5580 S.
2518 5521 2783 5582 Caesarius
2821 5528 3176 5588 Arelatensis,
3216 5542 3381 5583 serm.
3421 5526 3514 5580 m
3546 5542 3560 5577 :
3594 5542 3612 5573 ι
3650 5521 3713 5577 Si

2135 5599 2280 5653 enim
2320 5596 2459 5666 apud
2493 5598 2731 5680 aliquam
2770 5614 3056 5668 personam
3101 5605 3377 5680 potentem
3414 5595 3582 5680 velles
3608 5594 3713 5647 ali-

2135 5682 2543 5739 quamcausam
2568 5666 2799 5739 allegare
2842 5666 3237 5739 necessariam,
3265 5674 3322 5721 et
3350 5666 3529 5739 subito
3559 5678 3719 5739 aver-

2138 5733 2229 5791 sus
2269 5736 2335 5789 ab
2367 5736 2477 5799 illa,
2507 5733 3130 5792 media'interlocutione
3163 5737 3377 5803 dirupta
3400 5777 3413 5799 ,
3442 5733 3713 5803 aliquibus

2138 5753 2229 5791 sus
2269 5753 2335 5789 an
2367 5753 2477 5799 uia,
2507 5753 2681 5791 meum
2713 5753 3130 5792 interlocutione
3163 5753 3377 5859 dirupta
3400 5777 3413 5799 ,
3442 5753 3708 5803 anqmnus

2134 5817 2186 5861 tc
2216 5806 2378 5862 velles
2408 5806 2825 5863 scurrilitatibus
2855 5822 3151 5878 occupare,
3184 5823 3287 5877 qua
3311 5820 3399 5861 em
3433 5814 3595 5877 putas
3630 5805 3708 5858 in-
