3940 6196
430 232 526 288 93!

1411 223 1468 279 S.
1509 217 1866 278 BENEDICTI
1906 210 2193 268 ABBATIS
2235 205 2640 264 AhiANl-JNSIS

3568 195 3681 249 932

427 342 632 405 oratio;
666 348 720 393 et
745 351 771 380 ι
798 336 939 393 facto
966 337 1119 408 signo
1142 350 1171 388 a
1192 334 1405 404 priore,
1430 346 1618 387 omnes
1644 329 1851 400 pariter
1879 341 1997 380 sur-
2025 328 2071 384 Α
2100 331 2286 375 centes
2317 317 2561 372 diabolus
2596 315 2829 408 eis‘ante
2855 310 3041 408 oculos
3067 309 3281 364 diversa
3323 308 3557 377 ingerat,
3587 308 3680 362 vel

430 442 646 593 gangdl.
668 552 739 562 -—
760 521 837 575 Ex
868 519 1085 573 Recuu
1126 531 1311 572 SANC‘I'I
1351 515 1551 569 BAStLtl
1583 512 1719 583 (cap.
1745 509 1888 579 108).

497 614 759 681 Interrog.
801 611 1080 676 Quomodo
1119 606 1385 661 obtinebit
1413 603 1536 672 quis
1563 609 1622 655 ut
1664 600 1719 654 in
1753 598 1998 653 oratione

425 716 614 757 sensus
656 699 772 768 ejus
800 713 903 752 non
932 695 1190 766 vagetur?
1213 725 1282 735 —
1309 692 1462 762 Resp.
1496 690 1555 746 Si
1593 697 1775 745 certus
1822 686 1895 739 sit
1939 698 1998 739 se

425 792 677 845 assistere
706 797 829 843 ante
855 788 1038 842 oculos
1064 786 1181 847 Dei,
1204 794 1309 838 etc.

704 881 731 952 §
755 880 836 934 ιιι.
859 910 932 919 -
958 878 1087 931 Item
1125 874 1358 945 ejusdem
1386 873 1523 941 (cep.
1566 870 1711 937 109).

498 974 756 1040 Interrog.
802 970 857 1025 Si
909 969 1163 1039 possibile
1211 967 1459 1020 obtinere
1503 963 1797 1024 hominem,
1838 964 1898 1011 ιιι
1942 955 1995 1009 itt

422 1060 570 1113 anuli
605 1068 844 1128 tempore
873 1066 926 1110 et
951 1057 1069 1109 loco
1097 1070 1200 1108 non
1236 1061 1462 1122 vagetur
1487 1064 1638 1103 mens
1666 1063 1784 1110 sua,
1821 1054 1923 1099 etc.

599 1149 626 1220 §
654 1147 741 1202 IV.
765 1177 836 1186 —
859 1147 936 1199 Ex
980 1145 1197 1199 REGULA
1243 1142 1505 1196 Macrsrut
1531 1139 1669 1210 (cap.
1707 1137 1818 1207 48).

495 1242 524 1281 ι’
543 1241 600 1295 Si
625 1240 930 1294 hominibus
955 1236 1263 1291 carnalibus
1286 1234 1389 1286 nisi
1414 1247 1534 1286 cum
1558 1229 1861 1284 humilitate
1887 1241 1996 1280 non

388 1368 393 1371 -
426 1331 485 1385 fit
511 1330 748 1400 precatio
779 1344 900 1383 cum
933 1326 1192 1381 beneficia
1220 1339 1313 1378 eos
1354 1322 1533 1391 aliqua
1558 1318 1875 1388 temporalia
1902 1332 1998 1386 po-

422 1421 702 1478 stulamus.
744 1425 947 1487 quanto
995 1416 1164 1485 magis
1213 1413 1464 1469 convenit
1510 1418 1569 1465 ut
1621 1424 1721 1479 pro
1757 1409 1997 1478 peccat‘s

423 1512 619 1567 nostris
650 1510 732 1564 vel
774 1507 1098 1563 facinoribus
1119 1506 1286 1570 omni,
1335 1519 1440 1574 qua
1488 1517 1797 1573 possumus,
1833 1499 1995 1554 Chri-

422 1611 562 1656 stum
584 1615 743 1671 prece
776 1612 1041 1669 rogemus.
1075 1596 1223 1649 Ntilla
1249 1609 1380 1664 ergo
1400 1592 1560 1648 debet
1584 1605 1707 1645 esse
1737 1601 1759 1628 ο
1792 1589 1843 1642 in
1868 1602 1995 1641 ora-

2097 412 2148 464 in
2171 412 2333 464 corde
2359 409 2503 462 aliud
2529 405 2921 461 subministrat.
2951 402 3093 473 Ergo
3119 407 3334 470 oportet
3359 413 3522 453 orare
3546 413 3681 453 cum

2097 502 2290 555 timore
2316 499 2651 569 suppliciter,
2679 505 2737 549 ut
2774 494 2867 564 qui
2895 502 3016 549 orat
3051 492 3335 562 praesentis
3363 490 3572 547 Christi
3595 491 3684 545 vi-

2094 590 2291 644 deatur
2337 588 2505 659 pedes
2533 596 2738 640 tenere.
2769 584 2837 637 Et
2875 598 2997 637 cum
3034 590 3184 637 tanto
3222 583 3487 637 debemus
3515 595 3685 637 orare

2096 682 2315 745 timore,
2366 688 2427 733 ut
2457 691 2846 748 cognoscamus
2874 675 3000 744 quia
3045 689 3168 727 cum
3218 674 3329 728 Deo
3374 673 3680 742 loquimur.

2094 770 2265 825 Orare
2326 783 2455 840 ergo
2529 768 2787 821 debemus
2846 780 2970 819 cum
3031 765 3178 817 omni
3235 773 3468 825 mente,
3528 764 3677 819 sicut

2098 857 2383 928 Apostolus
2426 855 2540 908 ait:
2583 854 2602 892 ί
2645 853 2820 906 Orubo
2859 850 3017 905 simul
3057 862 3103 904 et
3156 860 3324 905 mente
3377 861 3433 906 et
3487 854 3683 923 spiritu

2097 949 2148 1017 (I
2177 948 2300 1002 Cor.
2332 946 2465 1017 xw).

2100 1040 2128 1111 ς
2159 1040 2225 1094 ν.
2249 1069 2320 1078 -
2341 1038 2416 1103 Ex
2450 1036 2668 1091 Rasum
2698 1034 2947 1098 ΡΑτιιυιι,
2973 1033 3048 1087 De
3071 1033 3363 1088 accedendo
3384 1035 3457 1087 ad
3484 1034 3678 1091 Deum.

2171 1134 2197 1171 ε
2234 1131 2447 1198 Quanta
2489 1131 2789 1186 intentione
2826 1137 2883 1184 et
2909 1130 3153 1185 custodia
3185 1130 3572 1200 inquirendum
3600 1132 3682 1185 sit

2095 1219 2326 1290 qualiter
2355 1220 2423 1274 ad
2464 1219 2668 1274 cultum
2722 1219 3000 1290 religionis
3053 1228 3161 1273 tam
3205 1220 3467 1290 Operibus
3513 1235 3681 1289 quam

2095 1311 2339 1364 oratione
2362 1310 2632 1374 tendatur,
2660 1311 2911 1364 hortante
2936 1309 3204 1379 Propheta
3235 1310 3553 1374 didicimus,
3580 1312 3681 1379 qui

2095 1402 2171 1454 ait
2197 1420 2208 1453 :
2236 1402 2263 1441 ιι
2296 1401 2536 1455 Accedite
2564 1401 2634 1454 ad
2672 1400 2860 1466 Deum,
2885 1409 2934 1454 et
2958 1399 3334 1454 illuminamim'
3362 1410 3413 1454 et
3456 1402 3471 1441 ἱ
3508 1400 3681 1454 vultus

2094 1493 2250 1545 vestri
2299 1508 2404 1545 non
2457 1490 2843 1560 confundentur
2891 1488 3007 1561 (Ps.
3055 1489 3241 1561 xxxv).
3298 1490 3678 1545 Accedendum

2096 1598 2310 1653 semper
2355 1589 2472 1648 est,
2499 1590 2559 1636 ut
2608 1596 2884 1636 accessum
2931 1589 3188 1651 sequatur
3236 1581 3579 1637 illuminatio.
3614 1582 3677 1636 Si

423 1695 567 1749 tione
585 1667 900 1761 duplicitas;
935 1705 1040 1743 non
1067 1704 1229 1742 unum
1258 1688 1310 1740 in
1340 1700 1457 1750 ore,
1488 1684 1716 1737 alterum
1747 1682 1801 1736 in
1824 1678 1988 1734 corde
2016 1667 2063 1726 Β
2090 1690 2197 1729 ιιοιι
2250 1675 2578 1739 accedimus,
2606 1688 2713 1729 non
2760 1675 3142 1729 illumiuamur.
3190 1675 3259 1729 Et
3306 1691 3432 1730 cum
3480 1678 3672 1731 eodem

423 1783 745 1837 inveniatur.
793 1779 907 1833 Non
938 1779 991 1832 in
1041 1776 1382 1844 multiloquio
1425 1774 1669 1845 protrahi
1694 1771 1993 1826 orationem

421 1874 637 1937 debere,
680 1872 819 1926 sicut
860 1871 936 1924 ait
986 1878 1233 1923 sanctum
1285 1865 1631 1937 Evangelium
1684 1863 1995 1935 hypocritas

420 1979 515 2019 eos
547 1962 660 2017 ileri
688 1961 840 2015 tales.
870 1959 897 1998 ά
919 1960 1034 2013 Νοιι
1075 1957 1326 2026 frequens
1367 1955 1550 2017 tussis,
1582 1970 1687 2007 non
1713 1960 1996 2007 excreatus

422 2050 693 2114 assiduus,
734 2064 838 2102 non
873 2048 1143 2101 anhelitus
1191 2047 1444 2099 abundet.
1484 2044 1621 2109 Quia
1670 2043 1787 2096 haec
1814 2041 1995 2095 omnia

420 2138 754 2194 orationibus
779 2145 833 2191 et
862 2135 1081 2206 psalmis
1122 2135 1188 2189 ad
1234 2132 1670 2201 impedimentum
1710 2146 1739 2184 a
1783 2129 1995 2185 diabolo

419 2229 816 2283 ministrantur.
876 2225 1009 2279 Nam
1059 2224 1189 2278 illud
1254 2223 1399 2293 quod
1454 2222 1687 2277 diximus
1748 2220 1995 2290 superius

422 2316 558 2387 (cap.
590 2318 681 2387 47)
728 2326 784 2371 et
836 2317 889 2370 in
942 2315 1277 2370 orationibus
1309 2322 1580 2375 caveatur,
1610 2321 1691 2376 ut,
1724 2312 1816 2381 qui
1847 2318 1990 2374 orat,

418 2408 465 2463 si
496 2406 727 2462 voluerit
771 2421 1024 2476 expuere,
1061 2414 1154 2458 aut
1200 2404 1410 2458 narium
1456 2402 1744 2473 spurcitias
1762 2400 1989 2469 jactare,

418 2513 526 2554 non
550 2498 750 2562 inante,
779 2496 871 2550 sed
900 2504 1022 2566 post
1046 2510 1103 2550 se
1134 2502 1281 2550 retro
1302 2494 1549 2565 projiciat
1572 2501 1793 2562 propter
1824 2506 1993 2560 ange-

418 2583 499 2638 los
528 2583 582 2637 in
617 2588 745 2636 ante
783 2589 1016 2645 stantes,
1063 2580 1465 2635 demonstrante
1512 2577 1774 2648 Pmpbeta
1812 2592 1875 2632 ac
1913 2576 1993 2631 di—

417 2680 573 2727 cente
600 2689 614 2725 :
640 2670 709 2725 In
735 2679 1007 2741 conspectu
1032 2668 1336 2739 angelorum
1370 2667 1592 2739 psallam
1622 2667 1730 2729 tibi,
1761 2665 1991 2719 adorabo

417 2759 490 2813 ad
532 2758 779 2830 templum
825 2767 1063 2813 sanctum
1096 2768 1264 2811 tuum.
1313 2757 1453 2827 Ergo
1481 2756 1653 2820 vides,
1707 2754 1832 2825 quia
1868 2762 1992 2809 ante

419 2850 651 2921 Angelos
676 2850 1010 2904 ostendimur
1040 2857 1095 2904 et
1123 2863 1303 2916 orare,
1333 2856 1387 2903 et
1415 2847 1666 2917 psallere.
1698 2846 1832 2900 Nam
1870 2846 1990 2900 ideo

417 2945 652 2999 diximus
677 2954 700 2984 ο
726 2943 942 2998 brevem
990 2941 1107 2997 fieri
1136 2943 1460 3007 orationem,
1510 2956 1578 2997 ne
1614 2956 1710 3011 per
1749 2941 1989 2996 occasio-

2093 1765 2274 1821 dicere
2302 1779 2589 1835 possumus
2618 1784 2629 1818 :
2659 1763 2673 1814 i
2711 1764 2971 1836 Inquisivi
2996 1764 3300 1830 Dominum,
3331 1776 3380 1819 et
3405 1766 3677 1820 exaudivit

2094 1874 2176 1911 me
2208 1856 2415 1929 (Ibid.).
2463 1855 2787 1926 lnquirendo
2831 1857 3032 1911 etenim
3081 1863 3135 1912 et
3181 1857 3329 1911 omni
3379 1856 3677 1913 intentione

2095 1950 2323 2018 petendo
2369 1949 2675 2013 exauditur,
2703 1948 2797 2017 qui
2827 1963 2886 2003 se
2910 1949 3149 2003 exterius
3175 1962 3206 2001 a
3239 1948 3424 2001 saeculi
3451 1947 3672 2002 deside-

2097 2041 2191 2094 riis
2218 2039 2402 2092 atterit
2427 2047 2482 2092 et
2505 2038 2733 2092 interius
2766 2038 3074 2093 cum'omni
3119 2037 3300 2091 cordis
3345 2038 3677 2092 contritione

2093 2145 2192 2200 per
2215 2130 2464 2183 ardorem
2492 2128 2920 2197 compunctionis
2947 2127 3131 2197 pollet.
3183 2126 3372 2191 Petite,
3403 2128 3597 2196 inquit,
3623 2138 3675 2181 et

2094 2219 2305 2274 dabitur
2350 2219 2491 2274 vobis
2520 2219 2671 2291 (Luc.
2705 2220 2803 2290 ιι).
2836 2218 2894 2275 Si
2937 2219 3115 2274 omnis
3142 2220 3234 2289 qui
3274 2219 3412 2288 petit
3454 2220 3672 2289 accipit,

2094 2328 2193 2366 cur
2218 2312 2399 2366 carnis
2440 2312 2653 2381 ignavia
2683 2311 3049 2381 praepediente
3088 2320 3144 2365 et
3171 2310 3477 2365 facinorum
3527 2311 3668 2366 mole

2092 2404 2341 2459 obstante
2364 2419 2472 2459 non
2500 2403 2601 2459 hoc
2627 2403 2864 2471 quotidie
2885 2412 3130 2472 petamus
3149 2403 3289 2473 quod
3320 2403 3373 2455 in
3403 2410 3673 2456 πίει-πιπτει

2092 2493 2498 2564 possideamus?
2526 2493 2698 2547 heatze
2732 2492 2937 2547 scilicet
2982 2492 3107 2545 vitta
3148 2493 3453 2560 praemium,
3481 2492 3671 2545 aeterni

2092 2586 2331 2641 muneris
2380 2598 2619 2654 perenne
2667 2583 3003 2653 suffragium,
3029 2582 3171 2650 quod
3215 2582 3333 2636 sine
3371 2582 3561 2652 grandi
3588 2582 3670 2634 la-

2092 2678 2225 2732 bore
2264 2676 2471 2745 acquiri
2513 2689 2620 2729 non
2661 2681 2876 2744 potest:
2901 2687 3023 2727 cum
3072 2673 3306 2742 primum
3332 2686 3429 2742 per
3457 2672 3670 2727 deside-

2093 2765 2234 2819 rium
2278 2772 2336 2820 et
2383 2764 2686 2818 doctrinam
2738 2763 3021 2833 incognitas
3078 2761 3245 2815 menti
3305 2762 3583 2823 inseritur,
3614 2769 3674 2815 et

2091 2855 2438 2926 postmodum
2491 2870 2627 2923 opus
2676 2854 2947 2924 implendo
3014 2861 3295 2917 sacratur;
3350 2853 3491 2922 quod
3548 2853 3666 2908 sine

2093 2944 2347 3000 ineﬂ‘abili
2396 2945 2783 3014 omnipotentis
2840 2944 2935 2998 Dei
2981 2943 3232 3012 praesidio
3272 2943 3357 2996 vel
3405 2940 3671 3009 adiutorio

421 3048 545 3089 nem
571 3034 791 3105 prolixa:
819 3034 1079 3089 orationis
1104 3005 1463 3097 obdormiant,
1488 3042 1580 3088 aut
1615 3005 1756 3087 lorte
1791 3032 1881 3087 diu
1903 3032 1986 3101 ja-
2014 3005 2059 3068 C
2092 3034 2368 3105 impetrari
2402 3049 2505 3088 non
2549 3005 2773 3104 potest:
2800 3005 3050 3103 quamvis
3088 3032 3224 3088 alius
3268 3033 3431 3103 riget,
3454 3005 3507 3087 et
3531 3034 3672 3088 alius

488 3178 512 3205 ι
542 3162 707 3235 Facto
728 3166 875 3235 signa
898 3183 928 3218 η
947 3166 1119 3235 priore
1138 3173 1374 3234 surgant.
1412 3164 1612 3235 Nempe
1633 3164 1700 3218 ad
1725 3165 1987 3235 reliquam

414 3234 713 3306 orationem
753 3245 806 3287 et
850 3234 1686 3306 psalmodiam)persequendam,
1739 3244 1796 3289 ut
1824 3234 1987 3305 supra

416 3303 741 3376 explicatum
770 3303 870 3359 est.
913 3304 981 3359 Ut
1023 3304 1153 3376 dicit
1185 3303 1479 3376 {lassianus
1507 3321 1669 3376 supra
1694 3324 1706 3358 :
1738 3323 1757 3356 ι
1788 3303 1987 3360 Omnes

419 3373 625 3443 pariter
669 3375 965 3444 eriguntur.
998 3392 1016 3424 ι
1079 3373 1137 3427 S.
1182 3374 1512 3430 Fructuosus
1552 3373 1614 3428 ;”‹
1645 3374 1752 3430 Sed
1799 3389 1987 3430 omnes

420 3460 630 3515 summa
678 3445 981 3515 :equalitqte
1012 3453 1388 3515 consurgant:
1425 3466 1443 3496 ι
1492 3444 1549 3499 S.
1581 3444 1983 3499 Columbanus:

423 3513 784 3596 tquualiter
824 3530 853 3568 a
904 3513 1430 3596 ﬂexioneoxationis
1474 3524 1715 3596 surgant.
1750 3515 1987 3596 i‘ltaque

422 3587 535 3639 hmo
559 3586 822 3639 surrectio
848 3600 952 3639 non
979 3592 1060 3638 est
1089 3584 1425 3654 intelligenda
1456 3585 1521 3640 de
1550 3584 1717 3639 exitu.
1751 3584 1884 3639 Nam
1908 3584 1985 3637 iu-

419 3654 523 3724 fra,
560 3669 679 3724 cap.
710 3655 799 3717 52,
829 3655 965 3709 dixit
1011 3663 1232 3708 sanctus
1270 3653 1436 3709 Pater
1468 3654 1794 3709 Benedictus
1831 3672 1849 3705 ι
1880 3653 1987 3707 Ex-

417 3722 562 3793 pleto
587 3722 749 3793 opere
775 3725 870 3778 Dei
898 3739 1087 3779 omnes
1116 3739 1237 3777 cum
1286 3739 1496 3779 summo
1544 3723 1757 3779 silentio
1790 3731 1988 3793 exeant

419 3801 476 3848 et
503 3792 694 3875 agatur
722 3794 1019 3849 reverentia
1042 3794 1172 3849 Deo.
1211 3813 1227 3846 ι
1259 3794 1328 3848 At
1351 3796 1454 3850 hoc
1493 3794 1611 3849 loco
1648 3795 1782 3849 nihil
1811 3792 1987 3849 simile

416 3871 963 4005 ιῖκξὲἳιῖοηιίηἰὸιιδ,
994 3943 1098 3989 etc.
1160 3934 1347 3988 Exstat
1394 3935 1450 3989 in
1494 3934 1692 4005 Regula
1725 3950 1828 3989 ms.
1860 3933 1983 3989 cod.

422 4000 586 4074 Cnrb.
614 4005 733 4057 eod.
764 4020 881 4074 cap.
914 4006 1002 4059 48.

493 4070 607 4144 _¢_ln
638 4070 870 4144 oratione
910 4074 1208 4143 duplicitas.
1251 4073 1546 4143 Duplicitas
1593 4073 1984 4144 orationisrap-

421 4140 1288 4222 pellatuiqhoc‘loco.(Magistro,
1332 4140 1453 4197 cum
1483 4144 1603 4211 quis
1641 4140 1985 4222 orans_aliud

420 4209 474 4262 in
518 4224 613 4262 ore
642 4209 836 4280 habet,
869 4211 1012 4265 aliud
1045 4209 1123 4265 in'
1145 4212 1326 4277 corde,
1377 4226 1478 4266 nec
1502 4209 1671 4266 mens
1713 4213 1831 4267 voci
1871 4212 1987 4280 ejus

420 4277 732 4350 concordat.
780 4279 884 4350 Est
914 4280 1029 4350 alia
1051 4281 1310 4336 orationis
1347 4281 1650 4350 duplicitas,
1683 4282 1748 4335 de
1777 4277 1981 4350 qua'S.

2090 3167 2193 3220 dua
2238 3166 2475 3221 mucoris
2516 3164 2863 3235 expressione
2888 3166 3128 3220 divinum
3157 3165 3210 3219 in
3240 3165 3409 3220 choro
3434 3164 3669 3221 alliciunt

2089 3236 2469 3290 interturbant.
2494 3235 2649 3302 Quod
2668 3251 2828 3305 quam
2855 3236 2927 3292 sit
2946 3238 3055 3291 Deo
3078 3236 3309 3290 invisum
3334 3237 3672 3305 subsequens

2089 3306 2302 3360 docebit
2330 3305 2574 3360 historia.
2602 3304 2978 3370 Antissiodori,
3013 3306 3066 3359 in
3089 3306 3418 3360 monasterio
3449 3304 3668 3360 SJGer-

2090 3376 2254 3439 mani,
2281 3383 2340 3428 ut
2368 3375 2534 3430 refert
2558 3374 2776 3439 Glaber,
2813 3376 2906 3430 lib.
2933 3392 2967 3445 v
2995 3375 3157 3439 llist.,
3197 3391 3318 3445 cap.
3348 3376 3401 3429 1.
3435 3374 3667 3442 Quidam

2090 3445 2384 3499 monachus
2413 3460 2594 3499 coram
2616 3446 2781 3515 altari
2816 3446 2873 3499 S.
2909 3444 3086 3500 Maria:
3116 3444 3284 3499 multo
3313 3461 3436 3499 cum
3466 3446 3671 3515 gemitu

2088 3524 2143 3570 et
2171 3515 2530 3585 lacrymarum
2570 3513 2833 3585 effusione
2862 3516 3172 3583 frequenter
3200 3516 3422 3580 orabat;
3457 3513 3552 3571 Sed
3590 3518 3672 3570 ni-

2088 3586 2196 3640 utio
2223 3584 2562 3653 sputamento
2579 3584 2944 3653 pavimentum
2972 3586 3366 3655 conspurcabat
3392 3603 3405 3639 :
3430 3587 3669 3654 quicum

2089 3655 2376 3724 aliquando
2417 3655 2470 3708 in
2517 3656 2763 3710 oratione
2808 3654 3197 3716 obdormisSet.
3229 3654 3448 3724 quidam
3484 3657 3671 3710 caudi-

2088 3725 2311 3780 dissima
2359 3732 2507 3779 veste
2555 3725 2775 3780 indutus
2823 3726 2891 3779 ad
2939 3725 3114 3795 ipsum
3145 3726 3317 3779 altare
3346 3740 3407 3781 se
3451 3725 3507 3779 in
3552 3726 3670 3793 ejus

2087 3802 2435 3863 conspectum
2461 3794 2639 3859 dedit,
2669 3804 2724 3849 et
2752 3794 2988 3864 pannum
3020 3795 3459 3850 candidissimum
3490 3796 3671 3863 profe-

2086 3879 2215 3945 rens
2244 3866 2677 3945 conquerebatur
2719 3880 2777 3945 se
2801 3872 2992 3945 _totum
3036 3866 3154 3945 ejus
3183 3864 3368 3919 salivis
3393 3873 3444 3919 et
3478 3865 3671 3945 pituita

2085 3935 2494 4004 coinquinatum
2520 3949 2639 3990 esse
2664 3974 2680 3999 ,
2713 3935 2917 3990 addens
2947 3949 3005 3989 se
3029 3935 3145 4003 ejus
3172 3949 3362 4004 preces
3390 3935 3671 4003 suscipere

2084 4013 2141 4058 et
2184 4004 2238 4059 in
2286 4012 2630 4073 conspectum
2680 4005 2875 4059 divina:
2922 4004 3221 4072 majestatis
3266 4005 3502 4058 deferre.
3559 4004 3668 4057 Hac

2090 4074 2295 4127 visione
2340 4084 2624 4141 correptus
2669 4073 2835 4128 frater
2878 4085 3115 4128 erratum
3160 4074 3490 4127 emendavit.
3539 4074 3674 4139 Qua:

2085 4144 2303 4210 quidem
2343 4144 2484 4198 visio
2528 4143 2687 4213 hujus
2720 4143 2954 4213 Magistri
3000 4143 3284 4199 conﬁrmat
3332 4143 3668 4205 institutum,

2086 4227 2194 4281 quo
2222 4213 2534 4282 przecipitur
2563 4215 2842 4269 monachis
2869 4229 3029 4282 pone,
3059 4228 3161 4267 non
3189 4222 3313 4268 ante
3342 4228 3666 4281 conspuere,

2086 4291 2307 4351 propter
2336 4282 2575 4351 angelos,
2604 4299 2712 4337 non
2743 4282 2884 4352 quod
2928 4284 3002 4337 illi
3051 4284 3252 4338 nostris
3294 4283 3509 4351 possint
3557 4299 3670 4337 ma-

420 4347 716 4421 Antiochus
742 4351 850 4419 agit
876 4348 1059 4404 homil.
1094 4352 1183 4414 85,
1208 4366 1369 4421 quam
1403 4347 1459 4404 et
1488 4347 1983 4421 pusillanimitatem
2013 4353 2062 4413 D
2088 4347 2255 4407 calari
2297 4347 2673 4421 sputamentis,
2704 4347 2796 4408 sed
2836 4354 2907 4407 ob
2935 4347 3312 4408 reverentiam.
3359 4352 3418 4406 S.
3454 4352 3667 4415 Nonna,

418 4418 683 4489 appellat;
714 4418 833 4472 cum
861 4421 982 4489 quis
1010 4418 1258 4475 videlicet
1287 4420 1425 4474 inter
1464 4418 1725 4474 orandum
1762 4420 1983 4477 fluctuat

418 4498 472 4541 et
497 4487 771 4560 vacillat,
801 4487 901 4560 nec
931 4492 1103 4544 credit
1146 4505 1205 4545 se
1247 4489 1513 4560 postulata
1546 4489 1980 4560 impetraturum,

416 4557 542 4631 quia
572 4558 637 4611 de
683 4558 795 4631 [lci
827 4559 1193 4631 misericordia
1208 4557 1480 4631 idubitat;
1512 4557 1670 4628 idque
1696 4562 1846 4631 juxta
1892 4565 1986 4615 do-

420 4628 649 4711 ctrinam
768 4626 1175 4711 Jacobi,_c_ap._t
1200 4630 1368 4711 Epist.
1403 4646 1548 4711 can.,
1578 4626 1664 4683 ubi
1697 4626 1771 4711 ait
1813 4632 1985 4686 homi—

418 4712 551 4770 nem
569 4698 902 4770 haesitantem
924 4700 1053 4770 nihil
1078 4698 1110 4752 ἐι
1133 4698 1683 4770 Deoimpctraturum.
1717 4702 1778 4754 Et
1799 4713 1984 4770 postea

417 4766 632 4835 subjicit
656 4784 667 4820 :
706 4766 798 4821 Vir
817 4766 1009 4836 duplex
1029 4770 1205 4823 animo
1234 4766 1535 4824 inconstans
1560 4780 1632 4823 est
1663 4773 1714 4823 in
1745 4766 1982 4823 omnibus

419 4837 514 4911 piis
542 4837 686 4901 suis;
719 4837 807 4911 ubi
846 4837 1048 4911 Graece,
1098 4839 1345 4911 δίψυχος,
1379 4840 1431 4893 id
1452 4847 1540 4894 est
1565 4840 1755 4907 duplex
1780 4842 1981 4911 animo.

420 4907 508 4961 Ille
541 4914 625 4960 est
666 4908 757 4977 qui
796 4907 851 4961 in
890 4909 1134 4964 oratione
1159 4907 1419 4973 'flt't'ctuat,
1460 4925 1559 4963 nec
1612 4911 1701 4962 Dei
1759 4912 1862 4964 bon
1891 4910 1985 4963 tati

418 4976 646 5061 eonfl‘dit
663 4976 771 5039 {ac
808 4979 1036 5061 proinde
1065 4980 1287 5061 duplex,
1305 4980 1428 5060 quia
1458 4978 1708 5061 inﬁdelis,
1741 4996 1862 5034 cum
1892 4995 1987 5060 per

421 5046 809 5119 litesitationem
840 5048 893 5101 in
925 5050 1071 5102 varia
1101 5046 1440 5103 distrahitur.
1473 5049 1619 5102 llanc
1650 5066 1778 5119 ergo
1818 5046 1981 5102 animi

424 5113 592 5188 latrem
613 5115 763 5182 juxta
788 5126 1017 5188 mentum
1049 5119 1284 5188 Apostoli
1311 5129 1454 5171 recte
1477 5113 1762 5171 admodum
1793 5120 1848 5170 Ξ.
1878 5120 1987 5171 Λιι-

424 5183 632 5237 tiochus
666 5186 915 5258 appellat
960 5183 1235 5258 διηρυᾖίὶαν,
1276 5189 1329 5242 id
1376 5196 1459 5241 est
1497 5188 1659 5241 animi
1713 5189 1987 5254 (inplicita-

422 5260 549 5328 ιοιῐιν
567 5264 631 5328 ει
656 5256 992 5328 ὀλιγοψυχίαν
1024 5256 1038 5321 ,
1064 5256 1123 5311 id
1148 5268 1230 5312 est
1258 5258 1768 5327 pusillanimitatem.

486 5321 512 5359 ἀ
556 5322 677 5377 Non
721 5321 961 5395 frequens
1012 5328 1206 5389 tussis,
1253 5321 1355 5380 non
1394 5336 1664 5380 emercatus
1713 5327 1980 5380 assiduus.

420 5388 560 5465 Idem
594 5388 834 5465 praecipit
860 5395 916 5448 S.
960 5388 1296 5457 Ambrosinus,
1331 5397 1421 5451 lib.
1453 5412 1509 5450 ιιι
1540 5395 1606 5450 de
1634 5396 1979 5465 Virginibus:

423 5475 442 5507 ι
478 5459 542 5513 Ει
572 5459 644 5523 tu,
680 5464 730 5535 in
757 5459 1057 5519 ministerio
1102 5467 1195 5521 Dei
1238 5468 1408 5534 virgo,
1439 5466 1690 5535 gemitus,
1720 5459 1981 5526 screatus,

421 5539 626 5591 tusses,
681 5534 819 5587 risus
863 5537 1089 5588 abstine.
1122 5556 1140 5588 ι
1193 5536 1314 5589 lltec
1358 5534 1546 5589 notent
1575 5536 1608 5589 ii
1644 5536 1732 5604 qui
1781 5536 1985 5588 crebris

413 5609 766 5669 Sputunwntls
804 5613 855 5659 et
893 5607 1212 5670 screatilnts,
1241 5620 1404 5659 rauco
1436 5606 1595 5659 tussis
1621 5607 1818 5671 sonitu,
1854 5606 1986 5658 assi-

2088 4430 2265 4475 mater
2290 4420 2347 4476 S.
2376 4420 2621 4490 Gregorii
2649 4422 2995 4486 Nazianzeni,
3025 4423 3370 4477 devotissima
3395 4438 3526 4475 sane
3554 4437 3670 4475 ma-

2089 4501 2263 4555 trona,
2299 4492 2352 4545 in
2386 4492 2611 4547 ecclesia
2655 4509 2819 4547 orans
2848 4508 3120 4561 nunquam
3151 4493 3203 4545 in
3238 4507 3454 4561 sacrum
3484 4491 3668 4560 templi

2086 4564 2272 4630 εηηιίι
2310 4563 2697 4630 pavimentum,
2729 4572 2787 4617 ut
2816 4564 2882 4617 de
2909 4560 3169 4616 ea’refért
3213 4563 3327 4631 ipse
3369 4560 3671 4631 Gregorius

2087 4640 2226 4686 orat.
2283 4632 2370 4685 t9.
2423 4631 2499 4686 De
2550 4630 2853 4699 huiusmodi
2905 4630 3271 4700 sputatoribus
3326 4631 3445 4685 haec
3493 4630 3666 4685 edixit

2089 4702 2146 4754 S.
2176 4700 2538 4756 Columbanus
2570 4702 2621 4757 in
2648 4702 3013 4757 Pmnitentiali
3040 4718 3140 4756 ms.
3169 4716 3183 4754 :
3215 4718 3233 4751 ι
3270 4700 3328 4754 Si
3357 4700 3483 4770 quis
3507 4701 3668 4754 emit-

2089 4771 2151 4824 tit
2177 4779 2356 4840 sputa,
2382 4779 2436 4852 et
2464 4773 2730 4896 contingit
2759 4771 2928 4827 altare
2957 4788 3084 4825 xxiv
3118 4770 3382 4841 psalmos;
3414 4771 3461 4824 si
3487 4770 3667 4839 parie-

2089 4848 2196 4894 tem
2225 4842 2460 4896 attinatt.
2492 4855 2606 4895 sex.
2684 4842 2842 4896 unnle.
2868 4843 3076 4896 recitet.

2089 4848 2196 4894 tem
2225 4841 2460 4911 attingit,
2492 4855 2606 4895 sex.
2644 4841 2842 4911 Supple
2868 4843 3076 4897 recitet.

2163 4921 2185 4947 ε
2224 4909 2440 4964 Brevem
2481 4910 2595 4978 ﬁeri
2626 4909 2934 4976 orationem,
2964 4921 3069 4965 etc.
3121 4910 3249 4966 Ilaec
3295 4919 3511 4979 sumpta
3541 4918 3668 4964 sunt

2087 4993 2153 5033 ex
2182 4980 2462 5044 Cassiano,
2496 4980 2589 5034 lib.
2620 4997 2655 5035 ιι
2690 4981 2755 5035 de
2787 4983 3067 5035 nocturnis
3093 4980 3267 5045 Orat.,
3296 4981 3350 5032 7.

2165 5048 2183 5087 ί
2223 5047 2397 5102 Orabo
2434 5050 2610 5113 simul,
2638 5060 2743 5104 etc.
2778 5049 2833 5103 In
2861 5051 3131 5105 communi
3168 5050 3460 5104 versione:
3491 5046 3663 5102 Orabo

2085 5118 2296 5186 spiritu,
2322 5118 2481 5171 orabo
2504 5132 2676 5173 autem
2706 5130 2752 5172 et
2786 5130 2972 5172 mente.

2158 5197 2183 5257 ts
2227 5187 2437 5257 Quanta
2482 5188 2791 5249 immunita,
2819 5197 2924 5242 etc.
2959 5188 3083 5241 llmc
3110 5188 3365 5242 videntur
3393 5188 3574 5257 potius
3596 5200 3661 5237 et

2088 5255 2365 5328 cujusdam
2404 5256 2581 5328 Patris
2618 5262 2877 5312 concione
2907 5264 3117 5327 sumpta
3149 5273 3312 5328 quam
3366 5255 3433 5312 ei:
3483 5258 3659 5325 aliqua

2088 5325 2308 5379 Patrum
2336 5325 2554 5394 Regula.

2160 5398 2185 5434 ιι
2228 5393 2466 5465 Accedite
2495 5398 2562 5448 ad
2606 5396 2792 5450 Deum.
2819 5393 3011 5465 vulgo,
3042 5396 3111 5449 ad
3137 5412 3274 5449 eum.

2165 5467 2180 5505 i
2234 5463 2420 5535 Vultus
2455 5468 2625 5518 vestri.
2664 5465 2821 5519 Juxta
2860 5463 3334 5535 Sfllieronymum
3378 5476 3429 5522 et
3457 5464 3663 5521 Psaltc-
3738 5510 3756 5524 .

2088 5535 2229 5587 rium
2267 5534 2589 5587 Romanum.

2164 5604 2177 5652 i
2228 5602 2482 5671 Inquisiri
2514 5605 2816 5659 Dominum.
2844 5603 2922 5659 Ita
2950 5605 3004 5660 in
3024 5604 3307 5662 Psalterio.
