3940 6196
276 250 388 306 953

1213 248 1600 309 CONCORDIA
1641 247 2097 304 nacumnuu.
2137 280 2205 289 -
2244 251 2396 307 esp.
2443 251 2631 307 xxvr.
3116 216 3121 225 ’
3440 253 3545 313 954

274 366 504 435 plautet,
537 363 679 418 Deus
728 370 905 416 autem
955 361 1350 417 incrementum
1384 363 1476 416 dat
1517 361 1566 432 (1
1599 336 1721 416 Cor.
1750 361 1853 433 ιιι).
1888 362 1931 421 Α
1962 362 2131 434 longae
2159 364 2420 419 orationis
2460 365 2757 435 prolixitas,
2788 366 2879 420 sel
2913 374 3173 437 promptae
3213 368 3408 423 mentis
3455 376 3536 426 iu-

276 454 373 508 Sic
415 451 672 508 Salomon
702 460 930 508 testatur
957 451 1141 506 dicens
1166 470 1179 505 :
1207 464 1231 492 ει
1262 450 1506 505 Hominis
1532 462 1606 506 est
1652 469 1858 521 ιιι-ηιρσ-

268 559 400 598 rare
425 558 535 605 cor,
567 540 778 595 Domini
814 550 889 595 est
915 541 1042 597 dare
1071 542 1348 596 consilium
1380 540 1562 615 (Prov.
1597 541 1731 612 xvi).
1757 544 1860 596 Da-

276 644 371 689 tur
409 646 539 703 ergo
579 631 865 686 consilium
895 646 927 684 a
956 630 1210 695 Domino,
1237 632 1284 687 si
1332 631 1620 687 obstinatae
1663 632 1860 686 mentis

273 724 458 778 aditus
494 737 601 776 non
631 721 945 793 denegetur.
985 723 1077 778 Sic
1110 724 1210 793 per
1248 722 1632 795 Apocalypsim
1660 724 1860 779 dicitur

279 826 421 886 (cap.
451 811 534 882 ιιι)
562 830 575 867 :
604 811 738 866 Ecce
783 829 877 883 ego
913 821 993 867 sto
1038 813 1108 867 ad
1149 815 1341 867 ostium
1368 824 1417 868 et
1457 814 1607 885 pulso
1630 814 1713 869 :si
1742 815 1859 885 quis

275 905 543 976 aperuerit
564 903 712 969 mihi,
732 903 941 958 intrabo
973 904 1042 958 ad
1077 903 1313 971 illum,et
1355 906 1565 961 caenabo
1592 922 1709 959 cum
1742 905 1857 971 illo,

275 1008 325 1051 et
352 996 446 1051 ille
474 1012 692 1050 mecum.
717 994 800 1051 Ad
821 1012 954 1068 opus
978 1012 1109 1067 ergo
1126 998 1321 1053 divinae
1342 999 1619 1054 servitutis
1646 999 1857 1067 quando

276 1087 611 1152 assistimus,
640 1095 750 1140 tam
800 1101 1025 1154 corpore
1070 1103 1234 1157 quam
1285 1088 1466 1143 animo
1513 1088 1691 1158 parati
1742 1102 1861 1141 csse

276 1177 561 1242 debemus,
589 1182 649 1230 ut
675 1188 797 1229 eum
825 1175 1129 1246 pulsantem
1161 1178 1302 1233 intra
1332 1179 1529 1234 mentis
1550 1185 1702 1248 septa
1728 1179 1863 1232 rcci-

273 1270 742 1339 piamuszeaque
774 1283 873 1323 cor
930 1277 1174 1324 nostrum
1228 1270 1464 1340 Spiritus
1514 1271 1689 1325 sancti
1738 1271 1861 1341 igne

277 1374 569 1415 accensmn
599 1373 811 1428 semper
843 1359 1066 1428 cogitet,
1091 1376 1211 1430 quae
1239 1360 1514 1416 Creatoris
1555 1360 1863 1415 miscricor-

275 1451 423 1505 diam
446 1450 511 1505 ad
533 1459 773 1505 nostram
800 1465 1011 1508 cumam
1033 1453 1356 1517 venientem,
1383 1464 1590 1524 nasque
1612 1453 1678 1507 ad
1705 1468 1862 1507 suam

275 1542 633 1597 deducentem
677 1550 1006 1611 provocent:
1035 1542 1087 1596 in
1133 1558 1241 1612 qua
1296 1544 1420 1613 quis
1460 1558 1585 1597 cum
1628 1542 1857 1601 venerit.

275 1633 637 1689 inebriabitur
679 1634 747 1687 ab
790 1634 1037 1688 ubertate
1090 1633 1281 1690 domus
1329 1634 1465 1705 ejus,
1513 1641 1569 1689 et
1620 1640 1861 1689 torrente

1964 456 2131 509 tentio
2159 455 2415 524 pietatem
2459 457 2742 512 clementis
2783 456 2986 512 .lualicis
3031 458 3251 512 excitat.
3295 457 3546 515 Orandus

1960 561 2090 615 ergo
2112 561 2327 615 semper
2352 556 2453 609 est,
2485 556 2545 601 ut
2573 547 2837 617 largiatur
2854 547 3291 618 delinquentibus
3311 550 3546 614 veniam,

1960 638 2053 707 qui
2085 637 2361 708 languenti
2410 637 2610 692 mundo
2651 654 2749 708 per
2793 638 2974 694 crucis
3009 639 3313 708 passionem
3354 640 3550 696 infudit

1960 728 2283 784 medicinam
2327 727 2472 783 salus
2498 727 2679 783 mundi
2720 738 2924 783 aeterna
2967 726 3125 783 Jesus
3158 728 3429 794 Christus,
3454 730 3547 798 qui

1961 837 2082 879 cum
2113 820 2278 876 Patre
2295 828 2351 875 et
2376 818 2583 890 Spiritu
2612 827 2802 876 sancto
2827 819 2956 875 vivit
2980 830 3035 875 ct
3059 829 3249 892 regnat
3272 821 3325 875 in
3350 822 3546 877 szccula

1960 915 2302 971 saeculorum.
2332 912 2525 967 Amen.

2072 1006 2100 1078 ς
2133 1004 2222 1060 Vl.
2241 1004 2409 1058 —-Ex
2437 1003 2657 1058 Recens
2690 1018 2878 1058 SANCTI
2909 1002 3155 1059 stsmvr
3194 1004 3333 1076 (cap.
3360 1005 3437 1078 6).

2036 1108 2059 1136 ο
2103 1096 2337 1150 Tantum
2386 1102 2568 1149 autem
2614 1094 2681 1147 ab
2724 1094 2978 1148 omnibus
3030 1095 3123 1162 qui
3167 1096 3233 1149 ad
3281 1097 3547 1151 orandum

1961 1188 2288 1243 conveniunt
2328 1184 2602 1241 silentium
2632 1184 2861 1253 praeberi
2905 1183 3095 1246 debet,
3122 1192 3181 1237 ut
3213 1184 3264 1238 in
3295 1199 3360 1238 ea
3408 1187 3541 1241 hora

1960 1276 2246 1346 praecipue,
2277 1273 2490 1343 quando
2536 1272 2774 1327 curvatis
2818 1272 3044 1341 genibus
3089 1272 3148 1326 lit
3190 1274 3399 1337 oratio,
3433 1290 3539 1327 non

1962 1372 2199 1435 sputum,
2228 1371 2320 1417 aut
2344 1363 2618 1418 cxcreatio
2648 1362 2950 1431 obstrepat,
2981 1377 3088 1417 non
3116 1362 3282 1417 tussis
3312 1363 3547 1428 insonet,

1962 1472 2071 1512 non
2096 1455 2344 1509 oscitatio
2375 1454 2713 1509 somnulenta
2735 1452 2761 1492 ιι
2789 1453 3013 1509 dissutis
3042 1461 3097 1508 et
3137 1455 3340 1524 apertis
3368 1457 3552 1510 traha-

1962 1556 2052 1602 tur
2098 1547 2354 1612 maxillis,
2379 1546 2524 1601 nulla
2567 1547 2823 1616 suspiria,
2858 1561 2978 1615 quas
3017 1546 3181 1600 alium
3232 1548 3548 1616 impediant,

1964 1639 2303 1703 emittantur,
2331 1636 2475 1692 nulla
2504 1652 2607 1691 vox
2632 1638 2836 1706 absque
2864 1635 3186 1701 sacerdotis,
3212 1637 3302 1706 qui
3335 1652 3549 1707 precem

274 1726 572 1797 voluptatis
601 1723 716 1794 ejus
742 1725 1037 1795 potabitur,
1071 1726 1197 1795 quia
1236 1726 1375 1795 apud
1406 1726 1582 1795 ipsum
1616 1734 1698 1780 est
1740 1724 1861 1780 fons
1891 1706 1938 1765 Β
1967 1729 2258 1793 concludit,
2288 1728 2541 1783 audiatur
2567 1746 2579 1781 :
2606 1727 2710 1781 nisi
2743 1742 2865 1796 quae
2906 1742 3004 1796 per
3032 1742 3317 1782 excessum
3336 1706 3550 1782 mentis

272 1821 434 1886 vitaz;
467 1828 521 1874 et
565 1818 618 1872 in
664 1818 867 1873 lumine
901 1816 1019 1886 ejus
1064 1818 1248 1873 lumen
1284 1817 1574 1881 videbitur,
1604 1818 1693 1888 qui
1723 1832 1863 1886 prte-

275 1910 454 1965 tendit
478 1909 901 1965 misericordiam
928 1924 1078 1963 suam
1104 1907 1398 1963 scientibus
1418 1923 1495 1974 se,
1522 1916 1575 1961 et
1594 1907 1861 1977 justitiam

273 2016 435 2057 suam
465 2000 548 2055 his
574 1999 665 2069 qui
699 2007 849 2053 recto
877 2006 1003 2052 sunt
1028 1999 1209 2053 corde.
1249 1999 1324 2051 Ea
1347 2013 1478 2069 ergo
1512 2010 1729 2067 semper
1758 1997 1860 2050 lin-

270 2105 382 2161 gua
436 2088 674 2160 proferat
719 2103 839 2159 qua:
892 2087 1170 2143 Conditori
1212 2088 1482 2157 placeant,
1521 2086 1678 2157 juxta
1730 2086 1861 2140 illud

272 2179 684 2251 Psalmographi
735 2180 1104 2250 praeconium:
1134 2177 1333 2234 Servite
1381 2178 1629 2243 Domino,
1663 2175 1858 2247 inquit,

272 2274 335 2327 in
358 2273 566 2337 timore,
588 2281 637 2325 et
663 2269 919 2325 exsultale
939 2271 985 2324 ei
1009 2286 1129 2323 cum
1158 2280 1381 2323 tremore
1404 2268 1574 2337 (Psal.
1604 2269 1683 2339 ιι).
1711 2268 1864 2322 Tune

270 2380 411 2440 ergo
438 2365 680 2422 Creatori
712 2365 950 2419 timendo
989 2363 1244 2426 servitur,
1277 2364 1321 2418 si
1351 2378 1488 2431 opus
1510 2363 1712 2417 bonum
1743 2360 1861 2415 voci

272 2459 458 2514 laudis
478 2456 743 2529 jungitur,
770 2456 912 2511 sicut
946 2455 1074 2510 alibi
1112 2471 1209 2525 per
1245 2455 1588 2509 Psalmistam
1620 2453 1857 2507 dicitur:

275 2548 505 2604 Psallite
551 2546 813 2618 sapienter
855 2544 1027 2617 (Psal.
1078 2544 1244 2615 xum).
1272 2546 1300 2584 ι)
1331 2544 1620 2614 Sapienter
1660 2544 1862 2598 etenim

272 2640 480 2712 psallit,
511 2638 604 2708 qui
630 2637 747 2692 voci
772 2636 1010 2690 laudanti
1059 2636 1236 2691 noxiis
1278 2634 1535 2705 operibus
1582 2648 1689 2687 non
1730 2647 1863 2687 con-

274 2732 529 2795 tradicit;
559 2737 614 2785 et
639 2728 874 2799 qualiter
898 2735 1145 2799 oporteat
1178 2727 1376 2783 divin
1403 2726 1659 2796 potentiae
1695 2725 1866 2778 famu-

274 2824 404 2888 lari,
433 2820 661 2877 sollicita
707 2835 838 2881 cura
878 2819 1138 2890 omnique
1164 2818 1345 2874 studio
1374 2817 1739 2888 prosequitur.
1773 2815 1866 2870 Sic

252 2931 410 2988 ergo
437 2929 592 2969 mens
636 2921 820 2968 nostra
871 2913 1079 2967 intenta
1122 2912 1190 2966 ad
1234 2911 1570 2981 psallendum
1624 2909 1861 2973 incedat,

274 3008 514 3078 qualiter
533 3006 678 3061 nullo
696 3005 989 3075 praepedita
1010 3004 1263 3060 salutaris
1286 3003 1537 3059 desiderii
1559 3001 1858 3065 obstaculo,

272 3101 428 3157 nullo
472 3099 727 3169 temporis
772 3098 979 3154 fuscata
1014 3098 1170 3162 vitio,
1200 3096 1292 3152 sed
1319 3110 1535 3167 semper
1560 3096 1767 3150 intenta
1809 3094 1863 3148 in

276 3192 614 3257 cmlestibus,
653 3190 956 3246 humilitate
981 3197 1039 3244 et
1065 3189 1301 3258 puritate
1348 3186 1862 3258 promptissimaqne

275 3284 568 3340 devotione
595 3290 784 3339 ornata
812 3282 881 3337 ad
907 3289 1111 3337 attenta
1153 3280 1377 3350 pmmia
1418 3279 1704 3348 pervenire
1738 3293 1868 3333 cou-

277 3375 488 3433 tendat.
520 3374 610 3430 Sic
637 3374 818 3430 cordis
858 3374 1277 3443 compunctione
1304 3372 1515 3442 flagret,
1546 3372 1781 3442 qualiter
1813 3371 1865 3424 in

277 3484 338 3523 se
366 3466 644 3522 Creatoris
668 3465 1099 3520 miscricordiam
1127 3464 1349 3519 excitet.
1398 3462 1512 3517 Nec
1540 3478 1599 3516 se
1643 3462 1697 3515 in
1730 3460 1871 3514 mul-

279 3560 512 3630 tiloqnio
534 3559 837 3630 quisquam,
871 3558 965 3613 sed
990 3558 1168 3627 potius
1213 3558 1265 3610 in
1311 3557 1547 3627 puritate
1591 3554 1772 3610 cordis
1810 3562 1869 3608 ct

279 3651 645 3720 lacrymarum
696 3650 947 3704 ubertate
993 3648 1239 3703 exaudiri
1292 3648 1498 3701 credat.
1558 3645 1673 3699 Non
1726 3644 1872 3700 enim

354 3796 382 3825 ει
424 3781 666 3837 Hominis
692 3790 789 3845 est,
814 3789 917 3836 etc.
950 3781 1111 3835 Prov.
1142 3796 1251 3842 xvx,
1290 3779 1381 3833 ubi
1413 3778 1466 3832 in
1505 3777 1722 3848 vulgata
1753 3794 1874 3831 ver-

280 3859 438 3910 sione
479 3853 558 3907 sic
584 3853 816 3908 habetur
842 3871 855 3905 :
883 3851 1127 3905 Hominis
1171 3860 1246 3904 est
1274 3850 1508 3902 animam
1547 3864 1870 3918 prtrparare,

281 3956 331 3999 et
365 3941 580 4012 Domini
610 3944 903 4012 gubernare
930 3940 1185 4010 linguam.
1224 3939 1284 4012 _ln
1317 3937 1545 4012 llebrteo
1574 3947 1655 3991 est
1694 3921 1875 4012 _n"),_itl

281 4023 370 4070 est
397 4028 512 4068 cor.
547 4008 654 4066 Sed
691 4012 969 4080 conspirat
1000 4008 1367 4081 cumrvulgata
1396 4008 1750 4081 versionerlu
1779 4008 1876 4061 Se—

280 4083 566 4207 ptua%inta
600 4081 1051 4151 interpretatione
1085 4080 1174 4135 hic
1202 4079 1352 4134 locus
1382 4094 1486 4132 non
1514 4079 1800 4146 reperitur.

355 4154 386 4194 ιι
469 4152 703 4207 anienter
725 4161 900 4205 autem
924 4152 1140 4207 quisque
1161 4149 1359 4207 psallit,
1390 4158 1495 4203 etc.
1548 4150 1692 4202 Idem
1719 4149 1800 4203 dor

355 4154 403 4223 δέ
423 4149 703 4223 Sapienter
725 4149 900 4205 autem
924 4152 1140 4222 quisque
1161 4149 1359 4223 psallit,
1390 4158 1495 4223 etc.
1548 4150 1692 4223 Idem
1719 4149 1877 4223 (locet

283 4224 349 4280 S.
379 4218 616 4346 Prosxer
664 4218 1024 4292 Aquitanieus
1055 4218 1349 4275 sententia
1409 4219 1513 4273 72:
1546 4239 1564 4270 ι
1610 4219 1774 4274 Recte
1823 4218 1876 4270 in

284 4295 383 4346 Dei
416 4293 502 4346 lau
542 4304 628 4346 em
668 4292 885 4346 nsallit.
929 4290 1084 4346 cuius
1116 4306 1279 4346 onera
1327 4304 1450 4344 cum
1491 4305 1624 4345 voce
1654 4304 1876 4343 concor—

284 4295 383 4350 Dei
416 4290 628 4347 laudem
668 4290 885 4362 psallit,
929 4290 1084 4359 cujus
1116 4306 1279 4361 opera
1327 4304 1450 4344 cum
1490 4305 1624 4362 voce
1654 4304 1878 4362 concor—

285 4368 439 4423 dant.
470 4362 600 4416 Nam
649 4360 800 4417 linito
831 4363 1070 4417 carmine
1100 4360 1203 4415 vox
1242 4370 1383 4415 tacet
1411 4378 1423 4413 :
1450 4361 1560 4414 vita
1603 4368 1782 4414 autem
1812 4360 1866 4413 in

282 4436 447 4493 bonis
477 4435 685 4488 actibus
723 4448 1048 4504 permanens
1092 4446 1365 4499 nunquam
1392 4431 1586 4485 reticet
1612 4432 1729 4501 ejus
1754 4430 1867 4499 glo—

284 4508 429 4563 riam
432 4520 615 4629 Ignem
642 4505 696 4558 in
725 4519 783 4559 se
810 4504 1007 4573 gaudet
1029 4503 1260 4571 operari.
1297 4520 1314 4553 ι

361 4587 385 4616 ο
475 4583 655 4629 antum
703 4584 897 4629 autem.
926 4581 1031 4627 etc.
1084 4572 1209 4626 Haec
1238 4587 1314 4626 sul

361 4587 385 4616 ο
432 4569 655 4629 Tantum
703 4569 897 4636 autem,
926 4581 1031 4627 etc.
1066 4569 1209 4626 llaec
1238 4578 1451 4640 sumpta
1479 4577 1697 4624 suntex
1740 4569 1869 4624 Cas-

283 4648 466 4709 siano,
488 4645 584 4698 lib.
614 4661 650 4699 ιι
678 4645 743 4700 de
764 4652 1012 4700 nocturn.
1042 4642 1217 4706 Orat.,
1247 4656 1366 4710 cap.
1402 4640 1487 4693 10.

358 4717 386 4758 d
428 4708 658 4770 Dissutis
681 4713 933 4769 maxillis.
956 4714 1110 4784 Apud
1136 4708 1474 4776 Cassianum,
1498 4708 1673 4765 malis.
1713 4709 1871 4764 Sum-

284 4797 442 4859 ptum
470 4801 501 4840 a
524 4784 735 4850 Persio,
758 4794 860 4839 sat.
889 4784 915 4836 '2
946 4800 960 4835 :

446 4916 461 4928 .
499 4916 510 4927 .
548 4916 560 4928 .
601 4914 614 4926 .
651 4916 664 4928 .
704 4916 717 4928 .
742 4877 1171 4939 laxumquecaput
1196 4885 1429 4939 compage
1453 4872 1608 4939 soluta

446 4940 631 4991 Oscitat
664 4937 973 5000 hesternum,
996 4938 1192 4986 dissutis
1226 4937 1439 4996 undique
1464 4937 1620 4983 malis.

288 5046 525 5103 Dissuta:
542 5042 774 5098 maxillae
795 5051 920 5098 sunt
948 5050 1166 5112 aper-tte,
1191 5049 1247 5092 ut
1269 5039 1381 5112 ipse
1405 5038 1638 5106 explicat
1667 5036 1874 5112 Cassia-

289 5133 417 5243 ἶιιιε,
446 5131 513 5171 ex
535 5114 651 5184 ipsa
679 5108 999 5169 oscitatione
1027 5113 1255 5174 hiantes,
1284 5110 1511 5163 dilucuc
1533 5116 1585 5162 et
1614 5108 1873 5178 pandicu-

310 5197 437 5242 auc.

310 5197 437 5242 11W.

369 5268 393 5295 ο
432 5254 564 5310 Cum
606 5254 834 5310 clamore
881 5261 1016 5307 orat.
1063 5252 1309 5308 Clamosa
1340 5250 1513 5304 oratio
1543 5247 1610 5301 ab
1638 5247 1874 5316 antiquis

291 5327 548 5382 Patribus
591 5324 942 5394 improbatur.
978 5322 1123 5378 Scite
1153 5322 1443 5394 admodum
1487 5317 1870 5394 T_e_rtulliauus,

289 5397 389 5452 lib.
422 5398 487 5450 de
514 5387 770 5450 Oratione
795 5413 807 5448 :
839 5413 857 5443 ι
889 5394 1063 5448 Senos
1086 5393 1249 5445 etiam
1278 5390 1421 5443 vocis
1461 5387 1727 5455 subjectos
1755 5402 1876 5442 esse

290 5475 529 5537 oportet.
566 5466 674 5520 Aut
718 5464 935 5534 quantis
980 5462 1192 5518 arteriis
1237 5476 1371 5537 opus
1401 5468 1505 5537 est,
1539 5460 1583 5512 si
1613 5473 1710 5537 pro
1742 5473 1875 5537 sono

293 5529 598 5593 audiamur.
652 5529 794 5591 Deus
829 5544 1011 5588 autem
1056 5549 1162 5587 non
1196 5532 1364 5593 vocis,
1396 5531 1487 5585 sed
1520 5529 1698 5583 cordis
1723 5529 1875 5583 audi-

293 5620 381 5663 tor
408 5616 513 5673 est.
546 5607 686 5663 sicut
709 5616 1045 5673 conSpector.
1086 5603 1417 5673 Dmnonium
1441 5598 1646 5652 oraculi
1676 5597 1873 5668 Pythii,

290 5686 349 5735 et
378 5672 605 5742 mutum,
639 5671 1120 5746 ὶιιίιιιὶιίίιιιειιὶςο,
1149 5682 1202 5727 et
1237 5689 1341 5726 non
1376 5671 1680 5740 loquentem
1710 5684 1875 5723 exau-

1964 1821 2285 1877 intolerabili
2334 1819 2542 1874 fervore
2588 1819 3021 1888 compunctionis
3088 1819 3415 1873 immittitur.
3476 1818 3536 1873 Si

1964 1913 2084 1982 quis
2113 1920 2294 1966 autem
2342 1911 2394 1965 in
2424 1918 2613 1979 tepore
2652 1909 2853 1963 mentis
2883 1908 3211 1963 constitutus
3241 1921 3263 1948 θ
3294 1925 3415 1965 eum
3438 1910 3548 1966 cla-

1961 2019 2115 2060 more
2139 2011 2281 2068 orat,
2314 2012 2407 2056 aut
2440 2002 2649 2070 aliquas
2678 2001 3051 2057 excreationes
3086 2009 3142 2055 et
3180 2011 3545 2072 sputameuta,

1962 2094 2047 2149 vel
2091 2094 2194 2147 alia
2223 2108 2343 2163 qua)
2386 2093 2641 2156 diximus,
2673 2108 2703 2144 a
2732 2090 3161 2160 praecipitatione
3196 2092 3214 2129 ί
3255 2089 3361 2163 [se]
3385 2108 3415 2147 e
3438 2093 3545 2146 fau-

1964 2184 2120 2239 cibus
2157 2183 2271 2237 suis
2317 2182 2534 2245 emittit,
2571 2188 2762 2250 peccat
2789 2180 3075 2250 dupliciter
3101 2198 3113 2233 :
3136 2180 3396 2250 primum,
3423 2182 3550 2251 quia

1962 2275 2229 2331 orationis
2253 2290 2363 2330 smn
2399 2289 2525 2328 rcus
2547 2282 2651 2339 est,
2683 2273 2824 2342 quod
2850 2287 2972 2327 eam
3002 2271 3336 2343 negligenter
3361 2271 3553 2327 offerat

1964 2366 2107 2432 Deo;
2137 2365 2455 2430 secundum,
2479 2363 2622 2434 quod
2644 2363 2888 2427 alterius,
2913 2364 3003 2432 qui
3034 2362 3259 2418 forsitan
3287 2363 3551 2417 intentius

1963 2472 2122 2512 orare
2166 2456 2360 2526 potuit,
2389 2453 2785 2525 indisciplinato
2823 2455 3051 2525 strepitu
3096 2452 3376 2525 obstrepat
3418 2469 3545 2510 sen-

1966 2564 2114 2603 sum.
2253 2596 2262 2606 .
2719 2611 2727 2618 ,

2271 2638 2298 2710 ς
2331 2637 2438 2694 Vll.
2467 2667 2537 2677 —
2563 2636 2698 2691 Item
2718 2636 2952 2706 ejusdem
2983 2635 3121 2706 (cap.
3155 2636 3229 2706 7).

2042 2734 2067 2773 ⁸
2104 2731 2336 2800 Ideoque
2363 2744 2492 2799 ergo
2541 2728 2750 2784 utiliter
2798 2727 2990 2782 Patres
3034 2728 3204 2782 nostri
3229 2727 3401 2797 ipsam
3426 2743 3549 2782 ora-

1964 2825 2165 2880 tionem
2195 2822 2355 2878 celeri
2385 2821 2491 2876 tine
2518 2819 2765 2875 mttcludi
2788 2817 3090 2887 jusserunt,
3142 2835 3208 2872 ne
3251 2818 3392 2874 forte
3448 2820 3549 2874 im-

1965 2917 2300 2972 morantihus
2327 2907 2486 2969 nobis
2511 2912 2567 2967 in
2596 2927 2678 2975 ea,
2710 2911 2928 2980 quidam
2972 2909 3138 2965 tussis
3165 2909 3250 2964 vel
3278 2908 3553 2980 phlcgma-

1968 3009 2038 3064 tis
2059 3006 2395 3075 aliarumque
2430 3018 2615 3057 rerum
2638 3001 3000 3068 interrumpat
3023 3000 3314 3069 strepitus;
3347 3010 3404 3053 et
3423 3000 3549 3053 dum

1967 3099 2147 3153 adhuc
2177 3096 2350 3150 fervet
2381 3094 2556 3149 oratio
2584 3092 2734 3148 velut
2759 3107 2824 3147 ex
2852 3090 3098 3146 faucibus
3133 3090 3329 3145 diaboli
3362 3090 3554 3144 veloci-

1969 3197 2051 3244 ter
2102 3189 2364 3257 rapiatur.
2416 3185 2516 3253 Qui
2561 3200 2685 3240 eum
2721 3184 2887 3257 nobis
2926 3197 3139 3252 semper
3188 3183 3261 3237 sit
3302 3180 3553 3242 infestus,

1968 3282 2097 3328 tunc
2114 3255 2277 3343 quam
2307 3272 2541 3327 maxime
2564 3271 2774 3325 assistit
2804 3255 3073 3332 infestior,
3096 3284 3216 3322 cum
3242 3283 3343 3322 nos
3365 3276 3553 3321 eontra

1970 3380 2028 3420 se
2071 3363 2266 3418 offerre
2293 3377 2480 3433 preces
2506 3362 2732 3415 Domino
2757 3359 2975 3424 viderit,
3029 3358 3287 3413 festinans
3317 3367 3552 3411 mentem

1970 3464 2211 3510 nostram
2248 3454 2316 3508 ab
2342 3453 2638 3507 intentione
2681 3450 2944 3505 orationis
2982 3456 3077 3501 aut
3112 3448 3553 3519 cogitationibus,

1971 3555 2065 3603 aut
2112 3547 2361 3603 excitatis
2406 3543 2721 3599 humoribus
2758 3556 3032 3597 revocare.
3076 3540 3367 3609 Propterea
3426 3556 3554 3609 ergo

1970 3640 1998 3680 Β
2023 3640 2213 3694 breves
2240 3636 2454 3705 quidem
2480 3635 2777 3697 orationes,
2827 3632 2920 3687 sed
2949 3630 3258 3701 frequentes
3298 3631 3413 3686 fieri
3452 3630 3553 3685 Pa-

1973 3772 2079 3828 dio.
2130 3768 2224 3823 Dei
2269 3782 2427 3821 aures
2471 3781 2664 3821 sonum
2712 3763 3061 3834 exspectant?
3108 3762 3377 3834 quomodo
3422 3777 3554 3831 ergo

1972 3840 2146 3897 oratio
2175 3838 2324 3895 Jonas
2353 3836 2420 3892 dc
2446 3843 2633 3890 ventre
2665 3835 2769 3890 ceti
2802 3832 2896 3905 per
2922 3841 3083 3905 tautae
3106 3832 3291 3905 bestiae
3318 3833 3547 3905 viscera,

1974 3913 2042 3967 ab
2071 3909 2201 3980 ipsis
2233 3908 2441 3978 abyssis
2475 3902 2831 3980 per_tan_tam
2862 3904 3097 3980 aequoris
3123 3902 3322 3980 molem
3348 3904 3553 3980 adnota-

1975 3970 2107 4036 lutn'
2132 3970 2319 4049 potuit'
2353 3970 2615 4049 evadere;l
2646 3996 2664 4027 ι
2700 3974 2756 4028 S.
2786 3970 3120 4049 Cyprianus,
3153 3973 3243 4049 lib.
3291 3973 3378 4049 de_
3399 3970 3548 4049 Orat.

1979 4040 2252 4107 Dominica
2281 4067 2292 4102 :
2326 4067 2343 4098 ι
2372 4047 2695 4102 Plaeendum
2733 4040 3047 4099 est'divini‘s
3088 4042 3257 4098 oculis
3282 4054 3335 4096 et
3365 4040 3551 4096 habitu

1975 4121 2218 4191 corporis
2245 4128 2299 4174 et
2328 4120 2489 4174 modo
2521 4116 2689 4191 vocis.
2734 4114 2873 4191 Nam
2904 4122 2962 4168 ut
2992 4113 3318 4191 impudentis
3341 4121 3422 4191 est
3442 4112 3553 4191 cla-

1978 4182 2219 4248 moribus
2257 4200 2519 4259 strepere,
2544 4187 2625 4259 ita
2655 4185 2903 4259 congruit
2950 4183 3252 4259 verecundo
3293 4182 3553 4259 modestis

1977 4263 2228 4334 precibus
2274 4252 2499 4334 orare.__i
2541 4257 2608 4312 Et
2656 4252 2825 4334 paulo.
2865 4264 3023 4326 post:
3055 4272 3072 4305 ι
3110 4255 3175 4308 Et
3201 4255 3433 4334 quando
3465 4252 3551 4334 .in

1979 4323 2143 4389 unum
2172 4347 2295 4387 cum
2321 4329 2579 4384 fratribus
2604 4323 2972 4391 convenimus,
2996 4334 3051 4380 et
3075 4324 3337 4379 sacrificia
3371 4323 3553 4377 divina

1896 4397 1945 4457 D
1971 4420 2093 4459 cum
2124 4403 2222 4457 Dei
2251 4400 2529 4457 sacerdote
2559 4399 2913 4461 celebramus,
2939 4394 3275 4450 verecundiae
3304 4402 3357 4447 et
3391 4393 3553 4447 disci-

1970 4475 2131 4544 plinae
2153 4486 2422 4528 memores
2443 4483 2563 4525 esse
2589 4469 2874 4544 debemus;
2900 4481 3006 4520 non
3046 4464 3248 4544 passim
3291 4464 3551 4544 ventilare

1970 4532 2159 4614 preces
2190 4552 2403 4598 nostras
2423 4558 2436 4607 ;
2458 4556 2569 4614 _nec
2597 4539 2911 4614 petitionem
2943 4532 3554 4614 commendandaman-

1971 4602 2123 4669 deste
2144 4615 2279 4678 Deo,
2302 4602 2628 4667 tumultuosa
2650 4608 2978 4678 loquacitate
2991 4602 3378 4678 ja_c_tare._Quia
3411 4603 3551 4678 Usus

1972 4702 2077 4739 non
2103 4672 2275 4747 vocis,
2302 4683 2395 4737 sed
2421 4682 2601 4736 cordis
2642 4672 2855 4734 auditor
2898 4672 3005 4731 est.
3038 4675 3148 4729 Nec
3181 4672 3552 4747 admonendus

1971 4764 2053 4810 est
2077 4742 2423 4814 clamoribus,
2443 4752 2533 4821 qui
2564 4749 2914 4820 cogitationes
2942 4747 3221 4821 hominum
3249 4744 3410 4797 videt.
3438 4762 3454 4794 ι
3486 4742 3554 4821 Et

1972 4824 2031 4881 S.
2081 4824 2350 4879 Caesarius
2396 4813 2748 4881 Arelatensis,
2791 4834 2955 4873 serm.
3003 4817 3156 4870 12:4
3191 4814 3331 4867 Ante
3368 4813 3550 4868 omnia

1974 4896 2157 4965 igitur,
2192 4893 2386 4965 fratres
2431 4889 2762 4965 charissimi,
2786 4888 3006 4965 quoties.
3026 4884 3257 4941 orationi
3287 4882 3550 4964 incumbi-

1973 4953 2112 5029 mus,
2140 4953 2262 5018 cum
2296 4961 2509 5017 silentio
2544 4970 2599 5013 et
2631 4953 2819 5028 quiete
2840 4957 3039 5029 mentis
3064 4964 3119 5009 et
3143 4953 3385 5029 corporis
3426 4967 3550 5021 sup-

1973 5023 2177 5105 plicare
2223 5033 2499 5105 debemus.
2548 5023 2862 5096 Quicunque
2884 5027 3077 5105 _volunt
3103 5023 3378 5105 cumalnta
3421 5037 3551 5077 voce

1973 5092 2153 5170 brare,
2182 5103 2434 5158 omnibus
2450 5092 2605 5171 juxta
2644 5114 2700 5153 se
2734 5092 3003 5151 stantibus
3027 5094 3290 5150 orationis
3314 5092 3548 5147 fructum

1974 5176 2225 5230 videntur
2254 5172 2484 5228 auferre.
2519 5190 2537 5220 ι

2052 5245 2071 5284 ί
2112 5244 2182 5300 Se
2212 5261 2240 5298 e
2262 5242 2521 5313 faucibus.
2562 5240 2632 5294 Τὸ
2662 5235 3022 5313 seretlundat;

2052 5317 2076 5356 Β
2131 5303 2357 5383 Ideoque
2382 5319 2656 5383 ergo,__etc.
2689 5307 2814 5361 llaec
2832 5306 2971 5374 apud
2992 5303 3309 5360 Cassianum
3332 5310 3552 5357 exstant

1976 5385 2166 5440 eodem
2200 5380 2376 5452 capite
2410 5381 2493 5452 ιο,
2524 5380 2618 5433 lib.
2646 5395 2715 5452 n,_
2735 5389 2822 5432 etc

2049 5457 2076 5496 ιι
2115 5442 2302 5508 Breves
2343 5442 2551 5522 quidem
2580 5450 2863 5522 orationes.
2895 5446 3310 5522 llem_test_att_tr
3336 5442 3403 5522 de
3421 5457 3549 5522 lno-

1978 5525 2167 5605 nachis
2200 5512 2472 5605 Aggypti‘is
2603 5520 2955 5605 ἐξιιεςιιειίιιιιξιζ
2982 5514 3141 5605 epist.
3163 5513 3292 5605 121,
3329 5515 3394 5567 ad
3421 5512 3551 5605 Pro~

1977 5599 2100 5652 bam
2135 5611 2148 5648 :
2186 5613 2204 5645 ι
2239 5584 2502 5647 Dicuntur
2532 5584 2727 5654 fratres
2785 5592 2837 5641 in
2892 5585 3124 5657 Egypto
3155 5584 3375 5657 crebras
3425 5584 3551 5657 qui-

1981 5669 2102 5723 dem
2132 5666 2331 5721 habere
2369 5662 2667 5723 orationes,
2720 5660 2816 5713 sed
2852 5654 3009 5723 cas,"
3038 5665 3243 5710 tantum
3289 5654 3552 5711 brevissi-
