  <div class='ocr_page' id='page_1' title='image "/cluster/home/n/w/nwhite01/storage/ocr_20150623/103/hvd.32044054759691/470.png"; bbox 0 0 3940 6196; ppageno 0'>
   <div class='ocr_carea' id='block_1_1' title="bbox 306 241 415 301">
    <p class='ocr_par' dir='ltr' id='par_1_1' title="bbox 306 241 415 301">
     <span class='ocr_line' id='line_1_1' title="bbox 306 241 415 301; baseline -0.037 0"><span class='ocrx_word' id='word_1_1' title='bbox 306 241 415 301; x_wconf 70' lang='grc'><strong>9⁸57</strong></span> 
     </span>
    </p>
   </div>
   <div class='ocr_carea' id='block_1_2' title="bbox 1230 254 3570 333">
    <p class='ocr_par' dir='ltr' id='par_1_2' title="bbox 1230 254 3570 333">
     <span class='ocr_line' id='line_1_2' title="bbox 1230 254 3570 333; baseline 0.011 -25"><span class='ocrx_word' id='word_1_2' title='bbox 1230 254 1625 313; x_wconf 70' lang='lat' dir='ltr'><strong>CONCORDIA</strong></span> <span class='ocrx_word' id='word_1_3' title='bbox 1668 258 2127 315; x_wconf 63' lang='lat' dir='ltr'><strong>RECLLARLM.</strong></span> <span class='ocrx_word' id='word_1_4' title='bbox 2170 292 2239 304; x_wconf 91' lang='lat'><strong>-</strong></span> <span class='ocrx_word' id='word_1_5' title='bbox 2277 265 2427 321; x_wconf 76' lang='lat' dir='ltr'><strong>CAP.</strong></span> <span class='ocrx_word' id='word_1_6' title='bbox 2471 267 2681 323; x_wconf 58' lang='lat' dir='ltr'><strong>XXVII.</strong></span> <span class='ocrx_word' id='word_1_7' title='bbox 3468 277 3570 333; x_wconf 72' lang='lat'><strong>958</strong></span> 
     </span>
    </p>
   </div>
   <div class='ocr_carea' id='block_1_3' title="bbox 3470 303 3532 333">
    <p class='ocr_par' dir='ltr' id='par_1_3' title="bbox 3470 303 3532 333">
     <span class='ocr_line' id='line_1_3' title="bbox 3470 303 3532 333; baseline 0.032 -3"><span class='ocrx_word' id='word_1_8' title='bbox 3470 303 3532 333; x_wconf 45' lang='lat' dir='ltr'><strong>Ut)</strong></span> 
     </span>
    </p>
   </div>
   <div class='ocr_carea' id='block_1_4' title="bbox 303 357 3576 455">
    <p class='ocr_par' dir='ltr' id='par_1_4' title="bbox 303 357 3576 455">
     <span class='ocr_line' id='line_1_4' title="bbox 303 357 3576 455; baseline 0.01 -44"><span class='ocrx_word' id='word_1_9' title='bbox 303 365 528 428; x_wconf 78' lang='lat' dir='ltr'><strong>propter</strong></span> <span class='ocrx_word' id='word_1_10' title='bbox 570 357 721 455; x_wconf 76' lang='lat' dir='ltr'><strong>pacis</strong></span> <span class='ocrx_word' id='word_1_11' title='bbox 767 358 1160 429; x_wconf 69' lang='lat' dir='ltr'><strong>eliaritatisque</strong></span> <span class='ocrx_word' id='word_1_12' title='bbox 1201 366 1507 420; x_wconf 74' lang='lat' dir='ltr'><strong>custodiam</strong></span> <span class='ocrx_word' id='word_1_13' title='bbox 1568 369 1620 421; x_wconf 89' lang='lat' dir='ltr'><strong>iu</strong></span> <span class='ocrx_word' id='word_1_14' title='bbox 1669 368 1882 423; x_wconf 91' lang='lat' dir='ltr'><strong>abbatis</strong></span> <span class='ocrx_word' id='word_1_15' title='bbox 1908 381 1960 437; x_wconf 76' lang='grc' dir='ltr'>Α</span> <span class='ocrx_word' id='word_1_16' title='bbox 1985 370 2096 426; x_wconf 88' lang='lat' dir='ltr'><strong>lam</strong></span> <span class='ocrx_word' id='word_1_17' title='bbox 2121 374 2460 430; x_wconf 71' lang='lat' dir='ltr'><strong>monasterii.</strong></span> <span class='ocrx_word' id='word_1_18' title='bbox 2493 376 2561 430; x_wconf 85' lang='lat' dir='ltr'><strong>Et</strong></span> <span class='ocrx_word' id='word_1_19' title='bbox 2591 377 2727 432; x_wconf 87' lang='lat' dir='ltr'><strong>tales</strong></span> <span class='ocrx_word' id='word_1_20' title='bbox 2755 378 3035 448; x_wconf 72' lang='lat' dir='ltr'><strong>praipositi</strong></span> <span class='ocrx_word' id='word_1_21' title='bbox 3065 379 3352 452; x_wconf 71' lang='lat' dir='ltr'><strong>eligentur,</strong></span> <span class='ocrx_word' id='word_1_22' title='bbox 3385 390 3576 455; x_wconf 46' lang='lat' dir='ltr'><strong>quatis</strong></span> 
     </span>
    </p>
   </div>
   <div class='ocr_carea' id='block_1_5' title="bbox 303 448 1885 523">
    <p class='ocr_par' dir='ltr' id='par_1_5' title="bbox 303 448 1885 523">
     <span class='ocr_line' id='line_1_5' title="bbox 303 448 1885 523; baseline 0.006 -21"><span class='ocrx_word' id='word_1_23' title='bbox 303 450 543 518; x_wconf 85' lang='lat' dir='ltr'><strong>pendere</strong></span> <span class='ocrx_word' id='word_1_24' title='bbox 593 448 821 504; x_wconf 89' lang='lat' dir='ltr'><strong>arbitrio</strong></span> <span class='ocrx_word' id='word_1_25' title='bbox 864 450 1260 507; x_wconf 89' lang='lat' dir='ltr'><strong>ordinationem</strong></span> <span class='ocrx_word' id='word_1_26' title='bbox 1302 458 1618 512; x_wconf 84' lang='lat' dir='ltr'><strong>monasterii</strong></span> <span class='ocrx_word' id='word_1_27' title='bbox 1641 458 1763 512; x_wconf 90' lang='lat' dir='ltr'><strong>sui:</strong></span> <span class='ocrx_word' id='word_1_28' title='bbox 1807 467 1885 523; x_wconf 90' lang='lat' dir='ltr'><strong>et,</strong></span> 
     </span>
    </p>
   </div>
   <div class='ocr_carea' id='block_1_6' title="bbox 303 539 1893 613">
    <p class='ocr_par' dir='ltr' id='par_1_6' title="bbox 303 539 1893 613">
     <span class='ocr_line' id='line_1_6' title="bbox 303 539 1893 613; baseline 0.004 -17"><span class='ocrx_word' id='word_1_29' title='bbox 303 539 355 596; x_wconf 81' lang='lat' dir='ltr'><strong>si</strong></span> <span class='ocrx_word' id='word_1_30' title='bbox 390 547 569 610; x_wconf 89' lang='lat' dir='ltr'><strong>potest</strong></span> <span class='ocrx_word' id='word_1_31' title='bbox 599 539 737 606; x_wconf 82' lang='lat' dir='ltr'><strong>fieri,</strong></span> <span class='ocrx_word' id='word_1_32' title='bbox 788 557 887 611; x_wconf 88' lang='lat' dir='ltr'><strong>per</strong></span> <span class='ocrx_word' id='word_1_33' title='bbox 926 541 1161 598; x_wconf 80' lang='lat' dir='ltr'><strong>decanos</strong></span> <span class='ocrx_word' id='word_1_34' title='bbox 1189 546 1490 613; x_wconf 87' lang='lat' dir='ltr'><strong>ordinetur,</strong></span> <span class='ocrx_word' id='word_1_35' title='bbox 1544 556 1603 601; x_wconf 88' lang='lat' dir='ltr'><strong>ut</strong></span> <span class='ocrx_word' id='word_1_36' title='bbox 1633 558 1759 603; x_wconf 90' lang='lat' dir='ltr'><strong>ante</strong></span> <span class='ocrx_word' id='word_1_37' title='bbox 1783 549 1893 603; x_wconf 89' lang='lat' dir='ltr'><strong>dis—</strong></span> 
     </span>
    </p>
   </div>
   <div class='ocr_carea' id='block_1_7' title="bbox 302 632 1894 710">
    <p class='ocr_par' dir='ltr' id='par_1_7' title="bbox 302 632 1894 710">
     <span class='ocr_line' id='line_1_7' title="bbox 302 632 1894 710; baseline 0.007 -25"><span class='ocrx_word' id='word_1_38' title='bbox 302 632 608 703; x_wconf 83' lang='lat' dir='ltr'><strong>posuimus,</strong></span> <span class='ocrx_word' id='word_1_39' title='bbox 662 634 841 688; x_wconf 91' lang='lat' dir='ltr'><strong>omnis</strong></span> <span class='ocrx_word' id='word_1_40' title='bbox 887 635 1092 691; x_wconf 90' lang='lat' dir='ltr'><strong>utilitas</strong></span> <span class='ocrx_word' id='word_1_41' title='bbox 1138 640 1478 704; x_wconf 79' lang='lat' dir='ltr'><strong>monasterii,</strong></span> <span class='ocrx_word' id='word_1_42' title='bbox 1517 648 1679 710; x_wconf 92' lang='lat' dir='ltr'><strong>prout</strong></span> <span class='ocrx_word' id='word_1_43' title='bbox 1724 642 1894 697; x_wconf 86' lang='lat' dir='ltr'><strong>abbas</strong></span> 
     </span>
    </p>
   </div>
   <div class='ocr_carea' id='block_1_8' title="bbox 303 722 1893 797">
    <p class='ocr_par' dir='ltr' id='par_1_8' title="bbox 303 722 1893 797">
     <span class='ocr_line' id='line_1_8' title="bbox 303 722 1893 797; baseline 0.003 -18"><span class='ocrx_word' id='word_1_44' title='bbox 303 722 634 794; x_wconf 81' lang='lat' dir='ltr'><strong>disposuerit</strong></span> <span class='ocrx_word' id='word_1_45' title='bbox 663 741 676 777; x_wconf 90' lang='lat'><strong>:</strong></span> <span class='ocrx_word' id='word_1_46' title='bbox 710 735 733 763; x_wconf 72' lang='grc' dir='ltr'><strong><em>ο</em></strong></span> <span class='ocrx_word' id='word_1_47' title='bbox 762 734 841 789; x_wconf 83' lang='grc' dir='ltr'>ιιι,</span> <span class='ocrx_word' id='word_1_48' title='bbox 879 724 1005 780; x_wconf 89' lang='lat' dir='ltr'><strong>dum</strong></span> <span class='ocrx_word' id='word_1_49' title='bbox 1051 724 1297 797; x_wconf 87' lang='lat' dir='ltr'><strong>pluribus</strong></span> <span class='ocrx_word' id='word_1_50' title='bbox 1328 730 1707 796; x_wconf 86' lang='lat' dir='ltr'><strong>committitur,</strong></span> <span class='ocrx_word' id='word_1_51' title='bbox 1752 746 1893 784; x_wconf 90' lang='lat' dir='ltr'><strong>unus</strong></span> 
     </span>
    </p>
   </div>
   <div class='ocr_carea' id='block_1_9' title="bbox 303 814 1890 890">
    <p class='ocr_par' dir='ltr' id='par_1_9' title="bbox 303 814 1890 890">
     <span class='ocr_line' id='line_1_9' title="bbox 303 814 1890 890; baseline 0.003 -21"><span class='ocrx_word' id='word_1_52' title='bbox 303 828 420 869; x_wconf 86' lang='lat' dir='ltr'><strong>non</strong></span> <span class='ocrx_word' id='word_1_53' title='bbox 460 814 758 885; x_wconf 85' lang='lat' dir='ltr'><strong>superbiat.</strong></span> <span class='ocrx_word' id='word_1_54' title='bbox 810 815 966 883; x_wconf 87' lang='lat' dir='ltr'><strong>Quod</strong></span> <span class='ocrx_word' id='word_1_55' title='bbox 996 817 1042 871; x_wconf 91' lang='lat' dir='ltr'><strong>si</strong></span> <span class='ocrx_word' id='word_1_56' title='bbox 1069 824 1162 872; x_wconf 92' lang='lat' dir='ltr'><strong>aut</strong></span> <span class='ocrx_word' id='word_1_57' title='bbox 1187 817 1340 875; x_wconf 91' lang='lat' dir='ltr'><strong>locus</strong></span> <span class='ocrx_word' id='word_1_58' title='bbox 1365 822 1590 890; x_wconf 82' lang='lat' dir='ltr'><strong>expetit,</strong></span> <span class='ocrx_word' id='word_1_59' title='bbox 1639 829 1735 875; x_wconf 89' lang='lat' dir='ltr'><strong>aut</strong></span> <span class='ocrx_word' id='word_1_60' title='bbox 1760 836 1890 876; x_wconf 90' lang='lat' dir='ltr'><strong>cou-</strong></span> 
     </span>
    </p>
   </div>
   <div class='ocr_carea' id='block_1_10' title="bbox 302 906 1895 978">
    <p class='ocr_par' dir='ltr' id='par_1_10' title="bbox 302 906 1895 978">
     <span class='ocr_line' id='line_1_10' title="bbox 302 906 1895 978; baseline 0.005 -19"><span class='ocrx_word' id='word_1_61' title='bbox 302 907 553 978; x_wconf 73' lang='lat' dir='ltr'><strong>gregatio</strong></span> <span class='ocrx_word' id='word_1_62' title='bbox 600 906 822 976; x_wconf 89' lang='lat' dir='ltr'><strong>petierit</strong></span> <span class='ocrx_word' id='word_1_63' title='bbox 870 908 1269 964; x_wconf 84' lang='lat' dir='ltr'><strong>rationabiliter</strong></span> <span class='ocrx_word' id='word_1_64' title='bbox 1320 926 1443 965; x_wconf 92' lang='lat' dir='ltr'><strong>cum</strong></span> <span class='ocrx_word' id='word_1_65' title='bbox 1480 911 1806 977; x_wconf 84' lang='lat' dir='ltr'><strong>humilitate,</strong></span> <span class='ocrx_word' id='word_1_66' title='bbox 1837 920 1895 968; x_wconf 90' lang='lat' dir='ltr'><strong>et</strong></span> 
     </span>
    </p>
   </div>
   <div class='ocr_carea' id='block_1_11' title="bbox 302 994 1895 1072">
    <p class='ocr_par' dir='ltr' id='par_1_11' title="bbox 302 994 1895 1072">
     <span class='ocr_line' id='line_1_11' title="bbox 302 994 1895 1072; baseline 0.006 -25"><span class='ocrx_word' id='word_1_67' title='bbox 302 995 478 1049; x_wconf 87' lang='lat' dir='ltr'><strong>abbas</strong></span> <span class='ocrx_word' id='word_1_68' title='bbox 508 994 841 1065; x_wconf 88' lang='lat' dir='ltr'><strong>judicaverit</strong></span> <span class='ocrx_word' id='word_1_69' title='bbox 894 998 1165 1066; x_wconf 78' lang='lat' dir='ltr'><strong>expedire,</strong></span> <span class='ocrx_word' id='word_1_70' title='bbox 1230 1014 1608 1071; x_wconf 83' lang='lat' dir='ltr'><strong>quemcunque</strong></span> <span class='ocrx_word' id='word_1_71' title='bbox 1668 1002 1895 1072; x_wconf 85' lang='lat' dir='ltr'><strong>elegerit</strong></span> 
     </span>
    </p>
   </div>
   <div class='ocr_carea' id='block_1_12' title="bbox 301 1086 1890 1159">
    <p class='ocr_par' dir='ltr' id='par_1_12' title="bbox 301 1086 1890 1159">
     <span class='ocr_line' id='line_1_12' title="bbox 301 1086 1890 1159; baseline 0.004 -19"><span class='ocrx_word' id='word_1_72' title='bbox 301 1088 476 1141; x_wconf 83' lang='lat' dir='ltr'><strong>abbas</strong></span> <span class='ocrx_word' id='word_1_73' title='bbox 526 1102 650 1141; x_wconf 87' lang='lat' dir='ltr'><strong>cum</strong></span> <span class='ocrx_word' id='word_1_74' title='bbox 711 1086 937 1142; x_wconf 86' lang='lat' dir='ltr'><strong>consilio</strong></span> <span class='ocrx_word' id='word_1_75' title='bbox 1002 1086 1238 1143; x_wconf 91' lang='lat' dir='ltr'><strong>fratrum</strong></span> <span class='ocrx_word' id='word_1_76' title='bbox 1295 1090 1605 1146; x_wconf 86' lang='lat' dir='ltr'><strong>timentium</strong></span> <span class='ocrx_word' id='word_1_77' title='bbox 1678 1093 1890 1159; x_wconf 87' lang='lat' dir='ltr'><strong>Deum,</strong></span> 
     </span>
    </p>
   </div>
   <div class='ocr_carea' id='block_1_13' title="bbox 303 1177 1893 1252">
    <p class='ocr_par' dir='ltr' id='par_1_13' title="bbox 303 1177 1893 1252">
     <span class='ocr_line' id='line_1_13' title="bbox 303 1177 1893 1252; baseline 0.003 -19"><span class='ocrx_word' id='word_1_78' title='bbox 303 1179 337 1219; x_wconf 65' lang='grc' dir='ltr'>δ</span> <span class='ocrx_word' id='word_1_79' title='bbox 362 1179 580 1233; x_wconf 81' lang='lat' dir='ltr'><strong>ordinet</strong></span> <span class='ocrx_word' id='word_1_80' title='bbox 611 1177 729 1248; x_wconf 86' lang='lat' dir='ltr'><strong>ipse</strong></span> <span class='ocrx_word' id='word_1_81' title='bbox 758 1178 859 1232; x_wconf 87' lang='lat' dir='ltr'><strong>sibi</strong></span> <span class='ocrx_word' id='word_1_82' title='bbox 885 1178 1250 1247; x_wconf 75' lang='lat' dir='ltr'><strong>pra-positum.</strong></span> <span class='ocrx_word' id='word_1_83' title='bbox 1292 1178 1393 1247; x_wconf 87' lang='lat' dir='ltr'><strong>Qui</strong></span> <span class='ocrx_word' id='word_1_84' title='bbox 1423 1189 1604 1237; x_wconf 87' lang='lat' dir='ltr'><strong>tamen</strong></span> <span class='ocrx_word' id='word_1_85' title='bbox 1638 1183 1893 1252; x_wconf 67' lang='lat' dir='ltr'><strong>praeposi-</strong></span> 
     </span>
    </p>
   </div>
   <div class='ocr_carea' id='block_1_14' title="bbox 305 1271 1891 1342">
    <p class='ocr_par' dir='ltr' id='par_1_14' title="bbox 305 1271 1891 1342">
     <span class='ocr_line' id='line_1_14' title="bbox 305 1271 1891 1342; baseline 0.002 -17"><span class='ocrx_word' id='word_1_86' title='bbox 305 1278 396 1325; x_wconf 89' lang='lat' dir='ltr'><strong>tus</strong></span> <span class='ocrx_word' id='word_1_87' title='bbox 442 1277 569 1342; x_wconf 85' lang='lat' dir='ltr'><strong>agat</strong></span> <span class='ocrx_word' id='word_1_88' title='bbox 589 1285 713 1325; x_wconf 91' lang='lat' dir='ltr'><strong>cum</strong></span> <span class='ocrx_word' id='word_1_89' title='bbox 765 1271 1070 1326; x_wconf 88' lang='lat' dir='ltr'><strong>reverentia</strong></span> <span class='ocrx_word' id='word_1_90' title='bbox 1092 1288 1214 1342; x_wconf 70' lang='lat' dir='ltr'><strong>qua:</strong></span> <span class='ocrx_word' id='word_1_91' title='bbox 1254 1273 1324 1328; x_wconf 90' lang='lat' dir='ltr'><strong>ab</strong></span> <span class='ocrx_word' id='word_1_92' title='bbox 1369 1274 1565 1329; x_wconf 84' lang='lat' dir='ltr'><strong>abbate</strong></span> <span class='ocrx_word' id='word_1_93' title='bbox 1597 1290 1696 1329; x_wconf 91' lang='lat' dir='ltr'><strong>suo</strong></span> <span class='ocrx_word' id='word_1_94' title='bbox 1728 1276 1777 1330; x_wconf 90' lang='lat' dir='ltr'><strong>ei</strong></span> <span class='ocrx_word' id='word_1_95' title='bbox 1804 1274 1891 1329; x_wconf 88' lang='lat' dir='ltr'><strong>in-</strong></span> 
     </span>
    </p>
   </div>
   <div class='ocr_carea' id='block_1_15' title="bbox 292 1361 1894 1431">
    <p class='ocr_par' dir='ltr' id='par_1_15' title="bbox 292 1361 1894 1431">
     <span class='ocr_line' id='line_1_15' title="bbox 292 1361 1894 1431; baseline 0.003 -16"><span class='ocrx_word' id='word_1_96' title='bbox 292 1361 492 1431; x_wconf 85' lang='lat' dir='ltr'><strong>juncta</strong></span> <span class='ocrx_word' id='word_1_97' title='bbox 523 1361 747 1426; x_wconf 86' lang='lat' dir='ltr'><strong>fuerint,</strong></span> <span class='ocrx_word' id='word_1_98' title='bbox 797 1361 930 1416; x_wconf 86' lang='lat' dir='ltr'><strong>nihil</strong></span> <span class='ocrx_word' id='word_1_99' title='bbox 967 1370 1160 1417; x_wconf 86' lang='lat' dir='ltr'><strong>contra</strong></span> <span class='ocrx_word' id='word_1_100' title='bbox 1205 1362 1420 1419; x_wconf 66' lang='lat' dir='ltr'><strong>abbatis</strong></span> <span class='ocrx_word' id='word_1_101' title='bbox 1465 1364 1793 1419; x_wconf 68' lang='lat' dir='ltr'><strong>voluntatem</strong></span> <span class='ocrx_word' id='word_1_102' title='bbox 1838 1374 1894 1420; x_wconf 94' lang='lat' dir='ltr'><strong>et</strong></span> 
     </span>
    </p>
   </div>
   <div class='ocr_carea' id='block_1_16' title="bbox 303 1449 1895 1525">
    <p class='ocr_par' dir='ltr' id='par_1_16' title="bbox 303 1449 1895 1525">
     <span class='ocr_line' id='line_1_16' title="bbox 303 1449 1895 1525; baseline 0.002 -17"><span class='ocrx_word' id='word_1_103' title='bbox 303 1451 712 1508; x_wconf 88' lang='lat' dir='ltr'><strong>ordinationem</strong></span> <span class='ocrx_word' id='word_1_104' title='bbox 757 1449 984 1508; x_wconf 82' lang='lat' dir='ltr'><strong>faciens.</strong></span> <span class='ocrx_word' id='word_1_105' title='bbox 1031 1452 1168 1521; x_wconf 87' lang='lat' dir='ltr'><strong>Quia</strong></span> <span class='ocrx_word' id='word_1_106' title='bbox 1214 1464 1475 1525; x_wconf 88' lang='lat' dir='ltr'><strong>quantum</strong></span> <span class='ocrx_word' id='word_1_107' title='bbox 1522 1455 1775 1525; x_wconf 68' lang='lat' dir='ltr'><strong>pmiatus</strong></span> <span class='ocrx_word' id='word_1_108' title='bbox 1808 1464 1895 1512; x_wconf 85' lang='lat' dir='ltr'><strong>est</strong></span> 
     </span>
    </p>
   </div>
   <div class='ocr_carea' id='block_1_17' title="bbox 298 1546 1890 1621">
    <p class='ocr_par' dir='ltr' id='par_1_17' title="bbox 298 1546 1890 1621">
     <span class='ocr_line' id='line_1_17' title="bbox 298 1546 1890 1621; baseline 0.003 -19"><span class='ocrx_word' id='word_1_109' title='bbox 298 1546 540 1610; x_wconf 80' lang='lat' dir='ltr'><strong>caeteris,</strong></span> <span class='ocrx_word' id='word_1_110' title='bbox 590 1546 665 1600; x_wconf 91' lang='lat' dir='ltr'><strong>ita</strong></span> <span class='ocrx_word' id='word_1_111' title='bbox 700 1561 825 1602; x_wconf 90' lang='lat' dir='ltr'><strong>eum</strong></span> <span class='ocrx_word' id='word_1_112' title='bbox 859 1555 1077 1617; x_wconf 87' lang='lat' dir='ltr'><strong>oportet</strong></span> <span class='ocrx_word' id='word_1_113' title='bbox 1114 1548 1401 1605; x_wconf 85' lang='lat' dir='ltr'><strong>sollicitius</strong></span> <span class='ocrx_word' id='word_1_114' title='bbox 1427 1550 1721 1606; x_wconf 87' lang='lat' dir='ltr'><strong>observare</strong></span> <span class='ocrx_word' id='word_1_115' title='bbox 1749 1566 1890 1621; x_wconf 60' lang='lat' dir='ltr'><strong>pra!-</strong></span> 
     </span>
    </p>
   </div>
   <div class='ocr_carea' id='block_1_18' title="bbox 304 1637 1893 1711">
    <p class='ocr_par' dir='ltr' id='par_1_18' title="bbox 304 1637 1893 1711">
     <span class='ocr_line' id='line_1_18' title="bbox 304 1637 1893 1711; baseline 0.001 -15"><span class='ocrx_word' id='word_1_116' title='bbox 304 1648 465 1710; x_wconf 87' lang='lat' dir='ltr'><strong>cepta</strong></span> <span class='ocrx_word' id='word_1_117' title='bbox 487 1637 709 1708; x_wconf 59' lang='lat' dir='ltr'><strong>regula.</strong></span> <span class='ocrx_word' id='word_1_118' title='bbox 739 1637 842 1705; x_wconf 88' lang='lat' dir='ltr'><strong>Qui</strong></span> <span class='ocrx_word' id='word_1_119' title='bbox 871 1639 1219 1709; x_wconf 71' lang='lat' dir='ltr'><strong>praepositus,</strong></span> <span class='ocrx_word' id='word_1_120' title='bbox 1241 1640 1289 1696; x_wconf 88' lang='lat' dir='ltr'><strong>si</strong></span> <span class='ocrx_word' id='word_1_121' title='bbox 1322 1649 1571 1711; x_wconf 89' lang='lat' dir='ltr'><strong>repertus</strong></span> <span class='ocrx_word' id='word_1_122' title='bbox 1599 1640 1767 1697; x_wconf 89' lang='lat' dir='ltr'><strong>fuerit</strong></span> <span class='ocrx_word' id='word_1_123' title='bbox 1815 1642 1893 1697; x_wconf 84' lang='lat' dir='ltr'><strong>vi-</strong></span> 
     </span>
    </p>
   </div>
   <div class='ocr_carea' id='block_1_19' title="bbox 1999 462 3576 537">
    <p class='ocr_par' dir='ltr' id='par_1_19' title="bbox 1999 462 3576 537">
     <span class='ocr_line' id='line_1_19' title="bbox 1999 462 3576 537; baseline 0.012 -23"><span class='ocrx_word' id='word_1_124' title='bbox 1999 468 2055 515; x_wconf 92' lang='lat' dir='ltr'><strong>et</strong></span> <span class='ocrx_word' id='word_1_125' title='bbox 2089 462 2191 534; x_wconf 90' lang='lat' dir='ltr'><strong>ipsi</strong></span> <span class='ocrx_word' id='word_1_126' title='bbox 2228 464 2457 521; x_wconf 85' lang='lat' dir='ltr'><strong>abbates</strong></span> <span class='ocrx_word' id='word_1_127' title='bbox 2491 466 2908 537; x_wconf 76' lang='lat' dir='ltr'><strong>dignoscantur,</strong></span> <span class='ocrx_word' id='word_1_128' title='bbox 2947 478 3008 524; x_wconf 91' lang='lat' dir='ltr'><strong>ut</strong></span> <span class='ocrx_word' id='word_1_129' title='bbox 3041 471 3292 529; x_wconf 86' lang='lat' dir='ltr'><strong>abbatqu</strong></span> <span class='ocrx_word' id='word_1_130' title='bbox 3321 493 3576 532; x_wconf 80' lang='lat' dir='ltr'><strong>curarum</strong></span> 
     </span>
    </p>
   </div>
   <div class='ocr_carea' id='block_1_20' title="bbox 1992 556 3579 622">
    <p class='ocr_par' dir='ltr' id='par_1_20' title="bbox 1992 556 3579 622">
     <span class='ocr_line' id='line_1_20' title="bbox 1992 556 3579 622; baseline 0.012 -19"><span class='ocrx_word' id='word_1_131' title='bbox 1992 565 2160 606; x_wconf 90' lang='lat' dir='ltr'><strong>onera</strong></span> <span class='ocrx_word' id='word_1_132' title='bbox 2196 568 2294 622; x_wconf 89' lang='lat' dir='ltr'><strong>per</strong></span> <span class='ocrx_word' id='word_1_133' title='bbox 2325 569 2420 610; x_wconf 89' lang='lat' dir='ltr'><strong>eos</strong></span> <span class='ocrx_word' id='word_1_134' title='bbox 2453 556 2822 612; x_wconf 80' lang='lat' dir='ltr'><strong>subleventur.</strong></span> <span class='ocrx_word' id='word_1_135' title='bbox 2869 557 2887 596; x_wconf 71' lang='grc' dir='ltr'><strong><em>ί</em></strong></span> <span class='ocrx_word' id='word_1_136' title='bbox 2928 559 2994 614; x_wconf 85' lang='lat' dir='ltr'><strong>Et</strong></span> <span class='ocrx_word' id='word_1_137' title='bbox 3031 560 3131 616; x_wconf 87' lang='lat' dir='ltr'><strong>hoc</strong></span> <span class='ocrx_word' id='word_1_138' title='bbox 3162 564 3263 617; x_wconf 88' lang='lat' dir='ltr'><strong>sibi</strong></span> <span class='ocrx_word' id='word_1_139' title='bbox 3303 566 3579 622; x_wconf 83' lang='lat' dir='ltr'><strong>vindicent</strong></span> 
     </span>
    </p>
   </div>
   <div class='ocr_carea' id='block_1_21' title="bbox 1992 641 3573 723">
    <p class='ocr_par' dir='ltr' id='par_1_21' title="bbox 1992 641 3573 723">
     <span class='ocr_line' id='line_1_21' title="bbox 1992 641 3573 723; baseline 0.011 -30"><span class='ocrx_word' id='word_1_140' title='bbox 1992 641 2273 709; x_wconf 86' lang='lat' dir='ltr'><strong>proprium</strong></span> <span class='ocrx_word' id='word_1_141' title='bbox 2329 644 2556 698; x_wconf 89' lang='lat' dir='ltr'><strong>abbates</strong></span> <span class='ocrx_word' id='word_1_142' title='bbox 2611 646 2717 700; x_wconf 92' lang='lat' dir='ltr'><strong>cibi</strong></span> <span class='ocrx_word' id='word_1_143' title='bbox 2770 654 2865 700; x_wconf 92' lang='lat' dir='ltr'><strong>aut</strong></span> <span class='ocrx_word' id='word_1_144' title='bbox 2914 649 3256 716; x_wconf 82' lang='lat' dir='ltr'><strong>vestimenti,</strong></span> <span class='ocrx_word' id='word_1_145' title='bbox 3306 655 3451 723; x_wconf 87' lang='lat' dir='ltr'><strong>quod</strong></span> <span class='ocrx_word' id='word_1_146' title='bbox 3506 657 3573 710; x_wconf 91' lang='lat' dir='ltr'><strong>ab</strong></span> 
     </span>
    </p>
   </div>
   <div class='ocr_carea' id='block_1_22' title="bbox 1995 732 3574 812">
    <p class='ocr_par' dir='ltr' id='par_1_22' title="bbox 1995 732 3574 812">
     <span class='ocr_line' id='line_1_22' title="bbox 1995 732 3574 812; baseline 0.01 -28"><span class='ocrx_word' id='word_1_147' title='bbox 1995 732 2128 801; x_wconf 88' lang='lat' dir='ltr'><strong>ipsis</strong></span> <span class='ocrx_word' id='word_1_148' title='bbox 2173 734 2541 789; x_wconf 84' lang='lat' dir='ltr'><strong>ministratum</strong></span> <span class='ocrx_word' id='word_1_149' title='bbox 2585 738 2917 807; x_wconf 84' lang='lat' dir='ltr'><strong>acceperint.</strong></span> <span class='ocrx_word' id='word_1_150' title='bbox 2961 739 3030 794; x_wconf 89' lang='lat' dir='ltr'><strong>Et</strong></span> <span class='ocrx_word' id='word_1_151' title='bbox 3069 752 3296 812; x_wconf 80' lang='lat' dir='ltr'><strong>excepto</strong></span> <span class='ocrx_word' id='word_1_152' title='bbox 3340 746 3574 799; x_wconf 87' lang='lat' dir='ltr'><strong>adventu</strong></span> 
     </span>
    </p>
   </div>
   <div class='ocr_carea' id='block_1_23' title="bbox 1993 824 3577 899">
    <p class='ocr_par' dir='ltr' id='par_1_23' title="bbox 1993 824 3577 899">
     <span class='ocr_line' id='line_1_23' title="bbox 1993 824 3577 899; baseline 0.009 -22"><span class='ocrx_word' id='word_1_153' title='bbox 1993 824 2224 883; x_wconf 79' lang='lat' dir='ltr'><strong>fratrum</strong></span> <span class='ocrx_word' id='word_1_154' title='bbox 2252 837 2310 883; x_wconf 93' lang='lat' dir='ltr'><strong>et</strong></span> <span class='ocrx_word' id='word_1_155' title='bbox 2336 828 2613 899; x_wconf 82' lang='lat' dir='ltr'><strong>languoris</strong></span> <span class='ocrx_word' id='word_1_156' title='bbox 2642 831 2965 886; x_wconf 82' lang='lat' dir='ltr'><strong>necessitate</strong></span> <span class='ocrx_word' id='word_1_157' title='bbox 3000 834 3025 873; x_wconf 76' lang='grc' dir='ltr'>ε</span> <span class='ocrx_word' id='word_1_158' title='bbox 3055 834 3395 890; x_wconf 82' lang='lat' dir='ltr'><strong>delicatiores</strong></span> <span class='ocrx_word' id='word_1_159' title='bbox 3424 837 3577 892; x_wconf 78' lang='lat' dir='ltr'><strong>cibos</strong></span> 
     </span>
    </p>
   </div>
   <div class='ocr_carea' id='block_1_24' title="bbox 1993 917 3578 996">
    <p class='ocr_par' dir='ltr' id='par_1_24' title="bbox 1993 917 3578 996">
     <span class='ocr_line' id='line_1_24' title="bbox 1993 917 3578 996; baseline 0.006 -25"><span class='ocrx_word' id='word_1_160' title='bbox 1993 932 2101 972; x_wconf 88' lang='lat' dir='ltr'><strong>non</strong></span> <span class='ocrx_word' id='word_1_161' title='bbox 2128 917 2368 974; x_wconf 88' lang='lat' dir='ltr'><strong>audeant</strong></span> <span class='ocrx_word' id='word_1_162' title='bbox 2391 920 2553 974; x_wconf 90' lang='lat' dir='ltr'><strong>edere</strong></span> <span class='ocrx_word' id='word_1_163' title='bbox 2581 918 2825 986; x_wconf 83' lang='lat' dir='ltr'><strong>abbates,</strong></span> <span class='ocrx_word' id='word_1_164' title='bbox 2860 922 2966 977; x_wconf 89' lang='lat' dir='ltr'><strong>nisi</strong></span> <span class='ocrx_word' id='word_1_165' title='bbox 2999 924 3133 979; x_wconf 81' lang='lat' dir='ltr'><strong>tales</strong></span> <span class='ocrx_word' id='word_1_166' title='bbox 3163 926 3352 996; x_wconf 84' lang='lat' dir='ltr'><strong>quales</strong></span> <span class='ocrx_word' id='word_1_167' title='bbox 3382 937 3438 983; x_wconf 91' lang='lat' dir='ltr'><strong>et</strong></span> <span class='ocrx_word' id='word_1_168' title='bbox 3466 928 3578 982; x_wconf 73' lang='lat' dir='ltr'><strong>fra-</strong></span> 
     </span>
    </p>
   </div>
   <div class='ocr_carea' id='block_1_25' title="bbox 1993 1009 3574 1088">
    <p class='ocr_par' dir='ltr' id='par_1_25' title="bbox 1993 1009 3574 1088">
     <span class='ocr_line' id='line_1_25' title="bbox 1993 1009 3574 1088; baseline 0.006 -26"><span class='ocrx_word' id='word_1_169' title='bbox 1993 1017 2125 1063; x_wconf 85' lang='lat' dir='ltr'><strong>tres.</strong></span> <span class='ocrx_word' id='word_1_170' title='bbox 2157 1010 2185 1049; x_wconf 67' lang='grc' dir='ltr'>δ</span> <span class='ocrx_word' id='word_1_171' title='bbox 2216 1009 2440 1065; x_wconf 89' lang='lat' dir='ltr'><strong>Omnem</strong></span> <span class='ocrx_word' id='word_1_172' title='bbox 2474 1026 2603 1066; x_wconf 86' lang='lat' dir='ltr'><strong>vero</strong></span> <span class='ocrx_word' id='word_1_173' title='bbox 2632 1013 2943 1065; x_wconf 86' lang='lat' dir='ltr'><strong>monasterii</strong></span> <span class='ocrx_word' id='word_1_174' title='bbox 2972 1014 3333 1071; x_wconf 82' lang='lat' dir='ltr'><strong>substantiam</strong></span> <span class='ocrx_word' id='word_1_175' title='bbox 3362 1035 3574 1088; x_wconf 58' lang='lat' dir='ltr'><strong>prmpm</strong></span> 
     </span>
    </p>
   </div>
   <div class='ocr_carea' id='block_1_26' title="bbox 1994 1100 3580 1177">
    <p class='ocr_par' dir='ltr' id='par_1_26' title="bbox 1994 1100 3580 1177">
     <span class='ocr_line' id='line_1_26' title="bbox 1994 1100 3580 1177; baseline 0.005 -21"><span class='ocrx_word' id='word_1_176' title='bbox 1994 1100 2084 1156; x_wconf 89' lang='lat' dir='ltr'><strong>siti</strong></span> <span class='ocrx_word' id='word_1_177' title='bbox 2116 1102 2390 1172; x_wconf 78' lang='lat' dir='ltr'><strong>accipiant</strong></span> <span class='ocrx_word' id='word_1_178' title='bbox 2430 1102 2868 1171; x_wconf 87' lang='lat' dir='ltr'><strong>dispensandam.</strong></span> <span class='ocrx_word' id='word_1_179' title='bbox 2904 1102 3002 1168; x_wconf 85' lang='lat' dir='ltr'><strong>Et,</strong></span> <span class='ocrx_word' id='word_1_180' title='bbox 3033 1104 3078 1158; x_wconf 88' lang='lat' dir='ltr'><strong>si</strong></span> <span class='ocrx_word' id='word_1_181' title='bbox 3106 1105 3375 1174; x_wconf 76' lang='lat' dir='ltr'><strong>quispiam</strong></span> <span class='ocrx_word' id='word_1_182' title='bbox 3406 1111 3580 1177; x_wconf 77' lang='lat' dir='ltr'><strong>capti-</strong></span> 
     </span>
    </p>
   </div>
   <div class='ocr_carea' id='block_1_27' title="bbox 1994 1193 3579 1268">
    <p class='ocr_par' dir='ltr' id='par_1_27' title="bbox 1994 1193 3579 1268">
     <span class='ocr_line' id='line_1_27' title="bbox 1994 1193 3579 1268; baseline 0.005 -22"><span class='ocrx_word' id='word_1_183' title='bbox 1994 1207 2187 1247; x_wconf 84' lang='lat' dir='ltr'><strong>vorum</strong></span> <span class='ocrx_word' id='word_1_184' title='bbox 2224 1193 2429 1262; x_wconf 91' lang='lat' dir='ltr'><strong>aliquid</strong></span> <span class='ocrx_word' id='word_1_185' title='bbox 2470 1194 2710 1249; x_wconf 79' lang='lat' dir='ltr'><strong>alimenti</strong></span> <span class='ocrx_word' id='word_1_186' title='bbox 2757 1194 2977 1264; x_wconf 86' lang='lat' dir='ltr'><strong>petierit</strong></span> <span class='ocrx_word' id='word_1_187' title='bbox 3021 1196 3305 1262; x_wconf 88' lang='lat' dir='ltr'><strong>abbatem,</strong></span> <span class='ocrx_word' id='word_1_188' title='bbox 3347 1206 3444 1251; x_wconf 90' lang='lat' dir='ltr'><strong>aut</strong></span> <span class='ocrx_word' id='word_1_189' title='bbox 3476 1212 3579 1268; x_wconf 90' lang='lat' dir='ltr'><strong>pro</strong></span> 
     </span>
    </p>
   </div>
   <div class='ocr_carea' id='block_1_28' title="bbox 1992 1285 3578 1358">
    <p class='ocr_par' dir='ltr' id='par_1_28' title="bbox 1992 1285 3578 1358">
     <span class='ocr_line' id='line_1_28' title="bbox 1992 1285 3578 1358; baseline 0.004 -21"><span class='ocrx_word' id='word_1_190' title='bbox 1992 1297 2313 1354; x_wconf 87' lang='lat' dir='ltr'><strong>quacunque</strong></span> <span class='ocrx_word' id='word_1_191' title='bbox 2359 1299 2524 1340; x_wconf 81' lang='lat' dir='ltr'><strong>causa</strong></span> <span class='ocrx_word' id='word_1_192' title='bbox 2549 1324 2564 1348; x_wconf 92' lang='lat'><strong>,</strong></span> <span class='ocrx_word' id='word_1_193' title='bbox 2619 1285 2733 1354; x_wconf 90' lang='lat' dir='ltr'><strong>ipse</strong></span> <span class='ocrx_word' id='word_1_194' title='bbox 2765 1287 3086 1356; x_wconf 64' lang='lat' dir='ltr'><strong>praepositus</strong></span> <span class='ocrx_word' id='word_1_195' title='bbox 3123 1287 3228 1343; x_wconf 90' lang='lat' dir='ltr'><strong>hoc</strong></span> <span class='ocrx_word' id='word_1_196' title='bbox 3261 1289 3578 1358; x_wconf 86' lang='lat' dir='ltr'><strong>provideat,</strong></span> 
     </span>
    </p>
   </div>
   <div class='ocr_carea' id='block_1_29' title="bbox 1992 1374 3579 1448">
    <p class='ocr_par' dir='ltr' id='par_1_29' title="bbox 1992 1374 3579 1448">
     <span class='ocr_line' id='line_1_29' title="bbox 1992 1374 3579 1448; baseline 0.003 -19"><span class='ocrx_word' id='word_1_197' title='bbox 1992 1382 2055 1429; x_wconf 91' lang='lat' dir='ltr'><strong>ut</strong></span> <span class='ocrx_word' id='word_1_198' title='bbox 2096 1375 2265 1430; x_wconf 88' lang='lat' dir='ltr'><strong>abbas</strong></span> <span class='ocrx_word' id='word_1_199' title='bbox 2300 1374 2508 1430; x_wconf 90' lang='lat' dir='ltr'><strong>nullum</strong></span> <span class='ocrx_word' id='word_1_200' title='bbox 2548 1375 2793 1431; x_wconf 88' lang='lat' dir='ltr'><strong>laborem</strong></span> <span class='ocrx_word' id='word_1_201' title='bbox 2830 1376 3030 1431; x_wconf 87' lang='lat' dir='ltr'><strong>habeat</strong></span> <span class='ocrx_word' id='word_1_202' title='bbox 3056 1395 3068 1429; x_wconf 90' lang='lat'><strong>:</strong></span> <span class='ocrx_word' id='word_1_203' title='bbox 3098 1386 3155 1432; x_wconf 88' lang='lat' dir='ltr'><strong>et</strong></span> <span class='ocrx_word' id='word_1_204' title='bbox 3183 1379 3427 1447; x_wconf 81' lang='lat' dir='ltr'><strong>exceptis</strong></span> <span class='ocrx_word' id='word_1_205' title='bbox 3457 1394 3579 1448; x_wconf 80' lang='lat' dir='ltr'><strong>quae</strong></span> 
     </span>
    </p>
   </div>
   <div class='ocr_carea' id='block_1_30' title="bbox 1993 1471 3576 1546">
    <p class='ocr_par' dir='ltr' id='par_1_30' title="bbox 1993 1471 3576 1546">
     <span class='ocr_line' id='line_1_30' title="bbox 1993 1471 3576 1546; baseline 0.001 -19"><span class='ocrx_word' id='word_1_206' title='bbox 1993 1486 2157 1542; x_wconf 88' lang='lat' dir='ltr'><strong>supra</strong></span> <span class='ocrx_word' id='word_1_207' title='bbox 2186 1471 2422 1527; x_wconf 81' lang='lat' dir='ltr'><strong>diximus</strong></span> <span class='ocrx_word' id='word_1_208' title='bbox 2449 1472 2597 1527; x_wconf 87' lang='lat' dir='ltr'><strong>omni</strong></span> <span class='ocrx_word' id='word_1_209' title='bbox 2627 1472 2928 1528; x_wconf 83' lang='lat' dir='ltr'><strong>intentione</strong></span> <span class='ocrx_word' id='word_1_210' title='bbox 2954 1472 3372 1530; x_wconf 86' lang='lat' dir='ltr'><strong>sollicitudinem</strong></span> <span class='ocrx_word' id='word_1_211' title='bbox 3402 1484 3576 1546; x_wconf 85' lang='lat' dir='ltr'><strong>gerat.</strong></span> 
     </span>
    </p>
   </div>
   <div class='ocr_carea' id='block_1_31' title="bbox 2001 1554 3582 1630">
    <p class='ocr_par' dir='ltr' id='par_1_31' title="bbox 2001 1554 3582 1630">
     <span class='ocr_line' id='line_1_31' title="bbox 2001 1554 3582 1630; baseline 0.004 -15"><span class='ocrx_word' id='word_1_212' title='bbox 2001 1562 2019 1601; x_wconf 81' lang='grc' dir='ltr'><strong>ί</strong></span> <span class='ocrx_word' id='word_1_213' title='bbox 2054 1560 2577 1618; x_wconf 77' lang='lat' dir='ltr'><strong>Excommunicaudi</strong></span> <span class='ocrx_word' id='word_1_214' title='bbox 2605 1572 2784 1618; x_wconf 88' lang='lat' dir='ltr'><strong>tamen</strong></span> <span class='ocrx_word' id='word_1_215' title='bbox 2811 1554 3033 1619; x_wconf 75' lang='lat' dir='ltr'><strong>causam</strong></span> <span class='ocrx_word' id='word_1_216' title='bbox 3055 1604 3071 1630; x_wconf 89' lang='lat'><strong>,</strong></span> <span class='ocrx_word' id='word_1_217' title='bbox 3101 1564 3241 1619; x_wconf 87' lang='lat' dir='ltr'><strong>sicut</strong></span> <span class='ocrx_word' id='word_1_218' title='bbox 3267 1566 3468 1630; x_wconf 86' lang='lat' dir='ltr'><strong>abbas,</strong></span> <span class='ocrx_word' id='word_1_219' title='bbox 3500 1567 3582 1621; x_wconf 89' lang='lat' dir='ltr'><strong>sic</strong></span> 
     </span>
    </p>
   </div>
   <div class='ocr_carea' id='block_1_32' title="bbox 1992 1652 3580 1727">
    <p class='ocr_par' dir='ltr' id='par_1_32' title="bbox 1992 1652 3580 1727">
     <span class='ocr_line' id='line_1_32' title="bbox 1992 1652 3580 1727; baseline 0.003 -21"><span class='ocrx_word' id='word_1_220' title='bbox 1992 1652 2317 1721; x_wconf 67' lang='lat' dir='ltr'><strong>praepositus</strong></span> <span class='ocrx_word' id='word_1_221' title='bbox 2365 1652 2584 1708; x_wconf 85' lang='lat' dir='ltr'><strong>habeat.</strong></span> <span class='ocrx_word' id='word_1_222' title='bbox 2636 1653 2706 1708; x_wconf 87' lang='lat' dir='ltr'><strong>Et</strong></span> <span class='ocrx_word' id='word_1_223' title='bbox 2747 1655 2891 1724; x_wconf 88' lang='lat' dir='ltr'><strong>quod</strong></span> <span class='ocrx_word' id='word_1_224' title='bbox 2933 1670 3031 1725; x_wconf 89' lang='lat' dir='ltr'><strong>per</strong></span> <span class='ocrx_word' id='word_1_225' title='bbox 3074 1656 3317 1727; x_wconf 87' lang='lat' dir='ltr'><strong>singulos</strong></span> <span class='ocrx_word' id='word_1_226' title='bbox 3362 1672 3580 1711; x_wconf 78' lang='lat' dir='ltr'><strong>incuses</strong></span> 
     </span>
    </p>
   </div>
   <div class='ocr_carea' id='block_1_33' title="bbox 304 1723 3580 1817">
    <p class='ocr_par' dir='ltr' id='par_1_33' title="bbox 304 1723 3580 1817">
     <span class='ocr_line' id='line_1_33' title="bbox 304 1723 3580 1817; baseline 0.005 -30"><span class='ocrx_word' id='word_1_227' title='bbox 304 1732 503 1796; x_wconf 83' lang='lat' dir='ltr'><strong>tiosos,</strong></span> <span class='ocrx_word' id='word_1_228' title='bbox 541 1740 637 1786; x_wconf 92' lang='lat' dir='ltr'><strong>aut</strong></span> <span class='ocrx_word' id='word_1_229' title='bbox 674 1730 910 1788; x_wconf 88' lang='lat' dir='ltr'><strong>elatione</strong></span> <span class='ocrx_word' id='word_1_230' title='bbox 959 1732 1218 1803; x_wconf 88' lang='lat' dir='ltr'><strong>deceptus</strong></span> <span class='ocrx_word' id='word_1_231' title='bbox 1265 1734 1568 1804; x_wconf 86' lang='lat' dir='ltr'><strong>superbire,</strong></span> <span class='ocrx_word' id='word_1_232' title='bbox 1604 1743 1700 1790; x_wconf 90' lang='lat' dir='ltr'><strong>aut</strong></span> <span class='ocrx_word' id='word_1_233' title='bbox 1751 1751 1886 1791; x_wconf 90' lang='lat' dir='ltr'><strong>con-</strong></span> <span class='ocrx_word' id='word_1_234' title='bbox 1916 1723 1964 1783; x_wconf 82' lang='grc' dir='ltr'><strong>Β</strong></span> <span class='ocrx_word' id='word_1_235' title='bbox 1991 1756 2291 1812; x_wconf 78' lang='lat' dir='ltr'><strong>expensum</strong></span> <span class='ocrx_word' id='word_1_236' title='bbox 2330 1742 2525 1809; x_wconf 89' lang='lat' dir='ltr'><strong>fuerit,</strong></span> <span class='ocrx_word' id='word_1_237' title='bbox 2556 1757 2656 1813; x_wconf 89' lang='lat' dir='ltr'><strong>per</strong></span> <span class='ocrx_word' id='word_1_238' title='bbox 2694 1723 2949 1800; x_wconf 12' lang='lat' dir='ltr'><strong>omnium?</strong></span> <span class='ocrx_word' id='word_1_239' title='bbox 2981 1723 3456 1817; x_wconf 42' lang='lat' dir='ltr'><strong>capita&#39;mensium</strong></span> <span class='ocrx_word' id='word_1_240' title='bbox 3489 1766 3580 1803; x_wconf 87' lang='lat' dir='ltr'><strong>ra-</strong></span> 
     </span>
    </p>
   </div>
   <div class='ocr_carea' id='block_1_34' title="bbox 305 1821 1894 1894">
    <p class='ocr_par' dir='ltr' id='par_1_34' title="bbox 305 1821 1894 1894">
     <span class='ocr_line' id='line_1_34' title="bbox 305 1821 1894 1894; baseline 0.001 -16"><span class='ocrx_word' id='word_1_241' title='bbox 305 1831 547 1894; x_wconf 87' lang='lat' dir='ltr'><strong>temptor</strong></span> <span class='ocrx_word' id='word_1_242' title='bbox 584 1829 787 1878; x_wconf 80' lang='lat' dir='ltr'><strong>sancta:</strong></span> <span class='ocrx_word' id='word_1_243' title='bbox 807 1821 1029 1893; x_wconf 75' lang='lat' dir='ltr'><strong>Regula:</strong></span> <span class='ocrx_word' id='word_1_244' title='bbox 1062 1824 1481 1894; x_wconf 89' lang='lat' dir='ltr'><strong>comprobatus,</strong></span> <span class='ocrx_word' id='word_1_245' title='bbox 1536 1822 1894 1883; x_wconf 87' lang='lat' dir='ltr'><strong>admoneatur</strong></span> 
     </span>
    </p>
   </div>
   <div class='ocr_carea' id='block_1_35' title="bbox 302 1913 1892 1983">
    <p class='ocr_par' dir='ltr' id='par_1_35' title="bbox 302 1913 1892 1983">
     <span class='ocr_line' id='line_1_35' title="bbox 302 1913 1892 1983; baseline 0.003 -16"><span class='ocrx_word' id='word_1_246' title='bbox 302 1913 491 1969; x_wconf 78' lang='lat' dir='ltr'><strong>verbis</strong></span> <span class='ocrx_word' id='word_1_247' title='bbox 516 1927 687 1983; x_wconf 87' lang='lat' dir='ltr'><strong>usque</strong></span> <span class='ocrx_word' id='word_1_248' title='bbox 707 1920 904 1983; x_wconf 86' lang='lat' dir='ltr'><strong>quater</strong></span> <span class='ocrx_word' id='word_1_249' title='bbox 935 1931 950 1967; x_wconf 89' lang='lat'><strong>:</strong></span> <span class='ocrx_word' id='word_1_250' title='bbox 985 1913 1030 1968; x_wconf 90' lang='lat' dir='ltr'><strong>si</strong></span> <span class='ocrx_word' id='word_1_251' title='bbox 1059 1928 1167 1969; x_wconf 90' lang='lat' dir='ltr'><strong>non</strong></span> <span class='ocrx_word' id='word_1_252' title='bbox 1195 1914 1589 1982; x_wconf 87' lang='lat' dir='ltr'><strong>emendaverit,</strong></span> <span class='ocrx_word' id='word_1_253' title='bbox 1628 1915 1892 1972; x_wconf 72' lang='lat' dir='ltr'><strong>adhibea~</strong></span> 
     </span>
    </p>
   </div>
   <div class='ocr_carea' id='block_1_36' title="bbox 303 2003 1894 2076">
    <p class='ocr_par' dir='ltr' id='par_1_36' title="bbox 303 2003 1894 2076">
     <span class='ocr_line' id='line_1_36' title="bbox 303 2003 1894 2076; baseline 0.001 -16"><span class='ocrx_word' id='word_1_254' title='bbox 303 2012 401 2060; x_wconf 89' lang='lat' dir='ltr'><strong>tur</strong></span> <span class='ocrx_word' id='word_1_255' title='bbox 435 2004 706 2074; x_wconf 89' lang='lat' dir='ltr'><strong>correptio</strong></span> <span class='ocrx_word' id='word_1_256' title='bbox 755 2003 1053 2075; x_wconf 70' lang='lat' dir='ltr'><strong>disciplima</strong></span> <span class='ocrx_word' id='word_1_257' title='bbox 1102 2004 1405 2076; x_wconf 89' lang='lat' dir='ltr'><strong>regularis:</strong></span> <span class='ocrx_word' id='word_1_258' title='bbox 1434 2007 1579 2076; x_wconf 86' lang='lat' dir='ltr'><strong>quod</strong></span> <span class='ocrx_word' id='word_1_259' title='bbox 1616 2007 1664 2062; x_wconf 91' lang='lat' dir='ltr'><strong>si</strong></span> <span class='ocrx_word' id='word_1_260' title='bbox 1717 2022 1894 2076; x_wconf 90' lang='lat' dir='ltr'><strong>neque</strong></span> 
     </span>
    </p>
   </div>
   <div class='ocr_carea' id='block_1_37' title="bbox 304 2097 1896 2173">
    <p class='ocr_par' dir='ltr' id='par_1_37' title="bbox 304 2097 1896 2173">
     <span class='ocr_line' id='line_1_37' title="bbox 304 2097 1896 2173; baseline 0.002 -20"><span class='ocrx_word' id='word_1_261' title='bbox 304 2098 388 2154; x_wconf 87' lang='lat' dir='ltr'><strong>sic</strong></span> <span class='ocrx_word' id='word_1_262' title='bbox 416 2097 738 2166; x_wconf 80' lang='lat' dir='ltr'><strong>correxerit,</strong></span> <span class='ocrx_word' id='word_1_263' title='bbox 782 2105 912 2155; x_wconf 91' lang='lat' dir='ltr'><strong>tunc</strong></span> <span class='ocrx_word' id='word_1_264' title='bbox 942 2097 1230 2168; x_wconf 87' lang='lat' dir='ltr'><strong>dejiciatur</strong></span> <span class='ocrx_word' id='word_1_265' title='bbox 1259 2100 1327 2156; x_wconf 90' lang='lat' dir='ltr'><strong>de</strong></span> <span class='ocrx_word' id='word_1_266' title='bbox 1360 2102 1551 2158; x_wconf 86' lang='lat' dir='ltr'><strong>ordine</strong></span> <span class='ocrx_word' id='word_1_267' title='bbox 1580 2103 1896 2173; x_wconf 66' lang='lat' dir='ltr'><strong>prtepositu-</strong></span> 
     </span>
    </p>
   </div>
   <div class='ocr_carea' id='block_1_38' title="bbox 304 2188 1891 2265">
    <p class='ocr_par' dir='ltr' id='par_1_38' title="bbox 304 2188 1891 2265">
     <span class='ocr_line' id='line_1_38' title="bbox 304 2188 1891 2265; baseline 0.002 -20"><span class='ocrx_word' id='word_1_268' title='bbox 304 2204 402 2255; x_wconf 66' lang='grc' dir='ltr'><strong>ιω,</strong></span> <span class='ocrx_word' id='word_1_269' title='bbox 446 2197 503 2245; x_wconf 90' lang='lat' dir='ltr'><strong>et</strong></span> <span class='ocrx_word' id='word_1_270' title='bbox 536 2188 698 2255; x_wconf 88' lang='lat' dir='ltr'><strong>alius,</strong></span> <span class='ocrx_word' id='word_1_271' title='bbox 752 2189 844 2260; x_wconf 91' lang='lat' dir='ltr'><strong>qui</strong></span> <span class='ocrx_word' id='word_1_272' title='bbox 871 2189 1077 2259; x_wconf 78' lang='lat' dir='ltr'><strong>&#39;dignus</strong></span> <span class='ocrx_word' id='word_1_273' title='bbox 1095 2199 1198 2258; x_wconf 90' lang='lat' dir='ltr'><strong>est,</strong></span> <span class='ocrx_word' id='word_1_274' title='bbox 1250 2190 1370 2248; x_wconf 89' lang='lat' dir='ltr'><strong>loco</strong></span> <span class='ocrx_word' id='word_1_275' title='bbox 1396 2193 1516 2263; x_wconf 87' lang='lat' dir='ltr'><strong>ejus</strong></span> <span class='ocrx_word' id='word_1_276' title='bbox 1545 2194 1891 2265; x_wconf 87' lang='lat' dir='ltr'><strong>subrogetur.</strong></span> 
     </span>
    </p>
   </div>
   <div class='ocr_carea' id='block_1_39' title="bbox 302 2281 1894 2355">
    <p class='ocr_par' dir='ltr' id='par_1_39' title="bbox 302 2281 1894 2355">
     <span class='ocr_line' id='line_1_39' title="bbox 302 2281 1894 2355; baseline 0.004 -21"><span class='ocrx_word' id='word_1_277' title='bbox 302 2281 460 2349; x_wconf 88' lang='lat' dir='ltr'><strong>Quod</strong></span> <span class='ocrx_word' id='word_1_278' title='bbox 491 2281 537 2336; x_wconf 91' lang='lat' dir='ltr'><strong>si</strong></span> <span class='ocrx_word' id='word_1_279' title='bbox 573 2289 630 2335; x_wconf 90' lang='lat' dir='ltr'><strong>et</strong></span> <span class='ocrx_word' id='word_1_280' title='bbox 668 2290 855 2351; x_wconf 87' lang='lat' dir='ltr'><strong>postea</strong></span> <span class='ocrx_word' id='word_1_281' title='bbox 891 2281 946 2335; x_wconf 93' lang='lat' dir='ltr'><strong>iu</strong></span> <span class='ocrx_word' id='word_1_282' title='bbox 991 2284 1410 2354; x_wconf 84' lang='lat' dir='ltr'><strong>congregatione</strong></span> <span class='ocrx_word' id='word_1_283' title='bbox 1429 2284 1646 2355; x_wconf 85' lang='lat' dir='ltr'><strong>quietus</strong></span> <span class='ocrx_word' id='word_1_284' title='bbox 1668 2293 1727 2338; x_wconf 89' lang='lat' dir='ltr'><strong>et</strong></span> <span class='ocrx_word' id='word_1_285' title='bbox 1760 2286 1894 2340; x_wconf 88' lang='lat' dir='ltr'><strong>obe-</strong></span> 
     </span>
    </p>
   </div>
   <div class='ocr_carea' id='block_1_40' title="bbox 304 2371 1895 2445">
    <p class='ocr_par' dir='ltr' id='par_1_40' title="bbox 304 2371 1895 2445">
     <span class='ocr_line' id='line_1_40' title="bbox 304 2371 1895 2445; baseline 0.001 -17"><span class='ocrx_word' id='word_1_286' title='bbox 304 2372 462 2428; x_wconf 88' lang='lat' dir='ltr'><strong>dieus</strong></span> <span class='ocrx_word' id='word_1_287' title='bbox 483 2386 590 2427; x_wconf 90' lang='lat' dir='ltr'><strong>non</strong></span> <span class='ocrx_word' id='word_1_288' title='bbox 620 2371 804 2438; x_wconf 86' lang='lat' dir='ltr'><strong>fuerit,</strong></span> <span class='ocrx_word' id='word_1_289' title='bbox 825 2372 991 2426; x_wconf 89' lang='lat' dir='ltr'><strong>etiam</strong></span> <span class='ocrx_word' id='word_1_290' title='bbox 1006 2373 1072 2428; x_wconf 91' lang='lat' dir='ltr'><strong>de</strong></span> <span class='ocrx_word' id='word_1_291' title='bbox 1087 2375 1417 2430; x_wconf 84' lang='lat' dir='ltr'><strong>monasterio</strong></span> <span class='ocrx_word' id='word_1_292' title='bbox 1440 2376 1761 2445; x_wconf 81' lang='lat' dir='ltr'><strong>expellatur.</strong></span> <span class='ocrx_word' id='word_1_293' title='bbox 1795 2376 1895 2431; x_wconf 85' lang='lat' dir='ltr'><strong>Co-</strong></span> 
     </span>
    </p>
   </div>
   <div class='ocr_carea' id='block_1_41' title="bbox 303 2462 1895 2543">
    <p class='ocr_par' dir='ltr' id='par_1_41' title="bbox 303 2462 1895 2543">
     <span class='ocr_line' id='line_1_41' title="bbox 303 2462 1895 2543; baseline 0.002 -26"><span class='ocrx_word' id='word_1_294' title='bbox 303 2464 443 2534; x_wconf 87' lang='lat' dir='ltr'><strong>gitet</strong></span> <span class='ocrx_word' id='word_1_295' title='bbox 463 2478 593 2519; x_wconf 86' lang='lat' dir='ltr'><strong>vero</strong></span> <span class='ocrx_word' id='word_1_296' title='bbox 610 2462 781 2518; x_wconf 89' lang='lat' dir='ltr'><strong>abbas</strong></span> <span class='ocrx_word' id='word_1_297' title='bbox 801 2478 862 2518; x_wconf 89' lang='lat' dir='ltr'><strong>se</strong></span> <span class='ocrx_word' id='word_1_298' title='bbox 889 2463 956 2519; x_wconf 88' lang='lat' dir='ltr'><strong>de</strong></span> <span class='ocrx_word' id='word_1_299' title='bbox 979 2464 1234 2520; x_wconf 90' lang='lat' dir='ltr'><strong>omnibus</strong></span> <span class='ocrx_word' id='word_1_300' title='bbox 1253 2465 1476 2536; x_wconf 84' lang='lat' dir='ltr'><strong>judiciis</strong></span> <span class='ocrx_word' id='word_1_301' title='bbox 1495 2468 1608 2522; x_wconf 90' lang='lat' dir='ltr'><strong>suis</strong></span> <span class='ocrx_word' id='word_1_302' title='bbox 1622 2468 1743 2543; x_wconf 37' lang='lat' dir='ltr'><strong>&#39;Deo</strong></span> <span class='ocrx_word' id='word_1_303' title='bbox 1772 2466 1895 2521; x_wconf 90' lang='lat' dir='ltr'><strong>red-</strong></span> 
     </span>
    </p>
   </div>
   <div class='ocr_carea' id='block_1_42' title="bbox 304 2554 1897 2621">
    <p class='ocr_par' dir='ltr' id='par_1_42' title="bbox 304 2554 1897 2621">
     <span class='ocr_line' id='line_1_42' title="bbox 304 2554 1897 2621; baseline -0.001 -9"><span class='ocrx_word' id='word_1_304' title='bbox 304 2558 436 2612; x_wconf 88' lang='lat' dir='ltr'><strong>dere</strong></span> <span class='ocrx_word' id='word_1_305' title='bbox 450 2556 738 2621; x_wconf 88' lang='lat' dir='ltr'><strong>rationem,</strong></span> <span class='ocrx_word' id='word_1_306' title='bbox 781 2569 849 2610; x_wconf 87' lang='lat' dir='ltr'><strong>ne</strong></span> <span class='ocrx_word' id='word_1_307' title='bbox 868 2554 1008 2610; x_wconf 90' lang='lat' dir='ltr'><strong>forte</strong></span> <span class='ocrx_word' id='word_1_308' title='bbox 1031 2555 1247 2611; x_wconf 67' lang='lat' dir='ltr'><strong>invidiae</strong></span> <span class='ocrx_word' id='word_1_309' title='bbox 1258 2564 1352 2612; x_wconf 89' lang='lat' dir='ltr'><strong>aut</strong></span> <span class='ocrx_word' id='word_1_310' title='bbox 1367 2568 1389 2596; x_wconf 75' lang='grc' dir='ltr'><strong>ο</strong></span> <span class='ocrx_word' id='word_1_311' title='bbox 1407 2557 1509 2612; x_wconf 88' lang='lat' dir='ltr'><strong>zeli</strong></span> <span class='ocrx_word' id='word_1_312' title='bbox 1528 2556 1746 2612; x_wconf 79' lang='lat' dir='ltr'><strong>ﬂamma</strong></span> <span class='ocrx_word' id='word_1_313' title='bbox 1772 2563 1897 2612; x_wconf 87' lang='lat' dir='ltr'><strong>urat</strong></span> 
     </span>
    </p>
   </div>
   <div class='ocr_carea' id='block_1_43' title="bbox 302 2648 629 2704">
    <p class='ocr_par' dir='ltr' id='par_1_43' title="bbox 302 2648 629 2704">
     <span class='ocr_line' id='line_1_43' title="bbox 302 2648 629 2704; baseline 0.003 -1"><span class='ocrx_word' id='word_1_314' title='bbox 302 2648 334 2689; x_wconf 67' lang='grc' dir='ltr'><em>δ</em></span> <span class='ocrx_word' id='word_1_315' title='bbox 366 2649 629 2704; x_wconf 89' lang='lat' dir='ltr'><strong>animam.</strong></span> 
     </span>
    </p>
   </div>
   <div class='ocr_carea' id='block_1_44' title="bbox 362 2742 1837 2817">
    <p class='ocr_par' dir='ltr' id='par_1_44' title="bbox 362 2742 1837 2817">
     <span class='ocr_line' id='line_1_44' title="bbox 362 2742 1837 2817; baseline 0.002 -20"><span class='ocrx_word' id='word_1_316' title='bbox 362 2742 393 2814; x_wconf 85' lang='lat'><strong>§</strong></span> <span class='ocrx_word' id='word_1_317' title='bbox 427 2742 493 2798; x_wconf 91' lang='lat' dir='ltr'><strong>ll.</strong></span> <span class='ocrx_word' id='word_1_318' title='bbox 523 2773 596 2783; x_wconf 92' lang='lat'><strong>-</strong></span> <span class='ocrx_word' id='word_1_319' title='bbox 623 2742 699 2798; x_wconf 80' lang='lat' dir='ltr'><strong>Ex</strong></span> <span class='ocrx_word' id='word_1_320' title='bbox 730 2742 952 2800; x_wconf 61' lang='lat' dir='ltr'><strong>iiscum</strong></span> <span class='ocrx_word' id='word_1_321' title='bbox 993 2757 1181 2799; x_wconf 63' lang='lat' dir='ltr'><strong>sanan</strong></span> <span class='ocrx_word' id='word_1_322' title='bbox 1211 2743 1520 2801; x_wconf 77' lang='lat' dir='ltr'><strong>Faucroost</strong></span> <span class='ocrx_word' id='word_1_323' title='bbox 1552 2744 1692 2816; x_wconf 82' lang='lat' dir='ltr'><strong>(cap.</strong></span> <span class='ocrx_word' id='word_1_324' title='bbox 1726 2746 1837 2817; x_wconf 84' lang='lat' dir='ltr'><strong>ll).</strong></span> 
     </span>
    </p>
   </div>
   <div class='ocr_carea' id='block_1_45' title="bbox 385 2832 1900 2909">
    <p class='ocr_par' dir='ltr' id='par_1_45' title="bbox 385 2832 1900 2909">
     <span class='ocr_line' id='line_1_45' title="bbox 385 2832 1900 2909; baseline 0.005 -22"><span class='ocrx_word' id='word_1_325' title='bbox 385 2845 409 2873; x_wconf 78' lang='grc' dir='ltr'><strong>ο</strong></span> <span class='ocrx_word' id='word_1_326' title='bbox 449 2833 509 2888; x_wconf 94' lang='lat' dir='ltr'><strong>ln</strong></span> <span class='ocrx_word' id='word_1_327' title='bbox 544 2840 868 2904; x_wconf 86' lang='lat' dir='ltr'><strong>potestatem</strong></span> <span class='ocrx_word' id='word_1_328' title='bbox 904 2832 1142 2890; x_wconf 89' lang='lat' dir='ltr'><strong>habeant</strong></span> <span class='ocrx_word' id='word_1_329' title='bbox 1174 2835 1447 2904; x_wconf 77' lang='lat' dir='ltr'><strong>praepositi</strong></span> <span class='ocrx_word' id='word_1_330' title='bbox 1485 2851 1703 2892; x_wconf 90' lang='lat' dir='ltr'><strong>omnem</strong></span> <span class='ocrx_word' id='word_1_331' title='bbox 1738 2852 1900 2909; x_wconf 81' lang='lat' dir='ltr'><strong>regu-</strong></span> 
     </span>
    </p>
   </div>
   <div class='ocr_carea' id='block_1_46' title="bbox 306 3032 1899 3107">
    <p class='ocr_par' dir='ltr' id='par_1_46' title="bbox 306 3032 1899 3107">
     <span class='ocr_line' id='line_1_46' title="bbox 306 3032 1899 3107; baseline 0.003 -17"><span class='ocrx_word' id='word_1_332' title='bbox 306 3034 602 3107; x_wconf 82' lang='lat' dir='ltr'><strong>dinarunt,</strong></span> <span class='ocrx_word' id='word_1_333' title='bbox 648 3049 781 3107; x_wconf 77' lang='lat' dir='ltr'><strong>cum</strong></span> <span class='ocrx_word' id='word_1_334' title='bbox 819 3048 889 3107; x_wconf 77' lang='lat' dir='ltr'><strong>e_x</strong></span> <span class='ocrx_word' id='word_1_335' title='bbox 937 3032 1245 3103; x_wconf 74' lang='lat' dir='ltr'><strong>huiusmodi</strong></span> <span class='ocrx_word' id='word_1_336' title='bbox 1280 3035 1628 3092; x_wconf 85' lang='lat' dir='ltr'><strong>ordinatione</strong></span> <span class='ocrx_word' id='word_1_337' title='bbox 1663 3037 1899 3107; x_wconf 85' lang='lat' dir='ltr'><strong>pendeat</strong></span> 
     </span>
    </p>
   </div>
   <div class='ocr_carea' id='block_1_47' title="bbox 306 3104 1900 3178">
    <p class='ocr_par' dir='ltr' id='par_1_47' title="bbox 306 3104 1900 3178">
     <span class='ocr_line' id='line_1_47' title="bbox 306 3104 1900 3178; baseline 0.004 -18"><span class='ocrx_word' id='word_1_338' title='bbox 306 3120 474 3178; x_wconf 81' lang='lat' dir='ltr'><strong>omne</strong></span> <span class='ocrx_word' id='word_1_339' title='bbox 499 3105 734 3178; x_wconf 67' lang='lat' dir='ltr'><strong>malum.</strong></span> <span class='ocrx_word' id='word_1_340' title='bbox 750 3104 815 3178; x_wconf 51' lang='grc' dir='ltr'><strong>8Ἀ</strong></span> <span class='ocrx_word' id='word_1_341' title='bbox 832 3105 1149 3178; x_wconf 84' lang='lat' dir='ltr'><strong>Dunstanus</strong></span> <span class='ocrx_word' id='word_1_342' title='bbox 1170 3121 1296 3178; x_wconf 85' lang='lat' dir='ltr'><strong>cum</strong></span> <span class='ocrx_word' id='word_1_343' title='bbox 1319 3107 1551 3178; x_wconf 85' lang='lat' dir='ltr'><strong>vulgatis</strong></span> <span class='ocrx_word' id='word_1_344' title='bbox 1573 3104 1900 3167; x_wconf 78' lang='lat' dir='ltr'><strong>editionibus</strong></span> 
     </span>
    </p>
   </div>
   <div class='ocr_carea' id='block_1_48' title="bbox 309 3175 1895 3247">
    <p class='ocr_par' dir='ltr' id='par_1_48' title="bbox 309 3175 1895 3247">
     <span class='ocr_line' id='line_1_48' title="bbox 309 3175 1895 3247; baseline 0.003 -17"><span class='ocrx_word' id='word_1_345' title='bbox 309 3176 482 3247; x_wconf 80' lang='lat' dir='ltr'><strong>legit,</strong></span> <span class='ocrx_word' id='word_1_346' title='bbox 516 3175 764 3247; x_wconf 40' lang='lat' dir='ltr'><strong>quiAtalis</strong></span> <span class='ocrx_word' id='word_1_347' title='bbox 798 3175 1207 3247; x_wconf 84' lang='lat' dir='ltr'><strong>inordinationis</strong></span> <span class='ocrx_word' id='word_1_348' title='bbox 1243 3194 1297 3231; x_wconf 89' lang='lat' dir='ltr'><strong>se</strong></span> <span class='ocrx_word' id='word_1_349' title='bbox 1347 3175 1581 3247; x_wconf 69' lang='lat' dir='ltr'><strong>fecerunt</strong></span> <span class='ocrx_word' id='word_1_350' title='bbox 1633 3189 1895 3235; x_wconf 82' lang='lat' dir='ltr'><strong>auctores.</strong></span> 
     </span>
    </p>
   </div>
   <div class='ocr_carea' id='block_1_49' title="bbox 310 3243 1899 3318">
    <p class='ocr_par' dir='ltr' id='par_1_49' title="bbox 310 3243 1899 3318">
     <span class='ocr_line' id='line_1_49' title="bbox 310 3243 1899 3318; baseline 0.002 -17"><span class='ocrx_word' id='word_1_351' title='bbox 310 3243 413 3301; x_wconf 64' lang='lat' dir='ltr'><strong>ns.</strong></span> <span class='ocrx_word' id='word_1_352' title='bbox 454 3243 563 3300; x_wconf 83' lang='lat' dir='ltr'><strong>ma.</strong></span> <span class='ocrx_word' id='word_1_353' title='bbox 602 3243 662 3301; x_wconf 91' lang='lat' dir='ltr'><strong>S.</strong></span> <span class='ocrx_word' id='word_1_354' title='bbox 696 3245 916 3318; x_wconf 37' lang='lat' dir='ltr'><strong>Germs,</strong></span> <span class='ocrx_word' id='word_1_355' title='bbox 950 3247 1053 3318; x_wconf 81' lang='lat' dir='ltr'><strong>qui</strong></span> <span class='ocrx_word' id='word_1_356' title='bbox 1070 3245 1164 3300; x_wconf 87' lang='lat' dir='ltr'><strong>tali</strong></span> <span class='ocrx_word' id='word_1_357' title='bbox 1198 3248 1255 3300; x_wconf 87' lang='lat' dir='ltr'><strong>in</strong></span> <span class='ocrx_word' id='word_1_358' title='bbox 1289 3243 1624 3302; x_wconf 70' lang='lat' dir='ltr'><strong>ordinatione</strong></span> <span class='ocrx_word' id='word_1_359' title='bbox 1667 3266 1721 3303; x_wconf 89' lang='lat' dir='ltr'><strong>se</strong></span> <span class='ocrx_word' id='word_1_360' title='bbox 1760 3250 1899 3318; x_wconf 81' lang='lat' dir='ltr'><strong>{ece-</strong></span> 
     </span>
    </p>
   </div>
   <div class='ocr_carea' id='block_1_50' title="bbox 309 3316 1903 3376">
    <p class='ocr_par' dir='ltr' id='par_1_50' title="bbox 309 3316 1903 3376">
     <span class='ocr_line' id='line_1_50' title="bbox 309 3316 1903 3376; baseline 0.003 -6"><span class='ocrx_word' id='word_1_361' title='bbox 309 3325 437 3370; x_wconf 84' lang='lat' dir='ltr'><strong>runt</strong></span> <span class='ocrx_word' id='word_1_362' title='bbox 465 3327 725 3371; x_wconf 72' lang='lat' dir='ltr'><strong>auctores.</strong></span> <span class='ocrx_word' id='word_1_363' title='bbox 758 3316 938 3371; x_wconf 83' lang='lat' dir='ltr'><strong>Editio</strong></span> <span class='ocrx_word' id='word_1_364' title='bbox 961 3316 1299 3372; x_wconf 83' lang='lat' dir='ltr'><strong>Coloniensis</strong></span> <span class='ocrx_word' id='word_1_365' title='bbox 1326 3328 1383 3373; x_wconf 91' lang='lat' dir='ltr'><strong>et</strong></span> <span class='ocrx_word' id='word_1_366' title='bbox 1398 3327 1609 3373; x_wconf 86' lang='lat' dir='ltr'><strong>vetusta</strong></span> <span class='ocrx_word' id='word_1_367' title='bbox 1633 3316 1903 3376; x_wconf 88' lang='lat' dir='ltr'><strong>Parisien-</strong></span> 
     </span>
    </p>
   </div>
   <div class='ocr_carea' id='block_1_51' title="bbox 308 3386 1901 3472">
    <p class='ocr_par' dir='ltr' id='par_1_51' title="bbox 308 3386 1901 3472">
     <span class='ocr_line' id='line_1_51' title="bbox 308 3386 1901 3472; baseline 0.001 -30"><span class='ocrx_word' id='word_1_368' title='bbox 308 3388 391 3443; x_wconf 88' lang='lat' dir='ltr'><strong>sis</strong></span> <span class='ocrx_word' id='word_1_369' title='bbox 423 3386 648 3472; x_wconf 47' lang='lat' dir='ltr'><strong>legunt“:</strong></span> <span class='ocrx_word' id='word_1_370' title='bbox 815 3386 1007 3472; x_wconf 61' lang='lat' dir='ltr'><strong>talibus</strong></span> <span class='ocrx_word' id='word_1_371' title='bbox 1046 3388 1527 3472; x_wconf 55' lang='lat' dir='ltr'><strong>inordinationibus</strong></span> <span class='ocrx_word' id='word_1_372' title='bbox 1568 3406 1636 3472; x_wconf 42' lang='lat' dir='ltr'><strong>se.</strong></span> <span class='ocrx_word' id='word_1_373' title='bbox 1663 3390 1901 3472; x_wconf 56' lang='lat' dir='ltr'><strong>fecerunt</strong></span> 
     </span>
    </p>
   </div>
   <div class='ocr_carea' id='block_1_52' title="bbox 309 3457 1901 3526">
    <p class='ocr_par' dir='ltr' id='par_1_52' title="bbox 309 3457 1901 3526">
     <span class='ocr_line' id='line_1_52' title="bbox 309 3457 1901 3526; baseline 0.003 -15"><span class='ocrx_word' id='word_1_374' title='bbox 309 3468 574 3511; x_wconf 80' lang='lat' dir='ltr'><strong>auctores.</strong></span> <span class='ocrx_word' id='word_1_375' title='bbox 605 3457 711 3512; x_wconf 86' lang='lat' dir='ltr'><strong>Sed</strong></span> <span class='ocrx_word' id='word_1_376' title='bbox 737 3458 1054 3514; x_wconf 75' lang='lat' dir='ltr'><strong>Concordi-.1:</strong></span> <span class='ocrx_word' id='word_1_377' title='bbox 1078 3457 1241 3513; x_wconf 90' lang='lat' dir='ltr'><strong>lectio</strong></span> <span class='ocrx_word' id='word_1_378' title='bbox 1262 3459 1521 3526; x_wconf 59' lang='lat' dir='ltr'><strong>praevalet</strong></span> <span class='ocrx_word' id='word_1_379' title='bbox 1541 3499 1557 3526; x_wconf 90' lang='lat'><strong>,</strong></span> <span class='ocrx_word' id='word_1_380' title='bbox 1585 3457 1677 3514; x_wconf 90' lang='lat' dir='ltr'><strong>ubi</strong></span> <span class='ocrx_word' id='word_1_381' title='bbox 1705 3459 1901 3515; x_wconf 75' lang='lat' dir='ltr'><strong>talibus</strong></span> 
     </span>
    </p>
   </div>
   <div class='ocr_carea' id='block_1_53' title="bbox 307 3528 1902 3599">
    <p class='ocr_par' dir='ltr' id='par_1_53' title="bbox 307 3528 1902 3599">
     <span class='ocr_line' id='line_1_53' title="bbox 307 3528 1902 3599; baseline 0.003 -18"><span class='ocrx_word' id='word_1_382' title='bbox 307 3528 545 3599; x_wconf 73' lang='lat' dir='ltr'><strong>ponitur</strong></span> <span class='ocrx_word' id='word_1_383' title='bbox 572 3543 672 3598; x_wconf 90' lang='lat' dir='ltr'><strong>pro</strong></span> <span class='ocrx_word' id='word_1_384' title='bbox 699 3529 919 3589; x_wconf 87' lang='lat' dir='ltr'><strong>talium.</strong></span> <span class='ocrx_word' id='word_1_385' title='bbox 940 3528 1168 3599; x_wconf 79' lang='lat' dir='ltr'><strong>dativus</strong></span> <span class='ocrx_word' id='word_1_386' title='bbox 1196 3544 1295 3599; x_wconf 90' lang='lat' dir='ltr'><strong>pro</strong></span> <span class='ocrx_word' id='word_1_387' title='bbox 1325 3530 1586 3599; x_wconf 88' lang='lat' dir='ltr'><strong>genitivo.</strong></span> <span class='ocrx_word' id='word_1_388' title='bbox 1618 3530 1697 3584; x_wconf 85' lang='lat' dir='ltr'><strong>Ita</strong></span> <span class='ocrx_word' id='word_1_389' title='bbox 1726 3530 1902 3599; x_wconf 87' lang='lat' dir='ltr'><strong>loqui-</strong></span> 
     </span>
    </p>
   </div>
   <div class='ocr_carea' id='block_1_54' title="bbox 313 3597 1903 3669">
    <p class='ocr_par' dir='ltr' id='par_1_54' title="bbox 313 3597 1903 3669">
     <span class='ocr_line' id='line_1_54' title="bbox 313 3597 1903 3669; baseline 0.002 -16"><span class='ocrx_word' id='word_1_390' title='bbox 313 3597 405 3653; x_wconf 80' lang='lat' dir='ltr'><strong>tur</strong></span> <span class='ocrx_word' id='word_1_391' title='bbox 430 3597 491 3652; x_wconf 90' lang='lat' dir='ltr'><strong>S.</strong></span> <span class='ocrx_word' id='word_1_392' title='bbox 520 3597 841 3654; x_wconf 82' lang='lat' dir='ltr'><strong>Ambrosius</strong></span> <span class='ocrx_word' id='word_1_393' title='bbox 865 3598 1037 3669; x_wconf 70' lang='lat' dir='ltr'><strong>epist.</strong></span> <span class='ocrx_word' id='word_1_394' title='bbox 1056 3598 1159 3664; x_wconf 72' lang='lat'><strong>25,</strong></span> <span class='ocrx_word' id='word_1_395' title='bbox 1190 3597 1261 3653; x_wconf 78' lang='lat' dir='ltr'><strong>ad</strong></span> <span class='ocrx_word' id='word_1_396' title='bbox 1291 3597 1689 3656; x_wconf 69' lang='lat' dir='ltr'><strong>Vercellensem</strong></span> <span class='ocrx_word' id='word_1_397' title='bbox 1717 3597 1903 3656; x_wconf 77' lang='lat' dir='ltr'><strong>Eccle-</strong></span> 
     </span>
    </p>
   </div>
   <div class='ocr_carea' id='block_1_55' title="bbox 309 3668 1902 3738">
    <p class='ocr_par' dir='ltr' id='par_1_55' title="bbox 309 3668 1902 3738">
     <span class='ocr_line' id='line_1_55' title="bbox 309 3668 1902 3738; baseline 0 -14"><span class='ocrx_word' id='word_1_398' title='bbox 309 3670 454 3725; x_wconf 87' lang='lat' dir='ltr'><strong>siam</strong></span> <span class='ocrx_word' id='word_1_399' title='bbox 479 3685 493 3721; x_wconf 91' lang='lat'><strong>:</strong></span> <span class='ocrx_word' id='word_1_400' title='bbox 514 3687 534 3719; x_wconf 74' lang='grc' dir='ltr'><strong>ι</strong></span> <span class='ocrx_word' id='word_1_401' title='bbox 557 3669 623 3723; x_wconf 84' lang='grc' dir='ltr'>Ει</span> <span class='ocrx_word' id='word_1_402' title='bbox 649 3669 778 3726; x_wconf 89' lang='lat' dir='ltr'><strong>huic</strong></span> <span class='ocrx_word' id='word_1_403' title='bbox 801 3668 993 3738; x_wconf 84' lang='lat' dir='ltr'><strong>allegat</strong></span> <span class='ocrx_word' id='word_1_404' title='bbox 1018 3668 1231 3725; x_wconf 86' lang='lat' dir='ltr'><strong>Stoicos</strong></span> <span class='ocrx_word' id='word_1_405' title='bbox 1256 3684 1375 3724; x_wconf 91' lang='lat' dir='ltr'><strong>esse</strong></span> <span class='ocrx_word' id='word_1_406' title='bbox 1398 3679 1653 3725; x_wconf 87' lang='lat' dir='ltr'><strong>auctores</strong></span> <span class='ocrx_word' id='word_1_407' title='bbox 1681 3680 1902 3726; x_wconf 85' lang='lat' dir='ltr'><strong>senten-</strong></span> 
     </span>
    </p>
   </div>
   <div class='ocr_carea' id='block_1_56' title="bbox 312 3738 1900 3807">
    <p class='ocr_par' dir='ltr' id='par_1_56' title="bbox 312 3738 1900 3807">
     <span class='ocr_line' id='line_1_56' title="bbox 312 3738 1900 3807; baseline 0.003 -15"><span class='ocrx_word' id='word_1_408' title='bbox 312 3739 426 3794; x_wconf 82' lang='lat' dir='ltr'><strong>ti:e.</strong></span> <span class='ocrx_word' id='word_1_409' title='bbox 458 3738 642 3807; x_wconf 69' lang='lat' dir='ltr'><strong>sVide</strong></span> <span class='ocrx_word' id='word_1_410' title='bbox 675 3738 892 3795; x_wconf 81' lang='lat' dir='ltr'><strong>Sixtum</strong></span> <span class='ocrx_word' id='word_1_411' title='bbox 931 3739 1226 3799; x_wconf 87' lang='lat' dir='ltr'><strong>Senensem</strong></span> <span class='ocrx_word' id='word_1_412' title='bbox 1246 3779 1262 3807; x_wconf 94' lang='lat'><strong>,</strong></span> <span class='ocrx_word' id='word_1_413' title='bbox 1293 3739 1387 3794; x_wconf 91' lang='lat' dir='ltr'><strong>lib.</strong></span> <span class='ocrx_word' id='word_1_414' title='bbox 1422 3755 1459 3795; x_wconf 87' lang='grc' dir='ltr'><strong>ιι</strong></span> <span class='ocrx_word' id='word_1_415' title='bbox 1490 3739 1630 3796; x_wconf 65' lang='lat' dir='ltr'><strong>Bibl.</strong></span> <span class='ocrx_word' id='word_1_416' title='bbox 1653 3779 1669 3805; x_wconf 97' lang='lat'><strong>,</strong></span> <span class='ocrx_word' id='word_1_417' title='bbox 1703 3739 1771 3795; x_wconf 89' lang='lat' dir='ltr'><strong>ad</strong></span> <span class='ocrx_word' id='word_1_418' title='bbox 1800 3755 1900 3796; x_wconf 84' lang='lat' dir='ltr'><strong>vo-</strong></span> 
     </span>
    </p>
   </div>
   <div class='ocr_carea' id='block_1_57' title="bbox 311 3806 907 3880">
    <p class='ocr_par' dir='ltr' id='par_1_57' title="bbox 311 3806 907 3880">
     <span class='ocr_line' id='line_1_57' title="bbox 311 3806 907 3880; baseline -0.002 -15"><span class='ocrx_word' id='word_1_419' title='bbox 311 3824 438 3865; x_wconf 89' lang='lat' dir='ltr'><strong>cem</strong></span> <span class='ocrx_word' id='word_1_420' title='bbox 462 3806 907 3880; x_wconf 72' lang='lat' dir='ltr'><strong>Chirograpltum.</strong></span> 
     </span>
    </p>
   </div>
   <div class='ocr_carea' id='block_1_58' title="bbox 389 3877 1902 3952">
    <p class='ocr_par' dir='ltr' id='par_1_58' title="bbox 389 3877 1902 3952">
     <span class='ocr_line' id='line_1_58' title="bbox 389 3877 1902 3952; baseline 0.002 -19"><span class='ocrx_word' id='word_1_421' title='bbox 389 3891 416 3952; x_wconf 58' lang='grc' dir='ltr'>τι</span> <span class='ocrx_word' id='word_1_422' title='bbox 457 3877 683 3952; x_wconf 47' lang='lat' dir='ltr'><strong>Uarium</strong></span> <span class='ocrx_word' id='word_1_423' title='bbox 709 3877 951 3952; x_wconf 74' lang='lat' dir='ltr'><strong>pluribus</strong></span> <span class='ocrx_word' id='word_1_424' title='bbox 982 3879 1488 3952; x_wconf 75' lang='lat' dir='ltr'><strong>committitur.__lluc</strong></span> <span class='ocrx_word' id='word_1_425' title='bbox 1516 3881 1740 3952; x_wconf 88' lang='lat' dir='ltr'><strong>respicit</strong></span> <span class='ocrx_word' id='word_1_426' title='bbox 1768 3896 1902 3937; x_wconf 84' lang='lat' dir='ltr'><strong>con-</strong></span> 
     </span>
    </p>
   </div>
   <div class='ocr_carea' id='block_1_59' title="bbox 311 3948 1899 4020">
    <p class='ocr_par' dir='ltr' id='par_1_59' title="bbox 311 3948 1899 4020">
     <span class='ocr_line' id='line_1_59' title="bbox 311 3948 1899 4020; baseline 0.001 -15"><span class='ocrx_word' id='word_1_427' title='bbox 311 3949 504 4005; x_wconf 89' lang='lat' dir='ltr'><strong>cilium</strong></span> <span class='ocrx_word' id='word_1_428' title='bbox 541 3948 915 4020; x_wconf 68' lang='lat' dir='ltr'><strong>Moguntinum</strong></span> <span class='ocrx_word' id='word_1_429' title='bbox 949 3949 1051 4007; x_wconf 89' lang='lat' dir='ltr'><strong>sub</strong></span> <span class='ocrx_word' id='word_1_430' title='bbox 1094 3948 1289 4006; x_wconf 88' lang='lat' dir='ltr'><strong>Carolo</strong></span> <span class='ocrx_word' id='word_1_431' title='bbox 1337 3950 1560 4020; x_wconf 81' lang='lat' dir='ltr'><strong>Magno,</strong></span> <span class='ocrx_word' id='word_1_432' title='bbox 1606 3948 1735 4007; x_wconf 67' lang='lat' dir='ltr'><strong>can.</strong></span> <span class='ocrx_word' id='word_1_433' title='bbox 1788 3952 1899 4007; x_wconf 68' lang='grc' dir='ltr'><strong>ηε</strong></span> 
     </span>
    </p>
   </div>
   <div class='ocr_carea' id='block_1_60' title="bbox 318 4020 1905 4094">
    <p class='ocr_par' dir='ltr' id='par_1_60' title="bbox 318 4020 1905 4094">
     <span class='ocr_line' id='line_1_60' title="bbox 318 4020 1905 4094; baseline 0.003 -22"><span class='ocrx_word' id='word_1_434' title='bbox 318 4039 339 4072; x_wconf 74' lang='grc' dir='ltr'><strong>ι</strong></span> <span class='ocrx_word' id='word_1_435' title='bbox 376 4020 583 4076; x_wconf 86' lang='lat' dir='ltr'><strong>Deinde</strong></span> <span class='ocrx_word' id='word_1_436' title='bbox 603 4020 986 4094; x_wconf 73' lang='lat' dir='ltr'><strong>decrevimus,</strong></span> <span class='ocrx_word' id='word_1_437' title='bbox 1017 4022 1161 4078; x_wconf 88' lang='lat' dir='ltr'><strong>sicut</strong></span> <span class='ocrx_word' id='word_1_438' title='bbox 1188 4029 1378 4094; x_wconf 86' lang='lat' dir='ltr'><strong>sancta</strong></span> <span class='ocrx_word' id='word_1_439' title='bbox 1408 4020 1612 4094; x_wconf 66' lang='lat' dir='ltr'><strong>Regula</strong></span> <span class='ocrx_word' id='word_1_440' title='bbox 1646 4023 1811 4088; x_wconf 90' lang='lat' dir='ltr'><strong>dicit,</strong></span> <span class='ocrx_word' id='word_1_441' title='bbox 1844 4031 1905 4077; x_wconf 93' lang='lat' dir='ltr'><strong>ut</strong></span> 
     </span>
    </p>
   </div>
   <div class='ocr_carea' id='block_1_61' title="bbox 312 4090 1905 4164">
    <p class='ocr_par' dir='ltr' id='par_1_61' title="bbox 312 4090 1905 4164">
     <span class='ocr_line' id='line_1_61' title="bbox 312 4090 1905 4164; baseline 0.003 -18"><span class='ocrx_word' id='word_1_442' title='bbox 312 4090 748 4164; x_wconf 78' lang='lat' dir='ltr'><strong>monasterium,</strong></span> <span class='ocrx_word' id='word_1_443' title='bbox 779 4091 871 4147; x_wconf 91' lang='lat' dir='ltr'><strong>ubi</strong></span> <span class='ocrx_word' id='word_1_444' title='bbox 909 4093 1027 4148; x_wconf 81' lang='lat' dir='ltr'><strong>fieri</strong></span> <span class='ocrx_word' id='word_1_445' title='bbox 1058 4093 1265 4164; x_wconf 87' lang='lat' dir='ltr'><strong>possit,</strong></span> <span class='ocrx_word' id='word_1_446' title='bbox 1295 4106 1393 4164; x_wconf 90' lang='lat' dir='ltr'><strong>per</strong></span> <span class='ocrx_word' id='word_1_447' title='bbox 1422 4090 1661 4149; x_wconf 79' lang='lat' dir='ltr'><strong>decanos</strong></span> <span class='ocrx_word' id='word_1_448' title='bbox 1686 4095 1905 4150; x_wconf 86' lang='lat' dir='ltr'><strong>ordine-</strong></span> 
     </span>
    </p>
   </div>
   <div class='ocr_carea' id='block_1_62' title="bbox 313 4160 1897 4232">
    <p class='ocr_par' dir='ltr' id='par_1_62' title="bbox 313 4160 1897 4232">
     <span class='ocr_line' id='line_1_62' title="bbox 313 4160 1897 4232; baseline 0.001 -16"><span class='ocrx_word' id='word_1_449' title='bbox 313 4170 430 4232; x_wconf 87' lang='lat' dir='ltr'><strong>tur,</strong></span> <span class='ocrx_word' id='word_1_450' title='bbox 460 4161 590 4232; x_wconf 86' lang='lat' dir='ltr'><strong>quia</strong></span> <span class='ocrx_word' id='word_1_451' title='bbox 617 4160 691 4215; x_wconf 91' lang='lat' dir='ltr'><strong>illi</strong></span> <span class='ocrx_word' id='word_1_452' title='bbox 715 4164 991 4232; x_wconf 73' lang='lat' dir='ltr'><strong>prazpositi</strong></span> <span class='ocrx_word' id='word_1_453' title='bbox 1020 4160 1163 4232; x_wconf 65' lang='lat' dir='ltr'><strong>saepe</strong></span> <span class='ocrx_word' id='word_1_454' title='bbox 1192 4163 1246 4216; x_wconf 91' lang='lat' dir='ltr'><strong>in</strong></span> <span class='ocrx_word' id='word_1_455' title='bbox 1274 4160 1562 4218; x_wconf 82' lang='lat' dir='ltr'><strong>elationem</strong></span> <span class='ocrx_word' id='word_1_456' title='bbox 1591 4164 1854 4219; x_wconf 89' lang='lat' dir='ltr'><strong>incidunt.</strong></span> <span class='ocrx_word' id='word_1_457' title='bbox 1877 4184 1897 4217; x_wconf 76' lang='grc' dir='ltr'><strong>ι</strong></span> 
     </span>
    </p>
   </div>
   <div class='ocr_carea' id='block_1_63' title="bbox 391 4231 1907 4304">
    <p class='ocr_par' dir='ltr' id='par_1_63' title="bbox 391 4231 1907 4304">
     <span class='ocr_line' id='line_1_63' title="bbox 391 4231 1907 4304; baseline 0.002 -18"><span class='ocrx_word' id='word_1_458' title='bbox 391 4231 419 4272; x_wconf 71' lang='grc' dir='ltr'>δ</span> <span class='ocrx_word' id='word_1_459' title='bbox 451 4231 669 4304; x_wconf 81' lang='lat' dir='ltr'><strong>Ordinet</strong></span> <span class='ocrx_word' id='word_1_460' title='bbox 694 4231 805 4304; x_wconf 70' lang='lat' dir='ltr'><strong>ipse</strong></span> <span class='ocrx_word' id='word_1_461' title='bbox 827 4233 929 4286; x_wconf 86' lang='lat' dir='ltr'><strong>sibi</strong></span> <span class='ocrx_word' id='word_1_462' title='bbox 953 4231 1311 4304; x_wconf 69' lang='lat' dir='ltr'><strong>prwpositum.</strong></span> <span class='ocrx_word' id='word_1_463' title='bbox 1343 4232 1567 4289; x_wconf 87' lang='lat' dir='ltr'><strong>Sublato</strong></span> <span class='ocrx_word' id='word_1_464' title='bbox 1592 4235 1764 4289; x_wconf 89' lang='lat' dir='ltr'><strong>abusu</strong></span> <span class='ocrx_word' id='word_1_465' title='bbox 1793 4245 1907 4289; x_wconf 83' lang='lat' dir='ltr'><strong>sta-</strong></span> 
     </span>
    </p>
   </div>
   <div class='ocr_carea' id='block_1_64' title="bbox 314 4302 1904 4375">
    <p class='ocr_par' dir='ltr' id='par_1_64' title="bbox 314 4302 1904 4375">
     <span class='ocr_line' id='line_1_64' title="bbox 314 4302 1904 4375; baseline 0.003 -18"><span class='ocrx_word' id='word_1_466' title='bbox 314 4302 469 4375; x_wconf 76' lang='lat' dir='ltr'><strong>tuit,_</strong></span> <span class='ocrx_word' id='word_1_467' title='bbox 486 4310 548 4356; x_wconf 89' lang='lat' dir='ltr'><strong>ut</strong></span> <span class='ocrx_word' id='word_1_468' title='bbox 563 4302 683 4375; x_wconf 85' lang='lat' dir='ltr'><strong>ipse</strong></span> <span class='ocrx_word' id='word_1_469' title='bbox 702 4303 869 4359; x_wconf 90' lang='lat' dir='ltr'><strong>abbas</strong></span> <span class='ocrx_word' id='word_1_470' title='bbox 883 4302 1048 4375; x_wconf 78' lang='lat' dir='ltr'><strong>suum</strong></span> <span class='ocrx_word' id='word_1_471' title='bbox 1066 4302 1286 4375; x_wconf 87' lang='lat' dir='ltr'><strong>ordinet</strong></span> <span class='ocrx_word' id='word_1_472' title='bbox 1306 4305 1676 4375; x_wconf 74' lang='lat' dir='ltr'><strong>prmpositum.</strong></span> <span class='ocrx_word' id='word_1_473' title='bbox 1700 4305 1904 4361; x_wconf 86' lang='lat' dir='ltr'><strong>Eadem</strong></span> 
     </span>
    </p>
   </div>
   <div class='ocr_carea' id='block_1_65' title="bbox 311 4373 1900 4445">
    <p class='ocr_par' dir='ltr' id='par_1_65' title="bbox 311 4373 1900 4445">
     <span class='ocr_line' id='line_1_65' title="bbox 311 4373 1900 4445; baseline 0.002 -18"><span class='ocrx_word' id='word_1_474' title='bbox 311 4373 505 4445; x_wconf 53' lang='lat' dir='ltr'><strong>ptjaxis</strong></span> <span class='ocrx_word' id='word_1_475' title='bbox 524 4373 735 4445; x_wconf 69' lang='lat' dir='ltr'><strong>videtur</strong></span> <span class='ocrx_word' id='word_1_476' title='bbox 756 4373 895 4442; x_wconf 87' lang='lat' dir='ltr'><strong>apud</strong></span> <span class='ocrx_word' id='word_1_477' title='bbox 924 4374 983 4430; x_wconf 92' lang='lat' dir='ltr'><strong>S.</strong></span> <span class='ocrx_word' id='word_1_478' title='bbox 1001 4373 1323 4445; x_wconf 72' lang='lat' dir='ltr'><strong>Gregorium</strong></span> <span class='ocrx_word' id='word_1_479' title='bbox 1343 4390 1570 4445; x_wconf 86' lang='lat' dir='ltr'><strong>papam,</strong></span> <span class='ocrx_word' id='word_1_480' title='bbox 1595 4374 1690 4428; x_wconf 91' lang='lat' dir='ltr'><strong>lib.</strong></span> <span class='ocrx_word' id='word_1_481' title='bbox 1717 4390 1790 4439; x_wconf 88' lang='grc' dir='ltr'>ιι,</span> <span class='ocrx_word' id='word_1_482' title='bbox 1813 4390 1900 4445; x_wconf 91' lang='lat' dir='ltr'><strong>ep.</strong></span> 
     </span>
    </p>
   </div>
   <div class='ocr_carea' id='block_1_66' title="bbox 1994 1832 3582 1895">
    <p class='ocr_par' dir='ltr' id='par_1_66' title="bbox 1994 1832 3582 1895">
     <span class='ocr_line' id='line_1_66' title="bbox 1994 1832 3582 1895; baseline 0.004 -9"><span class='ocrx_word' id='word_1_483' title='bbox 1994 1832 2199 1887; x_wconf 87' lang='lat' dir='ltr'><strong>tionem</strong></span> <span class='ocrx_word' id='word_1_484' title='bbox 2238 1848 2338 1888; x_wconf 91' lang='lat' dir='ltr'><strong>suo</strong></span> <span class='ocrx_word' id='word_1_485' title='bbox 2380 1834 2565 1889; x_wconf 86' lang='lat' dir='ltr'><strong>abbati</strong></span> <span class='ocrx_word' id='word_1_486' title='bbox 2608 1833 2815 1890; x_wconf 78' lang='lat' dir='ltr'><strong>faciat:</strong></span> <span class='ocrx_word' id='word_1_487' title='bbox 2860 1843 2916 1891; x_wconf 90' lang='lat' dir='ltr'><strong>et</strong></span> <span class='ocrx_word' id='word_1_488' title='bbox 2955 1838 3060 1891; x_wconf 91' lang='lat' dir='ltr'><strong>hoc</strong></span> <span class='ocrx_word' id='word_1_489' title='bbox 3100 1853 3225 1891; x_wconf 89' lang='lat' dir='ltr'><strong>cum</strong></span> <span class='ocrx_word' id='word_1_490' title='bbox 3261 1847 3496 1895; x_wconf 87' lang='lat' dir='ltr'><strong>tremore</strong></span> <span class='ocrx_word' id='word_1_491' title='bbox 3525 1850 3582 1894; x_wconf 92' lang='lat' dir='ltr'><strong>et</strong></span> 
     </span>
    </p>
   </div>
   <div class='ocr_carea' id='block_1_67' title="bbox 1994 1921 3585 1997">
    <p class='ocr_par' dir='ltr' id='par_1_67' title="bbox 1994 1921 3585 1997">
     <span class='ocr_line' id='line_1_67' title="bbox 1994 1921 3585 1997; baseline 0.005 -20"><span class='ocrx_word' id='word_1_492' title='bbox 1994 1921 2372 1993; x_wconf 89' lang='lat' dir='ltr'><strong>simplicitate,</strong></span> <span class='ocrx_word' id='word_1_493' title='bbox 2401 1931 2459 1978; x_wconf 93' lang='lat' dir='ltr'><strong>et</strong></span> <span class='ocrx_word' id='word_1_494' title='bbox 2484 1939 2610 1978; x_wconf 86' lang='lat' dir='ltr'><strong>vera</strong></span> <span class='ocrx_word' id='word_1_495' title='bbox 2637 1926 2821 1980; x_wconf 84' lang='lat' dir='ltr'><strong>cordis</strong></span> <span class='ocrx_word' id='word_1_496' title='bbox 2845 1924 3152 1982; x_wconf 90' lang='lat' dir='ltr'><strong>humilitate</strong></span> <span class='ocrx_word' id='word_1_497' title='bbox 3179 1936 3431 1997; x_wconf 87' lang='lat' dir='ltr'><strong>tauquam</strong></span> <span class='ocrx_word' id='word_1_498' title='bbox 3462 1931 3585 1985; x_wconf 85' lang='lat' dir='ltr'><strong>red-</strong></span> 
     </span>
    </p>
   </div>
   <div class='ocr_carea' id='block_1_68' title="bbox 1994 2011 3583 2088">
    <p class='ocr_par' dir='ltr' id='par_1_68' title="bbox 1994 2011 3583 2088">
     <span class='ocr_line' id='line_1_68' title="bbox 1994 2011 3583 2088; baseline 0.004 -22"><span class='ocrx_word' id='word_1_499' title='bbox 1994 2011 2209 2067; x_wconf 88' lang='lat' dir='ltr'><strong>diturus</strong></span> <span class='ocrx_word' id='word_1_500' title='bbox 2242 2013 2471 2068; x_wconf 88' lang='lat' dir='ltr'><strong>Domino</strong></span> <span class='ocrx_word' id='word_1_501' title='bbox 2510 2014 2798 2069; x_wconf 88' lang='lat' dir='ltr'><strong>rationem.</strong></span> <span class='ocrx_word' id='word_1_502' title='bbox 2837 2014 2908 2069; x_wconf 88' lang='lat' dir='ltr'><strong>Et</strong></span> <span class='ocrx_word' id='word_1_503' title='bbox 2932 2016 3073 2084; x_wconf 88' lang='lat' dir='ltr'><strong>quod</strong></span> <span class='ocrx_word' id='word_1_504' title='bbox 3106 2015 3334 2082; x_wconf 87' lang='lat' dir='ltr'><strong>fecerit,</strong></span> <span class='ocrx_word' id='word_1_505' title='bbox 3365 2034 3583 2088; x_wconf 81' lang='lat' dir='ltr'><strong>semper</strong></span> 
     </span>
    </p>
   </div>
   <div class='ocr_carea' id='block_1_69' title="bbox 1995 2102 3580 2172">
    <p class='ocr_par' dir='ltr' id='par_1_69' title="bbox 1995 2102 3580 2172">
     <span class='ocr_line' id='line_1_69' title="bbox 1995 2102 3580 2172; baseline 0.004 -15"><span class='ocrx_word' id='word_1_506' title='bbox 1995 2102 2053 2157; x_wconf 90' lang='lat' dir='ltr'><strong>in</strong></span> <span class='ocrx_word' id='word_1_507' title='bbox 2081 2102 2312 2159; x_wconf 84' lang='lat' dir='ltr'><strong>arbitrio</strong></span> <span class='ocrx_word' id='word_1_508' title='bbox 2335 2102 2574 2172; x_wconf 88' lang='lat' dir='ltr'><strong>pendeat</strong></span> <span class='ocrx_word' id='word_1_509' title='bbox 2602 2103 2834 2158; x_wconf 88' lang='lat' dir='ltr'><strong>abbatis.</strong></span> <span class='ocrx_word' id='word_1_510' title='bbox 2875 2103 3023 2159; x_wconf 82' lang='lat' dir='ltr'><strong>Nihil</strong></span> <span class='ocrx_word' id='word_1_511' title='bbox 3052 2105 3118 2161; x_wconf 92' lang='lat' dir='ltr'><strong>de</strong></span> <span class='ocrx_word' id='word_1_512' title='bbox 3146 2120 3243 2160; x_wconf 90' lang='lat' dir='ltr'><strong>sua</strong></span> <span class='ocrx_word' id='word_1_513' title='bbox 3272 2108 3580 2163; x_wconf 87' lang='lat' dir='ltr'><strong>temeritate</strong></span> 
     </span>
    </p>
   </div>
   <div class='ocr_carea' id='block_1_70' title="bbox 1992 2174 3584 2269">
    <p class='ocr_par' dir='ltr' id='par_1_70' title="bbox 1992 2174 3584 2269">
     <span class='ocr_line' id='line_1_70' title="bbox 1992 2174 3584 2269; baseline 0.004 -23"><span class='ocrx_word' id='word_1_514' title='bbox 1992 2199 2330 2261; x_wconf 70' lang='lat' dir='ltr'><strong>prtesumat,</strong></span> <span class='ocrx_word' id='word_1_515' title='bbox 2366 2207 2436 2247; x_wconf 90' lang='lat' dir='ltr'><strong>ne</strong></span> <span class='ocrx_word' id='word_1_516' title='bbox 2470 2174 2656 2262; x_wconf 75' lang='lat' dir='ltr'><strong>(quod</strong></span> <span class='ocrx_word' id='word_1_517' title='bbox 2685 2192 2866 2265; x_wconf 73' lang='lat' dir='ltr'><strong>absit&quot;)</strong></span> <span class='ocrx_word' id='word_1_518' title='bbox 2906 2194 2960 2249; x_wconf 93' lang='lat' dir='ltr'><strong>in</strong></span> <span class='ocrx_word' id='word_1_519' title='bbox 2997 2196 3247 2251; x_wconf 89' lang='lat' dir='ltr'><strong>morbum</strong></span> <span class='ocrx_word' id='word_1_520' title='bbox 3288 2213 3438 2252; x_wconf 70' lang='lat' dir='ltr'><strong>vana:</strong></span> <span class='ocrx_word' id='word_1_521' title='bbox 3467 2197 3584 2269; x_wconf 82' lang='lat' dir='ltr'><strong>glo-</strong></span> 
     </span>
    </p>
   </div>
   <div class='ocr_carea' id='block_1_71' title="bbox 1996 2280 3574 2353">
    <p class='ocr_par' dir='ltr' id='par_1_71' title="bbox 1996 2280 3574 2353">
     <span class='ocr_line' id='line_1_71' title="bbox 1996 2280 3574 2353; baseline 0.006 -20"><span class='ocrx_word' id='word_1_522' title='bbox 1996 2280 2093 2347; x_wconf 72' lang='lat' dir='ltr'><strong>riae</strong></span> <span class='ocrx_word' id='word_1_523' title='bbox 2134 2282 2314 2336; x_wconf 90' lang='lat' dir='ltr'><strong>cadat.</strong></span> <span class='ocrx_word' id='word_1_524' title='bbox 2361 2280 2430 2335; x_wconf 87' lang='lat' dir='ltr'><strong>Et</strong></span> <span class='ocrx_word' id='word_1_525' title='bbox 2473 2294 2605 2336; x_wconf 85' lang='lat' dir='ltr'><strong>nou‘</strong></span> <span class='ocrx_word' id='word_1_526' title='bbox 2632 2283 2920 2353; x_wconf 82' lang='lat' dir='ltr'><strong>prodigus,</strong></span> <span class='ocrx_word' id='word_1_527' title='bbox 2972 2285 3070 2339; x_wconf 90' lang='lat' dir='ltr'><strong>sed</strong></span> <span class='ocrx_word' id='word_1_528' title='bbox 3116 2284 3385 2342; x_wconf 89' lang='lat' dir='ltr'><strong>discretus</strong></span> <span class='ocrx_word' id='word_1_529' title='bbox 3428 2288 3574 2343; x_wconf 88' lang='lat' dir='ltr'><strong>intra</strong></span> 
     </span>
    </p>
   </div>
   <div class='ocr_carea' id='block_1_72' title="bbox 1995 2370 3581 2449">
    <p class='ocr_par' dir='ltr' id='par_1_72' title="bbox 1995 2370 3581 2449">
     <span class='ocr_line' id='line_1_72' title="bbox 1995 2370 3581 2449; baseline 0.004 -22"><span class='ocrx_word' id='word_1_530' title='bbox 1995 2370 2200 2427; x_wconf 90' lang='lat' dir='ltr'><strong>Christi</strong></span> <span class='ocrx_word' id='word_1_531' title='bbox 2250 2371 2515 2427; x_wconf 89' lang='lat' dir='ltr'><strong>familiam</strong></span> <span class='ocrx_word' id='word_1_532' title='bbox 2561 2373 2921 2443; x_wconf 89' lang='lat' dir='ltr'><strong>dispensator,</strong></span> <span class='ocrx_word' id='word_1_533' title='bbox 2970 2376 3203 2446; x_wconf 89' lang='lat' dir='ltr'><strong>piusque</strong></span> <span class='ocrx_word' id='word_1_534' title='bbox 3253 2379 3581 2449; x_wconf 85' lang='lat' dir='ltr'><strong>gubernator</strong></span> 
     </span>
    </p>
   </div>
   <div class='ocr_carea' id='block_1_73' title="bbox 1994 2465 3576 2540">
    <p class='ocr_par' dir='ltr' id='par_1_73' title="bbox 1994 2465 3576 2540">
     <span class='ocr_line' id='line_1_73' title="bbox 1994 2465 3576 2540; baseline 0.006 -21"><span class='ocrx_word' id='word_1_535' title='bbox 1994 2471 2051 2519; x_wconf 90' lang='lat' dir='ltr'><strong>et</strong></span> <span class='ocrx_word' id='word_1_536' title='bbox 2085 2465 2322 2534; x_wconf 81' lang='lat' dir='ltr'><strong>Optimus</strong></span> <span class='ocrx_word' id='word_1_537' title='bbox 2356 2478 2569 2534; x_wconf 81' lang='lat' dir='ltr'><strong>semper</strong></span> <span class='ocrx_word' id='word_1_538' title='bbox 2604 2467 2863 2531; x_wconf 74' lang='lat' dir='ltr'><strong>accedat,</strong></span> <span class='ocrx_word' id='word_1_539' title='bbox 2900 2477 2956 2522; x_wconf 93' lang='lat' dir='ltr'><strong>et</strong></span> <span class='ocrx_word' id='word_1_540' title='bbox 2991 2470 3359 2540; x_wconf 78' lang='lat' dir='ltr'><strong>evangelicum</strong></span> <span class='ocrx_word' id='word_1_541' title='bbox 3405 2473 3576 2529; x_wconf 86' lang='lat' dir='ltr'><strong>docu—</strong></span> 
     </span>
    </p>
   </div>
   <div class='ocr_carea' id='block_1_74' title="bbox 1998 2557 3579 2633">
    <p class='ocr_par' dir='ltr' id='par_1_74' title="bbox 1998 2557 3579 2633">
     <span class='ocr_line' id='line_1_74' title="bbox 1998 2557 3579 2633; baseline 0.007 -24"><span class='ocrx_word' id='word_1_542' title='bbox 1998 2562 2237 2609; x_wconf 84' lang='lat' dir='ltr'><strong>mentum</strong></span> <span class='ocrx_word' id='word_1_543' title='bbox 2267 2571 2486 2626; x_wconf 90' lang='lat' dir='ltr'><strong>semper</strong></span> <span class='ocrx_word' id='word_1_544' title='bbox 2513 2557 2827 2624; x_wconf 87' lang='lat' dir='ltr'><strong>observans,</strong></span> <span class='ocrx_word' id='word_1_545' title='bbox 2858 2557 3088 2615; x_wconf 86' lang='lat' dir='ltr'><strong>Domino</strong></span> <span class='ocrx_word' id='word_1_546' title='bbox 3113 2562 3325 2617; x_wconf 87' lang='lat' dir='ltr'><strong>dicente</strong></span> <span class='ocrx_word' id='word_1_547' title='bbox 3351 2565 3441 2633; x_wconf 93' lang='lat' dir='ltr'><strong>qui</strong></span> <span class='ocrx_word' id='word_1_548' title='bbox 3467 2567 3579 2620; x_wconf 90' lang='lat' dir='ltr'><strong>ait:</strong></span> 
     </span>
    </p>
   </div>
   <div class='ocr_carea' id='block_1_75' title="bbox 2002 2642 3580 2724">
    <p class='ocr_par' dir='ltr' id='par_1_75' title="bbox 2002 2642 3580 2724">
     <span class='ocr_line' id='line_1_75' title="bbox 2002 2642 3580 2724; baseline 0.009 -26"><span class='ocrx_word' id='word_1_549' title='bbox 2002 2642 2132 2710; x_wconf 83' lang='lat' dir='ltr'><strong>Quis</strong></span> <span class='ocrx_word' id='word_1_550' title='bbox 2161 2656 2316 2716; x_wconf 75' lang='lat' dir='ltr'><strong>putas</strong></span> <span class='ocrx_word' id='word_1_551' title='bbox 2355 2646 2533 2715; x_wconf 76' lang='lat' dir='ltr'><strong>ﬁdelis</strong></span> <span class='ocrx_word' id='word_1_552' title='bbox 2561 2664 2739 2702; x_wconf 79' lang='lat' dir='ltr'><strong>servus</strong></span> <span class='ocrx_word' id='word_1_553' title='bbox 2768 2658 2817 2703; x_wconf 85' lang='lat' dir='ltr'><strong>ct</strong></span> <span class='ocrx_word' id='word_1_554' title='bbox 2840 2649 3104 2720; x_wconf 78' lang='lat' dir='ltr'><strong>prudens,</strong></span> <span class='ocrx_word' id='word_1_555' title='bbox 3132 2670 3285 2724; x_wconf 85' lang='lat' dir='ltr'><strong>quem</strong></span> <span class='ocrx_word' id='word_1_556' title='bbox 3309 2658 3580 2712; x_wconf 81' lang='lat' dir='ltr'><strong>constituit</strong></span> 
     </span>
    </p>
   </div>
   <div class='ocr_carea' id='block_1_76' title="bbox 2000 2736 3581 2809">
    <p class='ocr_par' dir='ltr' id='par_1_76' title="bbox 2000 2736 3581 2809">
     <span class='ocr_line' id='line_1_76' title="bbox 2000 2736 3581 2809; baseline 0.008 -19"><span class='ocrx_word' id='word_1_557' title='bbox 2000 2736 2260 2793; x_wconf 82' lang='lat' dir='ltr'><strong>Dominus</strong></span> <span class='ocrx_word' id='word_1_558' title='bbox 2288 2754 2447 2809; x_wconf 66' lang='lat' dir='ltr'><strong>super</strong></span> <span class='ocrx_word' id='word_1_559' title='bbox 2472 2737 2733 2809; x_wconf 76' lang='lat' dir='ltr'><strong>familiam</strong></span> <span class='ocrx_word' id='word_1_560' title='bbox 2760 2755 2945 2807; x_wconf 82' lang='lat' dir='ltr'><strong>suam,</strong></span> <span class='ocrx_word' id='word_1_561' title='bbox 2976 2750 3031 2794; x_wconf 83' lang='lat' dir='ltr'><strong>ut</strong></span> <span class='ocrx_word' id='word_1_562' title='bbox 3060 2742 3147 2797; x_wconf 80' lang='lat' dir='ltr'><strong>det</strong></span> <span class='ocrx_word' id='word_1_563' title='bbox 3174 2742 3280 2798; x_wconf 81' lang='lat' dir='ltr'><strong>illis</strong></span> <span class='ocrx_word' id='word_1_564' title='bbox 3315 2746 3487 2800; x_wconf 84' lang='lat' dir='ltr'><strong>cibum</strong></span> <span class='ocrx_word' id='word_1_565' title='bbox 3525 2750 3581 2803; x_wconf 88' lang='lat' dir='ltr'><strong>in</strong></span> 
     </span>
    </p>
   </div>
   <div class='ocr_carea' id='block_1_77' title="bbox 1997 2836 3579 2911">
    <p class='ocr_par' dir='ltr' id='par_1_77' title="bbox 1997 2836 3579 2911">
     <span class='ocr_line' id='line_1_77' title="bbox 1997 2836 3579 2911; baseline 0.004 -18"><span class='ocrx_word' id='word_1_566' title='bbox 1997 2838 2267 2911; x_wconf 81' lang='lat' dir='ltr'><strong>tempore?</strong></span> <span class='ocrx_word' id='word_1_567' title='bbox 2281 2837 2477 2892; x_wconf 88' lang='lat' dir='ltr'><strong>Beatus</strong></span> <span class='ocrx_word' id='word_1_568' title='bbox 2504 2836 2593 2893; x_wconf 87' lang='lat' dir='ltr'><strong>ille</strong></span> <span class='ocrx_word' id='word_1_569' title='bbox 2617 2855 2794 2894; x_wconf 72' lang='lat' dir='ltr'><strong>servus</strong></span> <span class='ocrx_word' id='word_1_570' title='bbox 2812 2878 2828 2905; x_wconf 95' lang='lat'><strong>,</strong></span> <span class='ocrx_word' id='word_1_571' title='bbox 2855 2855 3037 2911; x_wconf 82' lang='lat' dir='ltr'><strong>quem,</strong></span> <span class='ocrx_word' id='word_1_572' title='bbox 3065 2857 3186 2896; x_wconf 85' lang='lat' dir='ltr'><strong>cum</strong></span> <span class='ocrx_word' id='word_1_573' title='bbox 3215 2844 3579 2906; x_wconf 82' lang='lat' dir='ltr'><strong>venerit.inve-</strong></span> 
     </span>
    </p>
   </div>
   <div class='ocr_carea' id='block_1_78' title="bbox 2000 3037 3577 3116">
    <p class='ocr_par' dir='ltr' id='par_1_78' title="bbox 2000 3037 3577 3116">
     <span class='ocr_line' id='line_1_78' title="bbox 2000 3037 3577 3116; baseline 0.004 -23"><span class='ocrx_word' id='word_1_574' title='bbox 2000 3038 2317 3116; x_wconf 64' lang='lat' dir='ltr'><strong>plinajdem</strong></span> <span class='ocrx_word' id='word_1_575' title='bbox 2348 3038 2535 3116; x_wconf 71' lang='lat' dir='ltr'><strong>statuit</strong></span> <span class='ocrx_word' id='word_1_576' title='bbox 2559 3044 2781 3116; x_wconf 78' lang='lat' dir='ltr'><strong>sanctus</strong></span> <span class='ocrx_word' id='word_1_577' title='bbox 2806 3037 3043 3116; x_wconf 76' lang='lat' dir='ltr'><strong>lsidorus</strong></span> <span class='ocrx_word' id='word_1_578' title='bbox 3062 3082 3075 3101; x_wconf 85' lang='lat'><strong>,</strong></span> <span class='ocrx_word' id='word_1_579' title='bbox 3107 3041 3288 3116; x_wconf 71' lang='lat' dir='ltr'><strong>cap._9</strong></span> <span class='ocrx_word' id='word_1_580' title='bbox 3317 3042 3533 3116; x_wconf 67' lang='lat' dir='ltr'><strong>Regula:</strong></span> <span class='ocrx_word' id='word_1_581' title='bbox 3565 3064 3577 3099; x_wconf 90' lang='lat'><strong>:</strong></span> 
     </span>
    </p>
   </div>
   <div class='ocr_carea' id='block_1_79' title="bbox 2009 3109 3584 3180">
    <p class='ocr_par' dir='ltr' id='par_1_79' title="bbox 2009 3109 3584 3180">
     <span class='ocr_line' id='line_1_79' title="bbox 2009 3109 3584 3180; baseline 0.004 -17"><span class='ocrx_word' id='word_1_582' title='bbox 2009 3109 2027 3163; x_wconf 64' lang='grc' dir='ltr'><strong>ι</strong></span> <span class='ocrx_word' id='word_1_583' title='bbox 2054 3109 2237 3165; x_wconf 83' lang='lat' dir='ltr'><strong>Abbas</strong></span> <span class='ocrx_word' id='word_1_584' title='bbox 2270 3110 2409 3164; x_wconf 86' lang='lat' dir='ltr'><strong>citra</strong></span> <span class='ocrx_word' id='word_1_585' title='bbox 2445 3109 2722 3180; x_wconf 83' lang='lat' dir='ltr'><strong>languoris</strong></span> <span class='ocrx_word' id='word_1_586' title='bbox 2754 3111 3133 3165; x_wconf 86' lang='lat' dir='ltr'><strong>necessitatem</strong></span> <span class='ocrx_word' id='word_1_587' title='bbox 3173 3112 3324 3167; x_wconf 80' lang='lat' dir='ltr'><strong>cibos</strong></span> <span class='ocrx_word' id='word_1_588' title='bbox 3360 3109 3423 3168; x_wconf 79' lang='grc' dir='ltr'><strong>ἱιῖ</strong></span> <span class='ocrx_word' id='word_1_589' title='bbox 3451 3132 3584 3170; x_wconf 90' lang='lat' dir='ltr'><strong>cou-</strong></span> 
     </span>
    </p>
   </div>
   <div class='ocr_carea' id='block_1_80' title="bbox 2002 3180 3578 3251">
    <p class='ocr_par' dir='ltr' id='par_1_80' title="bbox 2002 3180 3578 3251">
     <span class='ocr_line' id='line_1_80' title="bbox 2002 3180 3578 3251; baseline 0.003 -14"><span class='ocrx_word' id='word_1_590' title='bbox 2002 3188 2188 3251; x_wconf 87' lang='lat' dir='ltr'><strong>spectu</strong></span> <span class='ocrx_word' id='word_1_591' title='bbox 2244 3182 2450 3251; x_wconf 87' lang='lat' dir='ltr'><strong>pariter</strong></span> <span class='ocrx_word' id='word_1_592' title='bbox 2500 3196 2623 3235; x_wconf 89' lang='lat' dir='ltr'><strong>cum</strong></span> <span class='ocrx_word' id='word_1_593' title='bbox 2680 3180 2941 3251; x_wconf 81' lang='lat' dir='ltr'><strong>fratribus</strong></span> <span class='ocrx_word' id='word_1_594' title='bbox 2993 3191 3227 3236; x_wconf 87' lang='lat' dir='ltr'><strong>sumat:</strong></span> <span class='ocrx_word' id='word_1_595' title='bbox 3282 3187 3578 3241; x_wconf 79' lang='lat' dir='ltr'><strong>uce&#39;aliud</strong></span> 
     </span>
    </p>
   </div>
   <div class='ocr_carea' id='block_1_81' title="bbox 2000 3249 3583 3321">
    <p class='ocr_par' dir='ltr' id='par_1_81' title="bbox 2000 3249 3583 3321">
     <span class='ocr_line' id='line_1_81' title="bbox 2000 3249 3583 3321; baseline 0.004 -17"><span class='ocrx_word' id='word_1_596' title='bbox 2000 3249 2163 3321; x_wconf 82' lang='lat' dir='ltr'><strong>quam</strong></span> <span class='ocrx_word' id='word_1_597' title='bbox 2206 3249 2423 3316; x_wconf 67' lang='lat' dir='ltr'><strong>caeteri,</strong></span> <span class='ocrx_word' id='word_1_598' title='bbox 2474 3267 2576 3305; x_wconf 89' lang='lat' dir='ltr'><strong>nec</strong></span> <span class='ocrx_word' id='word_1_599' title='bbox 2618 3249 2815 3305; x_wconf 84' lang='lat' dir='ltr'><strong>cultius</strong></span> <span class='ocrx_word' id='word_1_600' title='bbox 2855 3266 3017 3319; x_wconf 82' lang='lat' dir='ltr'><strong>quam</strong></span> <span class='ocrx_word' id='word_1_601' title='bbox 3059 3268 3179 3320; x_wconf 72' lang='lat' dir='ltr'><strong>qua:</strong></span> <span class='ocrx_word' id='word_1_602' title='bbox 3220 3254 3271 3306; x_wconf 93' lang='lat' dir='ltr'><strong>in</strong></span> <span class='ocrx_word' id='word_1_603' title='bbox 3312 3258 3583 3311; x_wconf 87' lang='lat' dir='ltr'><strong>communi</strong></span> 
     </span>
    </p>
   </div>
   <div class='ocr_carea' id='block_1_82' title="bbox 2001 3321 3584 3392">
    <p class='ocr_par' dir='ltr' id='par_1_82' title="bbox 2001 3321 3584 3392">
     <span class='ocr_line' id='line_1_82' title="bbox 2001 3321 3584 3392; baseline 0.003 -16"><span class='ocrx_word' id='word_1_604' title='bbox 2001 3322 2339 3392; x_wconf 89' lang='lat' dir='ltr'><strong>consistunt,</strong></span> <span class='ocrx_word' id='word_1_605' title='bbox 2369 3321 2662 3392; x_wconf 63' lang='lat' dir='ltr'><strong>praeparari</strong></span> <span class='ocrx_word' id='word_1_606' title='bbox 2692 3322 2755 3392; x_wconf 71' lang='lat' dir='ltr'><strong>sil</strong></span> <span class='ocrx_word' id='word_1_607' title='bbox 2778 3321 2801 3392; x_wconf 90' lang='lat' dir='ltr'><strong>i</strong></span> <span class='ocrx_word' id='word_1_608' title='bbox 2821 3322 3094 3392; x_wconf 85' lang='lat' dir='ltr'><strong>quidpiam</strong></span> <span class='ocrx_word' id='word_1_609' title='bbox 3122 3331 3354 3392; x_wconf 79' lang='lat' dir='ltr'><strong>expetat.</strong></span> <span class='ocrx_word' id='word_1_610' title='bbox 3394 3344 3412 3376; x_wconf 81' lang='grc' dir='ltr'><strong>ι</strong></span> <span class='ocrx_word' id='word_1_611' title='bbox 3440 3324 3584 3380; x_wconf 87' lang='lat' dir='ltr'><strong>Idem</strong></span> 
     </span>
    </p>
   </div>
   <div class='ocr_carea' id='block_1_83' title="bbox 2001 3389 3585 3460">
    <p class='ocr_par' dir='ltr' id='par_1_83' title="bbox 2001 3389 3585 3460">
     <span class='ocr_line' id='line_1_83' title="bbox 2001 3389 3585 3460; baseline 0.002 -14"><span class='ocrx_word' id='word_1_612' title='bbox 2001 3391 2246 3446; x_wconf 86' lang='lat' dir='ltr'><strong>sancitur</strong></span> <span class='ocrx_word' id='word_1_613' title='bbox 2275 3389 2397 3446; x_wconf 77' lang='lat' dir='ltr'><strong>add.</strong></span> <span class='ocrx_word' id='word_1_614' title='bbox 2448 3393 2473 3444; x_wconf 82' lang='grc'><strong>1</strong></span> <span class='ocrx_word' id='word_1_615' title='bbox 2513 3392 2643 3459; x_wconf 83' lang='lat' dir='ltr'><strong>Cap.</strong></span> <span class='ocrx_word' id='word_1_616' title='bbox 2691 3389 2828 3444; x_wconf 89' lang='lat' dir='ltr'><strong>Lud.</strong></span> <span class='ocrx_word' id='word_1_617' title='bbox 2872 3389 3025 3459; x_wconf 88' lang='lat' dir='ltr'><strong>imp.,</strong></span> <span class='ocrx_word' id='word_1_618' title='bbox 3072 3394 3154 3444; x_wconf 89' lang='lat' dir='ltr'><strong>tit.</strong></span> <span class='ocrx_word' id='word_1_619' title='bbox 3188 3389 3257 3445; x_wconf 73' lang='lat'><strong>25</strong></span> <span class='ocrx_word' id='word_1_620' title='bbox 3286 3410 3299 3445; x_wconf 90' lang='lat'><strong>:</strong></span> <span class='ocrx_word' id='word_1_621' title='bbox 3332 3410 3351 3444; x_wconf 78' lang='grc' dir='ltr'><strong>ι</strong></span> <span class='ocrx_word' id='word_1_622' title='bbox 3389 3394 3454 3449; x_wconf 86' lang='lat' dir='ltr'><strong>Ut</strong></span> <span class='ocrx_word' id='word_1_623' title='bbox 3482 3412 3545 3450; x_wconf 89' lang='lat' dir='ltr'><strong>ea</strong></span> <span class='ocrx_word' id='word_1_624' title='bbox 3569 3436 3585 3460; x_wconf 95' lang='lat'><strong>,</strong></span> 
     </span>
    </p>
   </div>
   <div class='ocr_carea' id='block_1_84' title="bbox 2001 3461 3586 3532">
    <p class='ocr_par' dir='ltr' id='par_1_84' title="bbox 2001 3461 3586 3532">
     <span class='ocr_line' id='line_1_84' title="bbox 2001 3461 3586 3532; baseline 0.003 -17"><span class='ocrx_word' id='word_1_625' title='bbox 2001 3476 2166 3532; x_wconf 86' lang='lat' dir='ltr'><strong>quam</strong></span> <span class='ocrx_word' id='word_1_626' title='bbox 2204 3461 2458 3517; x_wconf 85' lang='lat' dir='ltr'><strong>monachi</strong></span> <span class='ocrx_word' id='word_1_627' title='bbox 2502 3462 2584 3517; x_wconf 90' lang='lat' dir='ltr'><strong>sui</strong></span> <span class='ocrx_word' id='word_1_628' title='bbox 2624 3461 2856 3532; x_wconf 82' lang='lat' dir='ltr'><strong>habent,</strong></span> <span class='ocrx_word' id='word_1_629' title='bbox 2879 3475 3177 3532; x_wconf 7' lang='lat' dir='ltr'><strong>_t_ueusurag</strong></span> <span class='ocrx_word' id='word_1_630' title='bbox 3204 3463 3315 3517; x_wconf 90' lang='lat' dir='ltr'><strong>siut</strong></span> <span class='ocrx_word' id='word_1_631' title='bbox 3360 3464 3586 3520; x_wconf 85' lang='lat' dir='ltr'><strong>abbates</strong></span> 
     </span>
    </p>
   </div>
   <div class='ocr_carea' id='block_1_85' title="bbox 2001 3528 3586 3600">
    <p class='ocr_par' dir='ltr' id='par_1_85' title="bbox 2001 3528 3586 3600">
     <span class='ocr_line' id='line_1_85' title="bbox 2001 3528 3586 3600; baseline 0.001 -13"><span class='ocrx_word' id='word_1_632' title='bbox 2001 3528 2243 3587; x_wconf 78' lang='lat' dir='ltr'><strong>contenti</strong></span> <span class='ocrx_word' id='word_1_633' title='bbox 2277 3532 2333 3585; x_wconf 91' lang='lat' dir='ltr'><strong>in</strong></span> <span class='ocrx_word' id='word_1_634' title='bbox 2363 3530 2767 3593; x_wconf 85' lang='lat' dir='ltr'><strong>manducando,</strong></span> <span class='ocrx_word' id='word_1_635' title='bbox 2794 3530 2844 3583; x_wconf 91' lang='lat' dir='ltr'><strong>in</strong></span> <span class='ocrx_word' id='word_1_636' title='bbox 2879 3528 3136 3600; x_wconf 86' lang='lat' dir='ltr'><strong>bibendo,</strong></span> <span class='ocrx_word' id='word_1_637' title='bbox 3165 3530 3217 3584; x_wconf 93' lang='lat' dir='ltr'><strong>in</strong></span> <span class='ocrx_word' id='word_1_638' title='bbox 3248 3533 3586 3600; x_wconf 82' lang='lat' dir='ltr'><strong>dormiendo,</strong></span> 
     </span>
    </p>
   </div>
   <div class='ocr_carea' id='block_1_86' title="bbox 2002 3598 3585 3671">
    <p class='ocr_par' dir='ltr' id='par_1_86' title="bbox 2002 3598 3585 3671">
     <span class='ocr_line' id='line_1_86' title="bbox 2002 3598 3585 3671; baseline 0.003 -15"><span class='ocrx_word' id='word_1_639' title='bbox 2002 3602 2057 3656; x_wconf 94' lang='lat' dir='ltr'><strong>iu</strong></span> <span class='ocrx_word' id='word_1_640' title='bbox 2086 3600 2407 3667; x_wconf 86' lang='lat' dir='ltr'><strong>vestiendo;</strong></span> <span class='ocrx_word' id='word_1_641' title='bbox 2440 3620 2457 3653; x_wconf 81' lang='grc' dir='ltr'><strong>ι</strong></span> <span class='ocrx_word' id='word_1_642' title='bbox 2484 3608 2542 3655; x_wconf 91' lang='lat' dir='ltr'><strong>et</strong></span> <span class='ocrx_word' id='word_1_643' title='bbox 2569 3600 2651 3654; x_wconf 90' lang='lat' dir='ltr'><strong>tit.</strong></span> <span class='ocrx_word' id='word_1_644' title='bbox 2685 3600 2747 3653; x_wconf 78' lang='lat' dir='ltr'><strong>i7</strong></span> <span class='ocrx_word' id='word_1_645' title='bbox 2778 3616 2790 3652; x_wconf 91' lang='lat'><strong>:</strong></span> <span class='ocrx_word' id='word_1_646' title='bbox 2826 3618 2844 3649; x_wconf 79' lang='grc' dir='ltr'><strong>ι</strong></span> <span class='ocrx_word' id='word_1_647' title='bbox 2876 3598 2995 3668; x_wconf 84' lang='lat' dir='ltr'><strong>ipse</strong></span> <span class='ocrx_word' id='word_1_648' title='bbox 3025 3610 3201 3654; x_wconf 89' lang='lat' dir='ltr'><strong>tamen</strong></span> <span class='ocrx_word' id='word_1_649' title='bbox 3236 3602 3488 3671; x_wconf 81' lang='lat' dir='ltr'><strong>(abbas)</strong></span> <span class='ocrx_word' id='word_1_650' title='bbox 3521 3598 3585 3660; x_wconf 85' lang='lat' dir='ltr'><strong>ea</strong></span> 
     </span>
    </p>
   </div>
   <div class='ocr_carea' id='block_1_87' title="bbox 2001 3671 3586 3753">
    <p class='ocr_par' dir='ltr' id='par_1_87' title="bbox 2001 3671 3586 3753">
     <span class='ocr_line' id='line_1_87' title="bbox 2001 3671 3586 3753; baseline 0.003 -27"><span class='ocrx_word' id='word_1_651' title='bbox 2001 3671 2115 3752; x_wconf 76' lang='lat' dir='ltr'><strong>cibi</strong></span> <span class='ocrx_word' id='word_1_652' title='bbox 2153 3681 2422 3753; x_wconf 72' lang='lat' dir='ltr'><strong>potusque</strong></span> <span class='ocrx_word' id='word_1_653' title='bbox 2463 3685 2719 3753; x_wconf 60' lang='lat' dir='ltr'><strong>mensura</strong></span> <span class='ocrx_word' id='word_1_654' title='bbox 2760 3678 3047 3753; x_wconf 64' lang='lat' dir='ltr'><strong>contentus</strong></span> <span class='ocrx_word' id='word_1_655' title='bbox 3086 3672 3346 3753; x_wconf 71' lang='lat' dir='ltr'><strong>sitquam</strong></span> <span class='ocrx_word' id='word_1_656' title='bbox 3390 3671 3586 3753; x_wconf 80' lang='lat' dir='ltr'><strong>reliqui</strong></span> 
     </span>
    </p>
   </div>
   <div class='ocr_carea' id='block_1_88' title="bbox 2004 3739 3587 3809">
    <p class='ocr_par' dir='ltr' id='par_1_88' title="bbox 2004 3739 3587 3809">
     <span class='ocr_line' id='line_1_88' title="bbox 2004 3739 3587 3809; baseline 0.003 -14"><span class='ocrx_word' id='word_1_657' title='bbox 2004 3739 2278 3809; x_wconf 89' lang='lat' dir='ltr'><strong>accipiunt</strong></span> <span class='ocrx_word' id='word_1_658' title='bbox 2306 3739 2531 3795; x_wconf 88' lang='lat' dir='ltr'><strong>fratres.</strong></span> <span class='ocrx_word' id='word_1_659' title='bbox 2566 3761 2584 3791; x_wconf 82' lang='grc' dir='ltr'><strong>ι</strong></span> <span class='ocrx_word' id='word_1_660' title='bbox 2617 3739 2761 3794; x_wconf 87' lang='lat' dir='ltr'><strong>Idem</strong></span> <span class='ocrx_word' id='word_1_661' title='bbox 2795 3748 2978 3793; x_wconf 90' lang='lat' dir='ltr'><strong>mouet</strong></span> <span class='ocrx_word' id='word_1_662' title='bbox 3011 3739 3068 3795; x_wconf 90' lang='lat' dir='ltr'><strong>S.</strong></span> <span class='ocrx_word' id='word_1_663' title='bbox 3102 3739 3465 3797; x_wconf 80' lang='lat' dir='ltr'><strong>Florentiuam</strong></span> <span class='ocrx_word' id='word_1_664' title='bbox 3494 3739 3587 3799; x_wconf 77' lang='lat' dir='ltr'><strong>ab-</strong></span> 
     </span>
    </p>
   </div>
   <div class='ocr_carea' id='block_1_89' title="bbox 2002 3809 3592 3886">
    <p class='ocr_par' dir='ltr' id='par_1_89' title="bbox 2002 3809 3592 3886">
     <span class='ocr_line' id='line_1_89' title="bbox 2002 3809 3592 3886; baseline 0.001 -20"><span class='ocrx_word' id='word_1_665' title='bbox 2002 3809 2374 3886; x_wconf 86' lang='lat' dir='ltr'><strong>batissam__S.</strong></span> <span class='ocrx_word' id='word_1_666' title='bbox 2426 3810 2700 3886; x_wconf 56' lang='lat' dir='ltr'><strong>Leander,</strong></span> <span class='ocrx_word' id='word_1_667' title='bbox 2746 3825 2866 3880; x_wconf 87' lang='lat' dir='ltr'><strong>cap.</strong></span> <span class='ocrx_word' id='word_1_668' title='bbox 2905 3809 2940 3862; x_wconf 77' lang='grc'><strong>4</strong></span> <span class='ocrx_word' id='word_1_669' title='bbox 2975 3810 3069 3864; x_wconf 87' lang='lat' dir='ltr'><strong>lib.</strong></span> <span class='ocrx_word' id='word_1_670' title='bbox 3109 3811 3173 3866; x_wconf 67' lang='lat' dir='ltr'><strong>de</strong></span> <span class='ocrx_word' id='word_1_671' title='bbox 3216 3810 3392 3886; x_wconf 78' lang='lat' dir='ltr'><strong>lnstit.</strong></span> <span class='ocrx_word' id='word_1_672' title='bbox 3433 3814 3592 3886; x_wconf 86' lang='lat' dir='ltr'><strong>virgi-</strong></span> 
     </span>
    </p>
   </div>
   <div class='ocr_carea' id='block_1_90' title="bbox 2004 3880 3590 3949">
    <p class='ocr_par' dir='ltr' id='par_1_90' title="bbox 2004 3880 3590 3949">
     <span class='ocr_line' id='line_1_90' title="bbox 2004 3880 3590 3949; baseline 0.001 -12"><span class='ocrx_word' id='word_1_673' title='bbox 2004 3896 2134 3937; x_wconf 89' lang='lat' dir='ltr'><strong>num</strong></span> <span class='ocrx_word' id='word_1_674' title='bbox 2165 3898 2178 3934; x_wconf 90' lang='lat'><strong>:</strong></span> <span class='ocrx_word' id='word_1_675' title='bbox 2209 3901 2227 3931; x_wconf 79' lang='grc' dir='ltr'><strong>ι</strong></span> <span class='ocrx_word' id='word_1_676' title='bbox 2262 3880 2385 3935; x_wconf 80' lang='lat' dir='ltr'><strong>Sitit</strong></span> <span class='ocrx_word' id='word_1_677' title='bbox 2418 3882 2514 3935; x_wconf 92' lang='lat' dir='ltr'><strong>tibi</strong></span> <span class='ocrx_word' id='word_1_678' title='bbox 2550 3888 2771 3949; x_wconf 84' lang='lat' dir='ltr'><strong>accepta</strong></span> <span class='ocrx_word' id='word_1_679' title='bbox 2806 3894 2925 3949; x_wconf 64' lang='lat' dir='ltr'><strong>qua:</strong></span> <span class='ocrx_word' id='word_1_680' title='bbox 2973 3889 3100 3935; x_wconf 92' lang='lat' dir='ltr'><strong>sunt</strong></span> <span class='ocrx_word' id='word_1_681' title='bbox 3145 3881 3434 3938; x_wconf 85' lang='lat' dir='ltr'><strong>comitibus</strong></span> <span class='ocrx_word' id='word_1_682' title='bbox 3484 3880 3590 3940; x_wconf 76' lang='lat' dir='ltr'><strong>tuis</strong></span> 
     </span>
    </p>
   </div>
   <div class='ocr_carea' id='block_1_91' title="bbox 2004 3950 3589 4021">
    <p class='ocr_par' dir='ltr' id='par_1_91' title="bbox 2004 3950 3589 4021">
     <span class='ocr_line' id='line_1_91' title="bbox 2004 3950 3589 4021; baseline 0 -13"><span class='ocrx_word' id='word_1_683' title='bbox 2004 3952 2355 4021; x_wconf 88' lang='lat' dir='ltr'><strong>communia,</strong></span> <span class='ocrx_word' id='word_1_684' title='bbox 2409 3960 2466 4006; x_wconf 88' lang='lat' dir='ltr'><strong>et</strong></span> <span class='ocrx_word' id='word_1_685' title='bbox 2519 3950 2752 4005; x_wconf 89' lang='lat' dir='ltr'><strong>aliorum</strong></span> <span class='ocrx_word' id='word_1_686' title='bbox 2808 3965 2941 4021; x_wconf 2' lang='lat' dir='ltr'><strong>non,</strong></span> <span class='ocrx_word' id='word_1_687' title='bbox 2979 3951 3057 4021; x_wconf 86' lang='lat' dir='ltr'><strong>sis</strong></span> <span class='ocrx_word' id='word_1_688' title='bbox 3117 3951 3589 4021; x_wconf 85' lang='lat' dir='ltr'><strong>intemperationis</strong></span> 
     </span>
    </p>
   </div>
   <div class='ocr_carea' id='block_1_92' title="bbox 2005 4020 3592 4092">
    <p class='ocr_par' dir='ltr' id='par_1_92' title="bbox 2005 4020 3592 4092">
     <span class='ocr_line' id='line_1_92' title="bbox 2005 4020 3592 4092; baseline 0.002 -15"><span class='ocrx_word' id='word_1_689' title='bbox 2005 4037 2171 4077; x_wconf 88' lang='lat' dir='ltr'><strong>causa</strong></span> <span class='ocrx_word' id='word_1_690' title='bbox 2204 4040 2218 4076; x_wconf 92' lang='lat'><strong>:</strong></span> <span class='ocrx_word' id='word_1_691' title='bbox 2250 4029 2307 4077; x_wconf 88' lang='lat' dir='ltr'><strong>et</strong></span> <span class='ocrx_word' id='word_1_692' title='bbox 2334 4020 2531 4092; x_wconf 88' lang='lat' dir='ltr'><strong>quibus</strong></span> <span class='ocrx_word' id='word_1_693' title='bbox 2563 4021 2737 4075; x_wconf 86' lang='lat' dir='ltr'><strong>forma</strong></span> <span class='ocrx_word' id='word_1_694' title='bbox 2766 4035 2887 4075; x_wconf 88' lang='lat' dir='ltr'><strong>esse</strong></span> <span class='ocrx_word' id='word_1_695' title='bbox 2915 4020 3081 4092; x_wconf 81' lang='lat' dir='ltr'><strong>debes</strong></span> <span class='ocrx_word' id='word_1_696' title='bbox 3115 4020 3493 4092; x_wconf 88' lang='lat' dir='ltr'><strong>hortamento,</strong></span> <span class='ocrx_word' id='word_1_697' title='bbox 3526 4040 3592 4080; x_wconf 90' lang='lat' dir='ltr'><strong>ac</strong></span> 
     </span>
    </p>
   </div>
   <div class='ocr_carea' id='block_1_93' title="bbox 2006 4089 3593 4175">
    <p class='ocr_par' dir='ltr' id='par_1_93' title="bbox 2006 4089 3593 4175">
     <span class='ocr_line' id='line_1_93' title="bbox 2006 4089 3593 4175; baseline 0.003 -27"><span class='ocrx_word' id='word_1_698' title='bbox 2006 4092 2162 4175; x_wconf 68' lang='lat' dir='ltr'><strong>bona:</strong></span> <span class='ocrx_word' id='word_1_699' title='bbox 2204 4093 2329 4148; x_wconf 75' lang='lat' dir='ltr'><strong>vita:</strong></span> <span class='ocrx_word' id='word_1_700' title='bbox 2352 4089 2729 4157; x_wconf 66' lang='lat' dir='ltr'><strong>documento,</strong></span> <span class='ocrx_word' id='word_1_701' title='bbox 2770 4089 3015 4147; x_wconf 86' lang='lat' dir='ltr'><strong>scandali</strong></span> <span class='ocrx_word' id='word_1_702' title='bbox 3056 4105 3167 4148; x_wconf 88' lang='lat' dir='ltr'><strong>non</strong></span> <span class='ocrx_word' id='word_1_703' title='bbox 3207 4089 3593 4151; x_wconf 79' lang='lat' dir='ltr'><strong>eﬂiciarisoc-</strong></span> 
     </span>
    </p>
   </div>
   <div class='ocr_carea' id='block_1_94' title="bbox 2005 4178 2232 4221">
    <p class='ocr_par' dir='ltr' id='par_1_94' title="bbox 2005 4178 2232 4221">
     <span class='ocr_line' id='line_1_94' title="bbox 2005 4178 2232 4221; baseline -0.022 0"><span class='ocrx_word' id='word_1_704' title='bbox 2005 4178 2175 4221; x_wconf 83' lang='lat' dir='ltr'><strong>casto.</strong></span> <span class='ocrx_word' id='word_1_705' title='bbox 2213 4182 2232 4217; x_wconf 78' lang='grc' dir='ltr'><strong>ι</strong></span> 
     </span>
    </p>
   </div>
   <div class='ocr_carea' id='block_1_95' title="bbox 2079 4230 3591 4300">
    <p class='ocr_par' dir='ltr' id='par_1_95' title="bbox 2079 4230 3591 4300">
     <span class='ocr_line' id='line_1_95' title="bbox 2079 4230 3591 4300; baseline 0.003 -12"><span class='ocrx_word' id='word_1_706' title='bbox 2079 4235 2106 4275; x_wconf 75' lang='lat' dir='ltr'><strong>h</strong></span> <span class='ocrx_word' id='word_1_707' title='bbox 2137 4231 2357 4289; x_wconf 82' lang='lat' dir='ltr'><strong>Omnem</strong></span> <span class='ocrx_word' id='word_1_708' title='bbox 2382 4232 2693 4288; x_wconf 83' lang='lat' dir='ltr'><strong>monasterii</strong></span> <span class='ocrx_word' id='word_1_709' title='bbox 2716 4230 3097 4300; x_wconf 77' lang='lat' dir='ltr'><strong>substantiam,</strong></span> <span class='ocrx_word' id='word_1_710' title='bbox 3124 4239 3230 4288; x_wconf 89' lang='lat' dir='ltr'><strong>etc.</strong></span> <span class='ocrx_word' id='word_1_711' title='bbox 3254 4233 3311 4290; x_wconf 79' lang='grc' dir='ltr'>ω</span> <span class='ocrx_word' id='word_1_712' title='bbox 3332 4234 3462 4291; x_wconf 89' lang='lat' dir='ltr'><strong>olim</strong></span> <span class='ocrx_word' id='word_1_713' title='bbox 3490 4252 3591 4292; x_wconf 89' lang='lat' dir='ltr'><strong>usu</strong></span> 
     </span>
    </p>
   </div>
   <div class='ocr_carea' id='block_1_96' title="bbox 2008 4301 3593 4374">
    <p class='ocr_par' dir='ltr' id='par_1_96' title="bbox 2008 4301 3593 4374">
     <span class='ocr_line' id='line_1_96' title="bbox 2008 4301 3593 4374; baseline 0.001 -14"><span class='ocrx_word' id='word_1_714' title='bbox 2008 4313 2285 4374; x_wconf 87' lang='lat' dir='ltr'><strong>receptum</strong></span> <span class='ocrx_word' id='word_1_715' title='bbox 2322 4303 2424 4358; x_wconf 92' lang='lat' dir='ltr'><strong>fuit</strong></span> <span class='ocrx_word' id='word_1_716' title='bbox 2459 4304 2512 4358; x_wconf 94' lang='lat' dir='ltr'><strong>in</strong></span> <span class='ocrx_word' id='word_1_717' title='bbox 2548 4301 2872 4374; x_wconf 86' lang='lat' dir='ltr'><strong>quibusdam</strong></span> <span class='ocrx_word' id='word_1_718' title='bbox 2907 4304 3282 4370; x_wconf 85' lang='lat' dir='ltr'><strong>monasteriis,</strong></span> <span class='ocrx_word' id='word_1_719' title='bbox 3320 4314 3382 4359; x_wconf 92' lang='lat' dir='ltr'><strong>ut</strong></span> <span class='ocrx_word' id='word_1_720' title='bbox 3413 4309 3593 4362; x_wconf 89' lang='lat' dir='ltr'><strong>omnis</strong></span> 
     </span>
    </p>
   </div>
   <div class='ocr_carea' id='block_1_97' title="bbox 2009 4372 3588 4445">
    <p class='ocr_par' dir='ltr' id='par_1_97' title="bbox 2009 4372 3588 4445">
     <span class='ocr_line' id='line_1_97' title="bbox 2009 4372 3588 4445; baseline -0.001 -15"><span class='ocrx_word' id='word_1_721' title='bbox 2009 4372 2329 4445; x_wconf 73' lang='lat' dir='ltr'><strong>substantia:</strong></span> <span class='ocrx_word' id='word_1_722' title='bbox 2360 4372 2671 4445; x_wconf 82' lang='lat' dir='ltr'><strong>temporalis</strong></span> <span class='ocrx_word' id='word_1_723' title='bbox 2700 4388 2828 4445; x_wconf 73' lang='lat' dir='ltr'><strong>cura</strong></span> <span class='ocrx_word' id='word_1_724' title='bbox 2858 4386 3023 4445; x_wconf 82' lang='lat' dir='ltr'><strong>penes</strong></span> <span class='ocrx_word' id='word_1_725' title='bbox 3049 4376 3398 4442; x_wconf 68' lang='lat' dir='ltr'><strong>praepositum</strong></span> <span class='ocrx_word' id='word_1_726' title='bbox 3423 4384 3588 4445; x_wconf 70' lang='lat' dir='ltr'><strong>esset.</strong></span> 
     </span>
    </p>
   </div>
   <div class='ocr_carea' id='block_1_98' title="bbox 312 4427 3592 4513">
    <p class='ocr_par' dir='ltr' id='par_1_98' title="bbox 312 4427 3592 4513">
     <span class='ocr_line' id='line_1_98' title="bbox 312 4427 3592 4513; baseline 0.001 -17"><span class='ocrx_word' id='word_1_727' title='bbox 312 4427 409 4507; x_wconf 68' lang='lat'><strong>22,</strong></span> <span class='ocrx_word' id='word_1_728' title='bbox 438 4443 504 4497; x_wconf 90' lang='lat' dir='ltr'><strong>ad</strong></span> <span class='ocrx_word' id='word_1_729' title='bbox 524 4427 1067 4500; x_wconf 71' lang='lat' dir='ltr'><strong>Joannem&#39;abbatein</strong></span> <span class='ocrx_word' id='word_1_730' title='bbox 1095 4427 1575 4500; x_wconf 10' lang='lat' dir='ltr'><strong>:W’Petiiit‘dilectié</strong></span> <span class='ocrx_word' id='word_1_731' title='bbox 1600 4427 1688 4499; x_wconf 63' lang='lat' dir='ltr'><strong>an</strong></span> <span class='ocrx_word' id='word_1_732' title='bbox 1713 4427 1904 4500; x_wconf 54' lang='lat' dir='ltr'><strong>atii-ii;</strong></span> <span class='ocrx_word' id='word_1_733' title='bbox 1929 4427 1982 4488; x_wconf 83' lang='lat' dir='ltr'>D</span> <span class='ocrx_word' id='word_1_734' title='bbox 2009 4427 2527 4511; x_wconf 22' lang='lat' dir='ltr'><strong>&#39;S&#39;fl&#39;s&#39;i‘do‘r&#39;u—sftiti.</strong></span> <span class='ocrx_word' id='word_1_735' title='bbox 2547 4459 2586 4497; x_wconf 90' lang='grc' dir='ltr'><strong>ιι</strong></span> <span class='ocrx_word' id='word_1_736' title='bbox 2615 4427 2683 4499; x_wconf 82' lang='lat' dir='ltr'><strong>de</strong></span> <span class='ocrx_word' id='word_1_737' title='bbox 2710 4427 2873 4499; x_wconf 61' lang='lat' dir='ltr'><strong>Ollic:</strong></span> <span class='ocrx_word' id='word_1_738' title='bbox 2895 4427 3069 4513; x_wconf 64' lang='lat' dir='ltr'><strong>cert;</strong></span> <span class='ocrx_word' id='word_1_739' title='bbox 3101 4427 3223 4513; x_wconf 81' lang='lat' dir='ltr'><strong>ca&#39;p.</strong></span> <span class='ocrx_word' id='word_1_740' title='bbox 3260 4427 3416 4498; x_wconf 11' lang='lat'><strong>1757:}</strong></span> <span class='ocrx_word' id='word_1_741' title='bbox 3446 4427 3592 4499; x_wconf 52' lang='lat' dir='ltr'><strong>iii-ie;</strong></span> 
     </span>
    </p>
   </div>
   <div class='ocr_carea' id='block_1_99' title="bbox 319 4513 1906 4571">
    <p class='ocr_par' dir='ltr' id='par_1_99' title="bbox 319 4513 1906 4571">
     <span class='ocr_line' id='line_1_99' title="bbox 319 4513 1906 4571; baseline 0.003 -4"><span class='ocrx_word' id='word_1_742' title='bbox 319 4522 406 4568; x_wconf 90' lang='lat' dir='ltr'><strong>ter</strong></span> <span class='ocrx_word' id='word_1_743' title='bbox 458 4513 767 4569; x_wconf 82' lang='lat' dir='ltr'><strong>Bonifacius</strong></span> <span class='ocrx_word' id='word_1_744' title='bbox 810 4516 866 4568; x_wconf 90' lang='lat' dir='ltr'><strong>in</strong></span> <span class='ocrx_word' id='word_1_745' title='bbox 909 4515 1241 4570; x_wconf 79' lang='lat' dir='ltr'><strong>monasterio</strong></span> <span class='ocrx_word' id='word_1_746' title='bbox 1269 4530 1299 4569; x_wconf 92' lang='lat' dir='ltr'><strong>a</strong></span> <span class='ocrx_word' id='word_1_747' title='bbox 1333 4522 1383 4570; x_wconf 88' lang='lat' dir='ltr'><strong>te</strong></span> <span class='ocrx_word' id='word_1_748' title='bbox 1425 4514 1621 4569; x_wconf 89' lang='lat' dir='ltr'><strong>debeat</strong></span> <span class='ocrx_word' id='word_1_749' title='bbox 1661 4516 1906 4571; x_wconf 80' lang='lat' dir='ltr'><strong>ordinari</strong></span> 
     </span>
    </p>
   </div>
   <div class='ocr_carea' id='block_1_100' title="bbox 315 4584 1905 4667">
    <p class='ocr_par' dir='ltr' id='par_1_100' title="bbox 315 4584 1905 4667">
     <span class='ocr_line' id='line_1_100' title="bbox 315 4584 1905 4667; baseline 0.001 -28"><span class='ocrx_word' id='word_1_750' title='bbox 315 4585 663 4667; x_wconf 68' lang='lat' dir='ltr'><strong>praepositus.</strong></span> <span class='ocrx_word' id='word_1_751' title='bbox 692 4586 848 4666; x_wconf 85' lang='lat' dir='ltr'><strong>Quod</strong></span> <span class='ocrx_word' id='word_1_752' title='bbox 873 4599 977 4656; x_wconf 89' lang='lat' dir='ltr'><strong>ego</strong></span> <span class='ocrx_word' id='word_1_753' title='bbox 998 4586 1153 4667; x_wconf 65' lang='lat' dir='ltr'><strong>valde</strong></span> <span class='ocrx_word' id='word_1_754' title='bbox 1177 4586 1370 4667; x_wconf 69' lang='lat' dir='ltr'><strong>miror,</strong></span> <span class='ocrx_word' id='word_1_755' title='bbox 1398 4586 1527 4667; x_wconf 63' lang='lat' dir='ltr'><strong>quia</strong></span> <span class='ocrx_word' id='word_1_756' title='bbox 1549 4592 1675 4667; x_wconf 76' lang='lat' dir='ltr'><strong>ante</strong></span> <span class='ocrx_word' id='word_1_757' title='bbox 1698 4584 1905 4667; x_wconf 80' lang='lat' dir='ltr'><strong>factum</strong></span> 
     </span>
    </p>
   </div>
   <div class='ocr_carea' id='block_1_101' title="bbox 314 4654 1908 4727">
    <p class='ocr_par' dir='ltr' id='par_1_101' title="bbox 314 4654 1908 4727">
     <span class='ocr_line' id='line_1_101' title="bbox 314 4654 1908 4727; baseline 0.001 -17"><span class='ocrx_word' id='word_1_758' title='bbox 314 4668 430 4710; x_wconf 89' lang='lat' dir='ltr'><strong>non</strong></span> <span class='ocrx_word' id='word_1_759' title='bbox 470 4665 589 4727; x_wconf 86' lang='lat' dir='ltr'><strong>est:</strong></span> <span class='ocrx_word' id='word_1_760' title='bbox 628 4656 757 4727; x_wconf 82' lang='lat' dir='ltr'><strong>quin</strong></span> <span class='ocrx_word' id='word_1_761' title='bbox 779 4669 850 4710; x_wconf 77' lang='lat' dir='ltr'><strong>ex</strong></span> <span class='ocrx_word' id='word_1_762' title='bbox 876 4654 985 4725; x_wconf 81' lang='lat' dir='ltr'><strong>quo</strong></span> <span class='ocrx_word' id='word_1_763' title='bbox 1014 4656 1165 4711; x_wconf 89' lang='lat' dir='ltr'><strong>illum</strong></span> <span class='ocrx_word' id='word_1_764' title='bbox 1195 4656 1294 4711; x_wconf 89' lang='lat' dir='ltr'><strong>tibi</strong></span> <span class='ocrx_word' id='word_1_765' title='bbox 1317 4654 1434 4712; x_wconf 87' lang='lat' dir='ltr'><strong>dari</strong></span> <span class='ocrx_word' id='word_1_766' title='bbox 1458 4654 1596 4721; x_wconf 89' lang='lat' dir='ltr'><strong>feci,</strong></span> <span class='ocrx_word' id='word_1_767' title='bbox 1614 4656 1728 4727; x_wconf 80' lang='lat' dir='ltr'><strong>jam</strong></span> <span class='ocrx_word' id='word_1_768' title='bbox 1760 4656 1908 4712; x_wconf 86' lang='lat' dir='ltr'><strong>ordi-</strong></span> 
     </span>
    </p>
   </div>
   <div class='ocr_carea' id='block_1_102' title="bbox 314 4725 796 4782">
    <p class='ocr_par' dir='ltr' id='par_1_102' title="bbox 314 4725 796 4782">
     <span class='ocr_line' id='line_1_102' title="bbox 314 4725 796 4782; baseline -0.006 0"><span class='ocrx_word' id='word_1_769' title='bbox 314 4740 458 4782; x_wconf 84' lang='lat' dir='ltr'><strong>nare</strong></span> <span class='ocrx_word' id='word_1_770' title='bbox 486 4725 739 4781; x_wconf 87' lang='lat' dir='ltr'><strong>debuisti.</strong></span> <span class='ocrx_word' id='word_1_771' title='bbox 777 4746 796 4779; x_wconf 77' lang='grc' dir='ltr'><strong>ι</strong></span> 
     </span>
    </p>
   </div>
   <div class='ocr_carea' id='block_1_103' title="bbox 396 4794 1050 4852">
    <p class='ocr_par' dir='ltr' id='par_1_103' title="bbox 396 4794 1050 4852">
     <span class='ocr_line' id='line_1_103' title="bbox 396 4794 1050 4852; baseline 0.005 -4"><span class='ocrx_word' id='word_1_772' title='bbox 396 4805 421 4835; x_wconf 69' lang='grc' dir='ltr'><strong>θ</strong></span> <span class='ocrx_word' id='word_1_773' title='bbox 459 4794 596 4850; x_wconf 88' lang='lat' dir='ltr'><strong>Zeli.</strong></span> <span class='ocrx_word' id='word_1_774' title='bbox 628 4795 752 4850; x_wconf 82' lang='lat' dir='ltr'><strong>Mali</strong></span> <span class='ocrx_word' id='word_1_775' title='bbox 777 4794 1050 4852; x_wconf 83' lang='lat' dir='ltr'><strong>videlicet.</strong></span> 
     </span>
    </p>
   </div>
   <div class='ocr_carea' id='block_1_104' title="bbox 392 4864 1909 4937">
    <p class='ocr_par' dir='ltr' id='par_1_104' title="bbox 392 4864 1909 4937">
     <span class='ocr_line' id='line_1_104' title="bbox 392 4864 1909 4937; baseline 0.003 -18"><span class='ocrx_word' id='word_1_776' title='bbox 392 4864 424 4905; x_wconf 72' lang='grc' dir='ltr'><strong><em>ἀ</em></strong></span> <span class='ocrx_word' id='word_1_777' title='bbox 464 4866 729 4937; x_wconf 78' lang='lat' dir='ltr'><strong>Animam.</strong></span> <span class='ocrx_word' id='word_1_778' title='bbox 784 4867 862 4922; x_wconf 84' lang='lat' dir='ltr'><strong>ita</strong></span> <span class='ocrx_word' id='word_1_779' title='bbox 897 4867 1037 4936; x_wconf 89' lang='lat' dir='ltr'><strong>apud</strong></span> <span class='ocrx_word' id='word_1_780' title='bbox 1073 4865 1429 4937; x_wconf 90' lang='lat' dir='ltr'><strong>Smaragdum</strong></span> <span class='ocrx_word' id='word_1_781' title='bbox 1463 4875 1520 4923; x_wconf 88' lang='lat' dir='ltr'><strong>et</strong></span> <span class='ocrx_word' id='word_1_782' title='bbox 1566 4867 1620 4922; x_wconf 92' lang='lat' dir='ltr'><strong>in</strong></span> <span class='ocrx_word' id='word_1_783' title='bbox 1671 4867 1909 4924; x_wconf 81' lang='lat' dir='ltr'><strong>editione</strong></span> 
     </span>
    </p>
   </div>
   <div class='ocr_carea' id='block_1_105' title="bbox 318 4936 1550 5009">
    <p class='ocr_par' dir='ltr' id='par_1_105' title="bbox 318 4936 1550 5009">
     <span class='ocr_line' id='line_1_105' title="bbox 318 4936 1550 5009; baseline 0.002 -19"><span class='ocrx_word' id='word_1_784' title='bbox 318 4944 537 5009; x_wconf 78' lang='lat' dir='ltr'><strong>vetusta</strong></span> <span class='ocrx_word' id='word_1_785' title='bbox 569 4936 882 4993; x_wconf 83' lang='lat' dir='ltr'><strong>Parisiensi.</strong></span> <span class='ocrx_word' id='word_1_786' title='bbox 913 4938 1086 5009; x_wconf 85' lang='lat' dir='ltr'><strong>Vulgo</strong></span> <span class='ocrx_word' id='word_1_787' title='bbox 1109 4936 1345 5002; x_wconf 86' lang='lat' dir='ltr'><strong>additur,</strong></span> <span class='ocrx_word' id='word_1_788' title='bbox 1375 4954 1550 4992; x_wconf 87' lang='lat' dir='ltr'><strong>suam.</strong></span> 
     </span>
    </p>
   </div>
   <div class='ocr_carea' id='block_1_106' title="bbox 398 5006 1908 5078">
    <p class='ocr_par' dir='ltr' id='par_1_106' title="bbox 398 5006 1908 5078">
     <span class='ocr_line' id='line_1_106' title="bbox 398 5006 1908 5078; baseline 0.003 -18"><span class='ocrx_word' id='word_1_789' title='bbox 398 5017 425 5046; x_wconf 76' lang='grc' dir='ltr'><strong>ο</strong></span> <span class='ocrx_word' id='word_1_790' title='bbox 458 5006 529 5061; x_wconf 83' lang='lat' dir='ltr'><strong>In</strong></span> <span class='ocrx_word' id='word_1_791' title='bbox 560 5016 862 5078; x_wconf 82' lang='lat' dir='ltr'><strong>potestatem</strong></span> <span class='ocrx_word' id='word_1_792' title='bbox 898 5006 1125 5078; x_wconf 73' lang='lat' dir='ltr'><strong>[iubeant</strong></span> <span class='ocrx_word' id='word_1_793' title='bbox 1163 5010 1461 5078; x_wconf 69' lang='lat' dir='ltr'><strong>praepositi,</strong></span> <span class='ocrx_word' id='word_1_794' title='bbox 1499 5018 1604 5063; x_wconf 88' lang='lat' dir='ltr'><strong>etc.</strong></span> <span class='ocrx_word' id='word_1_795' title='bbox 1644 5006 1769 5064; x_wconf 64' lang='lat' dir='ltr'><strong>Haec</strong></span> <span class='ocrx_word' id='word_1_796' title='bbox 1801 5024 1908 5065; x_wconf 91' lang='lat' dir='ltr'><strong>non</strong></span> 
     </span>
    </p>
   </div>
   <div class='ocr_carea' id='block_1_107' title="bbox 317 5076 1908 5149">
    <p class='ocr_par' dir='ltr' id='par_1_107' title="bbox 317 5076 1908 5149">
     <span class='ocr_line' id='line_1_107' title="bbox 317 5076 1908 5149; baseline 0.003 -17"><span class='ocrx_word' id='word_1_797' title='bbox 317 5086 546 5133; x_wconf 76' lang='lat' dir='ltr'><strong>exstant</strong></span> <span class='ocrx_word' id='word_1_798' title='bbox 570 5078 624 5132; x_wconf 89' lang='lat' dir='ltr'><strong>in</strong></span> <span class='ocrx_word' id='word_1_799' title='bbox 655 5077 859 5149; x_wconf 77' lang='lat' dir='ltr'><strong>Regula</strong></span> <span class='ocrx_word' id='word_1_800' title='bbox 890 5076 948 5133; x_wconf 89' lang='lat' dir='ltr'><strong>S.</strong></span> <span class='ocrx_word' id='word_1_801' title='bbox 974 5076 1258 5134; x_wconf 82' lang='lat' dir='ltr'><strong>Fructuosi</strong></span> <span class='ocrx_word' id='word_1_802' title='bbox 1279 5078 1518 5149; x_wconf 91' lang='lat' dir='ltr'><strong>episcopi</strong></span> <span class='ocrx_word' id='word_1_803' title='bbox 1539 5079 1908 5145; x_wconf 88' lang='lat' dir='ltr'><strong>Bracarensis,</strong></span> 
     </span>
    </p>
   </div>
   <div class='ocr_carea' id='block_1_108' title="bbox 320 5149 1446 5205">
    <p class='ocr_par' dir='ltr' id='par_1_108' title="bbox 320 5149 1446 5205">
     <span class='ocr_line' id='line_1_108' title="bbox 320 5149 1446 5205; baseline -0.002 -1"><span class='ocrx_word' id='word_1_804' title='bbox 320 5149 422 5204; x_wconf 82' lang='lat' dir='ltr'><strong>sed</strong></span> <span class='ocrx_word' id='word_1_805' title='bbox 453 5149 707 5203; x_wconf 87' lang='lat' dir='ltr'><strong>videntur</strong></span> <span class='ocrx_word' id='word_1_806' title='bbox 732 5164 852 5205; x_wconf 90' lang='lat' dir='ltr'><strong>esse</strong></span> <span class='ocrx_word' id='word_1_807' title='bbox 882 5149 1108 5205; x_wconf 79' lang='lat' dir='ltr'><strong>alterius</strong></span> <span class='ocrx_word' id='word_1_808' title='bbox 1139 5149 1446 5205; x_wconf 84' lang='lat' dir='ltr'><strong>Fructuosi.</strong></span> 
     </span>
    </p>
   </div>
   <div class='ocr_carea' id='block_1_109' title="bbox 405 5218 1908 5292">
    <p class='ocr_par' dir='ltr' id='par_1_109' title="bbox 405 5218 1908 5292">
     <span class='ocr_line' id='line_1_109' title="bbox 405 5218 1908 5292; baseline 0.001 -20"><span class='ocrx_word' id='word_1_809' title='bbox 405 5218 425 5257; x_wconf 73' lang='grc' dir='ltr'>ί</span> <span class='ocrx_word' id='word_1_810' title='bbox 458 5218 650 5292; x_wconf 13' lang='grc' dir='ltr'>Ειγιιρε</span> <span class='ocrx_word' id='word_1_811' title='bbox 678 5219 777 5292; x_wconf 82' lang='lat' dir='ltr'><strong>sibi</strong></span> <span class='ocrx_word' id='word_1_812' title='bbox 804 5220 1061 5292; x_wconf 81' lang='lat' dir='ltr'><strong>vindicent</strong></span> <span class='ocrx_word' id='word_1_813' title='bbox 1088 5222 1359 5292; x_wconf 80' lang='lat' dir='ltr'><strong>proprium</strong></span> <span class='ocrx_word' id='word_1_814' title='bbox 1388 5221 1600 5292; x_wconf 76' lang='lat' dir='ltr'><strong>abbates</strong></span> <span class='ocrx_word' id='word_1_815' title='bbox 1626 5221 1762 5286; x_wconf 89' lang='lat' dir='ltr'><strong>cibi,</strong></span> <span class='ocrx_word' id='word_1_816' title='bbox 1803 5229 1908 5276; x_wconf 87' lang='lat' dir='ltr'><strong>etc.</strong></span> 
     </span>
    </p>
   </div>
   <div class='ocr_carea' id='block_1_110' title="bbox 322 5289 1907 5361">
    <p class='ocr_par' dir='ltr' id='par_1_110' title="bbox 322 5289 1907 5361">
     <span class='ocr_line' id='line_1_110' title="bbox 322 5289 1907 5361; baseline 0.001 -17"><span class='ocrx_word' id='word_1_817' title='bbox 322 5289 458 5346; x_wconf 62' lang='lat' dir='ltr'><strong>Hac</strong></span> <span class='ocrx_word' id='word_1_818' title='bbox 495 5289 628 5345; x_wconf 88' lang='lat' dir='ltr'><strong>nihil</strong></span> <span class='ocrx_word' id='word_1_819' title='bbox 662 5290 808 5345; x_wconf 89' lang='lat' dir='ltr'><strong>aliud</strong></span> <span class='ocrx_word' id='word_1_820' title='bbox 848 5291 1034 5346; x_wconf 90' lang='lat' dir='ltr'><strong>dicunt</strong></span> <span class='ocrx_word' id='word_1_821' title='bbox 1062 5289 1228 5361; x_wconf 84' lang='lat' dir='ltr'><strong>quam</strong></span> <span class='ocrx_word' id='word_1_822' title='bbox 1262 5290 1405 5359; x_wconf 92' lang='lat' dir='ltr'><strong>quod</strong></span> <span class='ocrx_word' id='word_1_823' title='bbox 1441 5291 1668 5346; x_wconf 87' lang='lat' dir='ltr'><strong>abbates</strong></span> <span class='ocrx_word' id='word_1_824' title='bbox 1703 5308 1733 5345; x_wconf 91' lang='lat' dir='ltr'><strong>a</strong></span> <span class='ocrx_word' id='word_1_825' title='bbox 1770 5306 1907 5361; x_wconf 76' lang='lat' dir='ltr'><strong>prae-</strong></span> 
     </span>
    </p>
   </div>
   <div class='ocr_carea' id='block_1_111' title="bbox 321 5361 1915 5484">
    <p class='ocr_par' dir='ltr' id='par_1_111' title="bbox 321 5361 1915 5484">
     <span class='ocr_line' id='line_1_111' title="bbox 321 5361 1915 5484; baseline 0.001 -71"><span class='ocrx_word' id='word_1_826' title='bbox 321 5361 522 5484; x_wconf 46' lang='lat' dir='ltr'><strong>positis</strong></span> <span class='ocrx_word' id='word_1_827' title='bbox 573 5362 822 5430; x_wconf 88' lang='lat' dir='ltr'><strong>accipere</strong></span> <span class='ocrx_word' id='word_1_828' title='bbox 870 5361 1104 5417; x_wconf 82' lang='lat' dir='ltr'><strong>debeant</strong></span> <span class='ocrx_word' id='word_1_829' title='bbox 1155 5361 1372 5427; x_wconf 86' lang='lat' dir='ltr'><strong>cibum,</strong></span> <span class='ocrx_word' id='word_1_830' title='bbox 1427 5362 1809 5416; x_wconf 89' lang='lat' dir='ltr'><strong>vestimentum</strong></span> <span class='ocrx_word' id='word_1_831' title='bbox 1859 5368 1915 5415; x_wconf 89' lang='lat' dir='ltr'><strong>et</strong></span> 
     </span>
     <span class='ocr_line' id='line_1_112' title="bbox 321 5446 548 5484; baseline 0 0"><span class='ocrx_word' id='word_1_832' title='bbox 321 5446 548 5484; x_wconf 69' lang='grc' dir='ltr'><strong>8111111ε1.</strong></span> 
     </span>
    </p>
   </div>
   <div class='ocr_carea' id='block_1_112' title="bbox 321 5446 548 5486">
    <p class='ocr_par' dir='ltr' id='par_1_112' title="bbox 321 5446 548 5486">
     <span class='ocr_line' id='line_1_113' title="bbox 321 5446 548 5486; baseline -0.009 0"><span class='ocrx_word' id='word_1_833' title='bbox 321 5446 548 5486; x_wconf 69' lang='grc' dir='ltr'><strong>81111111ε1.</strong></span> 
     </span>
    </p>
   </div>
   <div class='ocr_carea' id='block_1_113' title="bbox 402 5501 1913 5573">
    <p class='ocr_par' dir='ltr' id='par_1_113' title="bbox 402 5501 1913 5573">
     <span class='ocr_line' id='line_1_114' title="bbox 402 5501 1913 5573; baseline 0.001 -18"><span class='ocrx_word' id='word_1_834' title='bbox 402 5504 429 5541; x_wconf 74' lang='grc' dir='ltr'><strong>δ</strong></span> <span class='ocrx_word' id='word_1_835' title='bbox 464 5501 808 5573; x_wconf 71' lang='grc' dir='ltr'><strong>Πειὶεαιῗονεε</strong></span> <span class='ocrx_word' id='word_1_836' title='bbox 858 5502 1000 5557; x_wconf 82' lang='lat' dir='ltr'><strong>cibos</strong></span> <span class='ocrx_word' id='word_1_837' title='bbox 1046 5519 1152 5557; x_wconf 87' lang='lat' dir='ltr'><strong>non</strong></span> <span class='ocrx_word' id='word_1_838' title='bbox 1196 5502 1428 5557; x_wconf 84' lang='lat' dir='ltr'><strong>audeant</strong></span> <span class='ocrx_word' id='word_1_839' title='bbox 1476 5502 1649 5557; x_wconf 84' lang='lat' dir='ltr'><strong>edere.</strong></span> <span class='ocrx_word' id='word_1_840' title='bbox 1697 5501 1913 5573; x_wconf 85' lang='lat' dir='ltr'><strong>Optima</strong></span> 
     </span>
    </p>
   </div>
   <div class='ocr_carea' id='block_1_114' title="bbox 324 5572 1915 5645">
    <p class='ocr_par' dir='ltr' id='par_1_114' title="bbox 324 5572 1915 5645">
     <span class='ocr_line' id='line_1_115' title="bbox 324 5572 1915 5645; baseline 0 -18"><span class='ocrx_word' id='word_1_841' title='bbox 324 5572 643 5645; x_wconf 86' lang='lat' dir='ltr'><strong>institutio:</strong></span> <span class='ocrx_word' id='word_1_842' title='bbox 694 5589 819 5627; x_wconf 91' lang='lat' dir='ltr'><strong>nam</strong></span> <span class='ocrx_word' id='word_1_843' title='bbox 852 5573 952 5645; x_wconf 81' lang='lat' dir='ltr'><strong>qui</strong></span> <span class='ocrx_word' id='word_1_844' title='bbox 998 5573 1213 5628; x_wconf 70' lang='lat' dir='ltr'><strong>caeteris</strong></span> <span class='ocrx_word' id='word_1_845' title='bbox 1258 5580 1492 5645; x_wconf 71' lang='lat' dir='ltr'><strong>praeest,</strong></span> <span class='ocrx_word' id='word_1_846' title='bbox 1543 5574 1707 5629; x_wconf 89' lang='lat' dir='ltr'><strong>debet</strong></span> <span class='ocrx_word' id='word_1_847' title='bbox 1748 5572 1915 5645; x_wconf 84' lang='lat' dir='ltr'><strong>etiam</strong></span> 
     </span>
    </p>
   </div>
   <div class='ocr_carea' id='block_1_115' title="bbox 325 5642 1915 5713">
    <p class='ocr_par' dir='ltr' id='par_1_115' title="bbox 325 5642 1915 5713">
     <span class='ocr_line' id='line_1_116' title="bbox 325 5642 1915 5713; baseline 0.001 -15"><span class='ocrx_word' id='word_1_848' title='bbox 325 5642 628 5698; x_wconf 83' lang='lat' dir='ltr'><strong>sobrietate</strong></span> <span class='ocrx_word' id='word_1_849' title='bbox 674 5643 1021 5713; x_wconf 58' lang='lat' dir='ltr'><strong>praecellere,</strong></span> <span class='ocrx_word' id='word_1_850' title='bbox 1065 5642 1297 5713; x_wconf 80' lang='lat' dir='ltr'><strong>eamque</strong></span> <span class='ocrx_word' id='word_1_851' title='bbox 1345 5644 1512 5699; x_wconf 90' lang='lat' dir='ltr'><strong>verbo</strong></span> <span class='ocrx_word' id='word_1_852' title='bbox 1559 5652 1614 5698; x_wconf 89' lang='lat' dir='ltr'><strong>et</strong></span> <span class='ocrx_word' id='word_1_853' title='bbox 1665 5643 1915 5713; x_wconf 83' lang='lat' dir='ltr'><strong>exemplo</strong></span> 
     </span>
    </p>
   </div>
   <div class='ocr_carea' id='block_1_116' title="bbox 327 5713 1918 5783">
    <p class='ocr_par' dir='ltr' id='par_1_116' title="bbox 327 5713 1918 5783">
     <span class='ocr_line' id='line_1_117' title="bbox 327 5713 1918 5783; baseline 0.003 -17"><span class='ocrx_word' id='word_1_854' title='bbox 327 5714 629 5783; x_wconf 70' lang='lat' dir='ltr'><strong>praedicare</strong></span> <span class='ocrx_word' id='word_1_855' title='bbox 655 5730 670 5777; x_wconf 84' lang='lat'><strong>;</strong></span> <span class='ocrx_word' id='word_1_856' title='bbox 700 5713 898 5783; x_wconf 77' lang='lat' dir='ltr'><strong>alioqui</strong></span> <span class='ocrx_word' id='word_1_857' title='bbox 924 5713 1263 5783; x_wconf 88' lang='lat' dir='ltr'><strong>periclitatur</strong></span> <span class='ocrx_word' id='word_1_858' title='bbox 1288 5715 1466 5772; x_wconf 88' lang='lat' dir='ltr'><strong>omnis</strong></span> <span class='ocrx_word' id='word_1_859' title='bbox 1492 5715 1726 5772; x_wconf 70' lang='lat' dir='ltr'><strong>cmnobii</strong></span> <span class='ocrx_word' id='word_1_860' title='bbox 1752 5714 1918 5771; x_wconf 88' lang='lat' dir='ltr'><strong>disci-</strong></span> 
     </span>
    </p>
   </div>
   <div class='ocr_carea' id='block_1_117' title="bbox 736 5828 1230 5891">
    <p class='ocr_par' dir='ltr' id='par_1_117' title="bbox 736 5828 1230 5891">
     <span class='ocr_line' id='line_1_118' title="bbox 736 5828 1230 5891; baseline 0.004 -2"><span class='ocrx_word' id='word_1_861' title='bbox 736 5830 1013 5891; x_wconf 71' lang='grc' dir='ltr'>Ριτιιοι.</span> <span class='ocrx_word' id='word_1_862' title='bbox 1064 5828 1230 5891; x_wconf 85' lang='lat' dir='ltr'><strong>CIII.</strong></span> 
     </span>
    </p>
   </div>
   <div class='ocr_carea' id='block_1_118' title="bbox 2004 4511 3593 4589">
    <p class='ocr_par' dir='ltr' id='par_1_118' title="bbox 2004 4511 3593 4589">
     <span class='ocr_line' id='line_1_119' title="bbox 2004 4511 3593 4589; baseline -0.003 -17"><span class='ocrx_word' id='word_1_863' title='bbox 2004 4518 2215 4589; x_wconf 88' lang='lat' dir='ltr'><strong>positus</strong></span> <span class='ocrx_word' id='word_1_864' title='bbox 2249 4528 2430 4571; x_wconf 87' lang='lat' dir='ltr'><strong>autem</strong></span> <span class='ocrx_word' id='word_1_865' title='bbox 2465 4528 2823 4589; x_wconf 75' lang='lat' dir='ltr'><strong>cummagna</strong></span> <span class='ocrx_word' id='word_1_866' title='bbox 2869 4511 3234 4589; x_wconf 78' lang='lat' dir='ltr'><strong>sollicitudine</strong></span> <span class='ocrx_word' id='word_1_867' title='bbox 3265 4515 3450 4589; x_wconf 78' lang='lat' dir='ltr'><strong>omnia</strong></span> <span class='ocrx_word' id='word_1_868' title='bbox 3480 4515 3593 4569; x_wconf 86' lang='lat' dir='ltr'><strong>dis-</strong></span> 
     </span>
    </p>
   </div>
   <div class='ocr_carea' id='block_1_119' title="bbox 2006 4582 3593 4656">
    <p class='ocr_par' dir='ltr' id='par_1_119' title="bbox 2006 4582 3593 4656">
     <span class='ocr_line' id='line_1_120' title="bbox 2006 4582 3593 4656; baseline 0.001 -18"><span class='ocrx_word' id='word_1_869' title='bbox 2006 4582 2214 4656; x_wconf 67' lang='lat' dir='ltr'><strong>izonens</strong></span> <span class='ocrx_word' id='word_1_870' title='bbox 2277 4594 2479 4656; x_wconf 60' lang='lat' dir='ltr'><strong>praesto</strong></span> <span class='ocrx_word' id='word_1_871' title='bbox 2511 4583 2645 4639; x_wconf 89' lang='lat' dir='ltr'><strong>facit</strong></span> <span class='ocrx_word' id='word_1_872' title='bbox 2678 4582 2941 4656; x_wconf 80' lang='lat' dir='ltr'><strong>quidquid</strong></span> <span class='ocrx_word' id='word_1_873' title='bbox 2980 4582 3192 4639; x_wconf 89' lang='lat' dir='ltr'><strong>illorum</strong></span> <span class='ocrx_word' id='word_1_874' title='bbox 3226 4585 3333 4639; x_wconf 86' lang='lat' dir='ltr'><strong>vita</strong></span> <span class='ocrx_word' id='word_1_875' title='bbox 3367 4593 3593 4656; x_wconf 81' lang='lat' dir='ltr'><strong>propter</strong></span> 
     </span>
    </p>
   </div>
   <div class='ocr_carea' id='block_1_120' title="bbox 2007 4654 3590 4725">
    <p class='ocr_par' dir='ltr' id='par_1_120' title="bbox 2007 4654 3590 4725">
     <span class='ocr_line' id='line_1_121' title="bbox 2007 4654 3590 4725; baseline -0.003 -13"><span class='ocrx_word' id='word_1_876' title='bbox 2007 4654 2436 4713; x_wconf 73' lang='lat' dir='ltr'><strong>imbecillitatem</strong></span> <span class='ocrx_word' id='word_1_877' title='bbox 2473 4656 2720 4725; x_wconf 86' lang='lat' dir='ltr'><strong>corporis</strong></span> <span class='ocrx_word' id='word_1_878' title='bbox 2756 4654 3031 4723; x_wconf 81' lang='lat' dir='ltr'><strong>postulat;</strong></span> <span class='ocrx_word' id='word_1_879' title='bbox 3064 4673 3083 4707; x_wconf 80' lang='grc' dir='ltr'><strong>ι</strong></span> <span class='ocrx_word' id='word_1_880' title='bbox 3110 4662 3167 4708; x_wconf 89' lang='lat' dir='ltr'><strong>et</strong></span> <span class='ocrx_word' id='word_1_881' title='bbox 3191 4668 3313 4725; x_wconf 88' lang='lat' dir='ltr'><strong>cap.</strong></span> <span class='ocrx_word' id='word_1_882' title='bbox 3346 4662 3382 4715; x_wconf 75' lang='lat'><strong>2</strong></span> <span class='ocrx_word' id='word_1_883' title='bbox 3416 4655 3590 4725; x_wconf 72' lang='lat' dir='ltr'><strong>Regu-</strong></span> 
     </span>
    </p>
   </div>
   <div class='ocr_carea' id='block_1_121' title="bbox 2008 4724 3591 4796">
    <p class='ocr_par' dir='ltr' id='par_1_121' title="bbox 2008 4724 3591 4796">
     <span class='ocr_line' id='line_1_122' title="bbox 2008 4724 3591 4796; baseline -0.004 -12"><span class='ocrx_word' id='word_1_884' title='bbox 2008 4728 2073 4784; x_wconf 67' lang='lat' dir='ltr'><strong>lae</strong></span> <span class='ocrx_word' id='word_1_885' title='bbox 2097 4745 2111 4782; x_wconf 91' lang='lat'><strong>:</strong></span> <span class='ocrx_word' id='word_1_886' title='bbox 2143 4744 2163 4778; x_wconf 76' lang='grc' dir='ltr'><strong>ι</strong></span> <span class='ocrx_word' id='word_1_887' title='bbox 2192 4727 2275 4782; x_wconf 84' lang='lat' dir='ltr'><strong>Ad</strong></span> <span class='ocrx_word' id='word_1_888' title='bbox 2299 4724 2646 4796; x_wconf 62' lang='lat' dir='ltr'><strong>praepositum</strong></span> <span class='ocrx_word' id='word_1_889' title='bbox 2676 4736 2858 4779; x_wconf 89' lang='lat' dir='ltr'><strong>autem</strong></span> <span class='ocrx_word' id='word_1_890' title='bbox 2881 4725 3120 4793; x_wconf 90' lang='lat' dir='ltr'><strong>pertinet</strong></span> <span class='ocrx_word' id='word_1_891' title='bbox 3143 4724 3449 4780; x_wconf 75' lang='lat' dir='ltr'><strong>sollicitudo</strong></span> <span class='ocrx_word' id='word_1_892' title='bbox 3478 4724 3591 4779; x_wconf 62' lang='lat' dir='ltr'><strong>mo-</strong></span> 
     </span>
    </p>
   </div>
   <div class='ocr_carea' id='block_1_122' title="bbox 2008 4795 3592 4864">
    <p class='ocr_par' dir='ltr' id='par_1_122' title="bbox 2008 4795 3592 4864">
     <span class='ocr_line' id='line_1_123' title="bbox 2008 4795 3592 4864; baseline -0.002 -11"><span class='ocrx_word' id='word_1_893' title='bbox 2008 4795 2334 4861; x_wconf 86' lang='lat' dir='ltr'><strong>nachorum,</strong></span> <span class='ocrx_word' id='word_1_894' title='bbox 2356 4795 2500 4849; x_wconf 88' lang='lat' dir='ltr'><strong>actio</strong></span> <span class='ocrx_word' id='word_1_895' title='bbox 2520 4809 2830 4859; x_wconf 89' lang='lat' dir='ltr'><strong>causarum,</strong></span> <span class='ocrx_word' id='word_1_896' title='bbox 2854 4810 2985 4849; x_wconf 91' lang='lat' dir='ltr'><strong>cura</strong></span> <span class='ocrx_word' id='word_1_897' title='bbox 3007 4796 3429 4864; x_wconf 87' lang='lat' dir='ltr'><strong>possessionum,</strong></span> <span class='ocrx_word' id='word_1_898' title='bbox 3452 4796 3592 4851; x_wconf 90' lang='lat' dir='ltr'><strong>satio</strong></span> 
     </span>
    </p>
   </div>
   <div class='ocr_carea' id='block_1_123' title="bbox 2009 4864 3590 4940">
    <p class='ocr_par' dir='ltr' id='par_1_123' title="bbox 2009 4864 3590 4940">
     <span class='ocr_line' id='line_1_124' title="bbox 2009 4864 3590 4940; baseline -0.002 -17"><span class='ocrx_word' id='word_1_899' title='bbox 2009 4882 2265 4940; x_wconf 81' lang='lat' dir='ltr'><strong>agrorum</strong></span> <span class='ocrx_word' id='word_1_900' title='bbox 2284 4907 2300 4930; x_wconf 94' lang='lat'><strong>,</strong></span> <span class='ocrx_word' id='word_1_901' title='bbox 2330 4865 2591 4940; x_wconf 85' lang='lat' dir='ltr'><strong>plantatio</strong></span> <span class='ocrx_word' id='word_1_902' title='bbox 2623 4873 2680 4919; x_wconf 91' lang='lat' dir='ltr'><strong>et</strong></span> <span class='ocrx_word' id='word_1_903' title='bbox 2710 4864 2925 4940; x_wconf 71' lang='lat' dir='ltr'><strong>cultura</strong></span> <span class='ocrx_word' id='word_1_904' title='bbox 2959 4868 3241 4919; x_wconf 86' lang='lat' dir='ltr'><strong>vinearum</strong></span> <span class='ocrx_word' id='word_1_905' title='bbox 3264 4905 3280 4928; x_wconf 89' lang='lat'><strong>.</strong></span> <span class='ocrx_word' id='word_1_906' title='bbox 3309 4865 3590 4940; x_wconf 78' lang='lat' dir='ltr'><strong>diligentia</strong></span> 
     </span>
    </p>
   </div>
   <div class='ocr_carea' id='block_1_124' title="bbox 2008 4932 3588 5010">
    <p class='ocr_par' dir='ltr' id='par_1_124' title="bbox 2008 4932 3588 5010">
     <span class='ocr_line' id='line_1_125' title="bbox 2008 4932 3588 5010; baseline -0.001 -17"><span class='ocrx_word' id='word_1_907' title='bbox 2008 4932 2231 5010; x_wconf 64' lang='lat' dir='ltr'><strong>gregum</strong></span> <span class='ocrx_word' id='word_1_908' title='bbox 2250 4978 2265 5004; x_wconf 97' lang='lat'><strong>,</strong></span> <span class='ocrx_word' id='word_1_909' title='bbox 2288 4932 2626 5010; x_wconf 72' lang='lat' dir='ltr'><strong>constructio</strong></span> <span class='ocrx_word' id='word_1_910' title='bbox 2646 4932 2994 5010; x_wconf 56' lang='lat' dir='ltr'><strong>ardiliciorum</strong></span> <span class='ocrx_word' id='word_1_911' title='bbox 3013 4974 3027 4999; x_wconf 94' lang='lat'><strong>,</strong></span> <span class='ocrx_word' id='word_1_912' title='bbox 3054 4949 3191 5010; x_wconf 82' lang='lat' dir='ltr'><strong>opus</strong></span> <span class='ocrx_word' id='word_1_913' title='bbox 3217 4932 3588 5010; x_wconf 70' lang='lat' dir='ltr'><strong>cuniculario-</strong></span> 
     </span>
    </p>
   </div>
   <div class='ocr_carea' id='block_1_125' title="bbox 2011 5003 3592 5075">
    <p class='ocr_par' dir='ltr' id='par_1_125' title="bbox 2011 5003 3592 5075">
     <span class='ocr_line' id='line_1_126' title="bbox 2011 5003 3592 5075; baseline -0.003 -10"><span class='ocrx_word' id='word_1_914' title='bbox 2011 5003 2135 5064; x_wconf 68' lang='grc' dir='ltr'>ξιιιῆ</span> <span class='ocrx_word' id='word_1_915' title='bbox 2167 5008 2281 5064; x_wconf 86' lang='lat' dir='ltr'><strong>sive</strong></span> <span class='ocrx_word' id='word_1_916' title='bbox 2318 5005 2618 5061; x_wconf 87' lang='lat' dir='ltr'><strong>fabrorum.</strong></span> <span class='ocrx_word' id='word_1_917' title='bbox 2652 5023 2670 5056; x_wconf 82' lang='grc' dir='ltr'><strong>ι</strong></span> <span class='ocrx_word' id='word_1_918' title='bbox 2703 5004 2781 5059; x_wconf 88' lang='lat' dir='ltr'><strong>ita</strong></span> <span class='ocrx_word' id='word_1_919' title='bbox 2820 5004 2878 5058; x_wconf 89' lang='lat' dir='ltr'><strong>S.</strong></span> <span class='ocrx_word' id='word_1_920' title='bbox 2912 5003 3229 5075; x_wconf 76' lang='lat' dir='ltr'><strong>Libertinos</strong></span> <span class='ocrx_word' id='word_1_921' title='bbox 3263 5003 3592 5075; x_wconf 61' lang='lat' dir='ltr'><strong>praepositus</strong></span> 
     </span>
    </p>
   </div>
   <div class='ocr_carea' id='block_1_126' title="bbox 2012 5074 3595 5145">
    <p class='ocr_par' dir='ltr' id='par_1_126' title="bbox 2012 5074 3595 5145">
     <span class='ocr_line' id='line_1_127' title="bbox 2012 5074 3595 5145; baseline -0.003 -9"><span class='ocrx_word' id='word_1_922' title='bbox 2012 5078 2329 5136; x_wconf 86' lang='lat' dir='ltr'><strong>monasterii</strong></span> <span class='ocrx_word' id='word_1_923' title='bbox 2390 5075 2696 5131; x_wconf 89' lang='lat' dir='ltr'><strong>Fundensis</strong></span> <span class='ocrx_word' id='word_1_924' title='bbox 2747 5074 3023 5145; x_wconf 77' lang='lat' dir='ltr'><strong>exteriora</strong></span> <span class='ocrx_word' id='word_1_925' title='bbox 3054 5074 3299 5145; x_wconf 59' lang='lat' dir='ltr'><strong>negotia</strong></span> <span class='ocrx_word' id='word_1_926' title='bbox 3359 5074 3595 5131; x_wconf 80' lang='lat' dir='ltr'><strong>admini-</strong></span> 
     </span>
    </p>
   </div>
   <div class='ocr_carea' id='block_1_127' title="bbox 2012 5143 3590 5217">
    <p class='ocr_par' dir='ltr' id='par_1_127' title="bbox 2012 5143 3590 5217">
     <span class='ocr_line' id='line_1_128' title="bbox 2012 5143 3590 5217; baseline -0.002 -14"><span class='ocrx_word' id='word_1_927' title='bbox 2012 5150 2258 5215; x_wconf 85' lang='lat' dir='ltr'><strong>strahat,</strong></span> <span class='ocrx_word' id='word_1_928' title='bbox 2300 5157 2363 5203; x_wconf 90' lang='lat' dir='ltr'><strong>ut</strong></span> <span class='ocrx_word' id='word_1_929' title='bbox 2400 5148 2586 5217; x_wconf 82' lang='lat' dir='ltr'><strong>videre</strong></span> <span class='ocrx_word' id='word_1_930' title='bbox 2621 5153 2709 5217; x_wconf 86' lang='lat' dir='ltr'><strong>est</strong></span> <span class='ocrx_word' id='word_1_931' title='bbox 2746 5146 2888 5214; x_wconf 88' lang='lat' dir='ltr'><strong>apud</strong></span> <span class='ocrx_word' id='word_1_932' title='bbox 2932 5143 2992 5199; x_wconf 87' lang='lat' dir='ltr'><strong>S.</strong></span> <span class='ocrx_word' id='word_1_933' title='bbox 3036 5143 3390 5217; x_wconf 82' lang='lat' dir='ltr'><strong>Gregorium,</strong></span> <span class='ocrx_word' id='word_1_934' title='bbox 3431 5147 3527 5201; x_wconf 80' lang='lat' dir='ltr'><strong>lin.</strong></span> <span class='ocrx_word' id='word_1_935' title='bbox 3575 5163 3590 5200; x_wconf 92' lang='grc' dir='ltr'><strong>ι</strong></span> 
     </span>
    </p>
   </div>
   <div class='ocr_carea' id='block_1_128' title="bbox 2013 5216 3591 5289">
    <p class='ocr_par' dir='ltr' id='par_1_128' title="bbox 2013 5216 3591 5289">
     <span class='ocr_line' id='line_1_129' title="bbox 2013 5216 3591 5289; baseline -0.004 -13"><span class='ocrx_word' id='word_1_936' title='bbox 2013 5221 2189 5286; x_wconf 88' lang='lat' dir='ltr'><strong>Dial.,</strong></span> <span class='ocrx_word' id='word_1_937' title='bbox 2233 5234 2352 5289; x_wconf 87' lang='lat' dir='ltr'><strong>cap.</strong></span> <span class='ocrx_word' id='word_1_938' title='bbox 2400 5217 2456 5271; x_wconf 75' lang='grc'><strong>2.</strong></span> <span class='ocrx_word' id='word_1_939' title='bbox 2506 5216 2602 5271; x_wconf 84' lang='lat' dir='ltr'><strong>llis</strong></span> <span class='ocrx_word' id='word_1_940' title='bbox 2646 5216 2888 5289; x_wconf 82' lang='lat' dir='ltr'><strong>intentus</strong></span> <span class='ocrx_word' id='word_1_941' title='bbox 2926 5224 3048 5272; x_wconf 89' lang='lat' dir='ltr'><strong>erat</strong></span> <span class='ocrx_word' id='word_1_942' title='bbox 3073 5217 3431 5289; x_wconf 52' lang='lat' dir='ltr'><strong>praepositus,</strong></span> <span class='ocrx_word' id='word_1_943' title='bbox 3464 5217 3591 5272; x_wconf 85' lang='lat' dir='ltr'><strong>dum</strong></span> 
     </span>
    </p>
   </div>
   <div class='ocr_carea' id='block_1_129' title="bbox 2015 5286 3071 5357">
    <p class='ocr_par' dir='ltr' id='par_1_129' title="bbox 2015 5286 3071 5357">
     <span class='ocr_line' id='line_1_130' title="bbox 2015 5286 3071 5357; baseline -0.007 -11"><span class='ocrx_word' id='word_1_944' title='bbox 2015 5292 2185 5346; x_wconf 90' lang='lat' dir='ltr'><strong>abbas</strong></span> <span class='ocrx_word' id='word_1_945' title='bbox 2216 5286 2522 5357; x_wconf 78' lang='lat' dir='ltr'><strong>animarum</strong></span> <span class='ocrx_word' id='word_1_946' title='bbox 2551 5286 2800 5357; x_wconf 88' lang='lat' dir='ltr'><strong>regimini</strong></span> <span class='ocrx_word' id='word_1_947' title='bbox 2830 5294 3071 5357; x_wconf 81' lang='lat' dir='ltr'><strong>vacaret.</strong></span> 
     </span>
    </p>
   </div>
   <div class='ocr_carea' id='block_1_130' title="bbox 2094 5354 3597 5414">
    <p class='ocr_par' dir='ltr' id='par_1_130' title="bbox 2094 5354 3597 5414">
     <span class='ocr_line' id='line_1_131' title="bbox 2094 5354 3597 5414; baseline -0.001 0"><span class='ocrx_word' id='word_1_948' title='bbox 2094 5363 2108 5401; x_wconf 79' lang='grc' dir='ltr'><strong>ί</strong></span> <span class='ocrx_word' id='word_1_949' title='bbox 2154 5354 2666 5414; x_wconf 76' lang='lat' dir='ltr'><strong>Excommunicandi</strong></span> <span class='ocrx_word' id='word_1_950' title='bbox 2702 5372 2940 5410; x_wconf 84' lang='lat' dir='ltr'><strong>causam.</strong></span> <span class='ocrx_word' id='word_1_951' title='bbox 2987 5356 3161 5412; x_wconf 87' lang='lat' dir='ltr'><strong>Causa</strong></span> <span class='ocrx_word' id='word_1_952' title='bbox 3196 5356 3300 5412; x_wconf 91' lang='lat' dir='ltr'><strong>hoc</strong></span> <span class='ocrx_word' id='word_1_953' title='bbox 3347 5354 3465 5412; x_wconf 72' lang='lat' dir='ltr'><strong>loco</strong></span> <span class='ocrx_word' id='word_1_954' title='bbox 3512 5365 3597 5412; x_wconf 88' lang='lat' dir='ltr'><strong>est</strong></span> 
     </span>
    </p>
   </div>
   <div class='ocr_carea' id='block_1_131' title="bbox 2089 5425 3595 5497">
    <p class='ocr_par' dir='ltr' id='par_1_131' title="bbox 2089 5425 3595 5497">
     <span class='ocr_line' id='line_1_132' title="bbox 2089 5425 3595 5497; baseline -0.004 -10"><span class='ocrx_word' id='word_1_955' title='bbox 2089 5439 2295 5495; x_wconf 89' lang='lat' dir='ltr'><strong>testas,</strong></span> <span class='ocrx_word' id='word_1_956' title='bbox 2332 5426 2584 5483; x_wconf 85' lang='lat' dir='ltr'><strong>facultas.</strong></span> <span class='ocrx_word' id='word_1_957' title='bbox 2621 5425 2679 5481; x_wconf 84' lang='grc' dir='ltr'><strong>ιιι</strong></span> <span class='ocrx_word' id='word_1_958' title='bbox 2712 5435 2862 5496; x_wconf 84' lang='lat' dir='ltr'><strong>patet</strong></span> <span class='ocrx_word' id='word_1_959' title='bbox 2896 5442 2964 5483; x_wconf 79' lang='lat' dir='ltr'><strong>ex</strong></span> <span class='ocrx_word' id='word_1_960' title='bbox 2999 5426 3058 5481; x_wconf 90' lang='lat' dir='ltr'><strong>S.</strong></span> <span class='ocrx_word' id='word_1_961' title='bbox 3096 5426 3333 5491; x_wconf 81' lang='lat' dir='ltr'><strong>Isidoro,</strong></span> <span class='ocrx_word' id='word_1_962' title='bbox 3371 5442 3491 5497; x_wconf 87' lang='lat' dir='ltr'><strong>cap.</strong></span> <span class='ocrx_word' id='word_1_963' title='bbox 3526 5427 3595 5485; x_wconf 79' lang='lat' dir='ltr'><strong>l8</strong></span> 
     </span>
    </p>
   </div>
   <div class='ocr_carea' id='block_1_132' title="bbox 2015 5447 3594 5572">
    <p class='ocr_par' dir='ltr' id='par_1_132' title="bbox 2015 5447 3594 5572">
     <span class='ocr_line' id='line_1_133' title="bbox 2089 5447 3594 5497; baseline -0.004 -10"><span class='ocrx_word' id='word_1_964' title='bbox 2089 5447 2295 5495; x_wconf 72' lang='lat' dir='ltr'><strong>wsws,</strong></span> <span class='ocrx_word' id='word_1_965' title='bbox 2332 5447 2584 5483; x_wconf 77' lang='lat' dir='ltr'><strong>lacunas.</strong></span> <span class='ocrx_word' id='word_1_966' title='bbox 2621 5447 2679 5481; x_wconf 80' lang='grc' dir='ltr'><strong>ιιι</strong></span> <span class='ocrx_word' id='word_1_967' title='bbox 2712 5447 2862 5496; x_wconf 78' lang='lat' dir='ltr'><strong>patet</strong></span> <span class='ocrx_word' id='word_1_968' title='bbox 2896 5447 2964 5483; x_wconf 79' lang='lat' dir='ltr'><strong>ex</strong></span> <span class='ocrx_word' id='word_1_969' title='bbox 2999 5447 3058 5481; x_wconf 69' lang='grc' dir='ltr'><strong>ὗ.</strong></span> <span class='ocrx_word' id='word_1_970' title='bbox 3096 5447 3333 5491; x_wconf 68' lang='grc' dir='ltr'>ιδιιιοΐιι,</span> <span class='ocrx_word' id='word_1_971' title='bbox 3371 5447 3491 5497; x_wconf 84' lang='lat' dir='ltr'><strong>cap.</strong></span> <span class='ocrx_word' id='word_1_972' title='bbox 3526 5447 3594 5485; x_wconf 81' lang='grc' dir='ltr'><strong>ιδ</strong></span> 
     </span>
     <span class='ocr_line' id='line_1_134' title="bbox 2015 5447 3594 5572; baseline -0.004 -16"><span class='ocrx_word' id='word_1_973' title='bbox 2015 5447 2270 5572; x_wconf 46' lang='lat' dir='ltr'><strong>regula,</strong></span> <span class='ocrx_word' id='word_1_974' title='bbox 2306 5499 2399 5553; x_wconf 87' lang='lat' dir='ltr'><strong>ubi</strong></span> <span class='ocrx_word' id='word_1_975' title='bbox 2437 5498 2951 5572; x_wconf 71' lang='lat' dir='ltr'><strong>idean_coustituens</strong></span> <span class='ocrx_word' id='word_1_976' title='bbox 2987 5498 3063 5552; x_wconf 93' lang='lat' dir='ltr'><strong>ait</strong></span> <span class='ocrx_word' id='word_1_977' title='bbox 3099 5514 3112 5551; x_wconf 92' lang='lat'><strong>:</strong></span> <span class='ocrx_word' id='word_1_978' title='bbox 3149 5516 3168 5547; x_wconf 77' lang='grc' dir='ltr'><strong>ι</strong></span> <span class='ocrx_word' id='word_1_979' title='bbox 3204 5496 3594 5572; x_wconf 78' lang='lat' dir='ltr'><strong>Excommuni-</strong></span> 
     </span>
    </p>
   </div>
   <div class='ocr_carea' id='block_1_133' title="bbox 2017 5567 3599 5641">
    <p class='ocr_par' dir='ltr' id='par_1_133' title="bbox 2017 5567 3599 5641">
     <span class='ocr_line' id='line_1_135' title="bbox 2017 5567 3599 5641; baseline -0.003 -14"><span class='ocrx_word' id='word_1_980' title='bbox 2017 5567 2178 5627; x_wconf 71' lang='lat' dir='ltr'><strong>canui</strong></span> <span class='ocrx_word' id='word_1_981' title='bbox 2222 5576 2548 5641; x_wconf 73' lang='lat' dir='ltr'><strong>potestatem</strong></span> <span class='ocrx_word' id='word_1_982' title='bbox 2595 5567 2838 5641; x_wconf 73' lang='lat' dir='ltr'><strong>habeant</strong></span> <span class='ocrx_word' id='word_1_983' title='bbox 2879 5568 3038 5641; x_wconf 83' lang='lat' dir='ltr'><strong>Pater</strong></span> <span class='ocrx_word' id='word_1_984' title='bbox 3083 5567 3434 5641; x_wconf 62' lang='lat' dir='ltr'><strong>monasterii,</strong></span> <span class='ocrx_word' id='word_1_985' title='bbox 3480 5567 3599 5624; x_wconf 82' lang='lat' dir='ltr'><strong>sive</strong></span> 
     </span>
    </p>
   </div>
   <div class='ocr_carea' id='block_1_134' title="bbox 2056 5637 3594 5711">
    <p class='ocr_par' dir='ltr' id='par_1_134' title="bbox 2056 5637 3594 5711">
     <span class='ocr_line' id='line_1_136' title="bbox 2056 5637 3594 5711; baseline -0.003 -13"><span class='ocrx_word' id='word_1_986' title='bbox 2056 5637 2362 5711; x_wconf 47' lang='lat' dir='ltr'><strong>nepos—itus.</strong></span> <span class='ocrx_word' id='word_1_987' title='bbox 2394 5658 2414 5692; x_wconf 78' lang='grc' dir='ltr'><strong>ι</strong></span> <span class='ocrx_word' id='word_1_988' title='bbox 2447 5638 2548 5694; x_wconf 86' lang='lat' dir='ltr'><strong>Ubi</strong></span> <span class='ocrx_word' id='word_1_989' title='bbox 2596 5639 2740 5707; x_wconf 91' lang='lat' dir='ltr'><strong>quod</strong></span> <span class='ocrx_word' id='word_1_990' title='bbox 2789 5638 2925 5711; x_wconf 53' lang='lat' dir='ltr'><strong>diuit</strong></span> <span class='ocrx_word' id='word_1_991' title='bbox 2969 5654 3186 5693; x_wconf 86' lang='lat' dir='ltr'><strong>causam</strong></span> <span class='ocrx_word' id='word_1_992' title='bbox 3228 5637 3594 5707; x_wconf 76' lang='lat' dir='ltr'><strong>Fructuosus,</strong></span> 
     </span>
    </p>
   </div>
   <div class='ocr_carea' id='block_1_135' title="bbox 2017 5658 2961 5780">
    <p class='ocr_par' dir='ltr' id='par_1_135' title="bbox 2017 5658 2961 5780">
     <span class='ocr_line' id='line_1_137' title="bbox 2056 5658 2925 5711; baseline -0.007 -13"><span class='ocrx_word' id='word_1_993' title='bbox 2056 5658 2362 5711; x_wconf 66' lang='grc' dir='ltr'><strong>Γαδροδιιυε.</strong></span> <span class='ocrx_word' id='word_1_994' title='bbox 2394 5658 2414 5692; x_wconf 73' lang='grc'><strong>1</strong></span> <span class='ocrx_word' id='word_1_995' title='bbox 2449 5658 2548 5694; x_wconf 86' lang='grc' dir='ltr'><strong>υυι</strong></span> <span class='ocrx_word' id='word_1_996' title='bbox 2596 5658 2740 5707; x_wconf 85' lang='lat' dir='ltr'><strong>quoa</strong></span> <span class='ocrx_word' id='word_1_997' title='bbox 2789 5658 2925 5693; x_wconf 74' lang='grc' dir='ltr'>(ιιιιιι</span> 
     </span>
     <span class='ocr_line' id='line_1_138' title="bbox 2017 5658 2961 5780; baseline -0.005 -12"><span class='ocrx_word' id='word_1_998' title='bbox 2017 5658 2081 5769; x_wconf 60' lang='grc' dir='ltr'><strong>ἓ.</strong></span> <span class='ocrx_word' id='word_1_999' title='bbox 2113 5710 2351 5770; x_wconf 78' lang='lat' dir='ltr'><strong>isidorus</strong></span> <span class='ocrx_word' id='word_1_1000' title='bbox 2376 5717 2682 5780; x_wconf 83' lang='lat' dir='ltr'><strong>potestatem</strong></span> <span class='ocrx_word' id='word_1_1001' title='bbox 2712 5709 2961 5780; x_wconf 83' lang='lat' dir='ltr'><strong>appellat.</strong></span> 
     </span>
    </p>
   </div>
   <div class='ocr_carea' id='block_1_136' title="bbox 3121 5828 3197 5888">
    <p class='ocr_par' dir='ltr' id='par_1_136' title="bbox 3121 5828 3197 5888">
     <span class='ocr_line' id='line_1_139' title="bbox 3121 5828 3197 5888; baseline 0.013 -1"><span class='ocrx_word' id='word_1_1002' title='bbox 3121 5828 3197 5888; x_wconf 89' lang='lat'><strong>30</strong></span> 
     </span>
    </p>
   </div>
  </div>
