3940 6196
452 313 558 367 9ἱῦ

1460 302 1517 357 S.
1556 301 1922 358 BENEDICTI
1957 299 2252 357 ΑΒΒ,ιΤ18
2290 300 2705 358 ΑΝΙΑΝΕΝΒΙΒ
3577 313 3662 366 ε]ίὶ

445 435 754 479 mensuram
792 428 1138 480 sanctorum;
1169 427 1196 455 ι
1230 428 1335 468 non
1381 414 1688 468 inveniatur
1716 414 1770 467 in
1805 411 2035 467 excelsis
2062 414 2114 474 Α
2139 410 2401 481 despiciat
2429 424 2522 466 eos
2543 412 2634 481 qui
2672 410 2916 481 indigent
2954 412 3346 481 misericordia,
3377 432 3470 472 nec
3491 419 3668 480 deserat

447 514 714 572 cubilibus
740 511 956 567 imitans
980 520 1186 561 morem
1215 503 1495 574 gentilium
1522 520 1537 567 ;
1576 518 1683 557 non
1706 502 1782 561 sit
1809 502 2036 573 duplicis

450 607 613 671 ﬁdei;
653 619 758 659 non
792 608 1052 669 sequatur
1071 596 1253 652 cordis
1291 595 1374 650 sui
1419 594 1810 666 cogitationes,
1842 594 1934 648 sed
1962 593 2039 647 lc-

447 713 567 771 gem
594 696 728 757 Dei;
768 706 872 746 non
912 688 1133 743 resistat
1158 685 1564 741 sublimioribus
1599 684 1823 739 tumenti
1857 683 2037 738 animo

445 786 822 859 potestatibus,
840 782 866 820 δ
884 795 949 835 ne
978 777 1217 833 refrenet
1244 791 1379 831 neve
1396 787 1417 814 ο
1452 775 1666 831 binniat
1693 774 1720 815 ἀ
1751 774 1922 829 iratus
1947 789 2035 828 su-

446 893 543 947 per
574 873 913 935 humiliores,
940 883 1116 937 neque
1139 865 1431 920 transferat
1460 866 1720 919 terminos
1744 875 1766 903 ε
1783 863 2031 934 Regulze;

446 983 553 1023 non
601 967 672 1021 sit
709 961 1099 1023 fraudulentus,
1145 972 1320 1026 neque
1366 955 1419 1009 in
1458 955 1876 1025 cogitationibus
1922 955 2038 1009 suis

445 1068 629 1116 verset
669 1056 858 1119 dolos;
901 1069 1009 1107 non
1045 1048 1280 1123 negligat
1323 1056 1605 1118 peccatum
1647 1041 1842 1102 animae
1885 1061 2033 1111 sum;

446 1166 555 1203 non
583 1149 834 1201 vincatur
860 1143 1041 1199 carnis
1067 1140 1317 1204 luxuria;
1360 1152 1464 1191 non
1497 1136 1733 1190 ambulet
1763 1137 2033 1207 negligen-

447 1250 531 1295 ter
556 1258 569 1305 ;
600 1256 707 1294 non
730 1238 981 1306 loquatur
1008 1233 1230 1287 verbum
1253 1231 1486 1285 otiosum
1513 1245 1527 1294 ;
1557 1244 1661 1283 non
1690 1236 1858 1298 ponat
1886 1242 2040 1282 scan-

447 1330 632 1386 dalum
676 1336 801 1383 ante
851 1326 1015 1395 pedes
1050 1322 1215 1385 casei;
1269 1320 1287 1359 ί
1340 1336 1444 1373 non
1487 1320 1680 1373 doceat
1709 1317 2038 1373 voluntatem

448 1422 685 1476 animam
731 1432 923 1481 suam;
978 1429 1086 1469 non
1137 1411 1440 1467 resolvatur
1482 1411 1594 1464 risu
1643 1408 1931 1463 stultorum
1976 1423 2040 1463 ac

442 1513 596 1584 joco;
623 1526 729 1565 non
754 1508 1000 1579 capiatur
1025 1521 1120 1560 cor
1146 1502 1263 1571 ejus
1288 1502 1357 1557 ab
1384 1502 1465 1556 eis
1486 1500 1579 1570 qui
1611 1500 1790 1569 inepta
1815 1499 2041 1568 loquun—

450 1616 538 1660 tur
567 1611 625 1656 et
647 1599 862 1665 dulcia;
902 1612 1009 1652 non
1052 1596 1300 1649 vincatur
1333 1589 1689 1655 muneribus;
1724 1592 1750 1630 ε
1778 1601 1888 1644 non
1918 1604 2043 1659 par—

450 1693 698 1749 vulorum
724 1703 977 1747 sermone
998 1688 1264 1750 ducatur;
1305 1699 1413 1737 non
1455 1682 1672 1737 deﬁciat
1717 1682 1772 1734 in
1818 1679 2041 1736 tribula-

2133 501 2397 569 jnstitiam
2441 511 2663 571 propter
2696 500 3105 568 lassitudinem;
3153 519 3219 558 ne
3259 506 3440 575 perdat
3469 510 3665 573 animam

2139 606 2291 645 suam
2320 598 2542 660 pr0pter
2567 589 2968 656 verecundiam,
3005 605 3105 646 nec
3131 595 3372 664 respiciat
3393 595 3543 667 dapes
3574 598 3671 656 lau.

2140 679 2295 734 tioris
2322 694 2521 735 mensa:
2540 720 2555 745 ,
2590 694 2690 735 nec
2717 679 2941 749 pulchra
2969 680 3286 737 vestimenta
3307 685 3570 754 desideret,
3588 704 3671 748 nec

2139 785 2197 825 se
2224 771 2479 842 negligat,
2510 772 2605 826 sed
2631 770 2886 839 dijudicct
2911 774 3263 844 cogitationes
3286 791 3433 842 suas;
3465 795 3560 835 non
3580 781 3672 837 ine-

2137 863 2349 917 brietur
2371 862 2515 928 vino,
2548 863 2643 918 sed
2670 863 2961 919 humilitati
3001 865 3246 935 junctam
3291 868 3479 924 habeat
3505 872 3672 927 verita-

2138 964 2269 1010 tem.
2301 956 2327 996 Ιι
2359 955 2587 1023 Quando
2607 955 2829 1025 iudicat,
2872 966 3131 1026 sequatur
3165 969 3420 1030 praecepta
3448 963 3675 1032 majorum

2136 1056 2192 1104 et
2217 1048 2391 1119 legem
2418 1050 2536 1115 Dei,
2562 1064 2683 1119 qua:
2716 1049 2767 1103 in
2804 1057 2919 1104 toto
2942 1051 3074 1104 orbe
3096 1051 3381 1120 praedicata
3402 1061 3492 1107 est.

2569 1141 2597 1214 §
2635 1141 2724 1196 IX.
2756 1172 2830 1182 —
2854 1141 2990 1196 Item
3021 1144 3278 1214 ejusdem.

2212 1233 2229 1273 ι
2265 1233 2330 1288 Hi
2358 1235 2539 1304 itaque
2563 1234 2759 1304 quibus
2790 1235 3075 1306 disciplina
3095 1276 3109 1301 ,
3140 1236 3225 1290 vel
3254 1237 3480 1305 utilitas,
3504 1242 3581 1296 vel
3600 1244 3677 1298 ob-

2138 1323 2385 1392 sequium
2432 1323 2747 1378 monasterii
2795 1324 3071 1390 creditur,
3125 1326 3297 1382 ofﬁcia
3340 1329 3435 1384 sibi
3478 1330 3677 1402 iniuncta

2140 1412 2371 1468 ﬁ-Eeliter
2403 1414 2710 1469 custodiant
2730 1423 2785 1469 et
2806 1413 3082 1485 impleant.
3110 1414 3223 1471 Hos
3246 1418 3384 1472 enim
3408 1433 3575 1475 errare
3592 1438 3679 1476 non

2139 1505 2314 1568 decet,
2347 1504 2439 1575 qui
2480 1506 2547 1559 ad
2575 1521 2767 1561 omnes
2804 1520 3022 1561 errores
3049 1507 3411 1564 emendandos
3446 1513 3677 1581 praepositi

2140 1605 2284 1652 sunt.
2314 1596 2417 1664 Qui
2446 1597 2493 1652 si
2517 1597 2603 1651 vel
2632 1598 2905 1668 superbia,
2931 1596 3011 1653 vel
3041 1597 3383 1670 negligentia,
3412 1601 3491 1656 vel
3511 1601 3681 1657 desidia

2142 1689 2319 1765 aliqua
2344 1704 2412 1744 ex
2432 1690 2519 1744 bis
2536 1689 2983 1760 praetermiserim
3007 1705 3129 1760 quae
3150 1689 3211 1745 in
3233 1689 3430 1762 Regula
3444 1692 3683 1767 conﬁnem

449 1787 630 1850 tione;
660 1798 769 1837 non
802 1780 991 1834 timeat
1016 1785 1248 1832 mortem
1269 1813 1287 1841 ,
1326 1774 1422 1828 sed
1452 1774 1657 1838 Deum;
1692 1787 1799 1827 non
1833 1787 2039 1841 prteva-
2067 1762 2114 1820 Β
2144 1762 2231 1835 tur
2251 1823 2266 1848 ,
2300 1793 2340 1821 ιιι
2366 1796 2465 1852 per
2507 1782 2653 1851 ipsos
2682 1781 2981 1836 destructio
3020 1795 3140 1836 esse
3189 1782 3411 1852 coeperit
3451 1762 3542 1853 per
3572 1797 3684 1852 quos

449 1877 654 1932 ricator
678 1873 750 1929 sit
766 1878 989 1943 propter
1018 1867 1392 1922 imminentem
1415 1865 1663 1919 timorem
1685 1863 1740 1930 ;lI
1758 1879 1864 1920 non
1883 1864 2042 1919 relin-

449 1980 580 2043 quat
600 1986 788 2027 verum
817 1969 998 2023 lumen
1025 1972 1246 2035 propter
1271 1964 1513 2019 modicos
1540 1964 1723 2029 cibos;
1754 1979 1859 2018 non
1888 1972 2041 2020 nutet

451 2078 511 2118 ac
538 2062 760 2118 ﬂuctuet
783 2060 836 2114 in
872 2057 1130 2129 operibus
1154 2055 1307 2119 suis;
1347 2069 1453 2108 non
1482 2061 1655 2108 mutet
1692 2054 2037 2119 sententiam,

451 2154 544 2210 sed
575 2152 764 2207 ﬁrmus
801 2150 872 2205 sit
910 2164 975 2203 ac
1008 2146 1165 2202 solidi
1208 2145 1435 2211 decreti,
1473 2145 1655 2216 justus
1689 2146 2042 2202 considerans

450 2252 647 2301 cuncta
670 2242 724 2296 in
753 2240 984 2303 veritate
1004 2239 1207 2308 absque
1235 2238 1474 2306 appetitu
1499 2235 1702 2308 gloriae,
1725 2235 2041 2291 manifestus

452 2336 565 2391 Deo
589 2342 644 2388 ct
671 2331 981 2387 hominibus
1016 2330 1032 2370 ί
1069 2337 1123 2384 et
1154 2343 1185 2382 a
1226 2327 1415 2383 fraude
1458 2325 1666 2396 procul.
1711 2325 1789 2381 Ne
1832 2326 2044 2395 ignoret

452 2424 915 2482 conversationem
940 2429 1275 2482 sanctorum.
1316 2435 1416 2475 nec
1443 2419 1511 2475 ad
1537 2433 1724 2473 eorum
1754 2418 2039 2473 scientiam

452 2530 666 2582 aecus;
700 2512 831 2569 nulli
878 2519 1071 2567 noceat
1115 2528 1212 2583 per
1251 2509 1590 2584 superbiam,
1635 2523 1737 2564 nec
1781 2516 2043 2579 sequatur

452 2602 919 2676 concupiscentias
944 2601 1258 2665 oculorum;
1286 2601 1569 2656 veritatem
1598 2613 1873 2669 nunquam
1899 2614 2040 2669 pra:—

453 2705 653 2761 tereat;
691 2693 866 2752 oderit
893 2690 1247 2762 iniustitiam;
1276 2691 1571 2748 secundum
1594 2705 1879 2761 personam
1904 2706 2041 2744 nun-

451 2803 615 2858 quam
633 2785 842 2856 judicet
860 2768 960 2856 pro
986 2784 1324 2849 muneribus,
1338 2798 1439 2838 nec
1460 2782 1781 2838 condemnet
1802 2780 2041 2834 animam

452 2880 797 2935 innocentem
831 2892 929 2947 per
955 2877 1284 2946 superbiam.
1327 2874 1340 2925 i
1380 2874 1499 2930 Non
1536 2875 1713 2928 rideat
1746 2873 1888 2929 inter
1909 2889 2041 2944 pue-

452 2986 566 3036 ros,
601 2985 702 3026 nec
750 2971 967 3026 deserat
1004 2969 1293 3024 veritatem
1330 2969 1526 3023 timore
1571 2976 1893 3037 superatus;
1931 2984 2040 3023 non

454 3084 556 3139 fuit
581 3080 847 3154 jejunare.
874 3080 987 3148 Qua
1020 3080 1086 3136 de
1113 3095 1173 3136 re
1202 3078 1364 3135 infra.
1404 3078 1513 3135 Sed
1540 3086 1654 3135 toto
1675 3079 1780 3134 hoc
1804 3078 2038 3147 capitqu

452 3154 750 3231 legendum.
766 3168 857 3206 nec
880 3166 981 3231 pro
1008 3166 1095 3231 ne.

529 3217 555 3265 ἱι
583 3222 707 3276 Non
731 3217 1027 3276 inveniatur
1049 3221 1105 3274 in
1131 3218 1346 3274 excelsis
1379 3217 1651 3274 cubilibus.
1677 3219 1757 3274 Ex
1788 3220 2036 3275 instituto

456 3296 514 3350 S.
538 3290 816 3347 Pachumii
848 3289 1098 3345 monachi
1128 3290 1183 3344 in
1225 3290 1378 3345 lectis
1403 3305 1509 3344 non
1541 3289 1912 3354 dormiebant,
1942 3290 2037 3345 sed

453 3366 512 3419 in
533 3363 666 3419 sella
696 3362 994 3431 reclinaiet
1031 3359 1242 3431 supina,
1274 3367 1335 3414 ut
1364 3361 1594 3415 habetur
1630 3368 1733 3413 art.
1762 3359 1796 3431 5
1822 3359 2039 3431 Regulae

456 3436 515 3492 S.
541 3433 821 3490 Pachumii
845 3450 859 3486 :
902 3430 1034 3502 Non
1048 3430 1276 3502 dormiat
1299 3431 1417 3502 quis
1441 3440 1632 3502 prato:
1666 3429 1919 3502 reclinant
1940 3430 2040 3502 sel-

454 3506 581 3561 lam.
628 3504 695 3559 Et
738 3503 889 3573 apud
924 3499 1256 3573 Palladium,
1304 3498 1537 3573 capgde
1587 3498 2036 3573 Tabennesiotis:

458 3570 845 3632 Καθευδὲτωᾶαν
871 3572 923 3628 δέ
945 3577 1014 3641 μή
1039 3572 1420 3642 ὼακλινόμενοι,
1455 3571 1580 3625 ἀλλὰ
1612 3570 1815 3693 θέὀνους
1850 3570 2037 3626 οἰκοδο·

461 3649 649 3693 ωητοὺε
674 3646 1025 3693 (inueniam):
1064 3645 1422 3693 πεποιηκότες.
1464 3644 1545 3693 καὶ
1583 3642 1631 3693 ἐν
1664 3642 1799 3693 ἄντες
1841 3644 1942 3693 ἐκεῖ
1973 3644 2037 3693 τᾶ

459 3649 649 3714 putuit;
674 3646 1025 3717 {inuestigatis
1059 3645 1422 3717 ςπετξφιηκότεςν
1464 3644 1545 3717 ἔπαλ
1583 3642 1799 3717 δνθένξτξς
1841 3644 2041 3717 ἕκηλά

457 3709 741 3790 ὀτρὼμᾳτα
767 3709 964 3790 {nutrim-
985 3709 1370 3790 zaetodirmoau
1395 3712 1691 3790 κειριρμιειοουΔ
1709 3710 1764 3765 id
1791 3719 1896 3790 θξι,
1924 3711 2041 3790 Non

460 3781 897 3841 ve'ro'dormiant
934 3781 1339 3847 decumbentes,
1371 3783 1465 3838 sed
1495 3782 1549 3835 in
1578 3782 1872 3837 exstructis
1895 3782 2043 3851 supi-

460 3857 703 3912 nioribus
752 3853 1043 3918 sedilibus,
1090 3852 1463 3922 impositisque
1512 3851 1585 3906 ibi
1630 3851 1744 3907 suis
1786 3854 2044 3921 stragulis

458 3928 733 3983 dormiant
762 3923 1034 3980 sedentes.

531 3999 560 4037 δ
596 3996 678 4051 Ne
703 3993 1159 4064 τέῙιζεηεειηιιεξεςθζ
1190 4008 1294 4064 non
1338 3991 1561 4064 fremat,
1590 3990 2043 4062 quemadmodum

459 4068 689 4123 habetur
714 4060 771 4118 in
801 4060 1007 4131 Regula
1034 4060 1092 4115 S'.
1130 4060 1429 4116 Pachumii.

537 4147 558 4175 ε
594 4135 704 4189 Nec
730 4130 958 4188 hinniat.
986 4130 1150 4202 Lege,
1196 4148 1288 4185 nec
1322 4132 1493 4185 irruat
1512 4171 1528 4197 ,
1560 4138 1617 4185 ut
1646 4131 1702 4187 in
1730 4130 1936 4202 Regula
1980 4132 2039 4188 S.

460 4203 758 4263 Pachumii.

533 4274 559 4316 ὁ
591 4273 792 4327 Iratus.
828 4270 941 4326 lloc
968 4270 1286 4327 vocabulum
1315 4286 1423 4326 non
1455 4278 1635 4326 exstat
1656 4270 1710 4327 in
1741 4271 1945 4344 Regula
1979 4272 2037 4331 S.

462 4343 761 4401 Pachumii.

538 4414 823 4540 elRegultr.
852 4411 1037 4483 Neque
1069 4411 1171 4467 hoc
1196 4408 1513 4466 vocabulum
1542 4419 1626 4467 est
1659 4412 1713 4466 in
1742 4411 1947 4483 Regula
1979 4412 2037 4469 S.

541 4502 568 4540 c
592 4502 760 4539 nomn.

462 4485 760 4543 Pachumii.

539 4558 556 4596 ῐ
592 4555 711 4610 Νοη
735 4554 920 4608 doceat
951 4551 1266 4606 voluntatem
1295 4551 1527 4604 animam
1549 4567 1719 4606 suam.
1752 4551 1912 4619 Lege,
1939 4570 2041 4608 non

458 4629 642 4704 doceat
667 4624 954 4704 voluptates
977 4622 1207 4675 animam
1235 4637 1408 4704 suam,
1434 4630 1493 4674 ut
1521 4620 1573 4674 in
1600 4621 1790 4704 eadem
1814 4620 2039 4704 Regula.

536 4701 562 4737 8
594 4695 714 4774 Non
743 4690 1088 4774 perculerunt
1107 4706 1344 4773 sermone
1368 4690 1613 4744 ducatur.
1651 4690 1863 4774 Optima
1893 4690 2035 4774 insti-

462 4769 618 4822 tutio.
651 4761 786 4820 Nam
816 4762 1048 4831 pessima
1077 4761 1188 4815 haec
1217 4768 1302 4815 est
1332 4762 1384 4815 in
1422 4761 1750 4816 monasterio
1774 4764 1959 4830 pestis,
1990 4771 2045 4818 et

463 4839 619 4892 unica
655 4833 955 4903 disciplinae
975 4831 1305 4903 corruptela,
1336 4846 1458 4885 cum
1482 4831 1754 4903 praelatus,
1782 4832 1867 4886 cui
1904 4831 2044 4888 ﬁxus

460 4917 544 4962 est
571 4900 813 4967 animus,
833 4902 986 4957 clavo
1013 4901 1279 4971 cupidinis
1313 4900 1621 4969 procacium
1651 4916 1941 4970 puerorum
1962 4903 2041 4958 le-

460 4978 749 5033 nocinatur
780 4972 1082 5037 affectibus,
1117 4980 1366 5041 totusque
1393 4986 1424 5024 a
1448 4979 1699 5041 proterva
1726 4987 1914 5027 eorum
1943 4973 2044 5026 lin-

461 5053 566 5117 gua
591 5044 1066 5118 sycophantiisque
1094 5042 1310 5111 pendet.
1339 5041 1492 5118 :l‘une
1519 5041 1662 5118 enim
1693 5042 1843 5118 pueri
1875 5042 2045 5118 impe-

466 5110 920 5181 "mammam
965 5110 1054 5168 ille
1096 5110 1285 5167 eorum
1334 5110 1505 5181 forma
1555 5110 2041 5180 incapistratus'in

465 5179 710 5259 quamvis
735 5182 1238 5259 partein_volucrint
1261 5181 1357 5259 illi,
1387 5179 1621 5259 ﬂectitur
1639 5183 1973 5259 revenitque
1991 5184 2041 5239 ei

462 5250 515 5312 et
545 5250 829 5312 conventui
876 5253 1146 5314 universo,
1176 5252 1319 5320 quod
1356 5250 1595 5320 serpenti
1620 5250 1771 5316 olim,
1802 5250 1894 5322 qui
1926 5254 2044 5322 plus

464 5328 629 5382 nimio
658 5325 841 5380 cauda:
877 5338 988 5379 sua:
1021 5322 1311 5385 desiderio,
1343 5336 1464 5392 qum
1488 5322 1793 5392 praecedere
1827 5322 2045 5378 allecta-

464 5398 575 5459 ιω,
607 5396 906 5465 indulgens,
931 5408 1041 5448 non
1062 5409 1093 5446 a
1118 5393 1315 5465 capite,
1347 5391 1406 5446 ut
1434 5392 1661 5465 solebat,
1690 5391 1785 5447 sed
1814 5408 1843 5446 a
1871 5395 2041 5448 cauda

466 5483 606 5520 circa
631 5481 725 5534 per
746 5463 938 5535 vepres
963 5472 1018 5519 et
1054 5472 1236 5517 sentes
1248 5463 1472 5537 ductus,
1509 5463 1705 5518 misere
1729 5471 2045 5519 cruentatus

469 5538 693 5590 interiit.

537 5607 562 5645 ιι
591 5604 709 5657 Non
734 5603 987 5675 relinquat
1011 5619 1185 5658 verum
1209 5602 1382 5675 lumen
1402 5610 1611 5675 propter
1629 5602 1861 5675 modicos
1878 5600 2040 5657 cibos.

431 5674 600 5742 .Qnia
636 5674 763 5727 nihil
796 5673 903 5727 tam
937 5676 1153 5728 hebetat
1184 5674 1378 5727 mentis
1408 5673 1585 5742 aciemg
1606 5688 1765 5742 quam
1798 5673 2040 5727 ciborqu

471 5740 750 5814 ingluvies,
776 5751 831 5797 ut
856 5745 1094 5797 omittam
1117 5743 1260 5812 loqui
1287 5744 1351 5798 de
1368 5743 1537 5797 sancti
1563 5740 1796 5810 Spiritus
1818 5742 2039 5810 lumine,

2066 4455 2120 4516 D

2143 1870 2301 1927 debet
2332 1871 2620 1927 aediﬁcatio
2662 1886 2939 1938 crescere,
2985 1872 3242 1927 omnibus
3270 1882 3297 1909 ιι
3325 1873 3683 1929 condemnatio-

2140 1962 2320 2027 nibus,
2353 1977 2491 2031 quas
2521 1961 2729 2033 Regula
2758 1962 3019 2027 continet,
3054 1961 3423 2030 subiacebunt.
3572 1943 3587 1955 ’

2386 2050 2415 2124 §
2444 2052 2512 2106 Χ.
2545 2082 2615 2091 -
2638 2052 2714 2106 Ex
2740 2052 2957 2107 Renum
2987 2067 3178 2107 suun
3206 2052 3478 2109 Pacuouu.

2212 2151 2237 2179 °
2275 2142 2333 2198 Si
2358 2158 2548 2198 omnes
2576 2142 2773 2198 fratres
2801 2143 2889 2213 qui
2918 2143 2971 2197 in
2997 2158 3104 2197 una
3128 2144 3295 2199 domo
3321 2154 3458 2209 sunt,
3484 2143 3685 2199 viderint

2138 2235 2487 2306 prtepositum
2514 2233 2740 2288 nimium
2760 2233 3147 2305 negligentem,
3179 2244 3274 2289 aut
3292 2236 3419 2291 dure
3446 2236 3687 2305 increpau.

2141 2331 2249 2380 tem
2272 2327 2490 2389 lratres,
2510 2339 2820 2379 mensuram
2845 2325 3163 2380 monasterii
3196 2327 3549 2392 excedentem,
3572 2323 3686 2382 refe-

2139 2424 2265 2472 rent
2306 2416 2375 2470 ad
2403 2415 2645 2482 Patrem,
2677 2423 2732 2470 et
2774 2417 2843 2470 ab
2889 2430 2955 2471 eo
2985 2416 3376 2485 increpabitur.
3405 2417 3514 2489 Ipse
3536 2427 3685 2473 autem

2139 2508 2459 2579 praepositus
2501 2508 2637 2563 nihil
2677 2506 2873 2573 faciet,
2907 2508 3010 2563 nisi
3042 2510 3190 2573 quod
3215 2509 3373 2565 Pater
3391 2509 3615 2579 jusserit,
3642 2511 3686 2564 in

2139 2616 2201 2658 re
2219 2616 2359 2657 nova
2385 2604 2640 2658 maxime.
2670 2612 2700 2652 Ρ
2720 2601 2964 2671 Namque
2986 2618 3051 2657 ex
3080 2598 3238 2657 more
3263 2603 3487 2659 servabit
3510 2603 3686 2675 regulas

2139 2695 2474 2749 monasterii.

2210 2784 2534 2855 Praipositus
2562 2802 2671 2842 non
2691 2786 3020 2855 inebrietur;
3050 2804 3160 2843 non
3191 2790 3374 2845 sedeat
3392 2790 3443 2844 in
3466 2787 3680 2843 humilio-

2140 2876 2293 2930 ribus
2317 2874 2452 2931 locis
2470 2874 2625 2945 juxta
2655 2892 2785 2931 vasa
2806 2878 3148 2944 monasterii,
3191 2894 3258 2934 ne
3283 2887 3487 2949 rumpat
3508 2876 3685 2933 vincula

2139 2980 2259 3035 qua:
2285 2964 2428 3021 Deus
2456 2966 2510 3021 in
2541 2967 2679 3022 caalo
2709 2955 2950 3023 condidit
2971 2979 3030 3023 ut
3057 2970 3421 3025 observentur
3444 2971 3495 3025 in
3523 2969 3683 3033 terris;

2064 3115 2109 3178 Ο
2140 3080 2282 3205 good
2307 3080 2525 3163 penitus
2552 3082 2902 3137 obsoniorum
2949 3083 3373 3164 ingurgitatione
3414 3082 3683 3164 oll‘uscatur.

2187 3165 2405 3205 vannus
2433 3167 2487 3204 m
2511 3150 2847 3205 Proverbiis:
2882 3152 3258 3205 Inrestmantis
3282 3153 3503 3205 convivia
3526 3161 3683 3205 exstin-

2187 3151 2405 3222 vagrius
2433 3150 2487 3204 in
2511 3150 2847 3207 Proverbiis:
2882 3150 3258 3222 Investigantis
3282 3153 3503 3211 convivia
3526 3153 3687 3205 exstin-

2138 3222 2326 3292 guitur
2343 3220 2517 3292 lumen
2541 3238 2559 3286 ;
2597 3224 2775 3276 animo
2802 3232 2976 3292 autem
3005 3220 3119 3292 ejus
3146 3224 3340 3277 videbit
3365 3223 3599 3277 tenebras.

2218 3292 2233 3332 ί
2282 3290 2348 3344 Et
2379 3308 2414 3373 tt
2450 3291 2640 3413 {raude
2669 3291 2873 3363 procul.
2929 3290 3281 3362 Ne'ignoret.
3319 3292 3375 3348 In
3417 3292 3600 3375 Regula
3636 3290 3682 3346 S.

2219 3362 2416 3413 chomn
2469 3371 2643 3413 editur
2665 3376 2679 3413 :
2720 3361 2991 3413 Elonaans
3018 3379 3073 3413 se
3100 3381 3131 3413 a
3169 3364 3355 3413 fraude
3379 3380 3475 3413 non
3501 3372 3682 3413 tonaret.

2138 3359 2416 3433 Pachumii
2450 3359 2679 3433 legituri
2720 3361 2991 3433 Elongans
3018 3359 3131 3433 sea
3166 3364 3355 3433 fraude
3379 3380 3475 3417 non
3495 3359 3683 3433 ignoret.

2216 3429 2230 3481 i
2262 3430 2401 3502 ANon
2428 3429 2596 3486 rideat
2624 3434 2760 3485 inter
2787 3429 2995 3502 pueros.
3025 3429 3178 3499 Quia'
3211 3431 3325 3488 hzec
3366 3440 3445 3488 est
3474 3429 3604 3487 mera
3626 3431 3686 3484 la-

2142 3500 2333 3571 scivia,
2359 3517 2465 3555 non
2491 3502 2653 3556 modo
2677 3500 2972 3571 puerorum
3009 3502 3395 3566 collusoribus,
3436 3504 3523 3558 sed
3552 3503 3685 3571 etiam

2143 3570 2275 3642 ipsis
2315 3572 2498 3640 pueris
2546 3569 2844 3639 damnosa;
2893 3587 2957 3642 ac
2990 3574 3224 3642 proinde
3264 3574 3604 3642 districtiusa
3637 3569 3681 3642 S.

2187 3642 2436 3714 achomio
2461 3642 2731 3714 prohibita
2761 3651 2867 3714 art.
2897 3640 3007 3697 9οΞ
3037 3660 3057 3693 ‹
3091 3642 3150 3697 Si
3181 3645 3533 3714 deprehensus
3551 3640 3684 3714 fuerit

2143 3711 2342 3784 aliquis
2379 3708 2750 3784 de'fratribus
2789 3712 3019 3784 libenter
3052 3726 3184 3767 cum
3227 3708 3405 3784 p'ueris
3442 3714 3600 3768 ridere
3618 3708 3685 3784 vel

2145 3780 2360 3846 ludere,
2409 3792 2464 3835 et
2503 3783 2707 3837 habere
2746 3783 3015 3837 amicitias
3055 3780 3243 3838 aetatis
3282 3783 3517 3847 inﬁrmae,
3556 3780 3686 3836 tertio

2145 3852 2593 3915 commonebitur,
2624 3861 2685 3907 ut
2710 3853 2929 3907 recedat
2969 3852 3039 3907 ab
3080 3868 3274 3908 eorum
3316 3852 3684 3914 necessitudine,

2144 3931 2201 3975 et
2226 3936 2433 3976 memor
2460 3923 2529 3977 sit
2559 3922 2857 3977 honestatis
2882 3938 2947 3977 ac
2977 3922 3198 3979 timoris
3225 3925 3319 3979 Dei
3343 3943 3356 3977 :
3396 3924 3437 3978 si
3467 3938 3562 3977 non
3591 3935 3686 3976 ces-

2145 3992 2369 4073 saverit,
2399 3993 2743 4061 corripietur,
2774 4001 2835 4047 ut
2856 3992 3050 4065 dignus
3073 4002 3183 4061 est,
3213 3994 3539 4064 correptione
3562 4004 3686 4047 seve-

2144 4077 2384 4116 l‘lSSlma.
2417 4083 2435 4114 ι

2216 4133 2243 4173 ι
2275 4132 2502 4204 Quando
2521 4132 2755 4202 judicat.
2785 4132 2843 4188 In
2871 4132 3077 4204 Regula
3105 4132 3168 4188 S.
3206 4133 3477 4189 Pachumii
3501 4133 3602 4188 haec
3620 4145 3686 4183 rc-

2142 4201 2394 4272 feruntur
2419 4202 2489 4257 ad
2513 4201 2905 4272 praecedentem
2931 4201 3280 4259 séntentiam.

2224 4271 2240 4311 ι
2271 4271 2345 4326 Hi
2371 4271 2564 4345 itaque,
2587 4281 2695 4345 etc.
2723 4273 2848 4345 llzec
2871 4272 3228 4345 proferuntur
3245 4290 3277 4329 a
3295 4282 3480 4329 nostro
3500 4277 3687 4345 auctore

2143 4345 2214 4400 ob
2243 4358 2307 4415 ea
2342 4341 2470 4413 quae
2496 4341 2554 4415 δ.
2586 4341 2910 4399 Benedictus
2932 4345 3181 4415 przecipit
3213 4345 3279 4399 de
3301 4343 3684 4415 prepositi‘eor-

2146 4411 2409 4485 reptione,
2443 4412 2781 4469 submotione
2805 4422 2861 4469 et
2888 4411 3225 4485 eipulsione,
3257 4411 3315 4470 si
3338 4415 3390 4468 in
3410 4411 3684 4484 superbiam

2145 4484 2366 4555 ineidat,
2399 4492 2455 4537 et
2487 4485 2704 4539 tandem
2730 4485 2783 4539 in
2811 4484 3155 4555 contumacia
3178 4485 3448 4555 persistat.

2213 4566 2255 4594 ιιι
2275 4553 2382 4608 Per
2406 4555 2547 4637 ipsos
2568 4555 2871 4637 destructio.
2899 4554 3064 4637 Lege,
3085 4564 3131 4608 et
3151 4549 3246 4625 p'er
3263 4556 3399 4625 ipsos
3419 4549 3683 4611 destructio,

2143 4638 2337 4693 nempe
2361 4624 2622 4695 regularis
2649 4624 3026 4680 observantiae.
3152 4624 3157 4625 “

2216 4704 2245 4732 ιι
2275 4692 2825 4764 Condcmnationibus.
2856 4695 2912 4750 ιιι
2934 4703 3040 4759 est,
3067 4695 3265 4764 ptenis.

2216 4770 2241 4799 °
2278 4763 2339 4819 Si
2372 4779 2549 4817 omnes
2587 4764 2798 4833 fratres,
2821 4774 2927 4820 etc.
2962 4754 3086 4819 Haec
3107 4779 3281 4834 usque
3325 4754 3395 4818 ad
3419 4762 3501 4834 illa
3527 4757 3681 4813 verba.

2140 4836 2450 4903 praepositus
2480 4832 2593 4887 non
2610 4834 2910 4898 inebrietur,
2927 4832 3270 4889 habentur‘in
3298 4832 3492 4903 Regula
3519 4840 3683 4885 excusa

2145 4903 2203 4959 S.
2230 4903 2528 4975 Pachumii,
2552 4913 2656 4957 art.
2686 4904 2805 4969 127,
2835 4906 3041 4975 reliqua
3066 4919 3197 4958 vero
3221 4903 3472 4975 artatis.
3601 4964 3629 4975 __

2216 4985 2244 5023 P
2281 4964 2525 5043 Namque
2560 4990 2625 5027 ea:
2646 4964 2802 5051 more
2824 4964 3066 5051 serpdbit,
3095 4982 3203 5029 etc.
3238 4974 3295 5051 In
3325 4980 3505 5051 nostro
3527 4964 3682 5051 ρρξῑξςς

2143 5058 2245 5099 ms.
2276 5039 2498 5112 apparet
2523 5044 2808 5113 vestigium
2834 5043 3113 5113 cujusdam
3138 5044 3388 5113 vocabuli
3413 5039 3543 5113 ετξβὶ
3568 5039 3684 5113 in“?

2143 5114 2234 5169 illa
2284 5107 2411 5178 duo,
2448 5129 2592 5168 more
2629 5107 2692 5167 εἰ
2724 5107 2968 5169 servabit.
3023 5114 3079 5169 In
3118 5112 3419 5169 Concordia
3465 5107 3681 5178 Vindoci-

2143 5184 2321 5248 nensi,
2348 5174 2406 5238 et
2431 5184 2484 5237 in
2516 5184 2716 5255 Regula
2746 5184 2802 5239 S.
2836 5184 3107 5255 Pachumii
3132 5184 3285 5238 edita
3304 5183 3536 5255 legitur:
3563 5174 3677 5251 Na?

2178 5271 2259 5325 ut:
2276 5270 2511 5325 seniore
2538 5254 2826 5320 descendit,
2855 5254 3139 5309 observabit
3165 5254 3372 5325 regulas
3396 5256 3676 5325 πςοηασιιζη-

2185 5324 2251 5380 ed
2280 5323 2459 5378 nullus
2493 5332 2577 5378 est
2619 5311 2824 5379 horum.
2842 5326 3129 5381 verborum
3172 5311 3384 5378 sé'nsus.
3424 5321 3593 5389 Itaque
3750 5334 3759 5351 ·

2143 5393 2377 5465 gendum
2402 5393 2639 5465 arbitror
2666 5412 2680 5447 :
2714 5394 2857 5449 Nam
2885 5380 2939 5449 in
2965 5410 3027 5448 ea
3045 5410 3160 5465 quae
3180 5408 3247 5448 ex
3267 5408 3407 5447 more
3430 5380 3676 5465 descsgdﬂ:

2144 5446 2430 5545 suada:
2471 5446 2677 5545 regat.
2714 5446 3158 5545 saetosam
3200 5446 3391 5545 sensus
3414 5461 3499 5545 εει

2144 5532 2305 5608 faciet
2319 5531 2639 5608 praepositus
2652 5535 2954 5590 inconsulto
2966 5534 3124 5589 Patre
3138 5532 3466 5608 monasterii,
3478 5531 3677 5608 πξξξωξξ

2142 5584 2299 5658 ἰῖὲέ
2320 5584 2460 5658 ﬁeri
2474 5584 2523 5657 'E
2533 5584 2607 5657 iii
2614 5584 2705 5659 1;;
2723 5584 2999 5675 magis
3012 5584 3677 5675 “assentiendua

2144 5680 2245 5737 est,
2269 5675 2360 5743 qui
2392 5675 2445 5727 in
2475 5676 2806 5730 monasterio
2837 5667 2953 5731 ﬁeri
2992 5675 3144 5735 solet,
3175 5670 3478 5729 observabit
3503 5667 3675 5719 sum“

2143 5752 2195 5798 et
2219 5744 2429 5815 regulas
2451 5746 2783 5800 monasterii.
