3940 6196
355 357 459 411 913

1244 359 1633 415 CONCORDIA
1677 358 2128 418 ηεςυωιωι.
2170 395 2242 404 —-
2278 364 2428 419 CAP.
2470 367 2681 424 XXVII.

3516 383 3618 438 {illi

348 485 420 526 ne
444 471 623 542 lugeat
653 472 708 528 in
737 472 825 527 die
853 472 992 528 festo
1028 472 1242 529 Domini
1270 474 1594 541 Salvatoris;
1625 475 1935 531 dominetur
1960 491 2012 550 Α
2037 478 2188 535 hiatu
2218 480 2496 536 absorbuit
2520 480 2710 554 (Nam.
2744 486 2890 557 xvi);
2929 497 2984 542 et
3012 488 3261 547 interitus
3284 492 3615 551 Clmnanm

347 562 500 617 carni
537 578 649 617 suae
673 560 831 631 juxta
872 580 1184 620 mensuram
1215 574 1563 632 sanctorum,
1592 576 1619 605 ι
1646 574 1702 622 et
1736 573 1932 623 cetera

345 669 469 722 qua:
490 654 739 724 superius
771 657 1213 712 memoravimus.

418 742 735 801 Manifestus
768 747 880 802 Deo
907 755 962 801 et
988 747 1332 814 hominibus,
1361 758 1417 804 et
1442 764 1473 803 a
1503 749 1694 805 fraude
1717 748 1929 821 procul,

343 854 415 894 ne
442 840 652 909 ignoret
674 840 1139 896 conversationem
1164 850 1503 910 sanctorum,
1526 859 1626 900 nec
1650 844 1719 899 ad
1741 859 1931 899 eorum

342 930 624 985 scientiam
651 945 829 986 aecus
850 932 1067 988 existat.
1096 932 1237 988 Nulli
1259 945 1452 991 noceat
1475 951 1573 1005 per
1596 935 1926 1006 superbiam,

340 1038 443 1077 nec
461 1032 721 1092 sequatur
741 1026 1211 1095 concupiscentias
1230 1027 1513 1083 oculorum
1534 1044 1790 1097 suorum;
1819 1045 1927 1086 non

340 1125 466 1164 eum
484 1120 741 1181 superent
757 1112 1027 1169 incentiva
1042 1115 1296 1171 vitiorum
1312 1134 1326 1184 ;
1350 1118 1632 1175 veritatem
1646 1135 1924 1191 nunquam

337 1209 662 1269 praetereat;
695 1202 870 1257 oderit
907 1203 1267 1275 iniustitiam;
1308 1208 1607 1265 secundum
1636 1224 1925 1279 personam

338 1305 448 1344 non
469 1290 678 1359 judicet
714 1308 814 1363 pro
841 1296 1177 1361 muneribus,
1210 1312 1313 1352 nec
1339 1299 1665 1355 condemnet
1687 1300 1925 1357 animam

334 1382 682 1440 innocentem
716 1402 813 1457 per
851 1389 1192 1459 superbiam;
1229 1406 1340 1446 non
1385 1390 1602 1447 deserat
1636 1393 1925 1449 veritatem

335 1475 533 1531 timore
573 1487 894 1548 superatus;
946 1496 1053 1535 non
1097 1481 1370 1539 desideret
1409 1482 1645 1540 alienam
1681 1493 1921 1553 terram;

333 1582 445 1619 non
472 1569 743 1638 opprimat
780 1565 1020 1626 animam
1063 1581 1286 1643 propter
1322 1573 1553 1630 aliorum
1602 1576 1804 1646 spolia;
1851 1593 1924 1635 ne

331 1656 600 1728 despiciat
637 1675 731 1717 eos
778 1662 871 1733 qui
908 1662 1154 1735 indigent
1181 1665 1589 1736 misericordia;
1619 1683 1688 1724 ne
1723 1666 1922 1726 falsum

330 1751 481 1807 dicat
533 1752 901 1809 testimonium
951 1753 1205 1812 seductus
1255 1757 1449 1825 lucro;
1505 1773 1576 1816 ne
1624 1760 1921 1818 mentiatur

327 1852 554 1915 propter
593 1845 935 1914 superbiam;
974 1861 1044 1901 ne
1076 1849 1371 1905 contendat
1409 1859 1597 1907 contra
1633 1853 1916 1910 veritatem
1949 1863 1993 1922 Β

329 1934 361 1973 δ
401 1935 471 1989 ob
511 1934 763 1991 timorem
795 1936 999 2005 animi;
1034 1952 1104 1994 ne
1138 1938 1359 1997 deserat
1388 1940 1661 2011 justitiam
1699 1954 1919 2016 propter

328 2023 740 2092 lassitudinem;
785 2040 853 2080 ne
890 2027 1080 2098 perdat
1109 2029 1345 2086 animam
1383 2047 1535 2088 suam
1574 2042 1798 2105 prepter
1824 2051 1916 2093 ve-

329 2118 684 2184 recundiam;
712 2136 782 2176 ne
818 2121 1075 2191 respiciat
1110 2123 1276 2193 dapes
1303 2124 1550 2182 lautioris
1585 2141 1816 2194 moneat;
1848 2144 1918 2184 ne

328 2213 559 2282 pulchra
595 2215 916 2271 vestimenta
945 2215 1247 2284 desideret;
1289 2228 1313 2258 ο
1351 2235 1420 2276 ne
1455 2236 1518 2276 se
1556 2220 1827 2292 negligat;
1858 2229 1920 2275 ut

326 2319 547 2375 semper
593 2306 850 2376 dijudicet
896 2307 1252 2377 cogitationes
1299 2324 1464 2377 suas,
1503 2326 1572 2366 ne
1619 2311 1919 2369 inebrietur

325 2398 498 2463 v’uo,
562 2397 657 2453 sed
705 2396 1069 2452 humilitatem
1115 2397 1360 2468 junctam
1420 2402 1622 2457 habeat
1677 2403 1915 2457 veritati.

325 2486 555 2554 Quando
602 2487 841 2559 iudicat,
895 2496 1154 2558 sequatur
1195 2499 1466 2563 pracepta
1512 2491 1809 2560 majorum,
1863 2501 1921 2548 et

322 2581 503 2651 legem
535 2582 651 2648 Dei,
682 2598 804 2652 quae
832 2582 886 2636 in
914 2589 1028 2637 toto
1057 2582 1190 2638 orbe
1213 2583 1506 2654 praedicata
1537 2593 1641 2641 est.
1667 2584 1726 2641 Si
1755 2585 1916 2654 quid-

320 2687 490 2740 quam
539 2673 603 2727 de
651 2672 735 2727 his
778 2673 1133 2741 prmterierit,
1182 2672 1211 2714 ἀ
1265 2674 1455 2730 reddet
1499 2676 1551 2730 ei
1602 2690 1915 2731 mensuram

316 2761 479 2832 juxta
500 2778 662 2833 quam
706 2779 931 2818 mensus
948 2772 1060 2830 est,
1087 2774 1143 2819 et
1172 2766 1398 2836 recipiet
1421 2765 1716 2823 secundum
1750 2783 1915 2838 opera

320 2870 447 2921 sua,
479 2866 506 2896 ο
533 2856 659 2927 quia
691 2857 995 2912 mcecbatus
1019 2866 1104 2913 est
1149 2858 1202 2911 in
1238 2858 1417 2928 lingua
1453 2874 1569 2922 sua,
1601 2865 1657 2914 et
1693 2868 1917 2929 propter

322 2945 555 3018 lapides,
584 2958 633 3002 et
669 2956 888 3018 propter
914 2947 1183 3019 fulgorem
1221 2948 1339 3004 auri
1368 2949 1588 3020 reliquit
1617 2947 1910 3016 iudicium;

320 3048 379 3094 et
406 3039 522 3095 desi
544 3040 678 3095 let-io
705 3039 1016 3111 temporalis
1041 3040 1176 3095 lucri
1202 3040 1412 3110 laqueis
1440 3056 1498 3094 se
1533 3041 1711 3095 induit
1735 3042 1914 3096 ethni-

320 3145 540 3184 corum.
571 3129 635 3183 Et
667 3129 881 3185 eveniat
923 3129 974 3184 ei
1002 3129 1259 3184 contritio
1286 3128 1427 3196 Heli,
1477 3129 1498 3168 τ
1540 3139 1597 3185 et
1637 3145 1910 3186 ramorum

2035 583 2154 625 tum
2170 567 2374 644 (Iosue)
2394 588 2408 637 ;
2435 575 2449 612 ί
2470 573 2729 628 contritio
2746 574 2868 645 bydt
2883 577 2947 632 ia:
2962 579 3030 631 ad
3046 579 3248 635 fontem
3267 582 3465 653 (Eccle.
3482 586 3581 655 xu)
3600 603 3613 650 ;

2033 667 2088 712 et
2113 668 2400 717 arenarum
2443 666 2798 721 comminatio
2830 666 2884 720 in
2917 665 3210 736 littoribus,
3258 673 3419 741 quati
3466 678 3616 730 saxis

2030 748 2282 807 ﬂuctibus
2330 754 2705 822 verberantur,
2746 767 2800 812 et
2828 760 3130 816 confractio
3168 764 3333 835 virgae
3370 765 3616 834 gloriosa:

2031 840 2251 912 (Jerem.
2301 844 2532 917 xum);
2567 848 2593 887 ιι
2626 848 2694 902 de
2734 848 2872 904 Isaia
2915 853 3053 922 (cap.
3098 854 3231 923 ux),
3276 864 3335 909 ut
3364 856 3614 925 sitquasi

2030 947 2206 989 caicus
2236 949 2400 989 manu
2441 937 2667 1007 palpans
2709 942 2991 1009 parietem.
3033 944 3158 999 Hzec
3187 948 3370 1003 omnia
3400 950 3450 1003 ei
3491 963 3614 1004 eve-

2028 1022 2205 1089 nient,
2222 1024 2348 1093 quia
2380 1041 2488 1080 non
2520 1030 2760 1084 servavit
2789 1031 3074 1087 veritatem
3104 1036 3158 1088 in
3188 1034 3411 1104 judicio,
3435 1048 3491 1093 et
3517 1040 3615 1095 ini-

2028 1130 2135 1185 que
2162 1117 2273 1188 egit
2300 1117 2354 1172 in
2375 1119 2628 1175 omnibus
2647 1136 2766 1191 qum
2788 1123 2836 1176 ei
2857 1125 3064 1180 credita
3095 1138 3238 1181 sunt.

2468 1230 2496 1304 ς
2524 1232 2614 1287 Xl.
2640 1263 2712 1273 —
2740 1233 2875 1288 Item
2898 1235 3154 1306 ejusdem.

2104 1336 2121 1377 ι
2164 1338 2266 1423 Qui
2288 1338 2455 1409 iudex
2482 1350 2566 1397 est
2587 1344 2829 1398 omnium
2854 1354 3198 1416 peccatorum
3220 1390 3235 1415 ,
3266 1359 3321 1405 et
3341 1356 3610 1422 perversi-

2025 1438 2137 1487 tate
2162 1434 2379 1499 mentis,
2407 1434 2490 1489 vel
2521 1435 2844 1507 negligentia
2876 1439 3158 1508 reliquerit
3182 1444 3490 1511 veritatem,
3525 1447 3605 1500 vi-

2023 1522 2158 1592 ginti
2188 1524 2290 1578 viri
2327 1526 2499 1581 sancti
2535 1536 2589 1582 et
2635 1528 2887 1584 timentes
2924 1530 3124 1599 Deum,
3161 1533 3275 1589 sive
3303 1536 3488 1591 decem
3512 1578 3526 1604 ,
3556 1549 3609 1592 et

2023 1629 2194 1686 usque
2230 1615 2295 1671 ad
2323 1616 2580 1689 quinqueJ
2603 1632 2643 1659 ω
2672 1619 2739 1676 de
2766 1620 2966 1691 quibus
2990 1638 3182 1680 omnes
3205 1625 3334 1681 dent
3360 1629 3605 1684 testimo—

2021 1703 2191 1770 nium,
2219 1706 2498 1772 sedebunt,
2528 1716 2578 1763 et
2600 1708 2920 1779 judicabunt
2950 1729 3073 1770 eum
3104 1725 3159 1771 et
3185 1725 3213 1755 η
3242 1720 3608 1789 regradabuut

2024 1804 2050 1833 °
2083 1797 2138 1852 in
2161 1798 2431 1867 ultimum,
2462 1799 2635 1856 donec
2663 1804 2988 1875 corrigatur.

2458 1910 2486 1983 §
2517 1910 2627 1966 ΧΠ.
2658 1941 2730 1953 -
2754 1912 2890 1968 Item
2918 1914 3172 1985 ejusdem.

2093 2030 2121 2070 ι)
2153 2019 2255 2088 Qui
2281 2021 2478 2078 viderit
2517 2024 2585 2079 de
2620 2026 2921 2093 majoribus
2950 2034 3004 2081 et
3040 2028 3346 2098 praepositis
3380 2029 3605 2087 fratrem

2018 2126 2176 2167 suum
2207 2112 2263 2168 in
2305 2113 2678 2183 tribulatione,
2713 2125 2770 2174 et
2798 2117 3032 2174 uoluerit
3054 2134 3276 2175 causam
3305 2122 3607 2179 tribulatio-

2018 2204 2103 2260 nis
2129 2205 2423 2276 inquirere,
2454 2222 2687 2279 eumque
2716 2210 3120 2279 contempserit,
3150 2219 3423 2281 quaeretur
3442 2228 3605 2270 causa

2018 2313 2050 2352 a
2078 2313 2242 2368 supra
2270 2299 2433 2355 dictis
2455 2298 2757 2370 iudicibus.
2777 2301 2865 2368 Et,
2890 2302 2938 2356 si
2962 2301 3420 2372 deprehenderint
3439 2305 3607 2377 negli-

2017 2393 2200 2463 gentia
2229 2394 2506 2464 praepositi
2536 2394 2622 2449 vel
2651 2394 2905 2464 superbia
2936 2403 3351 2465 coangustatum
3380 2395 3604 2454 fratrem

2016 2493 2071 2540 et
2100 2485 2373 2554 iudicasse
2408 2501 2532 2542 eum
2572 2503 2684 2543 non
2720 2488 3019 2543 secundum
3047 2489 3353 2556 veritatem,
3394 2491 3490 2545 sed
3519 2507 3605 2548 se-

2016 2579 2250 2632 cundum
2274 2593 2582 2647 personam,
2613 2590 2642 2630 «ι
2672 2580 3053 2650 regradabitur
3072 2582 3137 2637 de
3156 2582 3295 2638 solio
3315 2597 3415 2639 suo
3433 2584 3605 2640 donec

2015 2674 2319 2744 corrigatur
2358 2682 2414 2728 et
2449 2674 2518 2729 ab
2561 2675 2839 2745 injustitite
2880 2675 3134 2731 sordibus
3188 2686 3210 2714 ι
3257 2676 3601 2742 emundetur,

2016 2763 2143 2833 quia
2186 2778 2290 2817 non
2334 2763 2697 2819 consideravit
2736 2765 3043 2831 veritatem,
3091 2767 3184 2821 sed
3222 2781 3510 2837 personas,
3548 2779 3604 2823 et

2017 2855 2243 2910 servivit
2267 2856 2518 2927 pravitati
2550 2856 2725 2913 animi
2748 2859 2852 2925 sui,
2879 2864 2936 2914 et
2962 2874 3070 2914 non
3094 2858 3189 2915 Dei
3205 2860 3430 2931 judicio.

2109 2988 2136 3063 §
2162 2989 2299 3046 XIII.
2322 3021 2395 3031 —
2420 2990 2500 3046 Ex
2521 2990 2743 3048 Recens
2775 3007 2963 3047 SANC'H
2989 2991 3189 3049 lsmout
3218 2991 3358 3066 (cap.
3383 2993 3497 3066 20).

2088 3134 2110 3163 ι
2146 3123 2227 3179 Ad
2281 3126 2630 3197 praepositum
2678 3125 2916 3195 pertinet
2950 3125 3256 3182 sollicitudo
3306 3128 3600 3184 monacho-

320 3221 444 3291 ejus
474 3219 525 3294 (ι
556 3220 683 3292 Reg.
710 3220 814 3295 tv);
851 3223 877 3261 ε
907 3220 1215 3277 maledictio
1237 3220 1423 3286 David,
1456 3237 1617 3292 quam
1647 3222 1913 3293 impreca—

2031 3231 2160 3284 tum,
2201 3217 2346 3272 actio
2384 3232 2691 3283 causarum,
2731 3232 2863 3271 cura
2912 3218 3341 3287 posscssionum,
3395 3221 3413 3256 ⁸
3464 3221 3603 3275 ratio

324 3322 417 3368 tus
450 3320 537 3368 est
571 3313 773 3387 [)0th
796 3309 969 3386 (Psal.
1002 3312 1111 3383 Ll);
1157 3309 1188 3350 ιι
1234 3314 1450 3385 signum
1481 3328 1589 3384 quo
1626 3314 1912 3371 denotatus

318 3413 409 3460 est
437 3403 570 3460 Cain
600 3401 751 3476 (Cen.
784 3402 892 3475 tv);
930 3404 1206 3475 sepultura
1243 3404 1418 3471 Asini,
1450 3405 1516 3460 de
1539 3421 1645 3477 qua
1673 3405 1912 3475 loquitur

318 3495 754 3568 leretnlas.(cap.
789 3497 957 3569 xxu);
994 3497 1226 3568 perditio
1261 3514 1363 3568 qua
1394 3507 1711 3568 peceatores
1752 3508 1911 3555 terras

398 3660 437 3722 ιγ
460 3646 531 3701 Et
572 3658 761 3704 cratera
809 3667 926 3721 quae
967 3667 1127 3722 supra
1181 3651 1720 3722 commemoravimus.
1784 3650 1912 3707 Ilatc

320 3721 494 3774 verba
531 3729 656 3775 sunt
686 3720 859 3775 nostri
887 3720 1122 3775 auctoris
1156 3720 1392 3786 nolentis
1433 3728 1681 3790 repetere
1703 3736 1767 3776 ea
1789 3737 1912 3792 quae

320 3789 487 3847 paulo
514 3799 638 3845 ante
667 3791 849 3845 retulit
877 3808 942 3846 ex
974 3791 1178 3847 Regula
1205 3791 1478 3846 orientali.

320 3804 487 3862 panto
514 3804 638 3845 ante
667 3804 849 3845 retulit
877 3808 942 3846 ex
977 3804 1178 3915 licium
1205 3804 1478 3846 orientali.

395 3860 425 3899 ι)
469 3859 546 3914 0b
577 3862 815 3915 timorem
842 3862 1025 3915 animi.
1112 3876 1228 3927 ego,
1258 3862 1320 3914 ob
1351 3870 1608 3915 tumorem
1629 3862 1816 3927 animi,
1852 3871 1912 3917 ut

320 3931 379 3987 in
406 3930 530 4001 cod.
556 3930 716 3987 Vind.
745 3941 798 3986 et
830 3932 886 3989 in
914 3930 1119 4001 Regula
1152 3930 1211 3987 S.
1240 3930 1516 3985 Pachumii
1540 3946 1762 3987 excusa.

398 4012 421 4040 ε
468 3999 551 4054 Ne
579 4019 634 4056 se
664 4018 726 4055 ne
763 4002 909 4072 ligat.
951 3999 1027 4056 Ita
1068 4004 1120 4056 in
1152 4002 1355 4071 Regula
1392 4001 1673 4056 Orientali.
1703 4002 1762 4056 In
1798 4002 1907 4059 Re-

398 4070 448 4125 la
477 4071 619 4125 edita
644 4072 702 4125 S.
726 4019 1025 4125 gachomii.
1061 4072 1185 4125 Non
1210 4089 1356 4125 senes
1389 4072 1637 4125 nealiuat.

320 4070 1185 4197 “"33tntispzt'srstivt:
1205 4072 1669 4213 agitatus.
1700 4141 1911 4200 Pacho-

321 4212 447 4267 ntii.
480 4209 746 4266 Reddetur
774 4213 821 4267 ei
850 4229 1116 4267 mensura.
1149 4212 1336 4267 Recte.

321 4212 447 4277 ntii,
480 4212 746 4266 Reddetur
774 4213 821 4267 ei
850 4229 1116 4268 mensura.
1149 4212 1336 4268 Recte.

344 4352 358 4367 .
399 4294 424 4321 ε
466 4279 604 4367 Quid
626 4282 914 4367 mediam:
938 4293 1011 4367 est
1052 4283 1315 4366 in_lingua
1341 4300 1438 4337 sua
1455 4293 1512 4367 et
1542 4283 1911 4367 proptertapi-

319 4352 435 4406 des.
466 4351 838 4425 lttRegulaS.
875 4353 1149 4425 Pachumii
1174 4351 1372 4409 eicusa
1402 4369 1417 4409 :
1448 4351 1587 4420 Quia
1624 4351 1909 4409 mwchatus

318 4433 395 4476 est
426 4424 480 4495 in
507 4422 650 4495 ligno
668 4434 715 4478 et
745 4424 951 4495 lapide.
976 4422 1092 4495 Non
1118 4425 1193 4479 ita
1221 4428 1540 4495 recte,'quia
1566 4425 1727 4479 lectio
1756 4426 1910 4479 vide-

322 4503 413 4576 tur
464 4494 694 4566 intelligi
743 4493 809 4550 de
849 4493 1185 4561 idololatria,
1224 4495 1291 4550 de
1335 4493 1450 4564 qui
1493 4496 1595 4550 hoc
1644 4495 1763 4550 loco
1797 4511 1904 4550 non

319 4572 534 4706 fimi}
561 4649 825 4706 ramorum
846 4633 981 4706 ejus.
1004 4633 1063 4706 In
1084 4633 1273 4706 eadem
1291 4634 1492 4704 Regula
1513 4634 1653 4688 edita
1674 4633 1869 4706 legitur
1892 4654 1911 4690 ι

320 4702 392 4757 Et
421 4703 661 4775 ﬁliorum
681 4704 833 4775 ejus.
852 4702 982 4775 Vide
1010 4705 1102 4760 lib.
1135 4704 1156 4758 Ι
1192 4702 1418 4775 Regum,
1449 4720 1569 4773 cap.
1594 4721 1669 4760 tv.

399 4772 431 4814 ε
454 4772 767 4846 dlolediclio
806 4774 977 4830 David
1003 4816 1018 4841 ,
1046 4791 1202 4846 quam
1247 4772 1560 4846 imprecatus
1587 4784 1662 4846 est
1689 4774 1904 4829 Dolta'c.

318 4843 423 4900 Hic
453 4843 603 4926 locus
638 4855 924 4928 corruptus
954 4843 1126 4928 est-ip
1158 4843 1365 4928 Regula
1402 4843 1474 4928 _S.
1515 4843 1787 4927 Pachumii
1820 4862 1912 4899 ex-

319 4929 476 4976 cusa,
509 4914 691 4985 ingqua
716 4914 913 4985 legitur
945 4934 958 4970 :
992 4914 1291 4971 Maledictio
1314 4914 1436 4978 Dei,
1469 4931 1628 4985 quam
1652 4916 1909 4985 impreca-

318 4993 507 5057 tusest
549 4983 701 5057 (ian.
747 4983 850 5040 Sed
881 4985 1227 5057 castigandus
1255 4994 1339 5040 est
1361 5000 1427 5039 ex
1462 4983 1566 5040 hoc
1592 4983 1907 5057 genuordia:

319 5056 528 5126 codice.
580 5054 885 5112 Maledictio
910 5054 1074 5126 quain
1118 5056 1446 5126 imprecatus
1478 5066 1563 5109 est
1595 5054 1764 5109 David
1804 5055 1903 5112 Do-

320 5127 441 5180 heec
460 5123 717 5197 Idumtco,
730 5135 816 5183 est
845 5123 1082 5197 psalmus
1106 5123 1585 5197 quinquagesimus
1600 5126 1830 5197 primus,
1850 5136 1906 5182 ut

320 5204 541 5251 constat
565 5212 633 5252 ex
655 5196 771 5265 ejus
800 5195 975 5253 titulo.
1016 5195 1269 5253 Historia
1287 5195 1413 5251 nota
1440 5204 1524 5251 est
1554 5211 1621 5250 ex
1651 5195 1671 5249 1
1701 5195 1907 5267 Regum

358 5280 425 5302 an
474 5281 564 5302 'Yl
598 5280 648 5302 ΩΙ
676 5285 699 5302 \‘

321 5280 444 5375 cui:
464 5274 815 5416 53:12:21ng;
852 5338 1130 5393 denotatus
1166 5347 1248 5416 est
1277 5335 1575 5416 Cirin..Est
1614 5346 1909 5416 perpetuus

319 5406 691 5479 membrorum
722 5406 945 5474 tremor,
973 5417 1030 5463 ut
1058 5407 1291 5479 explicat
1311 5406 1591 5472 Alcuinus,
1617 5406 1907 5479 interr188

321 5491 489 5558 super
532 5477 805 5534 Genesim.
858 5479 994 5535 Vide
1038 5477 1436 5534 Theodoretum
1490 5492 1583 5547 qu.
1624 5477 1659 5530 4
1702 5477 1754 5531 in
1797 5477 1905 5532 Ge-

321 5561 728 5697 neimciontritig
752 5620 975 5697 hydritr.
1005 5620 1131 5674 "me
1165 5626 1221 5672 et
1253 5616 1492 5697 simi-lia,
1520 5632 1647 5697 qua?
1680 5625 1909 5697 exstant

319 5703 445 5758 cap.
472 5687 664 5743 ultima
690 5686 1053 5757 Ecclesiaste,
1075 5698 1200 5745 sunt
1226 5687 1420 5743 mortis
1446 5694 1501 5742 et
1527 5686 1715 5755 judieii
1742 5688 1908 5760 aenig-

326 5769 492 5812 litata.

400 5828 414 5877 i
466 5828 621 5883 Saxis
651 5832 916 5900 ﬂuctibus.
957 5832 1119 5902 Lt‘gt',
1153 5827 1304 5884 salsis
1342 5827 1607 5897 ﬂuctibus,
1645 5836 1699 5882 ut
1742 5828 1906 5885 habe-

2014 3326 2267 3383 agrorum
2288 3351 2302 3375 ,
2331 3310 2593 3380 plantatio
2626 3309 2946 3379 culturaqne
2969 3310 3250 3366 vinearum
3268 3352 3282 3376 ,
3315 3323 3342 3351 υ
3373 3311 3600 3383 diligen-

2009 3403 2083 3457 tia
2112 3417 2354 3474 gregum,
2389 3401 2719 3456 constructio
2744 3400 3124 3470 tedillciorum,
3150 3418 3285 3472 opus
3310 3413 3569 3476 carpenta
3585 3436 3599 3445 -

2012 3492 2216 3549 riorum
2245 3494 2358 3548 sive
2389 3493 2684 3549 fabrorum.

2012 3655 2100 3702 tur
2129 3647 2182 3702 in
2210 3647 2412 3717 Regula
2444 3646 2509 3701 S:
2534 3647 2814 3717 Pachumii
2852 3647 3020 3709 edita.

2083 3716 2421 3802 ιῃοειιεαξᾳ,
2602 3716 2765 3772 verba
2799 3732 2904 3772 non
2927 3726 3054 3799 sunt
3161 3717 3596 3802 Regulaexcusa

2012 3786 2070 3843 S.
2115 3787 2646 3871 PtiCltOlnil.‘Allt310r
2677 3796 2855 3869 autem
2894 3787 3115 3869 resQicit
3158 3789 3227 3871 ad
3252 3786 3383 3845 illud
3422 3790 3594 3858 Isaia),

2009 3873 2128 3927 cap.
2168 3873 2295 3912 1.1x:
2333 3856 2692 3926 Palpavimus,
2731 3859 2863 3910 sicut
2894 3856 3042 3921 me,
3072 3860 3345 3927 parietem.
3583 3856 3587 3858 ⁷

2014 3997 2037 3999 ᾉ
2087 3927 2103 3967 ι
2149 3928 2251 3994 Qui
2283 3928 2454 3997 judex
2479 3937 2576 3992 est,
2608 3937 2713 3982 etc.
2736 3927 2891 3999 llaec
2920 3927 3185 3982 habentur
3219 3945 3273 3983 tn
3301 3929 3503 3999 Regula
3533 3933 3591 3985 S.

2010 3997 2283 4054 Pachumii
2310 4013 2545 4068 excusa,
2588 4006 2692 4052 art.
2725 3997 2817 4068 92,
2840 3998 3193 4068 citanturque
3221 4016 3250 4053 a
3282 3997 3470 4054 nostro
3493 4016 3593 4055 au-

2010 4082 2157 4124 ctore
2186 4076 2407 4151 propter
2435 4067 2713 4123 decretum
2757 4066 2814 4122 S.
2839 4066 3118 4124 Benedicti
3160 4070 3227 4124 de
3255 4070 3597 4127 abdicatione

2075 4176 2086 4194 ι
2106 4156 2118 4174 ³
2157 4154 2188 4192 0
2224 4149 2237 4192 l
2268 4149 2302 4192 i.

2008 4156 2222 4264 prllpl):
2244 4149 2432 4281 titubas
2461 4225 2637 4281 omnes
2661 4209 2782 4262 dent
2806 4209 3179 4264 testimonium.
3206 4210 3263 4266 Id
3282 4219 3383 4274 est,
3405 4228 3595 4267 omnes

2011 4280 2207 4352 fratres
2236 4278 2501 4352 testentur
2524 4278 2591 4334 de
2606 4294 2798 4352 eorum
2820 4280 3088 4352 probitate
3116 4292 3171 4335 et
3200 4283 3521 4352 capacitate.

2084 4362 2112 4389 ιι
2153 4348 2546 4422 Regrudabunt.
2592 4349 2813 4422 Optima»
2850 4350 3039 4422 lectio.
3070 4351 3214 4405 Idem
3236 4348 3379 4420 quod
3408 4352 3596 4422 degra-

2011 4420 2243 4492 dabunt.’
2281 4420 2388 4476 Sed
2417 4422 2482 4475 de
2524 4422 2627 4492 hoc
2660 4420 2926 4492 vocabulo
2958 4420 3117 4492 infra.
3155 4422 3214 4476 ln
3261 4420 3593 4492 Regula‘ex-

2012 4506 2140 4547 cusa
2162 4491 2390 4563 legitur,
2415 4490 2800 4563 degradalmut,
2827 4505 2944 4563 non
2969 4490 3042 4545 ita
3070 4499 3237 4563 recte.

1939 4575 1988 4633 υ
2089 4570 2112 4598 ο
2150 4561 2176 4616 1
2187 4560 2522 4617 n'ultimum'.
2551 4561 2703 4616 Adde
2726 4561 2784 4617 τὸ
2812 4560 3057 4631 gradum,
3084 4571 3144 4616 ut
3175 4562 3228 4616 in
3263 4562 3471 4631 Regula
3499 4576 3593 4617 ex-

2013 4648 2137 4688 cusa
2148 4671 2161 4685 .

2082 4714 2109 4753 p
2146 4701 2257 4772 Qui
2278 4702 2463 4772 viderit
2485 4700 2899 4772 demnjoribus,
2938 4709 3045 4772 etc.
3083 4701 3277 4757 Exstat
3304 4702 3357 4756 in
3386 4701 3590 4772 Regula

2008 4788 2206 4828 exettsa
2238 4770 2294 4826 S.
2322 4771 2636 4841 Pachumii,
2672 4770 2783 4825 art.
2816 4771 2916 4837 94,
2968 4771 3060 4826 ubi
3091 4774 3163 4827 ita
3193 4772 3389 4841 legitur
3427 4790 3439 4823 :
3472 4770 3589 4836 οαε

2010 4843 2193 4897 viderit
2236 4842 2301 4896 de
2338 4840 2630 4911 majoribus
2660 4841 2735 4895 vel
2778 4842 3069 4911 prapositis
3099 4840 3324 4911 fratrum
3370 4858 3585 4896 suorum

2008 4908 2430 4983 tribulationem.
2449 4908 2565 4965 Non
2594 4912 2670 4967 ita
2701 4908 2866 4967 reete.
2890 4908 3025 4965 Nam
3048 4908 3137 4967 hic
3164 4913 3343 4983 agitur
3371 4912 3436 4967 de
3464 4927 3590 4981 par-

2010 4982 2219 5037 ticulari
2248 4982 2435 5038 fratre.

2078 5065 2105 5103 ιι
2143 5052 2550 5120 Regradabitur.
2605 5049 2660 5104 ln
2704 5049 3165 5122 Regula‘excnsa,
3189 5049 3582 5122 degradabitur.

2008 5123 2162 5179 Male.
2197 5118 2302 5179 Sed
2330 5125 2395 5179 de
2426 5123 2527 5177 hoc
2562 5121 2821 5176 vocabulo
2848 5118 3011 5175 infra.

2089 5206 2107 5232 ι’
2149 5192 2499 5247 Emuudetur.
2527 5190 2713 5245 Recte.
2753 5189 2887 5243 Nam
2914 5191 3146 5253 additur,
3173 5208 3204 5244 α
3230 5191 3493 5245 sordibus.
3526 5191 3583 5246 lu

2010 5264 2208 5335 Regula
2237 5265 2293 5319 ὃ.
2323 5262 2598 5319 Pachumii
2631 5276 2833 5318 excusa
2863 5259 3077 5332 legitur,
3103 5262 3424 5316 emendetur.
3467 5261 3583 5318 Non

2007 5344 2100 5444 ua!
2110 5342 2608 5476 risitgcprmpositum,
2632 5409 2738 5476 etc.
2764 5400 2892 5455 lltec
2911 5402 3254 5476 reperiuntur
3285 5403 3337 5457 in
3379 5401 3579 5474 Regula

2007 5477 2178 5531 sancti
2214 5472 2404 5530 lsitlori
2444 5473 2586 5526 edita
2615 5472 2804 5526 eodem
2839 5487 2959 5540 cap.
3005 5472 3094 5527 20.

2087 5547 2103 5583 ι
2132 5543 2290 5599 Ratio
2321 5559 2590 5614 agrorum.
2633 5541 2791 5613 Lege,
2817 5543 2953 5595 satio
2991 5558 3238 5612 agrorum
3257 5583 3273 5607 ,
3312 5549 3374 5597 ut
3399 5541 3452 5597 in
3478 5542 3585 5597 lie-

2006 5613 2129 5686 gula
2166 5629 2384 5669 excusa.

2050 5697 2103 5767 .‘f
2147 5683 2429 5768 Diligentia
2483 5700 2717 5808 gregum.
2790 5683 2846 5737 In
2899 5681 3099 5766 Regula
3135 5683 3287 5766 .edita
3344 5682 3584 5753 legitur,

2006 5754 2274 5808 diligentia
2319 5755 2508 5808 (eumn.
2554 5753 2711 5808 llale.
2758 5752 2891 5808 Nam
2940 5754 3023 5808 lue
3062 5764 3239 5808 aettur
3268 5753 3333 5808 de
3385 5769 3443 5808 re
3494 5768 3577 5805 tu-

2005 5752 2275 5835 diligetttid
2319 5752 2508 5827 legunt.
2554 5752 2711 5810 Male.
2758 5752 2891 5809 Nam
2940 5752 3023 5809 hic.
3062 5754 3239 5826 agitur
3268 5753 3333 5809 de
3385 5769 3443 5809 re
3494 5768 3577 5805 tu-

2006 5836 2157 5881 Sllw.
