3940 6196
249 331 357 393 95':

1120 290 1127 295 ’
1169 329 1563 391 CONCORDIA
1599 330 2057 391 REGULARUM.
2098 362 2168 379 -
2205 334 2356 394 ωδ.
2394 337 2630 395 xxvm.

3420 348 3522 405 954

243 449 550 507 minoribus
571 447 805 518 majores
834 446 1146 521 prteposuit,
1200 448 1406 521 ignaris
1428 448 1657 521 peritos,
1679 456 1835 505 astu-
1861 449 1915 512 Α
1937 452 2115 523 egisse
2146 463 2504 524 monstratur,
2548 465 2609 512 ut
2641 453 2883 528 projects
2914 456 2982 514 de
3019 457 3271 516 manibus
3309 460 3366 517 in
3411 470 3525 518 ter-

242 549 332 597 tos
353 539 709 611 simplicibus,
739 547 794 594 et
822 539 1018 595 divina:
1066 538 1203 595 artis
1248 539 1530 611 discipulis
1556 538 1833 596 ordinavit
1934 558 2053 598 ram
2097 552 2154 600 et
2204 553 2413 602 mutata
2440 545 2468 587 ἀ
2497 547 2553 602 in
2582 546 2853 613 bestiam;
2897 549 3027 603 item
3071 550 3137 604 de
3171 551 3349 607 bestia
3377 567 3530 609 reas-

240 631 536 702 magistros
560 648 575 684 :
626 630 682 685 id
710 639 814 695 est,
846 631 900 685 in
922 630 1185 687 Ecclesiis
1216 632 1518 702 episcopos,
1540 634 1833 704 [presbyte-

238 738 354 788 ros,
394 723 649 779 diaconos
701 737 933 792 quorum
965 724 1081 778 vice
1115 722 1330 779 Domini
1371 723 1597 793 imperia
1625 725 1829 788 audiat,

235 823 296 870 et
349 813 537 869 timeat
572 812 727 883 plebs
751 853 766 879 ,
833 822 892 870 et
937 815 1188 870 notitiam
1231 815 1526 872 salutiferae
1582 815 1720 889 legis
1762 816 1831 872 ab

233 907 321 960 eis
352 904 658 961 addiscant.
708 904 767 960 In
801 906 1148 963 monasteriis
1181 922 1313 963 vero
1339 908 1567 964 abbates
1597 915 1654 962 et
1691 923 1833 979 prm-

230 998 421 1071 positi,
472 1012 608 1069 quos
664 1013 766 1068 pro
794 998 969 1055 salute
1002 1000 1199 1056 anima:
1251 990 1364 1056 sua:
1401 1001 1626 1056 audiant
1655 1013 1682 1041 ι
1716 1016 1821 1056 ma-

224 1088 415 1159 jores,
476 1098 534 1146 et
595 1090 717 1145 vice
770 1091 864 1145 Dei
912 1091 1174 1163 propositi
1232 1091 1484 1147 militiam
1549 1092 1826 1157 timeant;

229 1181 364 1250 quia
420 1180 536 1234 sive
579 1180 953 1236 sacerdotibus
992 1182 1048 1236 in
1087 1181 1328 1237 Ecclesia
1361 1220 1378 1246 ,
1442 1182 1558 1238 sive
1614 1181 1827 1236 abbati-

230 1274 339 1328 bus
396 1282 453 1328 et
501 1274 807 1344 praepositis
853 1274 906 1328 in
958 1276 1292 1331 monasterio
1323 1276 1428 1331 hoc
1460 1274 1599 1330 dixit
1639 1273 1822 1329 Deus:

232 1361 344 1427 Qui
370 1380 457 1417 nos
486 1363 636 1417 audit
656 1380 738 1418 me
761 1365 953 1431 audit;
977 1375 1026 1419 et
1045 1366 1137 1438 qui
1164 1382 1255 1421 vos
1282 1368 1502 1436 spernit,
1524 1382 1607 1421 me
1628 1366 1826 1436 spernit

229 1450 390 1524 (Luc.
422 1452 512 1525 x);
544 1462 601 1510 et
623 1455 752 1510 item
777 1455 1085 1513 dicitnohis
1108 1472 1208 1528 per
1238 1457 1436 1514 Isaiam
1460 1457 1819 1528 prophetam:

227 1545 261 1589 δ
284 1545 441 1603 Dabo
461 1547 602 1602 vobis
621 1562 861 1619 pastores.
877 1558 926 1603 et
948 1548 1187 1605 doctores
1206 1549 1494 1605 secundum
1513 1565 1605 1604 cor
1627 1562 1822 1613 meum,

1933 644 2148 705 sumpta
2171 637 2345 693 sacris
2378 636 2527 708 virga
2568 638 2819 695 manibus
2845 638 3162 695 redderetur
3189 640 3388 712 (Exod.
3422 643 3529 715 tv).

1931 726 2075 799 Ergo
2125 730 2419 784 secundum
2468 729 2610 785 hanc
2657 731 3138 798 constitutionem,
3196 733 3245 787 si
3298 736 3520 806 grandis

1930 816 2097 872 fuerit
2134 819 2502 889 congregatio,
2541 820 2695 877 denis
2739 820 2998 879 fratribus
3047 824 3204 880 binos
3252 837 3277 865 ο
3319 826 3519 884 debere

1928 909 2189 979 pneponi,
2220 909 2380 978 hujus
2403 911 2607 967 scilicet
2636 912 2817 968 meriti
2860 914 3100 970 ordinari
3131 913 3151 954 ί
3177 915 3330 985 cujus
3351 932 3518 988 supra

1930 998 2254 1054 taxavimus.
2288 1000 2357 1054 Et
2383 1001 2504 1055 ideo
2537 1001 2724 1056 decem
2752 1018 2860 1059 non
2890 1003 3123 1074 amplius
3144 1004 3522 1065 ordinavimus

1928 1088 2159 1144 duorum
2193 1105 2379 1145 curam
2415 1091 2829 1161 praepositorum
2875 1093 3071 1148 debere
3116 1096 3411 1165 suscipere,
3456 1105 3520 1152 ut

1927 1182 2253 1251 sequestrati
2280 1197 2379 1252 per
2416 1182 2619 1239 laboris
2650 1182 2769 1239 loca
2798 1182 3000 1240 fratres
3026 1185 3266 1254 singulos
3309 1202 3518 1258 praepo-

1926 1272 2063 1328 sitos
2091 1272 2158 1327 ad
2182 1273 2533 1329 custodienda
2564 1275 2693 1329 vitia
2727 1284 3025 1347 prmsentes
3048 1277 3286 1332 habeant
3307 1292 3512 1344 secum,

1925 1370 1982 1417 et
2014 1363 2070 1418 in
2103 1365 2295 1434 paucis
2329 1363 2553 1421 creditis
2585 1367 2610 1407 ⁸
2638 1364 2866 1424 idoneor
2904 1368 2978 1424 sit
3024 1366 3303 1439 diligentia
3336 1377 3522 1424 custo-

1923 1452 2142 1509 dientis.
2170 1454 2307 1510 Nam
2336 1455 2391 1510 in
2418 1456 2602 1513 multis
2629 1458 2773 1526 quod
2801 1473 2910 1514 non
2937 1459 3262 1525 occurritur,
3290 1468 3521 1531 praeter-

1924 1544 2163 1600 mittitur
2188 1545 2526 1619 negligenter
2560 1565 2575 1602 :
2611 1548 2737 1618 quia
2774 1549 2831 1605 in
2865 1549 3054 1620 paucis
3079 1548 3339 1606 fratribus
3366 1566 3516 1607 com-

224 1645 279 1695 st
298 1646 513 1707 poscent
535 1654 624 1693 vos
651 1647 918 1709 pascentes
940 1656 1058 1694 cum
1081 1639 1359 1712 disciplina
1382 1639 1520 1715 (Jer.
1546 1637 1653 1712 ιιι).
1682 1639 1825 1709 Ergo
1921 1636 2106 1692 missis
2155 1637 2363 1695 alterna
2408 1639 2639 1695 duorum
2689 1641 3099 1713 prepositorum
3156 1651 3340 1698 exstat
3394 1642 3516 1699 dili-

221 1730 528 1784 seeundum
571 1728 718 1784 illam
763 1728 995 1802 figuram
1043 1732 1296 1788 humanae
1340 1733 1568 1799 domus,
1616 1738 1822 1801 quanto
1844 1800 1876 1802 _
1920 1728 2133 1798 gentior
2170 1743 2346 1784 cura:
2377 1738 2434 1786 et
2471 1730 2615 1802 apud
2643 1730 3113 1788 abbatem’facilis
3155 1731 3219 1787 ﬁt
3263 1733 3406 1789 ratio
3446 1733 3520 1790 de

221 1820 405 1892 magis
437 1821 495 1875 in
514 1820 697 1877 divina
725 1800 885 1878 domo
907 1839 1008 1895 pro
1025 1839 1192 1881 causa
1218 1824 1314 1880 Dei
1334 1825 1536 1896 gradus
1557 1800 1817 1880 doctrina:
1842 1800 1893 1860 Β
1917 1819 2107 1888 paucis
2149 1828 2362 1877 exacta.
2395 1800 2564 1893 Cujus
2592 1822 2622 1864 ιι
2655 1823 2723 1879 de
2754 1824 3046 1894 paucitatis
3083 1824 3339 1882 idoneum
3368 1825 3514 1882 desi-

220 1911 312 1967 vel
338 1912 554 1970 timoris
580 1913 781 1970 debent
812 1918 1037 1982 servari,
1075 1927 1135 1972 ut
1160 1918 1228 1974 ad
1257 1919 1535 1991 purganda
1562 1918 1692 1974 vitia
1727 1917 1816 1974 vel

218 2000 449 2076 péccata
479 2004 728 2072 fratrum,
769 2022 894 2064 eum
916 2010 1192 2082 praepositi
1223 2009 1426 2066 fuerint
1448 2010 1706 2077 ordinati,
1729 2009 1816 2065 vel

217 2103 491 2168 quantum
537 2098 706 2155 abbas
742 2098 811 2155 de
849 2100 1152 2155 animarum
1192 2102 1247 2156 in
1280 2114 1340 2156 se
1364 2099 1596 2156 fratrum
1622 2113 1814 2156 susce-

216 2199 445 2259 ptarum
493 2190 863 2248 custodiendis
908 2191 1209 2249 ratiociniis
1253 2193 1515 2249 reddatur
1566 2207 1810 2249 securus.

220 2278 396 2349 Cujus
419 2295 550 2351 ergo
576 2281 797 2337 honoris
822 2284 1091 2340 ordinatio
1113 2285 1231 2340 haec
1259 2284 1347 2339 sit.
1375 2283 1697 2340 Convocatis
1720 2283 1816 2339 iis-

215 2371 344 2427 dem
373 2370 562 2428 decem
591 2372 849 2431 fratribus
876 2376 947 2433 ab
991 2377 1185 2433 abbate
1215 2377 1467 2447 praesenti
1494 2375 1643 2431 omni
1685 2390 1815 2432 con-

214 2464 538 2534 gregatione
584 2465 639 2520 in
680 2467 923 2523 oratorio
962 2478 986 2508 ο
1020 2469 1362 2538 susceptione
1411 2468 1577 2539 virgae
1624 2467 1812 2521 decem

214 2553 331 2610 illis
359 2564 745 2626 prmponantur
763 2571 898 2613 voce
916 2559 1145 2622 abbatis,
1179 2558 1476 2630 Scriptum
1501 2557 1813 2612 testimonio

212 2648 457 2704 dicentis
482 2667 497 2702 :
535 2648 697 2721 Reges
737 2666 824 2706 eos
858 2654 913 2706 in
944 2652 1114 2723 virga,
1140 2652 1245 2707 hoc
1269 2659 1373 2719 est,
1400 2652 1454 2707 in
1487 2651 1697 2706 timoris
1727 2651 1810 2706 vi-

211 2752 373 2811 gore.
402 2738 536 2793 Item
563 2739 778 2796 dicente
820 2740 1080 2812 Apostolo
1118 2758 1134 2796 :
1184 2740 1326 2807 Quid
1370 2740 1624 2807 vultis,in
1662 2741 1811 2811 uirga

210 2829 425 2887 ueniant
452 2830 522 2883 ad
549 2847 661 2896 vos,
705 2847 774 2885 an
809 2831 868 2885 in
906 2832 1160 2886 charitate
1190 2830 1243 2902 (Ι
1283 2829 1406 2886 Cor.
1440 2830 1554 2901 tv)?
1592 2845 1722 2886 nam
1754 2836 1811 2884 et

210 2920 400 2977 Moses
441 2920 622 2977 divina
670 2922 821 2993 virga
873 2923 1092 2978 virtutis
1139 2922 1433 2978 commisso
1471 2921 1573 2977 sibi
1611 2921 1810 2992 populo

209 3028 319 3086 per
355 3012 684 3084 profundum
732 3013 902 3069 maris
944 3013 1133 3067 salutis
1169 3012 1314 3068 viam
1340 3011 1578 3068 ostendit
1607 3010 1805 3083 (Exod.

1917 1917 2048 1981 gnat
2086 1900 2348 1969 Dominus
2394 1921 2768 1979 servatorem;
2813 1923 2872 1969 et
2903 1913 3021 1983 ejus
3046 1915 3322 1989 diligentia
3365 1931 3512 1973 curae

1915 2002 2138 2074 ampliat
2158 2004 2426 2060 creditum
2450 2004 2638 2062 dicens
2662 2023 2676 2059 :
2705 2004 2878 2077 Euge,
2907 2023 3048 2063 serue
3070 2007 3202 2062 bone
3227 2017 3275 2063 et
3295 2008 3467 2077 ﬁdelis
3486 2020 3510 2062 :

1914 2093 2040 2164 quia
2060 2094 2117 2148 in
2143 2111 2316 2165 pauca
2335 2093 2486 2164 fuisti
2511 2094 2706 2164 ﬁdelis,
2729 2112 2893 2166 supra
2919 2094 3089 2151 multa
3118 2107 3167 2151 te
3191 2097 3507 2151 constituam

1915 2182 2132 2257 (Matth.
2164 2186 2313 2256 xxv).
2342 2185 2487 2258 Ergo
2514 2185 2571 2242 hi
2599 2185 2878 2257 praepositi
2907 2200 3032 2241 cum
3057 2186 3241 2243 decem
3281 2200 3511 2241 numero

1912 2272 2114 2329 fratres
2137 2275 2239 2330 sub
2265 2291 2365 2330 sua
2389 2291 2522 2331 cura
2563 2276 2885 2347 suscipiunt,
2925 2276 3067 2332 hanc
3101 2276 3157 2331 in
3195 2276 3277 2332 eis
3309 2275 3511 2333 debent

1914 2365 2331 2423 sollicitudinem
2369 2382 2629 2424 exercere
2661 2369 2776 2424 sive
2824 2369 2879 2424 in
2926 2369 3033 2434 die,
3073 2370 3186 2424 sive
3231 2370 3285 2425 in
3324 2376 3507 2437 nocte,

1915 2457 2030 2513 sive
2057 2457 2111 2511 in
2143 2459 2337 2528 quovis
2362 2475 2530 2530 opere
2556 2477 2680 2516 cum
2714 2462 2815 2527 eis,
2846 2470 2906 2516 ut
2935 2463 3045 2517 sint
3072 2463 3248 2532 primo
3272 2478 3508 2533 praesen-

1915 2558 2017 2632 tes,
2046 2559 2101 2604 et
2132 2568 2255 2607 cum
2296 2554 2378 2609 eis
2422 2562 2713 2623 operantes
2743 2556 2796 2609 in
2827 2554 3019 2624 quovis
3052 2569 3254 2624 opere:
3286 2563 3341 2609 et
3379 2572 3505 2611 cum

1913 2646 2128 2710 sedent,
2159 2644 2438 2700 ambulant
2463 2645 2547 2700 vel
2576 2654 2743 2712 stant,
2773 2645 3013 2717 diligenti
3038 2660 3134 2700 sua
3160 2644 3503 2702 observantia

1911 2735 1997 2791 vel
2026 2736 2243 2792 curioso
2280 2736 2476 2791 intuitu
2514 2736 2708 2792 diaboli
2738 2737 2808 2792 ah
2830 2739 2909 2792 eis
2945 2737 3143 2792 debent
3172 2745 3328 2792 actus
3357 2754 3503 2795 com—

1910 2841 2135 2897 pescere
2167 2848 2182 2882 :
2220 2827 2337 2883 sive
2365 2828 2497 2883 vitia
2536 2828 2621 2883 vel
2656 2838 2878 2899 peccata
2907 2829 3039 2893 oris,
3070 2844 3193 2884 cum
3234 2830 3502 2886 voluerint

1911 2931 2197 2984 exercere,
2251 2932 2375 2973 mox
2416 2919 2469 2974 in
2522 2919 2601 2974 eis
2655 2918 3045 2975 monitionibus
3091 2921 3400 2986 emendare,
3446 2929 3505 2976 et

1910 3022 2072 3064 omne
2099 3009 2155 3063 in
2184 3007 2264 3063 eis
2288 3009 2433 3080 quod
2467 3017 2656 3064 contra
2697 3016 3027 3080 praeceptum
3056 3008 3267 3064 Domini
3296 3017 3382 3065 est
3408 3024 3499 3066 re-

209 3103 364 3175 xtv);
394 3118 504 3177 quo
525 3103 729 3176 judicio
747 3104 914 3176 virga:
934 3118 1156 3161 causam
1181 3102 1276 3158 Dei
1313 3110 1439 3159 ante
1464 3102 1805 3160 Pharaonem
1833 3153 1875 3177 η
1910 3114 2149 3164 movere,
2185 3114 2351 3172 agens
2375 3098 2506 3155 illud
2533 3098 2677 3170 quod
2710 3102 2726 3141 ί
2759 3107 2944 3155 sancta
2976 3098 3240 3170 Eugenia,
3272 3113 3395 3169 quae
3425 3100 3502 3155 ita

209 3278 393 3350 ipsius
421 3279 705 3350 aspiciant.
731 3297 750 3330 ι
786 3277 928 3350 Olim
955 3277 1011 3332 in
1037 3275 1292 3350 Francia,
1322 3282 1383 3331 ut
1408 3282 1597 3350 notum
1625 3283 1712 3331 est
1737 3289 1806 3329 ex

207 3345 570 3405 A'iinoino'ct
611 3349 731 3403 aliis
755 3388 771 3413 ,
816 3346 992 3417 major
1020 3347 1212 3403 domus
1240 3355 1396 3410 erat,
1446 3345 1539 3416 qui
1567 3353 1806 3415 praeerat

206 3421 420 3493 palatio
458 3420 631 3491 regis,
677 3419 929 3488 illiusque
958 3419 1077 3473 vice
1112 3417 1364 3472 universa
1401 3417 1553 3488 regni
1588 3417 1802 3488 negotia

210 3491 657 3545 administrabat.
706 3488 939 3545 Gallice.
973 3489 1138 3544 ntaire
1166 3487 1239 3541 du
1272 3486 1476 3545 nalais:
1517 3501 1677 3545 quem
1706 3486 1807 3542 Ce-

210 3501 657 3548 admtntstrabat.
706 3501 939 3553 Gallice,
973 3504 1138 3544 matre
1166 3501 1239 3541 au
1272 3501 1476 3559 patats;
1517 3501 1677 3555 quem
1706 3501 1806 3542 ue-

210 3563 423 3635 drenus
451 3562 554 3632 (Ad
581 3577 678 3635 an.
708 3560 738 3613 7
758 3559 953 3635 Leonis
972 3558 1173 3631 Isauri)
1190 3560 1447 3635 rrpu'utxpv,
1474 3557 1529 3612 id
1556 3565 1640 3613 est
1667 3570 1806 3627 prte-

209 3631 442 3694 fectum,
461 3628 568 3686 seu
596 3630 898 3702 principem
923 3631 1115 3686 domus
1140 3628 1391 3700 appellat.

287 3734 316 3764 ι
342 3721 598 3792 Majores.
636 3721 714 3776 lta
742 3722 796 3777 in
824 3720 1029 3792 Regula
1056 3734 1160 3776 ms.
1195 3720 1324 3792 Leg.
1353 3719 1604 3792 minores.

284 3793 315 3833 ι)
344 3789 496 3847 Dabo
536 3801 792 3863 pastores.
844 3789 944 3863 llic
986 3790 1139 3847 locus
1187 3789 1294 3863 non
1340 3797 1423 3845 est
1467 3791 1655 3863 lsaizn,
1707 3789 1802 3846 sed

208 3860 492 3941 Ieremia);
517 3860 822 3941 cunturquc
840 3861 995 3941 juxta
1016 3870 1255 3941 veterem
1277 3861 1799 3941 interpretationem,

206 3949 320 4003 qua
354 3934 529 3987 utitur
555 3931 613 3987 8.
644 3930 946 4004 Cyprianus
975 3933 1029 3987 in
1058 3932 1318 3987 citatione
1341 3930 1503 4057 hugus
1537 3931 1638 3985 loci
1665 3930 1757 3986 lib.
1783 3949 1800 3987 ι

209 4012 411 4057 contra
439 4001 687 4057 Judteos.
732 4020 790 4057 ιι.
823 4003 913 4057 14.
945 4011 1001 4057 et
1029 4004 1193 4057 etiam
1224 4002 1372 4057 iuxta
1462 4002 1799 4057 .ntuaninta:

209 4001 411 4059 cutura
439 4001 700 4069 Judaeos,
728 4001 790 4058 ιι.
823 4003 913 4069 14,
945 4011 1001 4057 et
1029 4004 1193 4058 etiam
1218 4002 1372 4072 juxta
1406 4001 1799 4073 Septuaginta;

215 4094 233 4128 t
257 4079 352 4129 sicci.
378 4081 718 4145 ποιμανοῦσιν
747 4075 885 4145 ὑμᾶς
907 4076 1249 4148 natantium“
1270 4073 1381 4148 μετ’
1409 4072 1719 4148 interdum,
1748 4072 1802 4127 id

206 4154 315 4208 est,
347 4142 563 4215 pascant
585 4162 672 4199 vos
700 4142 965 4215 pascentes
991 4142 1230 4215 scientia.
1262 4142 1280 4196 ὁ
1305 4142 1362 4198 In
1383 4143 1598 4214 vulgata
1629 4144 1801 4197 inter-

204 4215 522 4340 pretatione
547 4214 707 4285 juxta
731 4214 1057 4271 Hebraicum
1085 4233 1099 4269 :
1138 4214 1360 4269 Pascent
1389 4230 1477 4270 vos
1506 4215 1726 4269 scientia
1753 4223 1802 4268 et

247 4298 484 4340 octnna.

247 4298 484 4341 οευηηα.

284 4373 902 4458 ξδιιεεεριίοηειίνςω.
959 4374 1208 4458 Notanda
1254 4382 1341 4457 est
1384 4373 1801 4458 prapusitorum

206 4445 622 4517 ordinatio‘per
655 4445 865 4517 virgam
891 4486 905 4511 ,
957 4446 1110 4513 cujus
1157 4454 1336 4501 tamen
1384 4445 1511 4517 ipse
1539 4445 1802 4517 Magisteg

205 4516 418 4571 nullam
439 4517 494 4570 in
513 4511 723 4572 abbatis
736 4511 1075 4571 ordinatione
1096 4511 1426 4571 mentionem
1449 4515 1578 4570 facit
1596 4511 1717 4584 cap.
1733 4514 1801 4569 93
1827 4511 1879 4571 D

205 4595 264 4669 et
284 4586 514 4669 93,_etsi-
530 4586 657 4641 olim
681 4602 744 4643 ea
766 4586 989 4669 abbates
1015 4585 1797 4669 uterenturnquemadm‘odum

208 4656 268 4711 S.
301 4656 672 4713 Columbanus
698 4697 713 4725 ,
765 4664 827 4711 ut
873 4657 1059 4713 videre
1105 4664 1191 4712 est
1237 4657 1293 4710 in
1320 4656 1458 4711 Vitis
1484 4661 1797 4725 sanctorum

203 4726 365 4798 Galli
386 4734 442 4782 et
480 4725 779 4798 Magnoaldi
804 4767 820 4793 ,
865 4728 958 4782 ubi
1008 4726 1273 4797 ejusmodi
1306 4726 1460 4797 virga
1499 4724 1800 4798 appellatur

206 4796 508 4871 Cambuta,
545 4796 647 4853 ἀᾶτὸ
678 4805 778 4871 τοῦΔ
799 4796 1090 4871 nan-irrito,
1119 4799 1173 4871 id
1208 4805 1318 4861 est,
1360 4796 1623 4871 curvare,
1668 4796 1796 4871 quia

205 4869 501 4932 abbatum,
541 4879 603 4923 ut
628 4877 685 4923 et
711 4866 942 4923 aliorum
969 4867 1225 4924 Ecclesia
1253 4867 1605 4937 praebitorum
1630 4866 1797 4935 virga:

206 4946 342 4992 sunt
366 4938 425 4992 in
452 4941 765 4994 summitate
791 4954 994 5009 curvae,
1017 4938 1084 4993 ad
1112 4936 1392 5009 pastorum
1416 4936 1796 5009 imitationem,

205 5022 448 5079 quorum
476 5011 645 5079 virga:
687 5010 742 5064 in
782 5008 998 5080 fastigio
1033 5006 1211 5064 curva:
1243 5015 1436 5073 erant;
1474 5021 1599 5062 cum
1629 5006 1798 5080 magi-

206 5077 486 5150 itratuum
512 5077 677 5150 virga:
703 5090 887 5136 essent
913 5077 1183 5150 rectze,ut
1207 5086 1363 5150 notat
1390 5085 1579 5132 auctor
1600 5077 1798 5150 veteris

209 5147 576 5220 Etymojogici
599 5145 623 5203 ἶ
646 5158 723 5220 et,
745 5151 799 5205 in
831 5149 1054 5220 antiquo
1078 5148 1280 5220 Ordine
1314 5147 1573 5220 Romano
1592 5145 1795 5220 equa-

208 5217 361 5278 none
390 5217 451 5273 8.
476 5217 743 5276 Theodori
774 5217 1166 5290 archiepiscopi
1195 5218 1607 5290 Cantuariensis
1635 5218 1799 5290 abba:

209 5299 300 5345 tes
332 5304 446 5361 per
486 5291 651 5361 virga:
696 5287 1096 5360 susceptio—nem
1117 5287 1464 5361 ordinantur.
1520 5287 1799 5361 Ejusmodi

250 5357 563 5416 rzelatorum
576 5357 748 5432 virga:
768 5357 896 5415 olim
927 5361 1135 5431 ligneae,
1156 5358 1447 5432 aliquando
1469 5357 1801 5432 cypressinat

233 5431 474 5500 ’uerunt,
522 5440 584 5485 ut
626 5427 812 5487 videre
853 5441 938 5485 est
969 5427 1042 5486 ἰιι
1090 5427 1318 5500 epistola
1363 5427 1577 5484 abbatis
1624 5427 1801 5499 Sylva:

206 5498 435 5572 Majoris
458 5502 526 5555 ad
548 5501 880 5572 Stephanum
902 5498 1211 5572 episcopum
1234 5500 1801 5572 Tornacensem,_quai

206 5568 303 5625 est
324 5571 434 5626 253
466 5572 608 5626 inter
642 5568 899 5642 epistolas
936 5568 1110 5641 ipsius
1147 5570 1406 5642 Stephani
1434 5589 1447 5624 :
1485 5588 1507 5642 ι
1540 5568 1802 5642 Mittimus

209 5648 398 5695 autem
427 5652 622 5697 vestrae
658 5640 988 5697 charissima:
1019 5640 1331 5711 paternitati
1372 5641 1426 5695 in
1465 5640 1801 5711 signumde-

208 5712 450 5784 votiouis
475 5719 530 5766 et
555 5714 795 5784 pignoris
819 5709 1092 5784 perpetuae
1117 5711 1396 5784 servitutis
1420 5709 1799 5767 munusculum

209 5780 498 5853 indignum
530 5780 790 5839 servitute
818 5780 1002 5840 vestra
1025 5824 1041 5851 ,
1091 5782 1188 5839 sed
1232 5781 1415 5838 ofﬁcio
1457 5796 1759 5854 congruum
1780 5820 1795 5847 ,

1907 3273 2158 3347 baculum
2195 3272 2450 3347 videlicet
2483 3274 2878 3347 cypressinum.
2914 3294 2934 3329 ι
2988 3275 3057 3331 Ει
3092 3289 3207 3346 seq.
3237 3275 3397 3347 epist.
3426 3278 3496 3332 ad

1908 3345 2218 3427 episcopum
2244 3344 2721 3427 Aurelianensem:
2753 3365 2772 3397 ι
2805 3344 3183 3427 M_u_nusc_uluni
3204 3344 3357 3427 vobis
3379 3348 3499 3427 mit-

1908 3415 2095 3480 timus,
2126 3415 2192 3497 de
2224 3425 2447 3471 remot-s
2491 3415 2734 3497 partibus
2760 3417 2929 3497 “uobis
2973 3418 3199 3472 missum
3245 3416 3493 3497 baculum

1905 3485 2234 3556 pastoralem
2266 3485 2675 3556 eypressinum,
2720 3485 2902 3545 ofﬁcio
2928 3495 3107 3542 vestro
3143 3494 3197 3539 et
3233 3486 3495 3556 qualitate

1906 3554 2152 3626 mysterii
2199 3554 2517 3624 congruum.
2572 3574 2591 3608 s
2655 3555 2800 3610 Sane
2848 3556 2974 3610 olim
3025 3554 3300 3626 sceptrum
3346 3554 3495 3626 lovis

1906 3626 2282 3749 cypressinum
2318 3626 2452 3705 fuit;
2492 3627 2846 3707 quamobrem
2886 3626 3205 3707 Pythagora:
3236 3625 3488 3707 discipuli

1906 3712 1935 3749 a
2001 3712 2128 3749 arca
2174 3693 2386 3748 funebri
2421 3710 2734 3749 cvnressma
2771 3697 3116 3749 abstinebant
3151 3694 3295 3749 (etsn
3339 3705 3488 3749 quta

1904 3693 2143 3766 abarca
2174 3693 2386 3748 funebri
2421 3693 2734 3766 cypressina
2771 3693 3116 3750 abstinebant
3151 3694 3295 3766 (etsi
3334 3694 3491 3765 juxta

1905 3765 2275 3836 Thucydidem
2304 3765 2513 3836 eorum,
2544 3766 2634 3832 qui
2663 3780 2761 3836 pro
2790 3766 2962 3834 patria
2996 3765 3223 3820 mortem
3252 3766 3491 3835 appetie-

1905 3835 2321 3907 rant,’corpora
2366 3835 2423 3907 in
2467 3850 2612 3907 arcis
2637 3836 2970 3907 cypressinis
3000 3836 3405 3907 conderentur),
3433 3846 3491 3889 ut

1903 3908 2064 3962 docet
2089 3906 2355 3977 Diogenes
2380 3905 2634 3978 Laertius
2659 3906 2752 3960 lib.
2778 3921 2872 3960 vm
2902 3924 2914 3959 :
2939 3907 3290 3978 «Ἀπέσχοντφ
3325 3905 3378 3963 δὲ
3411 3910 3493 3961 ναὶ

1904 3982 2062 4050 σοροῦ
2100 3974 2473 4054 κγπήαριᾳσίνης
2509 3974 2595 4054 διᾷ
2622 3979 2681 4054 τρ
2713 3982 2804 4054 rei?
2837 3980 2950 4054 Διὸς
2976 3974 3233 4054 σκῆπῆηον
3264 3977 3490 4054 iusst-10w

1902 4045 2307 4112 miratae-9m,'id
2338 4054 2441 4109 est,
2493 4115 2506 4116 γ
2529 4046 2873 4101 abstinebant
2901 4047 2968 4100 ab
2996 4062 3121 4101 area
3143 4045 3364 4101 't'nnebri
3396 4061 3489 4116 cy-

1940 4119 2166 4174 ressina.
2185 4117 2327 4187 quod
2349 4115 2635 4173 indeJovis
2653 4125 2924 4186 sceptrum
2946 4116 3265 4173 fabricatum
3288 4115 3450 4171 esset.
3465 4134 3485 4169 s

1940 4134 2166 4174 ressma.
2185 4134 2327 4187 quoa
2349 4134 2635 4173 lliﬂeJOVlS
2653 4134 2924 4186 sceptrum
2946 4134 3265 4173 tanncatum
3288 4134 3450 4171 esset.
3465 4134 3485 4169 s

1901 4134 1979 4260 Bo
2008 4189 2176 4259 virgis
2198 4187 2561 4260 praelatorum
2605 4187 2919 4260 plurarvide
2961 4189 3104 4260 apud
3149 4188 3448 4260 Rupertum
3471 4226 3488 4254 ,

1901 4258 1998 4331 lib.
2030 4276 2079 4331 t_v
2100 4257 2166 4331 in
2195 4258 2388 4331 ltegul.
2405 4258 2477 4331 _S.
2503 4257 2806 4331 Benedicti,
2833 4274 2955 4331 cap.
2979 4257 3036 4326 ἡ,
3061 4261 3096 4315 5
3121 4273 3179 4331 et
3200 4259 3275 4324 4.,

1972 4328 1998 4369 ά
2027 4329 2094 4384 In
2123 4328 2362 4384 bestiam.
2404 4328 2461 4385 ld
2489 4337 2604 4396 est,
2647 4330 2701 4384 in
2741 4328 3065 4400 serpentem.
3114 4328 3488 4401 Synecdoche,

1903 4415 2074 4472 genus
2100 4416 2200 4470 pro
2226 4401 2426 4469 specie.

1981 4482 2004 4510 θ
2031 4467 2226 4541 Debere
2253 4467 2508 4541 praponi.
2547 4467 2626 4524 lta
2656 4468 2708 4524 in
2740 4468 2872 4541 Reg.
2894 4485 2997 4525 ms.
3021 4484 3120 4539 pro
3142 4469 3327 4524 debent
3353 4485 3491 4541 prce:

1902 4542 2048 4612 poni.
2102 4537 2261 4597 Solet
2291 4537 2382 4596 hic
2422 4548 2613 4595 auctor
2640 4554 2784 4610 saepe
2810 4537 2885 4594 ita
2914 4537 3092 4611 loqui;
3142 4553 3313 4610 quare
3351 4537 3491 4592 nihil

1899 4619 2071 4666 muto.

1976 4680 1995 4720 ί
2025 4679 2530 4753 ϐαίιισὲιαξαυὶηιιιε.
2585 4679 2664 4734 Ita
2713 4679 2768 4753 in
2814 4679 3021 4753 Regula
3054 4695 3165 4753 Ams.
3193 4693 3294 4749 pro
3323 4677 3482 4749 quod.

1898 4748 2486 4825 Estuph'rasisGraeea,
2519 4764 2642 4805 cum
2671 4748 2956 4825 relativum
2988 4748 3484 4825 subsequens'con-

1898 4818 2045 4876 venii
2077 4823 2128 4875 in
2156 4821 2344 4875 eodem
2370 4834 2498 4875 casu
2526 4835 2648 4875 cum
2676 4820 3052 4885 antecedente,
3079 4828 3133 4873 ut
3161 4818 3358 4873 Psalm.
3386 4833 3437 4872 ιι
3465 4835 3479 4871 :

1887 4890 2411 4962 Comprehenduntur
2439 4891 2493 4943 in
2522 4891 2779 4962 consiliis,
2810 4890 2997 4960 quibus
3027 4890 3275 4962 cogitant,
3302 4889 3355 4942 id
3376 4898 3479 4962 est,

1899 4958 2025 5031 quae
2067 4963 2328 5032 cogitant.
2358 4959 2441 5032 »ιη
2488 4967 2635 5013 textu
2676 4958 2865 5015 Graeco
2904 4978 2915 5013 :
2958 4958 3386 5032 Συὶλάμιῗάνυνται
3435 4960 3482 5012 ἐν

1898 5029 2226 5095 διαϐονλίόις,
2249 5029 2329 5102 οἷς
2352 5030 2732 5102 διαλογζζοντᾳι.

1976 5106 1999 5142 ε
2025 5102 2273 5156 Idoneor.
2313 5101 2392 5155 ita
2423 5102 2476 5153 in
2495 5096 2714 5168 Regula
2741 5114 2844 5153 ms.
2870 5113 2968 5168 pro
2994 5097 3161 5168 magis
3185 5096 3455 5152 idoneus.»

1901 5264 1936 5320 d
1969 5194 1999 5233 h
2016 5192 2103 5316 fe
2126 5192 2429 5262 paucitatis.
2477 5188 2556 5245 ita
2583 5189 2639 5243 in
2666 5187 2871 5257 Regula
2896 5202 3038 5253 ms.;
3083 5186 3180 5243 sed
3204 5187 3265 5242 τὸ
3289 5184 3357 5241 de
3387 5202 3478 5242 re-

1939 5281 2010 5319 un
2051 5272 2127 5317 at.

1939 5272 2127 5319 undaL

1978 5360 1996 5400 ί
2028 5357 2089 5414 S.
2122 5356 2384 5427 Eugenio.
2422 5353 2669 5427 Haacgest
2702 5355 2761 5412 S.
2794 5355 3034 5427 Eugenia
3062 5355 3214 5427 virgo
3246 5361 3304 5410 et
3338 5367 3484 5427 mar-

1901 5437 2007 5503 tyr,
2060 5443 2182 5503 quae
2210 5422 2431 5503 sexum
2458 5425 2690 5503 virilem
2719 5422 2980 5503 sinmlhps
3007 5422 3271 5503 _pr:efuit__
3290 5422 3485 5503 mulier

1902 5492 2204 5563 monachis,
2238 5496 2351 5567 tilia
2377 5494 2604 5567 Philippi
2628 5497 2968 5553 Alexandria:
2990 5492 3324 5567 Augustalis.
3356 5492 3486 5567 Elo-

1904 5572 2013 5626 ruit
2050 5564 2599 5638 teniporngmmodi
2638 5568 3018 5638 imperatoris:
3060 5564 3177 5638 ejus
3205 5566 3339 5638 Acta
3370 5564 3480 5638 ha-

1903 5642 2102 5697 bentur
2132 5634 2182 5692 in
2208 5636 2358 5709 Vitis
2369 5635 2612 5709 Patrum.
2650 5634 2731 5693 De
2754 5654 2817 5693 ea
2845 5647 3013 5709 agunt
3038 5634 3479 5709 Mitrtyrologium

1902 5711 2204 5766 Romanum
2231 5706 2302 5760 25
2330 5705 2656 5779 Decembris,
2695 5716 2751 5765 et
2780 5705 3135 5779 Metiologlum
3166 5705 3481 5763 Gmcorum

1903 5782 1973 5837 24
2003 5778 2245 5852 ejusdem
2277 5775 2496 5833 mensis.
2702 5780 2719 5805 ’
