3940 6196
611 326 637 342 ν

611 326 637 342 ν

572 324 681 383 9·έό

1570 318 1627 377 S.
1671 320 2028 380 BENEDICTI
2067 316 2361 375 ABBATIS
2398 317 2810 377 ANIANENSIS

3677 332 3756 391 956

567 454 685 495 suis
703 451 731 480 ι
751 436 1052 505 minoribus
1078 433 1326 506 praefixit,
1373 433 1588 490 dicente
1626 435 1701 490 ita
1721 434 1752 475 ι»
1771 435 1847 490 ibi
1881 435 2147 505 scriptura
2175 431 2227 492 Α
2252 430 2383 485 dicit
2413 448 2427 485 :
2459 426 2646 486 Omnis
2677 447 2848 487 sermo
2888 432 3059 488 malus
3090 434 3153 489 de
3194 451 3286 490 ore
3325 445 3487 492 vestro
3510 455 3601 494 non
3619 458 3759 511 ρωεε.

568 530 759 602 ipsius,
786 529 933 584 circa
959 542 1022 582 os
1045 527 1284 581 omnium
1325 525 1548 581 auribus
1580 533 1700 581 eral.
1744 525 1995 589 sollicita,
2028 534 2050 563 ο
2090 531 2152 578 ut

570 620 767 676 nullius
803 624 1085 687 putaretur
1128 615 1327 685 injuria
1371 617 1530 671 matri
1572 615 1739 671 verba
1776 628 2147 684 prorumpere,

567 710 655 764 vel
677 709 742 763 de
767 700 1223 777 sermone-aliquo
1263 706 1439 761 otioso
1478 706 1720 778 garrire;
1770 707 1865 761 sed
1900 702 2152 759 monebat

571 802 629 856 S.
656 801 892 873 Eugenia
931 805 1214 870 susceptos
1247 814 1393 864 suos,
1418 806 1474 852 et
1500 799 1714 853 dicebat
1754 805 1956 868 quanta
2000 809 2154 850 reve-

570 892 746 947 rentia
775 892 1067 946 debeamus
1090 889 1320 945 Domino
1350 888 1575 953 servire,
1622 902 1689 942 ex
1714 887 1996 957 prmeeptis
2037 884 2154 953 ejus

568 983 891 1047 ostenditur,
947 980 994 1036 si
1045 980 1207 1035 talem
1255 979 1412 1035 nobis
1456 987 1582 1033 ante
1630 976 1814 1033 oculos
1864 988 2153 1046 personam

569 1074 980 1137 constituamus,
1031 1086 1150 1141 qua:
1193 1085 1302 1125 non
1354 1069 1546 1124 debeat
1589 1068 1643 1122 in
1692 1066 1845 1121 nullo
1885 1071 2153 1135 praecepto

569 1164 862 1221 contemni.
894 1163 1021 1220 Ideo
1042 1163 1177 1217 duos
1204 1161 1420 1217 decada:
1445 1160 1681 1215 diximus
1718 1157 1810 1211 uni
1838 1156 2153 1227 praepositos

569 1255 832 1319 ordinari,
862 1261 924 1309 ut
943 1254 989 1308 si
1020 1251 1159 1308 forte
1202 1250 1364 1320 aliqui
1405 1249 1602 1304 fratres
1629 1264 1697 1303 ex
1734 1246 1922 1302 eadem
1952 1244 2155 1300 decada

570 1348 639 1401 ab
670 1348 862 1402 abbate
889 1346 943 1399 in
975 1344 1081 1399 alio
1107 1349 1451 1411 sequestrata
1478 1339 1679 1394 laboris
1701 1352 1863 1407 opere
1893 1336 2156 1405 deputen-

572 1449 680 1503 tur,
717 1439 809 1493 uni
858 1437 1266 1492 committantur
1305 1432 1592 1503 praeposito
1641 1428 1994 1500 sequestratis
2030 1443 2060 1481 a
2096 1442 2155 1482 se

572 1531 685 1585 suis
730 1527 993 1581 fratribus
1039 1525 1201 1579 alium
1263 1523 1646 1592 relinquentes.
1700 1520 1757 1576 Si
1788 1535 1918 1575 vero
1966 1519 2021 1573 in
2064 1518 2155 1573 via

568 1634 714 1673 unus
741 1619 1033 1671 mittendus
1067 1616 1140 1670 sit
1170 1614 1493 1682 fratcr,cum
1538 1612 1897 1683 prmceptione
1930 1610 2156 1665 diversae

567 1709 825 1763 vitiorum
870 1707 1128 1762 custodiae
1170 1721 1200 1760 a
1242 1704 1533 1776 przeposito
1558 1718 1659 1758 suo
1692 1702 1933 1757 monitus
1975 1700 2154 1756 itineri

2251 520 2363 574 dat.
2406 520 2560 586 Quod
2604 522 2650 576 si
2694 522 2821 593 quid
2861 531 2936 576 est
2976 523 3045 576 ad
3075 525 3491 594 a’di/icationem,
3523 529 3548 568 h
3574 539 3623 582 ut
3645 532 3760 589 detur

2251 611 2425 680 gratia
2454 610 2788 665 audientibus
2813 611 2973 683 (Eph.
3011 612 3108 683 tv).
3134 612 3269 668 Nam
3296 615 3409 685 ipsa
3440 617 3687 675 aedificatio
3709 624 3760 679 ab

2252 702 2451 757 abbate
2473 702 2769 772 praebenda
2812 712 2917 769 est,
2955 706 2972 745 ί
3013 713 3075 759 ut
3108 707 3353 777 magistri
3374 708 3670 767 ministrata:
3691 713 3762 769 do-

2250 793 2441 848 ctrinae
2486 795 2684 850 tacitus
2729 795 2951 851 auditus
2993 796 3241 868 discipuli
3287 798 3441 854 factis
3480 805 3758 872 respondeat.

2251 883 2393 953 Ergo
2432 892 2649 939 moneat
2699 899 2867 954 prava
2918 885 3226 956 loquentem
3273 889 3575 959 discipulum
3603 908 3763 966 prepo-

2251 973 2389 1028 situs
2423 974 2646 1030 dicens:
2677 974 2880 1030 Claude
2911 990 2974 1031 os
3005 985 3179 1041 tuum,
3217 976 3404 1045 frater,
3449 996 3480 1035 a
3521 983 3644 1037 malo
3683 986 3763 1040 eli).

2251 1062 2380 1132 quia
2411 1081 2426 1116 :
2458 1064 2659 1119 bonum
2693 1064 2817 1119 inde
2849 1064 3049 1134 aliquid
3074 1066 3241 1122 debet
3261 1068 3410 1123 exire
3448 1070 3578 1125 unde
3600 1072 3764 1140 profers

2252 1151 2473 1217 malum,
2506 1161 2564 1207 ut
2586 1154 2785 1208 bonum
2809 1155 2926 1210 oris
2943 1158 3024 1210 tui
3053 1155 3326 1226 eloquium
3355 1159 3613 1216 audientes
3634 1163 3765 1218 admi-

2253 1256 2439 1298 remur
2459 1283 2474 1308 ,
2520 1242 2534 1293 i
2594 1258 2757 1314 quam
2821 1245 3023 1300 malum
3063 1254 3253 1303 tecum.
3290 1249 3484 1317 pariter
3515 1252 3670 1320 potius
3696 1269 3766 1307 au-

2253 1333 2464 1388 dientes
2487 1334 2779 1392 rideamus.
2808 1334 2926 1392 Non
2950 1338 3095 1393 enim
3123 1340 3273 1395 utilis
3299 1348 3399 1407 est,
3429 1341 3492 1397 de
3529 1359 3623 1413 quo
3654 1345 3762 1400 ride-

2256 1434 2360 1481 tur.
2389 1425 2585 1483 Sedeat
2608 1429 2760 1484 enim
2785 1444 2949 1500 super
2975 1446 3039 1487 es
3064 1442 3219 1488 tuum
3248 1434 3502 1503 sapientia
3524 1451 3634 1491 curn
3653 1438 3765 1493 clave

2247 1515 2472 1585 iustitiae
2497 1528 2555 1574 et
2580 1520 2790 1576 timoris
2826 1520 2951 1587 Dei,
2989 1530 3046 1577 et
3087 1522 3205 1593 ipsa
3252 1524 3404 1580 bonis
3442 1525 3647 1597 eloquiis
3674 1543 3763 1599 ape-

2254 1604 2380 1672 riat,
2423 1614 2478 1661 et
2509 1607 2668 1664 malis
2695 1609 2924 1680 eloquiis
2962 1610 3179 1667 claudat
3206 1611 3347 1668 labia
3375 1623 3483 1669 tua.
3522 1615 3640 1670 Nam
3675 1632 3763 1672 cum

2253 1698 2478 1752 verbum
2507 1714 2730 1766 vanum,
2762 1700 2954 1768 frater,
2986 1702 3055 1758 de
3082 1718 3181 1759 ore
3206 1712 3302 1759 tuo
3335 1706 3537 1774 exierit,
3575 1710 3764 1777 quamvis

569 1799 874 1871 dirigatur;
917 1799 1013 1855 sed
1052 1798 1173 1852 talis
1207 1775 1455 1850 mittatur
1495 1795 1562 1849 de
1604 1794 1795 1849 eadem
1838 1792 2038 1847 decada
2086 1792 2152 1845 de
2179 1775 2226 1833 Β
2253 1805 2349 1860 per
2377 1792 2569 1858 risum,
2610 1802 2791 1850 tamen
2828 1802 3015 1851 nostro
3056 1797 3205 1865 perit
3236 1798 3418 1853 auditu
3448 1816 3462 1853 :
3490 1775 3605 1870 quia
3628 1800 3764 1855 exiens

568 1907 678 1962 quo
717 1899 896 1945 certus
926 1890 997 1945 sit
1021 1888 1343 1959 praepositus
1387 1901 1518 1941 suus
1553 1899 1649 1938 sua
1674 1884 1805 1938 vitia
1830 1897 1991 1952 posse
2033 1880 2155 1936 dili-

571 1991 762 2055 genter
797 1997 1013 2048 cavere,
1037 1989 1091 2035 et
1128 1979 1373 2035 absentia
1400 1977 1674 2047 praepositi
1697 1976 1780 2031 sui
1811 1976 1907 2030 Dei
1931 1974 1958 2014 ει
1982 1973 2152 2043 magis

569 2075 915 2145 praesentiam
938 2081 1151 2143 putare,
1181 2079 1237 2127 et
1266 2071 1497 2141 amplius
1524 2071 1726 2126 debere
1764 2068 1943 2124 timeri
1972 2084 2004 2122 a
2041 2066 2152 2122 fra-

572 2173 656 2219 tre
679 2180 777 2234 pro
811 2164 992 2219 anima
1020 2177 1117 2217 sua
1146 2161 1376 2217 sollicito
1403 2160 1748 2232 praesentiam
1774 2159 1889 2221 Dei,
1922 2159 2014 2229 qui
2044 2158 2155 2213 dis-

572 2272 764 2311 cussor
788 2263 975 2310 noster
997 2255 1103 2310 erit
1127 2263 1183 2310 et
1200 2253 1391 2323 judex,
1422 2268 1585 2323 quam
1611 2251 1863 2308 hominis.
1893 2252 1995 2320 Qui
2023 2266 2153 2322 ergo

575 2348 849 2418 praepositi
897 2355 1041 2411 sunt,
1087 2354 1309 2416 propter
1348 2346 1491 2414 quod
1528 2344 1675 2398 omni
1718 2344 1849 2399 hora
1894 2343 2153 2401 fratribus

570 2444 866 2505 prmsentes
891 2443 1039 2500 sunt,
1063 2450 1126 2490 os
1148 2449 1335 2489 eorum
1355 2441 1409 2491 et
1433 2442 1640 2505 gestum
1664 2449 1695 2487 a
1722 2441 1947 2504 peccato
1972 2441 2155 2489 custo-

572 2527 724 2582 diant
755 2545 768 2581 :
810 2534 865 2581 et
890 2526 1108 2582 diversa
1123 2526 1179 2580 iu
1207 2526 1286 2580 eis
1316 2526 1470 2590 vitia,
1493 2525 1577 2580 vel
1596 2540 1761 2595 prava
1784 2532 2149 2599 compescant.

574 2617 630 2672 Id
660 2624 765 2681 est,
797 2627 820 2656 ο
851 2616 895 2670 si
923 2615 1156 2669 audierit
1179 2615 1500 2684 praepositus
1525 2612 1747 2668 fratrem
1780 2628 1888 2668 non
1920 2613 2155 2671 interro-

567 2713 756 2778 gatum
785 2704 953 2773 loqui,
981 2711 1199 2759 moneat
1227 2719 1351 2779 eum
1384 2702 1570 2759 dicens
1600 2720 1612 2756 :
1642 2701 1780 2769 Quid
1803 2704 1941 2774 agis,
1963 2702 2147 2768 frater,

571 2796 716 2865 quod
740 2795 942 2866 Regula
984 2793 1267 2864 prohibet?
1301 2794 1499 2849 habeto
1531 2793 1953 2849 taciturnitatem
1982 2810 2154 2865 usque

559 2875 645 2942 ad
687 2886 1202 2956 interrogationem,
1247 2884 1333 2939 dic
1383 2899 1505 2938 cum
1552 2883 1821 2954 Propheta
1868 2886 2095 2941 Domino
2134 2905 2149 2940 :

574 2976 745 3042 Pone,
770 2976 1010 3039 Domine,
1046 2973 1335 3029 custodiam
1365 2973 1446 3026 ori
1472 2990 1607 3038 meo,
1633 2982 1683 3027 et
1717 2976 1908 3028 ostium
1931 2975 2155 3028 circum-

573 3065 783 3121 stantiae
828 3063 980 3117 labiis
1028 3064 1157 3116 meis
1195 3060 1366 3133 (Psal.
1395 3062 1541 3133 exe).
1587 3064 1717 3118 Esto
1763 3072 2044 3135 promptus
2086 3065 2155 3120 ad

575 3155 924 3220 audiendum,
967 3154 1152 3209 tardus
1188 3161 1368 3208 autem
1403 3153 1470 3207 ad
1516 3154 1860 3224 loquendum.
1906 3156 2058 3224 Quod
2107 3159 2153 3213 si

576 3248 736 3301 datus
779 3246 941 3300 fuerit
988 3245 1144 3301 fratri
1188 3247 1338 3302 locus
1376 3247 1666 3316 loquendi,
1718 3249 1988 3304 custodiat
2030 3262 2155 3305 eum

574 3337 914 3409 praepositus,
962 3352 1032 3391 ne
1069 3336 1201 3391 satis
1248 3336 1481 3392 clamosa
1525 3351 1658 3392 voce
1697 3336 1968 3407 loquatur,
2009 3340 2154 3408 quod

574 3430 849 3502 Sapientes
874 3445 981 3485 non
1007 3430 1181 3485 decet.
1202 3429 1271 3484 Et
1295 3445 1415 3484 mox
1446 3437 1663 3485 moneat
1686 3445 1808 3484 eum
1834 3431 2153 3501 praepositus

573 3525 760 3580 dicens
798 3543 810 3579 :
852 3522 1034 3590 Cessa,
1084 3521 1275 3589 frater,
1317 3523 1492 3578 nescit
1539 3522 1621 3578 sic
1663 3522 1941 3579 humilitas
1982 3521 2148 3593 loqui,

570 3617 697 3686 quia
738 3617 998 3686 scriptum
1044 3623 1170 3672 est:
1216 3612 1305 3669 Vir
1355 3613 1623 3686 linguosus
1672 3613 1692 3653 τ
1747 3630 1851 3670 non
1895 3613 2153 3683 dirigetur

569 3725 724 3780 super
744 3717 939 3762 terram
970 3704 1141 3779 (Psal.
1188 3706 1433 3780 cxxxrx).
1470 3706 1623 3774 Quod
1663 3707 1825 3761 etiam
1860 3712 1916 3761 et
1958 3704 2150 3760 silente

569 3799 732 3854 fuerit
752 3797 859 3852 alio
888 3797 1029 3853 forte
1058 3798 1296 3862 locutus,
1341 3798 1611 3853 custodiat
1650 3813 1774 3853 eum
1803 3798 2147 3869 praepositus,

570 3911 638 3950 ne
679 3894 903 3950 verbum
946 3893 1161 3963 aliquod
1211 3906 1432 3954 “unum,
1483 3897 1579 3943 aut
1618 3888 1752 3943 risui
1802 3897 2019 3958 aptum,
2061 3888 2147 3942 vel

568 3985 712 4057 quod
740 3985 806 4039 ad
842 3984 1252 4039 aedificationem
1287 3990 1343 4035 ct
1375 3980 1714 4035 sanctitatem
1746 3994 1850 4033 non
1887 3979 2147 4048 pertinet,

568 4077 636 4130 de
662 4091 754 4131 ore
782 4088 880 4129 suo
907 4075 1137 4127 emittat.
1171 4071 1322 4138 Quod
1346 4088 1467 4126 cum
1497 4071 1750 4135 audierit,
1778 4080 1996 4126 moneat
2022 4087 2145 4127 eum

568 4165 890 4236 pnepositus
919 4179 1048 4218 suus
1073 4164 1259 4218 dicens
1285 4180 1297 4216 :
1331 4162 1469 4229 Quid
1494 4161 1750 4230 loqueris,
1789 4160 1973 4227 frater,
2004 4164 2145 4231 quod

567 4257 775 4327 Regula
799 4257 980 4311 vetat?
1019 4256 1143 4325 quia
1185 4256 1444 4325 scriptum
1488 4262 1609 4309 est:
1642 4257 1667 4294 ε
1702 4253 1775 4307 De
1815 4254 1965 4307 verba
2009 4270 2142 4309 vano

570 4348 793 4402 reddctis
837 4348 1091 4401 rationem
1135 4345 1349 4417 (Matth.
1393 4346 1525 4417 xu);
1574 4353 1630 4398 et
1674 4345 1803 4400 item
1857 4344 2144 4414 Apostolus

2253 1896 2353 1950 per
2379 1898 2442 1938 os
2473 1884 2649 1940 redire
2694 1901 2801 1940 non
2846 1894 3028 1956 potest
3070 1905 3084 1942 :
3130 1889 3230 1943 sed
3271 1888 3408 1944 ratio
3443 1886 3550 1959 ejus
3574 1899 3763 1945 servatur

2254 1988 2426 2044 usque
2454 1977 2522 2032 ad
2560 1977 2905 2046 praesentiam
2951 1977 3301 2047 discussoris,
3336 1989 3397 2037 et
3420 1996 3543 2036 cum
3558 1997 3647 2036 non
3677 1983 3763 2036 auli-

2254 2065 2384 2122 ficat
2407 2075 2611 2134 actum,
2635 2076 2895 2142 aggravat
2930 2085 3157 2126 causam
3200 2079 3259 2127 et
3292 2072 3524 2127 vulnerat
3564 2073 3759 2128 animm.

2253 2156 2322 2211 Et
2343 2173 2412 2213 ne
2435 2159 2501 2214 de
2526 2158 2756 2230 eloquiis
2779 2161 2981 2217 nostris
3004 2161 3061 2218 in
3085 2163 3176 2218 die
3190 2161 3377 2231 iudicii
3398 2165 3624 2220 dicatur:
3654 2162 3761 2217 Vm

2253 2247 2415 2303 locuti
2435 2261 2555 2306 sunt
2583 2254 2935 2324 unusquisque
2961 2254 3030 2308 ad
3050 2256 3350 2327 proximum
3367 2273 3510 2312 suum
3529 2255 3671 2329 (Psal.
3690 2256 3758 2327 si).

2255 2338 2281 2378 ιι
2335 2338 2472 2395 Nam
2500 2347 2556 2396 et
2603 2340 2831 2399 Orienes
2870 2343 3089 2414 sapiens
3121 2345 3254 2401 dicit
3294 2365 3308 2401 :
3354 2365 3372 2398 ι
3407 2346 3578 2402 Melius
3614 2356 3681 2401 est
3702 2346 3756 2399 la-

2251 2429 2430 2498 pidem
2471 2430 2524 2485 in
2557 2446 2755 2487 vanum
2787 2432 2997 2502 jactare
3034 2450 3205 2504 quam
3259 2436 3494 2492 verbum.
3539 2455 3556 2489 ο
3599 2436 3646 2490 Si
3669 2451 3760 2491 vero

2253 2518 2479 2577 fratrem
2526 2522 2760 2578 audierit
2809 2525 3166 2582 mentientem
3194 2567 3209 2592 ,
3264 2536 3474 2583 moneat
3508 2528 3757 2589 veritatem,

2253 2613 2474 2669 dicens:
2501 2614 2639 2683 Quid
2667 2616 2932 2683 mentiris,
2964 2617 3158 2686 frater,
3206 2635 3328 2675 cum
3356 2621 3489 2676 scias
3525 2627 3757 2690 scriptum:

2253 2702 2453 2759 Perdes
2485 2722 2572 2760 eos
2598 2706 2689 2777 qui
2722 2706 3009 2778 loquuntur
3050 2711 3384 2766 mendacium
3432 2710 3586 2784 (Psal.
3623 2710 3680 2782 γ).
3714 2710 3759 2764 Et

2252 2794 2383 2852 item
2423 2812 2548 2853 cum
2588 2798 2752 2863 scias,
2797 2799 2925 2869 quia
2969 2817 2982 2854 :
3028 2799 3299 2856 Universos
3331 2812 3448 2857 sunt
3481 2804 3568 2857 vite
3598 2799 3755 2855 Domini

2251 2886 2615 2942 misericordia
2641 2899 2691 2943 et
2716 2890 2909 2944 veritas
2936 2890 3113 2962 (Psal.
3146 2893 3318 2964 xxxv).
3362 2894 3419 2952 Si
3449 2908 3561 2949 vero
3585 2891 3758 2947 audierit

2255 2976 2487 3031 multum
2531 2977 2758 3033 fratrem
2804 2979 3118 3050 jurantem,
3175 2993 3386 3040 moneat
3427 2999 3539 3039 eum
3580 2995 3760 3052 presens

2182 3117 2226 3180 C
2256 3069 2576 3180 graspositus
2617 3070 2805 3169 dicens
2845 3090 2859 3126 :
2914 3072 3137 3141 Retine,
3174 3075 3355 3143 frater,
3396 3077 3604 3149 linguam
3633 3084 3755 3129 utam.

2257 3151 2397 3219 Quid
2441 3158 2660 3211 tandum
2692 3158 2874 3228 juras,
2908 3174 3029 3213 cum
3069 3160 3355 3234 Scriptura
3385 3164 3647 3234 prcecipiat,
3676 3176 3749 3215 non

2252 3246 2435 3313 iurare
2477 3250 2712 3315 omnino,
2749 3266 2816 3306 ne
2846 3267 2940 3320 pc:
2977 3253 3173 3322 iurare
3217 3268 3460 3312 nascatur
3481 3272 3624 3313 causa
3657 3268 3746 3323 per-

2250 3340 2379 3410 jurii
2420 3357 2436 3394 :
2464 3342 2554 3394 sed
2595 3344 2666 3395 sit
2696 3361 2867 3399 sermo
2900 3356 3042 3410 tuus,
3066 3360 3170 3412 est,
3210 3359 3308 3412 est,
3343 3368 3463 3410 non,
3489 3366 3596 3410 non.
3619 3348 3746 3403 crede.

2253 3429 2405 3484 crede
2441 3430 2653 3502 (Matth.
2685 3433 2770 3503 v);
2800 3441 2854 3511 et
2883 3449 3007 3489 mox
3038 3438 3312 3493 credimus
3341 3438 3450 3503 tibi,
3475 3434 3755 3507 quodcunque

2253 3519 2473 3575 dixeris.
2521 3520 2579 3575 Si
2629 3537 2757 3577 vero
2795 3523 2990 3580 viderit
3019 3526 3345 3585 irascentem
3386 3527 3587 3583 fratrem
3625 3521 3752 3583 fratri.

2251 3619 2472 3665 moneat
2496 3627 2619 3668 eum
2648 3627 2889 3682 praesens
2923 3618 3252 3685 praepositus
3279 3619 3487 3674 dicens:
3521 3615 3636 3682 Quid
3653 3611 3751 3682 agis,

2250 3698 2452 3758 frater?
2484 3702 2541 3756 in
2590 3705 3003 3759 mansuetudine
3041 3715 3101 3761 et
3149 3708 3521 3773 taciturnitate,
3556 3713 3603 3761 et
3623 3700 3753 3758 chari-

2249 3800 2362 3848 tate
2385 3809 2549 3866 opera
2572 3804 2661 3850 tua
2682 3795 2901 3867 perﬁce,
2931 3798 3056 3869 quia
3089 3801 3348 3872 scriptum
3385 3809 3462 3857 est
3487 3818 3499 3853 :
3527 3797 3684 3853 Desine
3707 3790 3751 3845 ob

2248 3885 2347 3948 ira,
2371 3895 2419 3940 et
2442 3886 2995 3958 derelinquefurorem
3020 3888 3198 3963 (Psal.
3224 3893 3424 3961 nm).
3449 3892 3511 3947 Et
3526 3892 3635 3945 item
3656 3883 3753 3949 τοδί

2247 3979 2465 4046 fratrem
2484 3995 2639 4033 suum
2661 3979 2791 4045 odit,
2811 3981 3074 4035 homicida
3096 3993 3173 4038 est
3199 3983 3253 4055 (I
3270 3984 3424 4038 Joan.
3445 3980 3610 4054 m).Et
3626 3978 3747 4032 item:

2249 4069 2351 4135 Qui
2372 4070 2534 4140 fratri
2551 4087 2645 4124 suo
2661 4070 2851 4125 dixerit
2866 4071 3046 4136 racha,
3061 4089 3187 4128 reus
3197 4074 3292 4127 erit
3298 4073 3493 4144 judicio
3508 4073 3523 4141 (
3530 4062 3748 4131 Matthv).

2243 4161 2311 4217 Et
2337 4179 2349 4215 :
2383 4161 2521 4228 Quia
2541 4163 2695 4217 homo
2722 4163 3010 4219 iracundus
3027 4164 3298 4235 justitiam
3334 4164 3428 4219 Dei
3450 4180 3542 4217 non
3565 4164 3750 4231 operam

2245 4255 2386 4325 (Jac.
2413 4253 2474 4325 ι).
2500 4254 2566 4308 Et
2602 4252 2620 4291 ι
2657 4270 2761 4309 non
2787 4254 3223 4327 licetunicuique
3250 4257 3350 4311 nisi
3372 4263 3490 4309 ante
3506 4250 3615 4308 solis
3633 4258 3748 4301 οατεν

2243 4361 2516 4401 sumcum
2538 4346 2762 4403 inimico
2791 4346 2969 4402 redire
3001 4347 3069 4402 in.
3091 4349 3343 4420 gratiam.
3367 4346 3561 4402 dicente
3579 4336 3748 4395 Domino

639 4493 666 4555 ξ
693 4478 1007 4555 Minoribus.
1050 4479 1247 4555 idest,
1281 4478 1651 4555 inferioribus.
1784 4478 2137 4555 Augustinus,
2165 4458 2218 4518 Ῑ)
2320 4481 2341 4521 ί
2373 4481 2498 4536 Non
2523 4483 2780 4555 dirigetur
2802 4500 2958 4555 super
2982 4493 3201 4538 terram.
3232 4483 3311 4538 Ita
3338 4482 3391 4537 in
3413 4476 3640 4536 Psalterio
3662 4469 3743 4525 Ro-

568 4551 728 4620 epist.
755 4550 888 4604 109:
911 4568 929 4600 ι
949 4551 1173 4616 Quando
1201 4549 1496 4605 necessitas
1519 4549 1818 4620 disciplina:
1843 4549 2143 4609 minoribus

568 4620 882 4702 coercendis
908 4621 1094 4702 dicere
1108 4635 1217 4702 vos
1228 4622 1397 4702 verba
1422 4621 1555 4702 dura
1571 4621 1881 4702 compellit;
1901 4642 1920 4673 ι

639 4690 987 4760 ινδεήρηινα.
1040 4690 1096 4745 ld
1143 4697 1260 4755 est,
1308 4690 1479 4755 libro,
1532 4689 1778 4746 historia.
1836 4689 1953 4746 Non
1999 4692 2142 4747 enim

567 4761 802 4833 sumitur
829 4761 932 4833 hoc
958 4760 1078 4815 loco
1103 4776 1200 4831 pro
1228 4768 1415 4833 sancta
1447 4760 1749 4833 Scriptura.
1772 4762 1923 4833 rVide
1956 4777 2139 4833 supra.

641 4843 663 4871 ο
696 4829 763 4884 Ut
788 4829 985 4902 nullius
1010 4829 1284 4900 putaretur
1303 4831 1501 4902 injuria
1528 4829 1703 4902 matri.
1739 4832 1860 4902 llaec
1889 4829 2143 4902 corrupta

567 4911 723 4967 sunt;
757 4901 852 4973 sed
882 4899 1015 4971 lege,
1036 4909 1106 4973 ut
1132 4902 1183 4973 in
1213 4901 1415 4971 Regula
1444 4917 1544 4956 ms.
1569 4920 1582 4955 :
1619 4899 1685 4954 Ut
1714 4900 1913 4955 nullum
1940 4899 2143 4973 patere-

566 4982 661 5042 tur‘
676 4972 1045 5042 injuramenti
1075 4972 1225 5026 verba
1252 4988 1605 5042 prorumpere.

637 5039 865 5166 ddMagis
912 5051 1119 5113 putare.
1157 5043 1215 5098 ld
1254 5039 1367 5107 est,
1416 5039 1590 5113 magis
1621 5055 1833 5108 curare,
1863 5043 2033 5114 magis
2060 5053 2140 5098 at-

637 5129 657 5166 [ι
698 5125 809 5166 ere.

567 5119 809 5167 teudere.

638 5181 767 5264 Ouid.
793 5189 901 5247 est,
945 5184 990 5236 si
1028 5182 1256 5264 audierit
1281 5181 1609 5264 propositus.
1659 5181 1881 5264 Hatchet
1913 5197 2141 5264 sequen-

566 5251 637 5307 tia
664 5251 838 5323 fusius
881 5262 1125 5307 recenset
1160 5251 1432 5323 Magister,
1472 5260 1533 5306 ut
1575 5252 1848 5323 prtepositi
1888 5251 2007 5323 seu—
2042 5254 2137 5308 'de-

563 5322 687 5377 cani
745 5323 801 5377 in
850 5332 1100 5394 promptu
1155 5321 1391 5394 habeant
1424 5321 1591 5378 sacrae
1637 5321 1933 5394 Scriptura:
1969 5322 2135 5389 locos,

561 5394 758 5516 auibus
792 5392 1001 5464 possint
1029 5392 1226 5447 fratres
1251 5393 1333 5446 vel
1371 5393 1564 5447 leviter
1592 5408 1621 5448 a
1658 5392 1775 5446 suo"
1793 5408 2014 5448 munere
2046 5394 2139 5448 de-

601 5470 840 5516 ectentes
874 5478 1101 5516 arcuere
1138 5470 1194 5516 et
1228 5478 1591 5516 commonere.
1640 5461 1852 5516 Optima
1881 5479 2012 5516 sane
2040 5480 2137 5516 no-

601 5461 840 5533 ectentes
874 5478 1101 5533 arguere
1138 5470 1194 5517 et
1228 5478 1591 5517 commonere.
1640 5461 1852 5531 Optima
1881 5479 2012 5519 sane
2040 5480 2137 5518 no-

562 5531 831 5601 tandaque
854 5531 1138 5589 institutio.
1175 5532 1231 5587 Si
1258 5533 1408 5604 enim
1426 5533 1698 5604 praepositi
1725 5547 1817 5604 seu
1844 5534 2031 5588 decani
2060 5535 2134 5588 ita

561 5610 743 5673 essent
776 5613 834 5655 ut
870 5604 1114 5672 praecipit
1151 5604 1239 5658 hic
1277 5602 1551 5673 Magister,
1598 5602 1854 5673 fratribus
1896 5604 1948 5657 in
1987 5604 2134 5659 omni

565 5671 820 5745 exercitio
850 5671 1049 5745 assidui
1069 5714 1082 5734 ,
1114 5682 1318 5742 quanto
1345 5671 1629 5745 splendore
1653 5682 1707 5728 et
1735 5672 1902 5743 gloria
1938 5690 1998 5731 se
2024 5675 2130 5728 vita

563 5739 810 5811 religiosa
840 5742 1128 5796 attolleret.

2245 4567 2430 4607 mano.

2320 4625 2346 4663 ε
2371 4622 2447 4677 De
2476 4626 2808 4700 verbo_vano.
2848 4624 2929 4700 Ita
2957 4624 3009 4678 in
3040 4623 3253 4696 Regula.
3282 4639 3402 4700 m_s.‘
3425 4620 3610 4700 Clitatttr

2243 4703 2407 4762 prout
2430 4694 2667 4749 occurrit
2705 4695 2983 4750 memoria:
3007 4734 3029 4761 ,
3068 4692 3178 4750 non
3224 4702 3283 4749 ut
3320 4692 3534 4748 habetur
3558 4692 3604 4741 in
3627 4692 3744 4739 sach

2247 4771 2421 4816 lCXlll.

2244 4903 2295 4958 ὁ.
2318 4835 2343 4873 ιι
2368 4832 2435 4887 Ut
2470 4834 2624 4958 det‘ur
2652 4834 2827 4904 gratia
2862 4834 3218 4889 audientibus.
3256 4834 3330 4889 De
3362 4833 3461 4887 hoc
3493 4829 3597 4885 loco
3621 4832 3739 4888 ευρη

2284 4914 2450 4958 Ictum
2479 4919 2539 4958 es
2569 4944 2582 4957 .
3662 4957 3669 4958 ,

2284 4903 2450 4958 ictum
2479 4912 2582 4958 est.

2318 4975 2335 5013 ί
2368 4973 2435 5028 Ut
2470 4957 2753 5044 magistri,
2773 4982 2879 5028 etc.
2933 4973 3058 5029 lites.
3091 4973 3339 5044 intricata
3367 4969 3539 5044 Aet-ita
3577 4957 3737 5044 evaluit

2242 5042 2476 5099 clariora
2494 5028 2686 5098 erunt:
2711 5028 2777 5098 Ut
2803 5045 2995 5099 tacitus
3018 5042 3231 5097 auditus
3249 5038 3479 5111 discipuli
3498 5028 3736 5103 respondtﬂl

2242 5112 2396 5184 factis
2423 5114 2733 5184 ministrth
2758 5114 3013 5184 doctrinm
3034 5114 3340 5184 magistri.“
3580 5130 3590 5141 ι

2314 5181 2327 5232 i
2363 5183 2535 5249 Quam
2556 5183 2771 5254 malum.
2797 5182 2853 5237 In
2878 5183 3078 5254 Regula
3103 5179 3445 5254 nisaadditur,
3468 5183 3548 5230 aut
3567 5179 3732 5254 fanti”:

2312 5254 2338 5293 ¹ι
2367 5238 2507 5307 Nam
2533 5263 2580 5307 et
2608 5253 2825 5308 Orienes
2851 5238 3078 5323 sapiéns.
3118 5252 3174 5323 ln
3205 5251 3402 5323 Regula
3428 5238 3729 5323 nisaﬁalm'f‘

2241 5301 2826 5394 ονίρξιιξξ·εξήῑειίιξξ;;τῖ
2851 5301 3077 5394 ῑξιῖεξίιξ
3094 5301 3494 5394 saginam.
3522 5301 3732 5394 γρηρεέε

2238 5376 2401 5464 εἰιυυτ,
2434 5376 2715 5464 Origenes,
2744 5376 2993 5464 rectius.
3033 5390 3305 5464 Sententia
3353 5398 3514 5464 tamen
3557 5376 3731 5464 Ιιεῴρξιξΐ

2238 5439 2500 5518 siesse;
2508 5439 2715 5517 mox;
2733 5439 3020 5525 έίὶιὶἶὶὶᾏ,
3034 5439 3332 5517 Ἧὸὲεᾟόδό
3354 5439 3568 5511 ἔπαιξα,
3588 5453 3647 5501 est
3667 5439 3731 5492 la-

2236 5533 2408 5603 pidem
2434 5533 2634 5603 frustra
2650 5534 2860 5603 jactare
2882 5548 3040 5602 quam
3066 5531 3289 5603 verbum.

2316 5602 2333 5642 ι
2363 5578 2484 5685 Νᾷιι
2514 5602 2630 5656 licet
2650 5578 2961 5685 itnicuiqtie,
2990 5594 3204 5685 (itaita
3232 5592 3491 5685 iunliegula

2237 5681 2363 5728 sunt
2386 5675 2649 5734 obscura;
2688 5673 2785 5728 sed
2812 5663 2956 5727 nihil
2972 5671 3113 5725 aliud
3149 5663 3402 5737 intelligit
3419 5670 3583 5737 auctor
3600 5663 3729 5737 ‘l‘l‘f’f‘

2237 5743 2381 5817 quod
2407 5730 2734 5799 redeundum
2762 5752 2845 5798 cst
2876 5743 2931 5797 in
2963 5744 3187 5814 gratiam
3214 5730 3343 5794 ante
3362 5736 3478 5790 solis
3499 5730 3721 5783 occasum.
