3940 6196
234 342 346 400 957

1164 344 1554 402 CONCORDIA
1591 347 2054 406 REGIYLARUM.
2089 381 2162 392 -
2195 351 2348 412 CAP.
2387 340 2613 409 xxvm

3413 360 3517 415 958

230 468 338 528 per
366 451 684 525 Apostolum
727 472 740 509 :
792 452 887 509 Sol
922 470 1027 510 non
1063 456 1268 510 occidat
1303 473 1461 529 super
1500 458 1830 512 iracundiam
1862 460 1909 518 Α
1935 474 2043 529 quo
2071 460 2276 518 laboris
2294 476 2459 532 opere
2481 462 2550 517 ab
2575 462 2768 518 abbate
2809 472 2866 519 ct
2904 466 3116 522 caezeris
3152 466 3410 526 fratribus
3440 488 3521 525 rr-

230 556 466 604 eectraut
496 544 656 618 (Epit.
694 544 794 615 tv).
845 543 904 600 Si
947 553 1130 602 autem
1177 548 1374 603 viderit
1419 547 1643 603 fratrem
1700 550 1832 603 satis

230 645 549 710 promptum
593 635 652 690 in
705 636 905 700 risum,
962 644 1184 691 moneat
1220 652 1459 708 praesens
1511 638 1833 707 praepositus

232 730 477 786 dicens:
520 726 661 795 Quid
705 727 845 797 agis,
892 727 1097 782 frater?
1141 727 1195 782 in
1240 728 1513 798 gravitate
1556 727 1642 782 fac
1689 728 1832 797 quod

232 819 376 877 facis
417 837 432 874 :
478 819 606 890 quia
650 820 1024 875 conversionis
1068 829 1270 875 nostrae
1324 826 1538 889 tempus
1594 836 1700 874 non
1751 828 1832 875 est

231 914 443 971 laetitia:
487 913 556 968 ad
609 912 916 978 ridendum,
963 912 1057 969 sed
1111 913 1446 982 poenitentiae
1507 922 1717 983 tempus
1767 916 1830 966 al

231 1006 470 1079 lugenda
508 1014 757 1076 peccata,
804 1005 946 1060 sicut
988 1005 1248 1076 scriptum
1285 1014 1369 1059 est
1416 1024 1429 1059 ε
1480 1004 1830 1059 Procidumus

228 1106 361 1152 ante
394 1096 705 1159 Dominum,
744 1094 1011 1165 plorentus
1054 1104 1177 1150 ante
1210 1095 1404 1164 Deum,
1444 1095 1535 1166 qui
1575 1094 1696 1163 fecit
1738 1110 1831 1147 nos

219 1187 413 1259 (Psal.
441 1187 611 1259 κων).
640 1187 708 1242 Ει
733 1187 863 1242 item
891 1204 903 1240 :
932 1186 1038 1253 Qui
1061 1188 1322 1241 seminam
1342 1186 1397 1239 in
1420 1185 1692 1256 lacrymis,
1724 1197 1749 1225 ι
1774 1186 1829 1239 in

252 1271 454 1341 gaudio
494 1281 685 1326 metent
731 1271 884 1342 (Luc.
914 1276 1012 1344 vi).
1058 1273 1129 1327 Et
1167 1279 1296 1329 item
1343 1274 1625 1345 Scriptura
1660 1275 1827 1331 dicit:

246 1364 411 1418 Beati
430 1365 519 1434 qui
538 1364 897 1433 temporaliter
914 1366 1069 1436 ﬂetis.
1088 1368 1212 1437 quia
1236 1369 1339 1437 ipsi
1358 1369 1595 1423 ridebitis
1613 1372 1663 1422 in
1685 1379 1831 1424 teter-

248 1472 378 1510 uum
398 1455 572 1526 (Psal.
590 1472 751 1519 cxxv,
773 1458 849 1528 5).
874 1457 1013 1511 Nam
1036 1461 1142 1513 stul
1168 1478 1226 1517 us
1244 1464 1296 1513 in
1316 1464 1421 1514 risu
1440 1463 1641 1516 exultat
1658 1477 1830 1517 uocem

244 1561 403 1598 suam
430 1545 622 1614 (Eccli.
647 1559 782 1616 ut}.
807 1550 863 1600 Si
884 1566 1009 1603 vero
1033 1550 1224 1605 viderit
1243 1551 1462 1605 fratr-rm
1487 1553 1651 1607 alium
1674 1552 1828 1606 male-

230 1640 532 1705 dicentem,
562 1647 779 1694 moneat
806 1654 931 1695 eum
972 1654 1216 1709 praesens
1251 1641 1573 1710 prtepositus
1601 1642 1784 1697 dicen.
1811 1661 1822 1696 :

229 1731 534 1803 Compesce
571 1747 635 1787 os
669 1740 841 1797 tuum,
872 1731 1062 1798 frater,
1107 1748 1138 1787 a
1178 1733 1578 1789 maledictione.
1624 1734 1825 1790 Memo-

230 1840 361 1881 rare
385 1824 690 1889 Dominum,
718 1826 811 1895 qui
835 1825 973 1880 dixit
997 1842 1096 1897 per
1120 1827 1436 1897 Apostolum
1464 1847 1479 1882 :
1505 1829 1821 1893 Benedicite,
1856 1819 1898 1875 li

230 1926 285 1970 et
319 1915 481 1970 nolite
525 1914 833 1972 maledicere
875 1917 1054 1989 (Rom.
1104 1918 1167 1990 ι).
1204 1919 1272 1973 Ει
1317 1921 1460 1975 sicut
1504 1937 1608 1975 non
1649 1931 1826 1993 potest

230 2005 360 2061 fons
388 2022 498 2062 uno
539 2005 804 2062 foramine
838 2024 1033 2077 aquam
1074 2008 1326 2079 proferre
1379 2010 1537 2066 simul
1582 2028 1825 2067 amaram

229 2106 292 2152 et
320 2097 556 2162 dulcem,
584 2098 666 2154 sic
696 2114 797 2155 nec
839 2115 922 2154 os.
970 2099 1105 2155 Cum
1135 2101 1202 2155 de
1229 2101 1408 2172 lingua
1447 2112 1635 2158 nostra
1662 2104 1827 2160 bene-

232 2191 473 2247 dicimus
496 2191 806 2259 Dominum,
834 2193 1105 2263 quomodo
1132 2209 1421 2264 possumus
1450 2211 1550 2266 per
1578 2196 1825 2251 eamdem

231 2282 478 2354 linguam
517 2282 839 2339 maledicere
880 2285 1150 2350 homines,
1195 2286 1286 2356 qui
1336 2287 1403 2342 ad
1453 2288 1740 2359 imaginem
1770 2297 1826 2342 et

230 2373 647 2429 similitudinem
672 2374 769 2429 Dei
799 2374 1049 2444 plasmati
1077 2378 1243 2432 sunt?
1271 2376 1405 2434 Item
1429 2378 1473 2433 si
1501 2380 1699 2435 viderit
1724 2379 1828 2433 fra-

232 2473 352 2519 tres
378 2464 408 2504 b
443 2462 602 2519 ﬂuxis
641 2465 962 2535 corporibus
986 2466 1070 2519 vel
1101 2466 1340 2523 resoluto
1369 2484 1529 2523 sensu
1561 2484 1620 2524 se
1647 2469 1826 2538 aliqua

231 2555 462 2611 levitate
510 2555 792 2622 extollere,
836 2565 1055 2612 moneat
1097 2572 1192 2613 eos
1222 2573 1462 2629 praesens
1505 2561 1828 2630 praepositus

232 2646 426 2703 dicens
455 2663 468 2699 :
497 2644 630 2701 Cum
664 2647 931 2719 gravitate
964 2648 1164 2711 sedete,
1199 2656 1256 2703 et
1283 2649 1555 2705 ambulate
1579 2658 1635 2705 et
1660 2658 1824 2714 state,

231 2736 456 2801 fmtres,
488 2737 615 2807 quia
639 2737 777 2793 oculi
812 2738 1025 2794 Domini
1066 2739 1363 2809 respiciunt
1385 2755 1485 2796 nos
1514 2741 1580 2796 de
1605 2741 1743 2796 etelo
1771 2742 1823 2796 in

230 2830 387 2883 otnni
412 2830 547 2884 hora
576 2838 633 2885 et
654 2830 848 2899 quovis
886 2831 1024 2898 loco,
1066 2832 1238 2887 bonos
1264 2843 1319 2887 et
1348 2833 1539 2899 malos,
1577 2834 1720 2891 sicut
1745 2836 1827 2889 di-

230 2923 311 2977 cit
347 2923 517 2978 David
547 2942 559 2977 :
592 2923 850 2978 Dominus
891 2924 955 2978 de
985 2924 1109 2979 caelo
1150 2926 1357 2997 respicit
1385 2943 1541 2998 super
1565 2926 1705 2996 ﬁlios
1725 2928 1824 2982 Ito-

231 3016 460 3079 minuat,
499 3025 557 3069 ut
588 3015 755 3070 t'idea!
778 3016 822 3070 si
848 3026 969 3071 sunt
1005 3015 1346 3088 intelligentes
1382 3026 1473 3071 aut
1507 3019 1825 3087 requirentes

249 3100 537 3155 Dominum
573 3098 749 3169 (Psal.
789 3107 932 3167 xttt).
956 3101 1272 3158 Timeamus
1312 3119 1464 3174 ergo,
1490 3105 1723 3174 ,fratres,
1756 3120 1825 3163 ne

247 3208 361 3261 qua
389 3208 489 3248 nos
512 3197 643 3248 hora
669 3195 1005 3250 declinantes
1028 3197 1081 3249 in
1113 3196 1314 3249 malum
1332 3207 1383 3251 ct
1408 3198 1626 3254 inutiles
1651 3197 1823 3255 factos
1850 3197 1894 3257 C

248 3285 505 3356 sopicint.
541 3297 593 3342 et
618 3304 722 3342 non
754 3289 825 3344 sit
858 3290 947 3359 qui
979 3290 1139 3344 faciat
1167 3292 1388 3356 bonum,
1420 3307 1525 3346 non
1558 3294 1824 3363 situsque

239 3396 270 3431 a
298 3418 306 3429 .
334 3398 527 3432 tilllllll.
549 3380 611 3435 Et
628 3382 752 3451 quia
771 3381 902 3435 dicit
919 3383 1216 3451 propheta:
1242 3382 1410 3439 Odisti
1431 3393 1818 3440 obscrrautem'

236 3474 531 3525 vanitatem
554 3489 872 3541 supervacue
895 3474 1072 3545 (Psal.
1093 3473 1245 3546 xxx).
1271 3476 1406 3541 Quia
1428 3478 1689 3547 quidquid
1709 3494 1818 3532 non

229 3570 319 3616 est
354 3576 420 3615 ex
471 3560 602 3627 Deo,
651 3552 719 3617 ei
764 3572 988 3633 peccato
1017 3573 1126 3630 est;
1177 3573 1231 3619 et
1276 3566 1366 3635 qui
1417 3582 1522 3621 non
1569 3565 1821 3629 aediﬁcat,

231 3653 486 3708 destruit.
517 3652 618 3719 Qui
647 3654 920 3724 pmpositi
947 3653 1073 3708 dum
1102 3656 1215 3709 hac
1238 3655 1497 3724 quotidie,
1526 3655 1612 3710 die
1633 3663 1824 3710 noctu-

230 3756 343 3812 que
371 3742 519 3796 omni
557 3743 709 3805 hora,
743 3743 975 3799 sollicite
1001 3745 1053 3798 iu
1084 3746 1390 3801 commissis
1428 3746 1531 3801 sibi
1560 3746 1823 3802 fratribus

230 3842 571 3899 scrutantur,
603 3843 658 3890 et
696 3836 795 3906 ipsi
824 3837 1130 3907 proﬁciunt,
1176 3847 1231 3890 et
1273 3837 1408 3892 alios
1448 3838 1818 3901 custodiendo,

230 3941 358 3983 cum
385 3940 417 3979 a
456 3925 615 3980 malis
658 3935 939 3993 evacuant,
987 3943 1047 3984 se
1076 3928 1223 3983 omni
1262 3928 1398 3983 hora
1443 3936 1711 3996 occupant
1753 3927 1820 3981 de

232 4017 412 4075 bonis.
443 4017 578 4085 QuEa
607 4018 826 4074 beatum
855 4034 918 4075 os
946 4034 1044 4089 per
1068 4018 1212 4089 quod
1259 4018 1564 4085 redundant
1589 4020 1731 4074 bona
1765 4018 1818 4072 in

229 4114 473 4167 alienum
516 4112 756 4166 auditum
789 4112 1069 4166 intrantia.
1110 4112 1252 4182 Ergo
1295 4111 1422 4167 dum
1466 4111 1520 4165 in
1560 4110 1820 4166 fratribus

229 4205 522 4277 diligenter
558 4206 795 4261 custodit
823 4206 1170 4276 prmpositus,
1203 4205 1258 4261 in
1290 4205 1561 4276 assignato
1592 4204 1696 4261 sibi
1722 4204 1821 4264 ali-

302 4350 328 4377 α
361 4336 427 4407 In
452 4337 645 4407 gaudio
669 4345 879 4392 metent.
918 4336 996 4392 Ita
1026 4335 1079 4390 in
1109 4336 1369 4392 Psalterio
1392 4336 1657 4391 Romano.

303 4407 332 4447 δ
358 4405 551 4461 Fluxis
578 4409 902 4479 corporibus.
938 4407 1169 4462 Fluxum
1200 4423 1419 4479 corpus,
1458 4407 1599 4477 quod
1628 4408 1734 4463 huc
1764 4415 1820 4463 et

226 4479 634 4548 illucAmovetur
660 4494 769 4548 pra:
794 4478 1034 4532 levitate.

302 4560 325 4587 ε
349 4545 523 4601 Odisti
545 4545 916 4602 observantem.
946 4548 1061 4603 Non
1085 4558 1331 4619 sequitur
1352 4549 1652 4603 versionem
1677 4563 1817 4603 com-
1843 4546 1895 4607 D

226 4634 471 4674 munem.

298 4689 327 4727 ἀ
356 4687 498 4813 gula
542 4687 680 4764 quod
727 4688 899 4742 minus
947 4688 1310 4759 corporaliter,
1356 4696 1461 4742 etc.
1492 4688 1569 4742 ‘ln
1608 4687 1815 4760 Regula

298 4775 334 4813 ς.
406 4775 483 4813 ωε
513 4759 877 4813 contractiora
917 4767 1074 4813 sunt.
1123 4760 1225 4813 hoc
1266 4757 1465 4812 modo:
1504 4758 1642 4813 Ouia
1676 4759 1815 4813 quod

226 4775 334 4814 ms.
366 4757 483 4814 haec
513 4757 877 4831 contractiora
917 4757 1088 4831 sunt,
1123 4760 1225 4813 hoc
1266 4757 1425 4831 modo
1453 4777 1465 4812 :
1504 4758 1642 4831 Quia
1676 4757 1815 4831 quod

226 4831 406 4887 minus
444 4829 787 4900 corporaliter
827 4828 882 4888 in
926 4829 1195 4894 manibus,
1244 4827 1360 4899 plus
1405 4828 1659 4884 mentibus
1689 4827 1817 4902 ~ope-

226 4908 311 4951 rut
318 4916 349 4951 tt
358 4916 400 4952 r.

306 4967 440 5032 °Ne
483 4985 671 5043 urgens
718 4985 805 5022 eos
851 4968 1232 5040 consignanda,
1260 4976 1365 5043 etc.
1416 4967 1495 5043 _lta
1524 4967 1811 5043 in_llegul_a

223 5055 364 5104 mm,
391 5054 512 5108 qua:
541 5039 1007 5114 tamen_corru_pta
1046 5046 1178 5114 sunt
1212 5047 1268 5092 et
1302 5040 1377 5093 ita
1416 5039 1637 5114 legenda
1672 5039 1815 5114 :___Ne

226 5119 448 5178 urgente
475 5126 563 5164 eos
589 5108 948 5179 consignanda
975 5108 1179 5163 carnali
1208 5125 1385 5179 opera,
1409 5108 1813 5174 in'spiritalibus

226 5179 852 5250 custodiisnegligentius
878 5187 1178 5249 operentur.
1209 5179 1322 5234 Hoc
1348 5189 1528 5234 autem
1559 5179 1676 5236 loco
1703 5180 1815 5238 Ma-

225 5249 533 5323 gister_vult
558 5249 734 5304 minus
754 5251 939 5323 operis
967 5250 1112 5323 exigi
1137 5263 1166 5301 a
1187 5250 1509 5323 praepositis,
1536 5251 1663 5320 quia
1687 5252 1813 5323 alio.

228 5319 352 5375 Eum
389 5320 620 5375 fratrum
660 5319 916 5392 actiones
938 5321 1265 5392 observant;
1307 5319 1383 5373 ne
1424 5319 1567 5392 forte
1605 5322 1815 5392 aequale

225 5404 457 5465 pensum
497 5406 619 5445 cum
664 5390 785 5465 aliis
826 5389 1052 5445 reddere
1094 5390 1267 5445 coacti
1313 5390 1595 5446 remissius
1624 5389 1812 5446 eorum

224 5460 538 5517 actionibus
567 5462 930 5516 attenderem.

305 5528 324 5602 ξ
355 5529 538 5585 Nolite
557 5532 809 5602 cogitare,
836 5540 940 5586 etc.
972 5529 1365 5602 Hatcrcitantur
1388 5545 1455 5585 ex
1480 5530 1715 5585 Matthmi
1738 5547 1816 5599 vt,

225 5599 324 5653 sed
346 5614 411 5655 ex
450 5599 731 5663 memoria,
770 5618 876 5656 non
899 5617 966 5657 ex
1004 5601 1208 5656 codice.

302 5671 328 5709 ⁸
362 5668 643 5742 Yestiaria.
677 5669 999 5726 Vestiarium
1022 5682 1122 5742 est
1151 5671 1201 5725 id
1230 5686 1392 5726 omne
1425 5672 1569 5742 quod
1595 5671 1816 5729 vestitui

230 5736 463 5809 alicujus
494 5744 887 5804 necessarium,
921 5752 979 5795 ut
1011 5741 1065 5794 ll'.
1141 5742 1178 5796 l.
1220 5759 1339 5797 cum
1373 5736 1459 5809 hi,
1489 5741 1566 5798 De
1611 5750 1821 5797 transa-

230 5808 525 5868 ttiouibus.
550 5810 774 5876 Gallice,
805 5813 1064 5866 restiairc.

1937 551 2159 607 missius
2204 552 2454 625 exigatur
2495 571 2509 607 :
2554 554 2680 624 quia
2706 553 2731 593 ιι
2769 557 2913 625 quod
2956 558 3132 613 minus
3169 561 3523 630 corporaliter

1935 643 1989 697 in
2016 643 2285 710 manibus,
2317 643 2438 714 plus
2463 645 2697 699 sollicito
2727 660 2890 701 sensu
2932 648 3252 716 spiritaliter
3289 650 3360 704 ad
3404 666 3524 706 cor-

1935 737 2236 806 rcptionem
2266 752 2367 807 pro
2400 753 2562 793 causa
2609 740 2703 794 Dei
2746 741 2952 796 laborat
3000 760 3013 795 :
3061 751 3115 799 ct
3158 747 3301 815 quod
3346 747 3525 802 minus

1934 829 2000 884 la'=
2023 839 2146 884 orat
2183 830 2456 895 manibus,
2500 831 2623 901 plus
2664 836 2935 889 mentibus
2974 846 3249 906 operatur.
3288 838 3412 894 Ideo
3444 848 3527 894 ct-

1933 921 2077 973 enim
2118 935 2254 988 opus
2289 918 2579 988 cujuslibet
2624 922 2827 977 laboris
2877 926 3156 982 remissius
3201 928 3343 999 exigi
3388 944 3524 999 pra:-

1933 1009 2142 1077 positos
2192 1009 2449 1076 diximus,
2489 1022 2511 1049 ε
2543 1027 2610 1066 ne
2642 1028 2841 1083 urgens
2880 1030 2976 1069 cos
3002 1018 3365 1088 consignanda
3398 1037 3522 1076 car-

1932 1098 2073 1154 nalis
2093 1116 2260 1168 opera
2284 1101 2337 1155 in
2358 1101 2693 1171 spiritalibus
2707 1106 2966 1161 custodiis
2981 1112 3228 1179 occupati
3246 1116 3519 1183 praepositi

1931 1190 2257 1260 negligentia
2291 1200 2565 1261 operetur,
2606 1203 2663 1247 et
2683 1210 2848 1249 causa
2880 1194 2975 1252 Dei
3016 1200 3525 1267 prtevalescentibus

1931 1280 2085 1335 vitiis
2107 1282 2386 1338 abolescet
2416 1301 2427 1336 :
2458 1285 2673 1353 quando
2704 1285 2823 1356 plus
2850 1290 3033 1345 carnis
3069 1293 3304 1362 sumptui
3343 1297 3521 1350 curri-

1931 1379 2038 1439 tur,
2082 1388 2243 1443 quant
2285 1389 2449 1430 causa
2490 1376 2718 1445 spiritus
2744 1377 3043 1434 laboratur.
3085 1380 3193 1436 Sed
3227 1383 3388 1440 ﬁdem
3428 1401 3524 1456 spe

1931 1476 2213 1521 sumentes
2245 1466 2532 1522 Dominum
2564 1469 2732 1524 Deum
2766 1472 3050 1528 credamus
3092 1475 3282 1530 usibus
3320 1479 3524 1533 nostris

1933 1556 2115 1610 omnia
2151 1556 2459 1611 necessaria
2487 1559 2823 1627 ministrare,
2852 1562 2995 1630 quod
3022 1562 3202 1618 minus
3230 1566 3387 1621 nobis
3427 1583 3525 1637 po-

1933 1646 2135 1699 tuerint
2168 1662 2360 1700 uanus
2404 1658 2602 1702 nostra:
2640 1652 2921 1718 pcrilccrc,
2951 1651 3291 1710 confortante
3328 1673 3435 1712 nos
3455 1659 3522 1714 de

1931 1736 2015 1790 his
2061 1737 2314 1792 omnibus
2368 1737 2649 1808 Scriptura
2693 1743 2865 1796 sancti
2907 1743 3183 1815 Evangelii
3227 1747 3460 1805 dicentis
3504 1768 3516 1804 :

1936 1826 1953 1864 ί
1989 1825 2168 1881 Nolite
2205 1828 2435 1897 cogitare
2478 1831 2607 1900 quid
2652 1833 3000 1899 manducetis,
3044 1846 3136 1889 aut
3178 1836 3391 1904 bibatis,
3429 1851 3520 1894 aut

1927 1918 2054 1988 quid
2082 1914 2407 1976 'induamiui
2443 1935 2462 1972 :
2505 1924 2628 1993 quia
2667 1923 2778 1977 Ita'c
2826 1928 3003 1980 omnia
3046 1939 3221 1997 gen.'es
3265 1931 3519 2000 cogitant,

1927 2028 2044 2082 quae
2068 2010 2239 2066 Deum
2262 2028 2367 2067 non
2388 2024 2737 2082 cognoverunt
2762 2029 2781 2068 :
2804 2016 2895 2071 sed
2918 2020 3136 2099 (marite
3178 2038 3392 2092 regnum
3424 2024 3519 2079 Dei
3618 2085 3621 2088 ,

1927 2109 1976 2155 et
2000 2100 2270 2171 justitiam
2307 2102 2453 2173 ejus;
2498 2113 2549 2157 et
2596 2104 2708 2158 atro
2755 2108 2933 2161 omnia
2977 2121 3303 2180 opponentur
3349 2114 3514 2169 vobis.

1930 2192 2044 2248 Scit
2066 2194 2205 2248 enim
2231 2192 2396 2248 Pater
2415 2205 2598 2260 vester,
2622 2198 2713 2266 qui
2734 2198 2788 2251 in
2808 2198 2957 2253 cclis
2971 2210 3069 2266 est,
3096 2208 3221 2271 quia
3242 2203 3324 2258 his
3350 2221 3521 2260 omm-

1930 2283 2025 2338 bus
2056 2284 2326 2355 indigetis.
2359 2286 2697 2346 Considerate
2746 2288 2982 2345 volatilia
3027 2292 3166 2356 caeli,
3208 2311 3325 2364 qua:
3358 2312 3526 2368 neque

1929 2384 2109 2441 arant,
2141 2392 2305 2447 neque
2338 2377 2618 2442 seminam,
2644 2388 2692 2432 et
2724 2378 2886 2433 Pater
2910 2392 3075 2435 vester
3109 2382 3327 2443 caelatis
3347 2386 3514 2455 pascit

1928 2486 1989 2523 ea
2036 2466 2263 2541 (Matth.
2311 2469 2421 2538 vt).
2487 2470 2701 2538 Quanto
2755 2473 2928 2542 magis
2977 2490 3125 2530 suos.
3181 2479 3206 2517 ε
3252 2477 3517 2534 Vestiaria

1931 2558 2160 2613 fratrum
2202 2559 2302 2615 sub
2335 2574 2467 2614 cura
2512 2576 2609 2615 sua
2640 2564 2915 2632 praepositi
2956 2565 3292 2621 contineant.
3336 2568 3521 2625 Lectis

1928 2666 2117 2706 eorum
2153 2650 2603 2722 lectaprzepositi
2648 2653 2886 2710 habeant
2935 2672 3104 2727 prope
3153 2669 3375 2729 propter
3418 2661 3519 2715 ali-

1928 2755 2091 2810 quam
2143 2740 2196 2795 in
2244 2739 2324 2797 eis
2366 2741 2620 2797 vitiorum
2664 2743 2879 2815 culpam
2923 2745 2977 2799 in
3030 2757 3183 2801 nocte
3229 2750 3520 2805 emcndan-

1929 2830 2072 2887 dam.
2530 2832 2538 2840 ’

2000 2960 2027 3033 §
2061 2961 2146 3023 lli.
2178 2992 2250 3004 —
2277 2962 2353 3017 lix
2395 2962 2611 3018 itacurra
2643 2982 2828 3020 sum:
2875 2966 3178 3023 Γιτῑοτιῡδι
3216 2985 3454 3028 tzt‘tscot't

2586 3060 2723 3130 (cep.
2764 3060 2869 3132 12).

1994 3192 2027 3233 ιι
2061 3192 2264 3247 Durani
2310 3194 2401 3264 qui
2433 3209 2597 3263 super
2621 3195 2879 3251 decanias
2909 3207 3041 3251 sunt
3065 3199 3370 3265 constituti,
3399 3210 3520 3255 tan-

1929 3291 2041 3337 tum
2070 3281 2491 3339 sollicitudinem
2526 3295 2715 3355 gerant
2748 3301 2914 3357 super
2938 3302 3073 3358 quos
3120 3288 3393 3361 delegatos
3425 3291 3521 3346 ha-

1925 3375 2056 3431 bent
2096 3375 2318 3440 fratres,
2364 3384 2424 3430 ut
2465 3376 2643 3431 nullus
2675 3379 2924 3446 preprias
2972 3379 3137 3434 faciat
3194 3380 3518 3436 voluntates.

1925 3465 2043 3520 Non
2095 3465 2405 3536 loquantur,
2455 3466 2563 3520 nisi
2612 3468 2723 3520 sint
2771 3468 3121 3539 interrogati;
3166 3485 3266 3525 suo
3291 3472 3521 3527 arbitrio

1925 3561 2056 3616 nihil
2096 3561 2318 3625 faciant,
2354 3561 2460 3615 nisi
2498 3561 2768 3624 mandati;
2810 3560 2936 3615 alibi
2964 3576 3072 3614 non
3120 3571 3373 3631 pergant,
3408 3562 3516 3617 nisi

1924 3653 2192 3719 aditiali;
2242 3654 2254 3693 ί
2298 3653 2542 3709 seniores
2578 3652 2807 3706 timeant
2852 3659 2910 3705 ut
2935 3651 3205 3718 dominos,
3243 3660 3431 3707 ament
3461 3662 3518 3707 ut

1923 3752 2208 3814 parentes;
2255 3742 2460 3798 faciant
2488 3742 2753 3812 quidquid
2794 3743 2864 3798 ab
2898 3743 2979 3797 eis
3012 3742 3336 3814 imperatum
3369 3759 3517 3800 acce~

1922 3834 2134 3903 perint;
2172 3830 2186 3882 i
2223 3833 2448 3887 credant
2473 3832 2573 3885 sibi
2602 3831 2840 3886 salutare
2854 3832 3114 3903 quidquid
3146 3832 3220 3886 illi
3244 3848 3516 3903 praecepe-

1923 3927 2051 3990 rint,
2078 3926 2124 3981 si
2153 3926 2257 3980 hoc
2288 3925 2406 3980 sine
2429 3923 2880 3988 murmuratione,
2908 3938 3029 3978 cum
3048 3924 3325 3980 hilaritate
3351 3934 3406 3980 et
3433 3934 3515 3979 ta-

1921 4016 2239 4074 citurnitate
2267 4014 2516 4079 fecerint,
2546 4015 2761 4069 dicente
2794 4014 2976 4086 Moyse
3005 4034 3017 4070 :
3048 4016 3206 4083 Audi,
3240 4017 3433 4081 Israel,
3463 4028 3512 4073 et

1921 4118 2034 4163 tace
2066 4108 2246 4178 (Deut.
2280 4107 2475 4179 xxvn).
2503 4105 2651 4161 Unus
2690 4106 2910 4162 alterius
2945 4124 3106 4163 onera
3130 4119 3335 4179 portate
3363 4109 3510 4183 (Gal.

1919 4199 2018 4272 vi).
2051 4201 2076 4239 ιι
2109 4199 2175 4254 Ει
2213 4215 2373 4255 nemo
2417 4199 2695 4255 nemiuem
2732 4199 2970 4271 judicct;
3030 4217 3191 4258 nemo
3237 4206 3510 4262 neminem

1990 4338 2292 4412 h__l)ecani,‘
2324 4344 2432 4412 etc.
2488 4336 2632 4412 “me
2661 4350 2766 4390 nou
2813 4345 3038 4412 exstant
3070 4338 3123 4393 in
3168 4338 3370 4412 Regula
3403 4358 3508 4399 ms.

1920 4408 1978 4464 S.
2011 4407 2295 4479 Fructuosi
2333 4407 2569 4479 episcopi
2598 4407 2778 4472 Brac.,
2819 4408 2914 4461 sed
2952 4408 3207 4464 videntur
3232 4407 3353 4466 esse
3379 4412 3509 4467 alte-

1920 4480 2038 4535 rius
2062 4478 2371 4533 Fructuosi.

1998 4552 2014 4590 ί
2065 4547 2311 4621 Seniares
2358 4549 2589 4621 timeant,
2628 4556 2734 4600 etc.
2766 4547 2823 4601 S.
2860 4547 3097 4621 llieron.
3132 4548 3185 4603 in
3226 4551 3387 4621 epist.
3436 4553 3504 4607 ad

1922 4619 2079 4674 Rust.
2110 4637 2123 4674 :
2158 4638 2176 4671 α
2207 4618 2561 4688 Praepositum
2578 4618 2893 4673 monasterii
2921 4618 3107 4674 timeat
3126 4627 3186 4672 ut
3207 4618 3502 4686 dominum,

1924 4690 2113 4761 diligat
2139 4697 2200 4761 ut
2229 4697 2527 4761 parentem.
2571 4708 2589 4739 ι

1997 4757 2282 4815 {Credam
2311 4758 2410 4811 sibi
2445 4757 2697 4822 salutare,
2731 4766 2836 4813 etc.
2888 4757 2946 4814 S.
2982 4757 3203 4813 Hieron.
3252 4761 3447 4815 ibidem
3490 4780 3505 4818 :

1930 4850 1950 4882 ι
1987 4829 2188 4886 Credat
2230 4828 2335 4884 sibi
2388 4842 2508 4883 esse
2555 4828 2812 4893 salutare,
2855 4829 3116 4900 quidquid
3172 4831 3262 4883 ille
3305 4847 3507 4901 |)l“J‘t.’0~

1922 4901 2134 4975 Peri“)

1994 4971 2021 5011 ιι
2058 4969 2129 5023 Et
2157 4984 2306 5023 nemo
2345 4968 2602 5038 neminem
2628 4968 2853 5038 judicet.
2901 4967 3236 5038 Prmcepzum
3290 4968 3501 5025 Domini

1920 5049 2007 5118 est
2036 5059 2050 5093 :
2124 5038 2319 5118 ﬁdite
2334 5037 2608 5118 iudicare,
2623 5037 2671 5091 et
2702 5054 2808 5092 non
2830 5037 3232 5118 judicnbimjni.
3255 5040 3318 5118 Et
3352 5040 3501 5118 Pa_uli

1920 5054 2007 5097 est.
2036 5059 2050 5093 :
2139 5054 2602 5161 uotueltuatcare,
2623 5054 2671 5091 et
2702 5054 2808 5092 non
2830 5054 3224 5118 [uatcammmu
3257 5054 3318 5094 ut
3352 5054 3501 5095 l’uull

1919 5109 2161 5180 Apostoli
2192 5127 2204 5163 :
2237 5107 2290 5162 N
2295 5126 2324 5162 ο
2346 5109 2416 5161 ite
2443 5116 2563 5180 ante
2592 5117 2791 5180 tempus
2820 5107 3085 5180 prdicare.
3111 5106 3381 5165 Judicium
3406 5110 3502 5166 Dei

1921 5176 2026 5246 est,
2064 5181 2157 5250 qui
2179 5187 2375 5234 cuncta
2410 5177 2580 5241 novit,
2606 5178 2697 5300 qui
2734 5176 2861 5231 vera
2892 5176 2982 5231 lux
3031 5187 3144 5243 est;
3180 5195 3288 5251 non
3334 5181 3504 5236 homi-

1921 5266 2074 5300 num-
2098 5249 2190 5300 qui
2213 5249 2344 5300 (ιωοί
2378 5256 2505 5300 sunt
2528 5256 2583 5300 et
2636 5248 2835 5300 allaces
2863 5265 2875 5300 :
2906 5262 2971 5300 ac
2998 5250 3225 5300 proinde
3247 5251 3314 5300 de
3340 5253 3504 5300 rebus

1921 5248 2190 5321 num,_qui
2213 5249 2344 5303 caci
2378 5256 2583 5321 suntet
2612 5248 2835 5321 fallaces
2863 5265 2883 5321 :_
2906 5262 2971 5303 ac
2998 5250 3225 5321 proinde
3247 5248 3314 5306 de
3340 5253 3505 5307 rebus

1922 5321 2055 5392 ipsis
2092 5317 2250 5392 secus
2275 5333 2339 5373 ac
2364 5325 2492 5373 sunt
2530 5317 2809 5392 iudicant:
2828 5317 3216 5392 Quamobrem
3243 5323 3504 5392 praeclare

1923 5388 2107 5469 monet
2132 5390 2193 5446 S.
2221 5388 2466 5469 Prosper.
2483 5388 2750 5443 sententia
2781 5388 2844 5469 2|
2874 5407 2886 5442 :
2912 5408 2930 5439 ι
2964 5388 3039 5443 De
3067 5388 3297 5446 occultis
3323 5393 3504 5469 cordis

1921 5462 2100 5540 alieni
2126 5470 2330 5540 temere
2351 5459 2600 5540 judicare
2631 5467 3020 5540 peccatttmcst
3048 5477 3061 5514 :
3091 5470 3304 5524 etcum,
3351 5461 3505 5540 cujus

1923 5548 2027 5604 non
2052 5531 2305 5604 videntur
2334 5543 2517 5604 opera,
2549 5530 2654 5583 nisi
2682 5530 2842 5593 bona,
2869 5530 3113 5600 iniquum
3137 5541 3219 5604 est
3242 5549 3307 5604 ex
3322 5530 3505 5604 suspi-

1920 5603 2075 5656 cione
2120 5600 2555 5671 reprehendere;
2589 5615 2712 5671 cum
2755 5613 2945 5671 eorum
2993 5617 3113 5671 qum
3141 5603 3344 5658 homini
3376 5600 3505 5660 sunt

1924 5668 2220 5743 incognita,
2253 5670 2401 5725 solus
2439 5671 2581 5744 Deus
2602 5670 2768 5740 judcx
2793 5671 2868 5723 sit
2888 5668 3083 5744 justus.
3117 5673 3206 5742 qui
3236 5674 3504 5744 etinspe-

1923 5753 2040 5795 ctor
2056 5740 2144 5795 cst
2170 5756 2351 5814 verus.
2374 5760 2408 5814 Δι
2446 5740 2799 5814 Divinasane
2822 5749 2907 5794 est
2925 5741 2992 5795 de
3017 5740 3278 5811 ejusmodi
3298 5740 3505 5814 judicio

1923 5813 2144 5867 vitando
2190 5810 2249 5867 S.
2292 5810 2567 5868 Columba:
2609 5810 2835 5883 virginis
2874 5819 2927 5866 ct
2957 5810 3229 5883 martyris.
3268 5810 3502 5871 cctttebii
