3940 6196
175 5741 182 5744 ’
277 5734 437 5786 nutat

223 297 318 349 ΩἻ

1121 265 1510 348 εοΝρυΒοιᾺ
1549 289 2004 349 REGULARUM.
2041 321 2114 334 -
2149 291 2303 348 ων.
2347 291 2579 348 xxvut.

3402 295 3508 351 932

226 406 423 469 inﬂati,
454 403 568 459 otio
590 409 646 458 et
665 417 854 456 somno
887 418 1081 458 vacare
1106 404 1350 473 cupiunt,
1389 411 1446 459 et
1470 403 1703 458 curiosis
1737 402 1816 456 fa-
1843 406 1889 464 Α
1918 412 2105 458 contra
2137 402 2314 472 ipsum
2339 404 2528 457 vitium
2573 405 2730 459 debet
2772 419 3035 476 pugnare,
3060 405 3115 460 in
3143 405 3285 475 quod
3325 423 3384 462 se
3419 426 3511 464 co-

225 496 372 551 hulis
400 493 782 557 sollicitantur,
806 502 859 546 et
881 494 1023 561 quod
1049 491 1202 563 pejus
1224 503 1370 559 est,¢|
1398 509 1427 546 a
1449 494 1668 563 proprio
1696 507 1816 546 mo-

226 583 478 638 nasterio
499 598 559 638 se
592 581 808 638 auferre
843 583 1156 653 disponunt.
1187 583 1294 638 Alii
1317 601 1470 639 vana:
1493 584 1677 655 gloriae
1703 582 1810 636 ela-

227 675 399 729 tionis
429 674 536 729 telo
578 674 631 728 in
655 673 887 728 diversis
914 675 1162 744 partibus
1184 674 1588 738 confodiuntur,
1640 681 1696 728 et
1726 673 1818 726 alii

227 763 340 817 alia
364 763 738 825 defendentes,
765 773 820 819 et
845 780 973 820 suas
998 781 1193 821 causas
1224 765 1661 837 magnificautes,
1691 765 1820 818 dum

226 854 425 908 volunt
459 853 659 909 Christi
691 855 1018 924 pauperibus
1047 856 1250 910 similes
1275 873 1417 923 esse,
1448 857 1823 925 unusquisque

231 945 291 999 in
323 945 477 1000 vanis
508 945 624 999 istis
655 945 1073 1015 cogitationibus
1097 947 1404 1013 elabuntur,
1429 954 1482 1000 et
1503 948 1657 1016 quasi
1694 947 1766 1001 nil
1793 962 1824 1000 a

231 1039 350 1094 Deo
406 1039 747 1107 acceperint,
812 1039 877 1092 de
929 1040 1166 1109 propriis
1215 1040 1424 1094 viribus
1460 1040 1820 1108 extolluntur;

230 1138 291 1186 et
326 1146 451 1184 cum
491 1130 798 1184 laudatores
844 1145 950 1184 non
1001 1131 1303 1197 inveniunt,
1346 1132 1446 1202 ipsi
1483 1132 1587 1186 sibi
1626 1132 1680 1184 in
1712 1130 1826 1186 suis

229 1221 488 1278 laudibus
509 1222 815 1292 prosiliunt.
843 1221 996 1277 Alius
1026 1222 1093 1278 de
1121 1223 1458 1294 genealogis,
1490 1230 1544 1276 et
1567 1222 1633 1277 de
1665 1231 1827 1293 gente

229 1329 334 1371 sua
363 1313 563 1368 fatetur
587 1328 708 1368 esse
733 1313 988 1384 princeps
1073 1314 1212 1368 alius
1234 1315 1301 1369 de
1327 1314 1660 1384 parentibus,
1687 1313 1827 1369 alius

231 1405 303 1459 de
331 1404 626 1474 germanis,
667 1403 806 1458 alius
835 1405 900 1458 de
922 1405 1186 1474 cognatis,
1214 1404 1353 1459 alius
1391 1405 1458 1460 de
1485 1403 1746 1459 fratribus
1773 1411 1830 1459 et

231 1494 675 1564 consanguineis,
722 1501 778 1547 et
818 1493 846 1533 ι)
878 1493 1108 1559 idoneis,
1143 1493 1281 1549 alius
1331 1494 1398 1549 de
1438 1495 1664 1560 divitiis,
1691 1494 1829 1550 alius

233 1587 304 1640 de
349 1585 530 1656 specie
560 1583 882 1651 juventutis,
915 1583 1052 1638 alius
1089 1585 1154 1638 de
1176 1584 1304 1639 belli
1330 1583 1666 1650 fortitudine,
1693 1585 1831 1640 alius

233 1679 304 1732 de
326 1675 752 1748 perlustratione
778 1687 1070 1741 terrarum,
1099 1677 1239 1732 alius
1279 1677 1346 1732 de
1375 1678 1662 1748 sapientia,
1693 1678 1830 1733 alius

1918 493 2171 561 gnoverit
2203 502 2484 548 certamen
2515 495 2737 550 habere.
2768 496 2836 549 Et
2871 496 3013 565 quod
3041 496 3272 552 fortasse
3303 498 3368 552 ab
3390 499 3512 556 aliis

1918 587 2362 656 deprehenditur,
2385 589 2587 657 absque
2605 588 2929 643 verecundia
2956 589 3115 643 debet
3135 590 3509 660 manifestare,

1920 679 2011 746 qui
2031 678 2134 734 hoc
2156 677 2382 747 patitur.
2409 678 2562 745 Quod
2591 677 2637 732 si
2663 678 2888 732 minime
2912 678 3118 744 fecerit,
3142 693 3250 733 non
3277 694 3335 734 se
3359 688 3516 750 putet

1920 765 2158 837 effugere
2207 767 2505 832 diabolum,
2545 768 2564 806 ί
2593 775 2649 822 et
2687 784 2746 823 se
2792 769 3070 824 existimet
3095 768 3384 837 victorem,
3416 771 3514 827 sed

1922 855 2148 909 vietum.
2196 855 2348 922 Quod
2379 855 2422 910 si
2454 855 2905 922 manifestaverit,
2937 865 2992 910 et
3037 874 3095 912 se
3119 875 3219 928 per
3243 858 3514 929 poeniten-

1925 946 2055 1000 tiam
2089 954 2181 1000 aut
2226 945 2436 1016 ﬂagella
2468 947 2859 1013 emendaverit,
2909 939 3170 1007 continuo
3195 952 3408 1010 hostem
3456 948 3516 1003 in

1926 1035 2137 1092 foveam
2157 1037 2519 1107 pramipitabit
2538 1047 2593 1093 et
2625 1038 2885 1110 impellet.

1987 1171 2017 1244 ᾗ
2049 1171 2113 1227 ν.
2139 1171 2309 1226 -—-Ex
2343 1173 2368 1212 ε
2399 1170 2622 1227 Renum
2657 1187 2848 1227 sanan
2888 1171 3141 1228 (lassum
3172 1173 3313 1246 (cap.
3335 1173 3452 1248 28).

2000 1283 2199 1339 Decani
2231 1291 2414 1338 autem
2444 1284 2749 1339 sollicitudo
2781 1292 2837 1339 et
2861 1284 3097 1340 eruditio
3116 1286 3235 1342 hzee
3254 1287 3360 1342 erit
3380 1302 3510 1358 erga

1928 1390 2054 1430 eum
2100 1389 2261 1444 quem
2311 1375 2412 1429 sibi
2457 1375 2526 1430 ab
2574 1375 2771 1430 abbate
2807 1376 3068 1430 traditum
3107 1379 3432 1448 susceperit,
3461 1386 3522 1432 ut

1933 1468 2126 1523 doceat
2153 1482 2275 1521 eum
2306 1466 2562 1535 primitus
2591 1481 2718 1521 suas
2745 1466 2966 1520 vincere
3007 1466 3350 1532 voluntates;
3400 1469 3526 1538 qui—

1931 1560 2032 1614 bus
2062 1574 2186 1614 eum
2215 1559 2505 1628 diligenter
2529 1573 2790 1612 exercens
2827 1557 2918 1611 illa
2947 1557 2996 1612 ei
3027 1558 3094 1612 de
3126 1559 3391 1614 industria
3424 1561 3528 1614 im-

1932 1659 2088 1720 peret
2142 1665 2264 1720 quas
2320 1650 2554 1705 senserit
2593 1649 2776 1704 animo
2833 1647 2950 1718 ejus
3005 1665 3127 1706 esse
3181 1653 3456 1707 contraria
3507 1671 3525 1707 :

235 1770 304 1824 de
327 1767 577 1833 artificio,
602 1767 740 1821 alius
761 1767 826 1821 de
853 1779 874 1806 ο
907 1768 1224 1823 assertionis
1246 1739 1572 1838 eloquentia,
1600 1768 1738 1824 alius
1768 1770 1833 1825 de
1861 1757 1908 1816 Β
1935 1741 2064 1811 qni“
2100 1740 2287 1838 muljis
2314 1739 2706 1810 experimentis
2731 1739 2959 1838 dfmmm.
2977 1747 3062 1794 θδι
3095 1755 3373 1838 {unquam
3397 1757 3529 1838 Ρίῖδῖ

235 1863 633 1925 taciturnitate,
667 1862 806 1916 alius
831 1862 896 1915 de
918 1862 1246 1927 humilitate,
1277 1863 1418 1919 alius
1445 1864 1512 1918 de
1541 1863 1830 1930 cbaritate,

235 1957 381 2010 alius
402 1956 470 2010 de
511 1955 760 2026 largitate
794 1969 1105 2020 munerum,
1135 1955 1274 2009 alius
1304 1957 1370 2011 de
1393 1955 1663 2018 castitate,
1698 1953 1836 2009 alius

235 2047 304 2100 de
349 2045 679 2116 virginitate,
729 2045 868 2100 alius
901 2047 966 2100 de
997 2055 1338 2116 paupertate,
1378 2046 1518 2100 alius
1564 2047 1630 2100 de
1663 2045 1836 2100 absti-

235 2137 447 2201 nentia,
469 2136 618 2191 alius
647 2137 713 2190 de
736 2138 1046 2191 orationum
1077 2136 1402 2206 frequentia,
1431 2137 1570 2192 alius
1604 2137 1671 2192 de
1703 2136 1838 2208 vigi-

237 2229 434 2294 lantia,
459 2227 596 2281 alius
634 2227 701 2281 de
727 2227 1060 2291 obedientia,
1091 2227 1230 2282 alius
1260 2227 1328 2282 de
1362 2228 1838 2283 abrenuntiatione

235 2333 448 2383 rerum,
478 2317 615 2372 alius
640 2317 708 2371 de
730 2317 977 2388 legendo,
1006 2317 1144 2372 alius
1167 2319 1232 2372 de
1253 2317 1565 2381 scribendo,
1599 2317 1737 2372 alius
1773 2317 1839 2373 de

238 2410 393 2464 vocis
423 2408 807 2464 modulatione.
847 2408 972 2464 llzec
998 2410 1204 2474 omnia,
1233 2425 1354 2478 qua:
1384 2424 1546 2477 supra
1573 2409 1838 2478 perstrin-

236 2500 424 2554 ximus
465 2499 834 2568 unusquisque
875 2499 1003 2554 dum
1049 2499 1340 2568 aliquOties
1388 2500 1515 2552 talia
1553 2487 1660 2553 non
1699 2497 1840 2567 jussi

239 2589 597 2644 immoderate
626 2589 944 2658 loquuntur,
969 2589 1131 2644 toties
1150 2590 1204 2643 in
1232 2588 1522 2644 elationem
1554 2604 1706 2643 vana:
1728 2588 1842 2658 glo-

238 2679 344 2733 riae
390 2679 674 2745 labuntur;
720 2687 777 2733 et
817 2694 884 2732 ex
917 2679 1036 2748 ipso
1069 2679 1281 2743 morbo,
1311 2678 1438 2733 dum
1465 2677 1608 2747 quod
1636 2678 1839 2741 dicunt,

239 2771 270 2812 δ
304 2772 585 2826 vindicare
611 2771 966 2837 contendunt,
1001 2771 1053 2825 in
1075 2771 1382 2840 superbiam
1410 2770 1839 2839 praecipitantur.

241 2863 478 2933 Propter
512 2865 618 2918 hoc
639 2877 768 2932 ergo
793 2862 996 2934 jugiter
1019 2860 1274 2931 jubemus
1301 2861 1355 2914 in
1383 2860 1611 2915 collecta
1646 2859 1844 2916 fratres

243 2953 461 3018 adesse,
496 2962 550 3008 et
587 2969 696 3008 non
726 2953 1013 3024 plusquam
1065 2961 1273 3021 septem
1322 2952 1436 3008 dies
1474 2953 1841 3021 interponere,

243 3054 303 3100 et
325 3061 425 3116 per
453 3061 639 3100 omnes
681 3045 796 3099 dies
831 3043 1140 3098 Dominicos
1166 3058 1346 3098 mores
1373 3042 1635 3112 pristinos
1661 3050 1716 3096 et
1757 3042 1840 3096 vi-

1935 1833 2345 1888 semonachum
2383 1847 2512 1886 suas
2554 1831 3028 1900 concupiscentias
3057 1830 3368 1904 refrenare,
3419 1833 3526 1888 nisi

1937 1923 2091 1992 prius
2121 1938 2219 1993 per
2242 1922 2608 1977 obedientiam
2635 1921 2966 1977 mortificare
2991 1937 3121 1976 suas
3156 1923 3410 1977 didicerit
3431 1939 3526 1978 vo-

1944 2012 2217 2079 luntates;
2257 2027 2360 2067 nec
2387 2012 2586 2082 poterit
2617 2012 2753 2066 iram
2774 2052 2788 2077 ,
2838 2021 2932 2066 aut
2962 2013 3262 2079 tristitiam,
3293 2021 3388 2069 aut
3418 2015 3530 2084 spi-

1939 2106 2107 2160 ritum
2136 2104 2518 2160 fornicationis
2555 2105 2899 2175 exstinguere
2921 2145 2936 2169 ,
2980 2119 3082 2160 nec
3108 2120 3235 2160 cum
3265 2105 3530 2164 fratribus

1939 2196 2303 2252 humilitatem
2335 2195 2550 2250 ﬁrmam
2577 2204 3005 2266 perpetuamque
3025 2197 3264 2252 retinere
3285 2238 3298 2262 ,
3347 2213 3447 2253 nec
3473 2199 3529 2252 in

1940 2288 2364 2358 congregatione
2400 2286 2604 2342 diutius
2631 2301 2953 2356 permanere
2974 2328 2989 2353 ,
3032 2288 3126 2357 qui
3153 2289 3304 2359 prius
3334 2289 3530 2344 volun-

1943 2388 2082 2435 tates
2108 2395 2236 2435 suas
2262 2395 2369 2434 non
2401 2379 2658 2434 didicerit
2683 2394 2961 2450 superare.

2261 2488 2288 2560 §
2319 2487 2405 2543 Vl.
2429 2519 2500 2528 -—-
2527 2488 2603 2541 Ex
2633 2487 2851 2543 [tecum
2887 2488 3210 2545 Onmsnu.

2011 2577 2067 2632 In
2101 2579 2437 2633 monasterio
2467 2578 2712 2632 seniores
2739 2578 2848 2632 sint
2869 2578 2996 2642 duo,
3027 2581 3092 2634 ad
3113 2595 3253 2650 quos
3279 2582 3362 2636 vel
3385 2597 3524 2652 prae-

1943 2678 2100 2758 sente
2129 2669 2323 2724 abbate
2352 2669 2435 2724 vel
2463 2670 2688 2724 absente
2707 2671 2949 2725 omnium
2977 2669 3206 2727 fratrum
3233 2675 3522 2745 disciplina

1944 2767 2000 2815 et
2025 2759 2205 2814 omnis
2251 2774 2382 2814 cura
2418 2759 2735 2815 monasterii
2780 2761 3067 2829 pertineat,
3112 2764 3301 2820 dantes
3323 2765 3426 2820 sibi
3454 2765 3534 2821 vi-

1943 2867 2035 2909 ces
2057 2865 2156 2922 per
2184 2851 2319 2917 dies,
2371 2859 2426 2906 et
2464 2851 2767 2907 dividentes
2804 2855 2829 2894 ιι
2869 2870 3034 2908 unum
3073 2856 3218 2911 inter
3236 2872 3294 2912 se
3320 2859 3535 2928 pondus

1941 2962 2007 3002 ac
2055 2945 2438 3001 necessitatem
2483 2944 2844 2999 monasterii:
2881 2947 2895 2984 ί
2927 2961 2994 3001 ex
3038 2947 3236 3016 quibus
3287 2957 3532 3020 tempore

1947 3054 2046 3095 suo
2076 3052 2316 3108 praesens
2341 3038 2396 3091 in
2422 3035 2753 3091 monasterio
2779 3051 2996 3106 semper
3031 3039 3136 3093 erit
3171 3041 3240 3093 ad
3265 3049 3533 3110 prmstan-

248 3109 344 3194 tia-
358 3137 666 3194 emendare.
713 3137 778 3191 Et
804 3136 927 3206 quis
957 3136 1011 3189 in
1058 3149 1166 3204 quo
1199 3145 1222 3174 θ
1248 3109 1616 3204 deprehensus
1654 3132 1837 3200 fuerit,
1868 3109 1912 3170 C
1944 3130 2072 3186 dum
2103 3128 2286 3184 abbati
2315 3127 2597 3192 solatium,
2637 3127 2724 3182 vel
2761 3127 3080 3198 obsequium
3109 3109 3522 3187 advenientibus

246 3269 437 3340 Agone
478 3267 812 3340 Christiano,
860 3282 959 3335 per
1000 3265 1149 3340 quod
1172 3273 1328 3340 tepor
1354 3264 1554 3340 mentis
1576 3265 1840 3340 et_segni-

249 3336 358 3395 tiés
403 3339 565 3394 noxia
611 3340 806 3401 oritur,
850 3352 970 3405 quae
1005 3336 1278 3390 hominem
1309 3336 1553 3389 inutilem
1585 3337 1650 3389 ad
1678 3336 1838 3390 omne

247 3411 640 3483 Opus_bonum,
672 3417 738 3483 et_
751 3408 1044 3483 proclivem
1072 3406 1146 3483 ad
1177 3406 1424 3483 inertiam
1454 3406 1648 3483 reddit.
1703 3406 1839 3483 llinc

249 3474 504 3537 nascitur
533 3474 916 3543 somnoléutia,
948 3477 1160 3547 pigritia
1185 3477 1368 3547 operis
1401 3474 1545 3547 boni,
1577 3476 1840 3529 instabili-

249 3558 340 3608 tas
368 3550 497 3614 loci,
524 3548 837 3619 pcrvagatio
861 3551 928 3603 de
952 3545 1070 3602 loco
1096 3547 1148 3600 in
1181 3546 1378 3619 locum,
1413 3545 1664 3619 tepiditas
1693 3547 1868 3619 labo—~’

252 3621 438 3686 randi,
470 3616 931 3680 taedium'cordis,
963 3617 1318 3672 murmuratio
1357 3625 1413 3669 et
1449 3616 1836 3685 vaniloquium.

249 3692 458 3747 Acedia
481 3692 638 3761 juxta
667 3689 985 3745 Cassianum
1008 3698 1091 3744 est
1119 3688 1336 3742 ttedium
1366 3694 1422 3738 et
1449 3687 1697 3761 anxietas
1722 3700 1841 3761 cor-

255 3764 364 3828 dis,
392 3756 513 3832 quae
537 3761 756 3816 infestat
790 3761 1146 3832 anachoretas
1175 3765 1228 3812 et
1259 3771 1425 3832 vagos
1460 3757 1516 3809 in
1551 3756 1840 3832 solitudine

250 3826 553 3887 monachos
577 3871 592 3894 ,
622 3832 855 3885 maxime
898 3830 1046 3885 circa
1088 3829 1277 3882 horam
1306 3826 1412 3880 diei
1442 3834 1656 3880 sextam
1676 3865 1690 3890 ,
1737 3826 1840 3881 hoc

253 3911 365 3968 est,
399 3903 700 3966 meridiem,
732 3903 784 3956 in
810 3902 926 3970 ipso
956 3900 1088 3970 solis
1115 3900 1310 3970 ardore
1339 3896 1838 3970 vehementissimo,

255 3965 420 4045 quam
464 3965 708 4045 quidam;
730 3965 947 4045 putant_
970 3969 1213 4045 seniores
1258 3967 1312 4045 in
1351 3965 1490 4045 psal.
1537 3982 1602 4045 x_c
1642 3967 1842 4045 daemo-

256 4036 410 4098 nium
455 4036 1139 4111 appellari—meridianum.
1188 4036 1617 4111 AstipulatttrS.
1646 4037 1840 4111 Antio-

255 4115 396 4169 chus
422 4106 610 4184 llo—Ill”.
637 4111 701 4166 10
721 4130 739 4167 ;
775 4117 862 4166 Καὶ
888 4110 1086 4184 σφόδρα
1107 4106 1666 4184 βαρύταὲοςςδαίμων)
1697 4106 1840 4184 ὅστις

253 4188 380 4261 περὶ
411 4187 546 4261 {ipsis
584 4181 730 4261 ἕκτην
761 4178 1367 4261 ἕμτςίπᾷιίτεξίμὸναχῷ,
1402 4178 1454 4261 id
1484 4187 1600 4259 est,
1635 4178 1842 4261 gravis:

257 4248 713 4325 siinus'(d:emou)
768 4248 860 4322 qui
891 4248 1512 4325 circaghoram’sextam
1557 4248 1841 4325 impugnat

259 4318 589 4383 monachum
621 4341 634 4376 :
671 4318 832 4392 quem
877 4321 999 4376 vide
1045 4320 1154 4392 ibi,
1208 4328 1264 4374 et
1303 4319 1620 4392 Cassianum
1653 4318 1746 4392 lib.
1782 4333 1836 4392 x_.

257 4397 328 4450 Et
365 4404 513 4449 recte
547 4388 714 4448 sane}
747 4393 873 4448 licet
905 4392 1050 4446 enim
1084 4391 1229 4445 hunc
1261 4391 1506 4444 morbum
1541 4388 1740 4458 partim
1770 4389 1838 4442 ab

1940 3261 2190 3385 hoanps
2211 3265 2337 3315 sunt
2355 3257 2478 3329 vagi
2508 3267 2565 3313 et
2599 3258 2910 3324 instabiles,
2955 3268 3120 3331 atque
3147 3262 3315 3316 etiam
3343 3276 3410 3318 ex
3449 3262 3534 3316 ni-

1940 3346 2049 3385 una
2110 3346 2179 3385 le
3154 3354 3158 3356 ‘

1940 3346 2049 3386 una
2073 3346 2179 3385 ΒΗΘ
3154 3354 3158 3356 ⁷

2125 3441 2578 3504 BellerOphontteis
2598 3439 3010 3492 sollicitudinibus

1938 3547 2104 3618 pleni,
2132 3546 2232 3614 ipsi
2261 3545 2663 3618 Bellerophonti
2689 3545 2831 3598 haud
2858 3545 3172 3602 dissimiles.
3224 3546 3358 3601 Nam
3392 3555 3518 3618 post

1944 3633 2133 3672 casum
2160 3630 2290 3670 vere
2312 3617 2615 3670 acediosus.

2126 3731 2240 3794 lpse
2261 3743 2403 3781 suum
2427 3742 2512 3780 cor
2536 3727 2697 3790 edens
2715 3730 2900 3793 campis
2925 3731 3124 3781 errabat
3145 3731 3310 3786 Aleis.

1940 3831 2095 3903 Apud
2124 3829 2358 3886 Tullium
2390 3829 2562 3903 libr._t
2589 3829 2654 3884 de
2682 3828 3047 3903 Divinatione.
3097 3829 3224 3903 Haec
3250 3830 3524 3903 instabili-

1941 3899 2029 3958 ta—s
2070 3909 2252 3954 manat
2298 3915 2365 3954 ex
2414 3900 2574 3954 tzedio
2614 3899 2873 3962 acediosi,
2925 3900 3016 3967 qui
3057 3916 3088 3954 a
3138 3901 3301 3955 rebus
3330 3902 3532 3957 creatis

1940 3973 2367 4028 consolationem
2393 4011 2407 4036 ,
2441 3985 2545 4023 non
2594 3985 2624 4023 a
2669 3971 2777 4023 Deo
2813 3970 3199 4037 emendicans,
3227 3970 3362 4025 nihil
3389 3973 3534 4041 quod

1941 4044 2044 4099 sibi
2068 4043 2299 4113 placeat,
2328 4041 2575 4113 invenire
2601 4047 2800 4108 potest.

2013 4115 2042 4154 ιι
2070 4110 2317 4167 Ἰάοηεὶδ.
2359 4110 2542 4165 ldonei
2570 4118 2693 4164 sunt
2717 4111 2892 4175 servi,
2932 4111 3046 4165 sive
3087 4111 3268 4168 liberti
3294 4112 3534 4167 honora—

1940 4184 2179 4239 biliores.
2216 4181 2450 4254 ldpatet
2476 4195 2542 4234 ex
2567 4180 2661 4234 lib.
2700 4196 2758 4235 tu
2793 4181 2927 4254 legis
2958 4181 3410 4254 Wisigotharum,
3438 4183 3524 4236 tit.

1941 4255 1994 4319 5,
2022 4255 2058 4308 l.
2086 4255 2119 4310 9
2146 4272 2158 4308 :
2200 4270 2219 4304 ι
2261 4253 2319 4306 Si
2348 4253 2574 4307 idoneus
2599 4267 2790 4307 servus
2814 4261 2915 4315 est,
2953 4253 3045 4322 qui
3076 4253 3414 4308 commisisse
3438 4254 3529 4308 de-

1941 4327 2175 4397 tegitur,
2214 4333 2269 4397 et
2305 4324 2554 4397 idoneum
2596 4323 2848 4397 libertum
2878 4324 3124 4393 rapuisse
3151 4324 3531 4397 iuvenitur;_si

1948 4393 2180 4451 voluerit
2221 4394 2486 4449 Dominus
2525 4408 2556 4448 e
2585 4393 2758 4449 solido
2804 4409 2928 4448 cum
2969 4409 3035 4448 eo
3070 4404 3377 4462 componat.
3405 4416 3422 4446 ›
3464 4395 3535 4449 Et

259 4470 379 4535 ipsa
406 4465 654 4537 corporis
683 4463 1068 4537 constitutione
1094 4471 1160 4537 et
1172 4460 1490 4515 humoribus
1509 4497 1525 4522 ,
1571 4459 1791 4537 partim
1815 4473 1846 4510 a
1872 4464 1924 4524 1)
1951 4466 2112 4537 paulo
2138 4475 2262 4535 post
2286 4483 2301 4524 ;
2336 4482 2366 4537 «_
2387 4462 2481 4519 Sin
2507 4473 2690 4519 autem
2717 4465 2950 4537 rusticus
2972 4503 2986 4524 ,
3017 4472 3074 4537 et
3093 4459 3388 4537 vilissimus
3415 4479 3534 4537 δεῖ.

259 4530 430 4600 tame,
456 4530 653 4604 partim
683 4534 751 4588 ab
778 4543 911 4588 aestu
942 4531 1234 4604 immodico
1259 4544 1484 4584 manare
1514 4536 1724 4604 certum
1746 4530 1842 4604 sit,

259 4599 513 4660 diabOlus
542 4612 744 4666 tamen,
778 4604 934 4672 cujus
963 4602 1293 4672 praecipuum
1330 4608 1412 4672 est
1439 4613 1577 4668 opus
1606 4599 1847 4672 homini:-

261 4678 366 4730 bus
387 4677 546 4746 juxta
575 4689 763 4746 eorum
806 4669 1221 4746 dispositionem
1253 4669 1545 4746 insultare,
1579 4669 1844 4746 ejusmodi

260 4739 515 4801 morbum
538 4755 594 4800 et
617 4739 927 4815 languorem
945 4759 1058 4815 Anon
1075 4741 1428 4815 mediocriter
1442 4739 1736 4815 intendere
1760 4754 1848 4792 so-

260 4817 364 4880 let,
391 4818 645 4870 humorcs
673 4808 860 4870 noxios
890 4813 958 4868 ad
999 4811 1158 4880 hujus
1199 4810 1390 4864 veneni
1441 4808 1846 4880 instillationem

264 4879 560 4942 irritando.
616 4884 744 4954 Ejus
785 4879 1084 4954 remedium
1124 4881 1401 4954 optimum
1427 4888 1508 4932 est
1540 4879 1844 4954 divinorum

262 4958 532 5011 librorum
564 4948 721 5010 lectio
740 4996 754 5020 ,
789 4971 895 5025 qua
933 4953 1109 5008 fervor
1135 4948 1434 5025 devotionis
1463 4948 1722 5025 paulatim
1748 4964 1836 5025 ex-

263 5028 489 5082 citatur.
531 5025 684 5092 Quod
714 5017 841 5080 olim
873 5031 1128 5095 expertus
1171 5029 1255 5095 est
1287 5020 1351 5095 Βἶ
1376 5017 1648 5095 Gosuinus
1675 5019 1845 5073 abbas

264 5090 666 5166 Aquicinensis,
711 5097 802 5164 qui
833 5090 963 5166 enni
982 5091 1244 5166 ejusmodi
1285 5091 1406 5144 tabe
1437 5090 1842 5166 corroderetur,

268 5160 554 5238 bloralium
583 5160 918 5238 S.'Gregorii
954 5160 1184 5238 lectione
1219 5163 1362 5216 hunc
1395 5160 1642 5238 morbum
1662 5160 1842 5238 ‘depuf

267 5238 350 5299 lit,
392 5246 450 5290 ut
480 5235 598 5304 ejus
627 5246 746 5291 acta
775 5227 1065 5290 testantur.
1108 5233 1246 5287 Sunt
1269 5239 1325 5284 et
1363 5227 1761 5304 alia-remedia,
1787 5236 1846 5282 ut

267 5299 565 5361 assiduitas
585 5307 709 5362 boni
736 5306 939 5378 operis,
958 5303 1284 5378 desiderium
1310 5299 1668 5378 praemiorum
1685 5307 1846 5378 aeterf

268 5392 466 5431 norum
493 5417 508 5440 ,
557 5368 922 5431 manifestatio
954 5372 1265 5429 tentationis
1289 5368 1320 5436 ,7
1346 5368 1634 5440 stabilitas,
1654 5369 1758 5440 loci
1779 5376 1847 5440 et

265 5438 534 5518 propositi
558 5449 676 5512 sui,
711 5441 1348 5518 exercitium__eujuslibet
1373 5439 1506 5493 artis
1535 5448 1590 5494 et
1625 5438 1842 5518 laboris,

269 5509 530 5571 instantia
556 5509 818 5573 orationis
851 5525 907 5570 et
932 5509 1232 5587 vigiliarum
1253 5551 1268 5576 ,
1314 5525 1435 5580 qua:
1463 5519 1709 5564 recenset
1742 5509 1848 5564 lla-

268 5589 450 5643 banus
472 5587 592 5644 loco
619 5591 802 5643 citato.

345 5669 373 5697 ι
414 5655 457 5710 Α
487 5660 699 5722 prapn'o
723 5657 1039 5712 monasterio
1068 5670 1122 5708 se
1143 5652 1352 5722 auferre
1373 5650 1678 5722 disponunt.
1705 5648 1848 5704 Idem

510 5676 584 5712 πο
621 5676 699 5712 no
723 5676 1039 5712 monasterio
1068 5676 1122 5708 ac
1143 5676 1352 5722 αιιιβπε
1373 5676 1678 5718 αιδμυηιιηι.
1705 5676 1848 5704 lthlll

510 5768 525 5786 .
570 5676 870 5786 Xutiochus
916 5725 1098 5782 homil.
1157 5724 1352 5788 citata;
1398 5719 1657 5791 ejusmodi
1707 5723 1850 5775 enim

1956 4532 2052 4592 vus
2071 4532 2193 4590 esse
2221 4535 2482 4598 noscitur,
2511 4545 2618 4590 etc.
2653 4553 2671 4587 ι
2717 4532 2819 4589 Ubi
2845 4536 2997 4590 vides
3017 4534 3421 4589 distinctionem
3453 4535 3536 4587 in-

1954 4615 2037 4661 ter
2092 4607 2342 4662 idoneum
2397 4621 2653 4668 servum,
2702 4611 2758 4660 et
2817 4605 3141 4660 vilissimum
3193 4619 3434 4667 servum,
3477 4611 3535 4656 et

1953 4678 2285 4732 mentionem
2318 4675 2496 4730 idonei
2525 4675 2725 4737 liberti,
2752 4676 2844 4744 qui
2877 4674 3188 4731 necessario
3209 4690 3238 4728 a
3261 4673 3533 4744 communi

1956 4757 2010 4802 et
2034 4748 2123 4800 vili
2157 4747 2352 4800 liberto
2383 4743 2794 4817 distinguendus
2818 4757 2928 4804 est.
2959 4747 3114 4817 juxta
3158 4759 3338 4798 mores
3369 4743 3535 4798 Wisi.

1953 4818 2266 4888 gothorum,
2294 4817 2436 4888 inter
2458 4830 2600 4888 quos
2627 4815 2844 4870 vivebat
2873 4815 3041 4871 hic‘S.
3072 4815 3440 4870 Fructuosus-

2023 4899 2044 4926 ο
2089 4887 2426 4942 Assertiom’s.
2457 4884 2513 4938 Id
2545 4895 2650 4949 est,
2676 4887 2957 4940 orationis.

2020 4956 2046 4996 ά
2095 4957 2396 5012 Vindicare.
2458 4954 2517 5009 ld
2557 4965 2662 5017 est,
2713 4970 2978 5020 asserere,
3025 4953 3281 5025 probare,
3329 4951 3534 5008 conﬁr-

1948 5043 2118 5084 mare.

2023 5109 2047 5168 ξ’
2088 5099 2446 5168 Deprehensus
2475 5098 2653 5167 fuerit.
2684 5095 2922 5168 Alterius
2956 5095 3244 5168 delatione.

2024 5167 2043 5206 τ
2089 5163 2232 5223 Εεέρ
2256 5163 2535 5222 existimet.
2581 5169 2756 5238 Lege,
2812 5164 2922 5238 Nec
2947 5182 3002 5238 se
3025 5166 3282 5238 existimet
3301 5205 3315 5229 ,
3336 5172 3405 5238 _ut
3435 5163 3533 5217 ha-

1946 5241 2104 5308 betur
2128 5239 2181 5292 in
2213 5238 2415 5308 Regula
2447 5255 2548 5293 ms.
2581 5234 2695 5291 Non
2727 5245 2814 5292 est
2838 5235 2929 5290 ille
2956 5235 3147 5308 victor,
3180 5235 3271 5289 sed
3293 5234 3474 5308 victus
3498 5249 3530 5288 a

1946 5307 2183 5372 diabolo,
2213 5304 2476 5377 qui'juste
2501 5316 2787 5363 accusatus
2827 5321 2933 5360 non
2964 5304 3183 5370 fatetur,
3213 5305 3306 5360 sed
3335 5319 3530 5374 proca-

1946 5379 2084 5433 citer
2115 5394 2272 5432 suum
2301 5378 2540 5432 defendit
2567 5392 2832 5432 errorem.

2029 5451 2057 5492 Ι
2093 5447 2287 5519 Regula
2314 5447 2371 5502 8.
2396 5446 2659 5519 Cassiani.
2691 5446 2808 5502 Lib.
2841 5444 3271 5519 1_vglnstit.,_eap_.
3304 5446 3354 5498 8.

2024 5521 2051 5561 ιι
2095 5515 2272 5573 Unum
2298 5518 2522 5587 pondus.
2549 5521 2607 5573 τὸ
2633 5533 2794 5571 unum
2818 5517 3032 5587 videtur
3053 5515 3372 5587 redundare.

2031 5592 2044 5631 ί
2093 5589 2179 5642 Ea:
2205 5584 2392 5659 quibus
2429 5597 2658 5658 tempore
2684 5603 2800 5641 suo.
2847 5586 2988 5658 Lege
3022 5605 3034 5640 :
3067 5584 3152 5639 Ex
3182 5585 3367 5656 quibus
3401 5601 3536 5639 unus

1955 5670 2185 5733 tempore
2205 5675 2322 5714 suo.
