3940 6196
308 317 416 376 969

1204 307 1596 365 CONCORDIA
1639 302 2089 361 REGULARUM.
2130 332 2199 341 -—-
2237 300 2390 357 CAP.
2432 299 2619 355 XXIX.

3450 303 3552 355 970

305 431 650 495 incendatur,
675 434 736 483 ut
757 427 976 483 videant
995 426 1194 481 diversi
1210 424 1481 496 quomodo
1497 438 1557 479 se
1577 423 1873 481 collocent:
1903 423 1956 483 Α
1980 428 2134 476 extra
2159 417 2337 474 cubile
2358 415 2634 487 proprium
2665 412 2918 483 cuiquam
2946 412 3164 469 licentia
3194 422 3396 484 pateat.
3421 416 3447 455 ιι
3469 416 3557 471 ln-

302 530 362 579 et
386 526 675 591 postquam
700 531 760 572 se
782 530 971 571 omnes
995 514 1411 578 collocaverint,
1461 527 1494 567 a
1531 527 1693 582 supra
1722 508 1880 566 dictis

304 625 334 654 ι
360 617 587 672 tutetur,
620 607 667 664 si
691 605 830 663 forte
860 604 1153 675 indigentia
1184 602 1290 659 olei
1319 603 1374 658 in
1402 600 1733 658 monasterio
1758 613 1883 655 sen-

307 703 495 759 tiatur.
945 708 953 715 '

389 793 418 865 ᾗ
454 792 521 846 ν.
560 820 633 831 -
664 789 744 844 Ex
778 789 1001 845 Rsouu
1038 803 1227 843 SANCTI
1263 785 1462 842 Ismoni
1500 787 1638 857 (cap.
1682 782 1791 855 15).

379 885 408 925 δ
442 882 707 939 Abbatem
734 896 858 937 cum
880 880 1143 936 fratribus
1167 880 1375 950 pariter
1394 879 1450 934 in
1469 877 1887 948 congregatione

302 974 633 1032 commorari
684 981 930 1044 oportet,
984 982 1046 1027 ut
1102 971 1408 1028 communis
1447 969 1788 1027 conversatio
1832 976 1889 1022 et

306 1064 681 1122 testimonium
739 1063 896 1118 bonae
948 1063 1075 1117 vita:
1129 1070 1187 1118 et
1238 1061 1597 1118 reverentiam
1646 1059 1889 1131 praebeat

304 1155 629 1228 disciplinae.
667 1154 888 1210 Fratres
920 1169 1136 1225 quoque
1172 1169 1387 1220 omnes,
1415 1153 1461 1210 si
1494 1152 1754 1225 possibile
1780 1160 1885 1217 est,

305 1249 362 1303 in
399 1263 509 1302 uno
542 1245 784 1302 conclavi
818 1246 1150 1300 commorari
1189 1245 1366 1301 decet.
1399 1243 1555 1312 Quod
1583 1244 1629 1300 si
1670 1242 1890 1299 difﬁcile

304 1338 494 1404 fuerit,
531 1346 680 1394 certe
705 1335 791 1392 vel
819 1336 1027 1400 decem,
1062 1336 1258 1406 quibus
1285 1351 1427 1392 unus
1463 1344 1548 1392 est
1570 1351 1890 1407 praeponen-

305 1432 412 1487 dus
449 1430 708 1494 decanus,
748 1428 903 1498 quasi
943 1436 1123 1483 rector
1173 1437 1229 1483 et
1263 1435 1468 1484 custos.
1512 1428 1711 1492 Nocte,
1759 1429 1887 1484 dum

307 1521 376 1576 ad
407 1519 781 1576 dormiendum
810 1520 939 1583 itur,
972 1534 1065 1574 seu
1103 1528 1388 1589 postquam
1424 1519 1722 1588 quiescitur
1744 1558 1758 1585 ,
1804 1518 1886 1572 al-

308 1611 413 1667 teri
450 1625 609 1665 nemo
647 1608 922 1679 loquatur.
951 1609 1008 1664 ln
1039 1609 1318 1665 nocturnis
1344 1609 1587 1664 tenebris
1628 1624 1788 1664 nemo
1809 1608 1886 1663 lo-

305 1710 514 1775 quatur
557 1700 712 1755 fratri
756 1700 844 1756 cui
889 1701 1089 1755 obviat.
1126 1710 1149 1739 α
1190 1699 1405 1756 Duobus
1436 1700 1491 1755 in
1524 1699 1667 1756 lecto
1698 1699 1883 1770 jacere

306 1809 418 1847 non
454 1792 635 1848 liceat.
678 1791 791 1845 Lux
832 1798 1012 1845 autem
1075 1798 1235 1847 nocte
1289 1790 1670 1846 dormientium
1711 1790 1889 1845 locum

304 1881 335 1922 (ι
370 1882 626 1946 illustret,
672 1888 732 1934 ut
764 1878 935 1949 pulsis
989 1879 1230 1936 tenebris
1284 1878 1654 1935 testimonium
1705 1884 1891 1948 pateat

310 1988 336 2015 ο
366 1971 659 2044 singularis
687 1970 905 2042 quietis.
943 1969 1191 2025 Monachi
1224 1977 1427 2026 stratus
1466 1969 1521 2024 in
1556 1968 1703 2023 nulla
1743 1966 1889 2037 turpi

304 2063 635 2135 cogitatione
680 2068 924 2116 versetur
963 2076 978 2126 ;
1013 2059 1033 2100 ί
1068 2060 1164 2116 sed
1186 2060 1241 2115 in
1282 2059 1399 2116 sola
1434 2057 1890 2128 contemplatione

306 2160 406 2214 Dei
444 2157 789 2221 accumbens,
837 2164 893 2212 et
945 2155 1191 2226 requiem
1235 2154 1503 2225 corporis,
1555 2162 1613 2208 et
1650 2153 1891 2222 quietem

306 2249 508 2305 habeat
538 2248 738 2312 cordis,
766 2246 1227 2317 cogitationesque
1250 2259 1448 2314 pravas
1483 2259 1513 2297 a
1554 2257 1614 2298 se
1645 2242 1890 2312 repellat,

305 2338 577 2408 bonisque
603 2335 832 2405 objectis
866 2344 1051 2404 turpes
1094 2349 1126 2389 a
1173 2348 1233 2389 se
1272 2331 1503 2402 rejiciat.
1541 2331 1675 2386 Nam
1723 2331 1891 2385 animi

307 2437 493 2484 inotus
518 2427 846 2499 imaginibus
872 2427 987 2482 suis
1011 2425 1211 2497 agitur,
1242 2434 1297 2480 et
1322 2424 1499 2495 qualis
1530 2424 1772 2495 vigilanti
1797 2439 1892 2479 co-

308 2520 506 2592 gitatio
537 2517 720 2583 fuerit,
753 2517 877 2573 talis
900 2524 960 2572 et
986 2516 1165 2587 imago
1192 2530 1292 2585 per
1319 2528 1570 2585 soporem
1599 2513 1856 2568 occurrit.

364 2633 392 2706 §
425 2630 698 2686 VL—Ex
735 2628 956 2685 Rasum
993 2642 1181 2684 ssnon
1220 2628 1526 2684 Faucruosr
1563 2627 1701 2700 (cap.
1746 2626 1858 2696 17).

395 2749 419 2788 ε
456 2747 573 2802 Duo
621 2745 676 2800 in
714 2731 822 2800 uno
878 2743 1021 2800 lecto
1057 2757 1165 2798 non
1195 2741 1443 2811 jaceant,
1502 2755 1603 2797 nec
1659 2741 1897 2795 dormire

399 2936 427 2966 ι
458 2921 695 2976 Tutetur.
734 2918 794 2975 Id
829 2926 932 2984 est,
973 2919 1375 3000 exstinguatur,
1410 2932 1535 3041 caﬁ.
1562 2916 1630 2971 19
1647 2914 1900 2998 ejusdem

401 2992 580 3041 gulae:
624 3009 643 3041 ι
680 2988 949 3041 Candelas
993 2997 1308 3041 monasterii
1342 3003 1374 3041 a
1415 3002 1477 3041 ce
1519 3002 1699 3041 erarto
1730 2985 1900 3041 factas

316 2992 542 3063 Regula:
566 3009 580 3045 :
602 3009 643 3063 At
680 2988 949 3063 Candelas
993 2985 1308 3045 monasterii
1342 3003 1374 3042 a
1415 2985 1699 3063 cellerario
1730 2985 1904 3063 factas

313 3056 562 3135 quotidie
599 3061 701 3131 ipsi
732 3060 1108 3135 incendant‘et
1133 3067 1348 3135 tulerit.
1382 3077 1402 3110 ι
1432 3057 1716 3135 -ᾼιιιίῃιιιιε
1756 3056 1904 3135 0_rdo

1984 510 2269 568 tervallum
2319 507 2654 579 singulorum
2679 505 2942 562 lectorum
2990 506 3220 575 singulis
3252 505 3450 562 cubitis
3478 507 3562 562 in-

1983 602 2261 658 tercedat:
2298 615 2367 656 ne
2402 600 2528 655 dum
2565 598 2796 654 invicem
2824 597 3136 668 proximam
3170 613 3418 669 corpora,
3459 614 3560 654 nn-

1982 694 2152 748 triant
2195 691 2439 747 libidinis
2470 691 2487 732 1
2532 689 2823 746 incentiva.
2860 687 2873 739 i
2915 688 2976 744 In
3013 688 3253 745 tenebris
3286 704 3448 745 nemo
3484 690 3562 746 lo-

1984 792 2182 851 quatur
2206 782 2394 848 alteri;
2428 795 2528 837 nec
2557 781 2784 837 accedat
2805 781 2990 849 junior
3016 780 3246 851 quilibet
3268 781 3337 837 ad
3365 780 3562 838 lectum

1985 872 2208 929 alterius
2235 873 2259 912 k
2290 880 2414 942 post
2438 870 2791 941 Completam.

2062 1003 2090 1074 §
2130 1000 2419 1057 ιιι-ΒΧ
2454 999 2675 1054 Rasum
2697 1012 2884 1052 ssnon
2912 997 3183 1051 FERBEOLI
3212 998 3349 1068 (cap.
3381 998 3493 1069 55).

2065 1110 2083 1150 ι
2115 1111 2189 1167 Ut
2226 1110 2332 1165 duo
2376 1108 2673 1179 quamlibet
2711 1106 2981 1177 proximi,
3024 1107 3112 1161 vel
3150 1107 3310 1162 amici
3351 1118 3571 1178 propter

1988 1210 2258 1258 secretam
2310 1200 2648 1263 orationem,
2704 1212 2825 1267 quas
2881 1197 3029 1252 nullo
3073 1205 3212 1252 teste
3258 1198 3451 1253 melius
3499 1199 3569 1252 ad

1989 1293 2160 1348 Deum
2187 1291 2460 1363 dirigitur,
2489 1297 2549 1343 ut
2579 1287 2841 1357 majorem
2866 1288 3143 1344 licentiam
3170 1289 3359 1343 orandi
3383 1290 3571 1343 credat

1988 1381 2091 1437 sibi
2119 1395 2273 1435 mens
2300 1387 2624 1449 compuncta
2652 1393 2999 1443 concessam,
3026 1379 3152 1434 dum
3178 1379 3452 1434 neminem
3494 1380 3575 1434 vi-

1987 1474 2131 1547 gilite
2159 1487 2272 1530 sua;
2299 1480 2494 1527 testem
2535 1470 2776 1526 timescit
2814 1479 2910 1525 aut
2938 1467 3200 1538 jutlicem.
3232 1470 3571 1542 Vigilandum

1987 1582 2151 1639 ergo,
2175 1564 2446 1621 orandum
2473 1571 2636 1632 atque
2680 1561 3037 1633 psallendum.
3068 1562 3237 1617 Curet
3279 1562 3573 1633 unusquis-

1987 1672 2095 1727 que
2122 1656 2406 1710 minimam
2448 1654 2626 1709 noctis
2674 1667 2868 1709 somno
2911 1652 3111 1706 ducere
3145 1652 3485 1722 portionem,
3518 1663 3574 1708 ut

1914 1770 1963 1830 Β
1992 1763 2100 1803 non
2140 1747 2447 1817 decipiatur
2489 1747 2555 1801 ab
2591 1745 2846 1810 inimico,
2872 1756 2909 1782 ηι
2933 1745 3024 1814 qui
3069 1752 3155 1798 est
3200 1743 3337 1799 liber
3355 1746 3571 1801 otioso:

1992 1837 2119 1908 quia
2165 1836 2388 1893 omnino
2416 1849 2523 1889 non
2553 1842 2732 1903 potest
2760 1831 2938 1887 cubile
2978 1833 3258 1901 preprium
3299 1835 3404 1889 nisi
3437 1835 3576 1905 vigi-

1992 1927 2113 1983 lans
2140 1937 2170 1965 η
2196 1926 2499 1982 vindicare.
2539 1932 2566 1961 ο
2602 1924 2924 1978 Imitandnm
2977 1922 3123 1978 enim
3173 1924 3387 1979 videtur
3436 1926 3579 1995 quod

1991 2019 2260 2088 Propheta
2285 2016 2443 2072 nobis
2470 2014 2569 2071 sub
2596 2014 2829 2084 quadam
2873 2013 3242 2068 admonitione
3282 2013 3538 2069 decantat
3565 2032 3577 2066 :

1994 2106 2206 2163 Lavabo
2246 2123 2339 2178 per
2380 2104 2618 2176 singulas
2663 2113 2837 2158 noctes
2879 2101 3070 2158 lectum
3105 2119 3299 2169 meum,
3334 2103 3582 2175 lacryntis

1995 2201 2123 2254 meis
2149 2208 2373 2253 stratum
2395 2212 2569 2251 meum
2608 2195 2789 2266 rigabo
2824 2192 2998 2266 (I’sal.
3029 2195 3127 2264 γι).
3159 2194 3228 2249 Εῑ
3252 2195 3450 2250 iterum
3475 2213 3489 2249 :
3517 2194 3583 2250 In

1996 2289 2233 2345 noctibus
2254 2286 2486 2343 extollite
2524 2302 2713 2339 manus
2760 2294 2952 2339 vestras
2980 2285 3032 2338 in
3068 2295 3275 2351 sancta,
3301 2294 3350 2340 et
3379 2287 3584 2341 benedi-

1996 2382 2096 2433 cite
2133 2377 2417 2432 Dominum
2461 2368 2635 2448 (Psal.
2684 2374 2939 2447 cxxxm).
2973 2374 3040 2428 Et
3080 2374 3251 2431 illud:
3282 2374 3485 2433 Memor
3507 2378 3585 2447 fui

1999 2477 2150 2522 nocte
2190 2467 2417 2521 nominis
2462 2464 2541 2519 tui
2559 2504 2574 2531 ,
2602 2463 2825 2519 Domine
2846 2504 2861 2530 ,
2887 2476 2933 2519 et
2966 2465 3222 2520 cusrodivi
3251 2465 3415 2537 legem
3441 2477 3587 2522 tuam

2001 2557 2175 2630 (Psal.
2202 2554 2412 2629 οινιιι).
2447 2554 2563 2610 Hoc
2588 2568 2719 2624 ergo
2744 2563 2803 2609 ut
2833 2554 3062 2610 devotus
3083 2559 3459 2628 unusquisque
3494 2574 3589 2614 vo-

1963 2714 1976 2724 _
2000 2651 2215 2706 catione
2243 2662 2505 2703 concessa
2534 2646 2750 2710 utilius,
2784 2646 2957 2716 possit
2988 2646 3246 2716 implere,
3277 2650 3434 2704 strati
3465 2650 3547 2704 sui
3568 2689 3583 2713 ,

2003 2751 2062 2797 ut
2094 2756 2257 2811 supra
2284 2739 2554 2803 diximus,
2582 2737 2688 2792 erit
2728 2737 2844 2807 ipse
2881 2736 3029 2792 solus
3063 2752 3347 2807 possessor
3376 2738 3587 2796 habens

2005 2931 2066 2976 ut
2094 2930 2147 2975 te
2170 2920 2223 2974 in
2253 2921 2371 2989 ipso
2400 2917 2599 2989 quietis
2634 2918 2857 2973 exordio
2888 2934 3066 2973 rerum
3093 2918 3434 2975 smeularium
3460 2937 3590 2979 cura

2007 2992 2234 3047 liberam
2271 2988 2450 3044 divina
2473 2988 2819 3044 meditantem
2853 3004 3075 3044 somnus
3104 2989 3367 3045 inveniat.
3404 3012 3423 3043 ι

2089 3064 2114 3102 Β
2145 3061 2264 3114 Duo
2286 3061 2341 3113 in
2372 3074 2476 3112 uno
2503 3057 2656 3124 lecto,
2686 3068 2792 3115 etc.
2837 3059 3081 3113 llalietur
3119 3059 3174 3114 in
3206 3058 3285 3114 Re
3328 3099 3341 3114 .
3390 3076 3494 3116 ms.
3530 3061 3588 3117 S.

2089 3130 2298 3185 uctuosi
2321 3130 2488 3185 euisc.
2521 3127 2741 3184 Bracar.
2774 3130 2894 3185 cod.
2926 3128 3109 3185 Crass.
3140 3146 3258 3185 can.
3288 3076 3375 3185 17.

319 3127 634 3197 Romanus;
650 3145 770 3201 cap.
802 3131 868 3201 de
912 3128 1102 3185 officiis
1133 3130 1185 3185 in
1217 3128 1382 3184 Coma
1432 3128 1644 3201 Domini
1686 3147 1699 3184 :
1736 3146 1755 3178 ι
1793 3127 1903 3182 Lu—
1932 3127 1977 3191 C
2013 3130 2298 3187 Fructuosi
2321 3130 2488 3198 episc.
2521 3127 2894 3201 Bracaracod.
2926 3128 3125 3201 Crassi
3140 3146 3258 3199 cap.

319 3218 444 3259 men
471 3208 653 3256 autem
682 3199 925 3256 ecclesia:
954 3201 1096 3270 apud
1125 3200 1398 3254 Romanos
1423 3199 1492 3253 ab
1526 3199 1681 3254 initio
1707 3205 1901 3254 cantus

319 3273 574 3330 nocturni
606 3272 895 3327 inchoatur
918 3270 1188 3339 exstingui
1216 3288 1228 3323 :
1259 3270 1363 3324 hoc
1397 3278 1575 3324 tamen
1601 3270 1816 3332 ordine,
1843 3278 1903 3322 ut

320 3345 391 3399 ab
416 3343 643 3397 introitu
672 3342 844 3411 ipsius
869 3340 1113 3396 ecclesia:
1133 3340 1355 3411 incipiat
1374 3339 1633 3411 paulatim
1661 3339 1842 3393 tutari.
1876 3358 1895 3390 ι

321 3415 392 3469 Et
415 3412 579 3483 paulo
608 3410 729 3483 post
756 3429 769 3464 :
806 3429 834 3483 t_
860 3411 1018 3483 Initio
1042 3410 1234 3480 psalmi
1258 3410 1417 3483 primi
1448 3410 1518 3463 sit
1540 3420 1724 3483 custos
1754 3424 1901 3463 sem-

397 3479 771 3553 r—parat'usin
821 3481 941 3553 loco
973 3481 1176 3553 dextrm
1224 3481 1396 3553 partis
1446 3479 1692 3553 ecclesiae
1736 3492 1903 3553 prope

344 3551 624 3622 ampades.
670 3551 739 3606 At
788 3551 876 3622 ubi
930 3551 1162 3606 audierit
1190 3552 1421 3622 primam
1448 3551 1825 3622 _antiplionam_
1851 3551 1905 3622 in

325 3618 490 3678 manu
521 3638 617 3677 sua
644 3630 784 3677 tutat
809 3621 1107 3691 lampadem
1138 3618 1321 3691 unam,
1356 3621 1410 3673 in
1435 3619 1539 3674 fine
1562 3618 1690 3674 vero
1714 3618 1907 3691 psalmi

328 3702 470 3748 tutat
494 3693 656 3747 aliam
686 3689 931 3746 sinistrae
944 3691 1133 3760 partis.
1169 3689 1261 3744 Sic
1287 3706 1392 3744 una
1420 3704 1485 3743 cx
1513 3698 1667 3760 parte
1695 3689 1797 3743 alia
1840 3703 1906 3760 ex

325 3764 434 3818 alia
465 3771 708 3817 tutentur
737 3776 907 3830 usque
946 3758 1017 3815 ad
1065 3760 1413 3831 Evangelium
1458 3777 1474 3831 :7
1520 3760 1593 3831 inA
1620 3758 1910 3831 Evangelia

329 3848 460 3889 vero
487 3842 615 3887 ante
643 3828 959 3886 Benedictus
986 3847 1091 3886 non
1122 3828 1335 3885 dicatur
1356 3830 1536 3883 lectio.
1569 3828 1674 3883 Sed
1698 3837 1908 3882 tantum

327 3919 521 3958 versus
546 3921 559 3956 :
593 3913 649 3957 et
677 3902 860 3956 statim
895 3911 1104 3956 tutatur
1129 3900 1379 3955 mediana
1406 3898 1633 3969 lampas.
1664 3897 1870 3953 Gallice
1892 3937 1907 3962 ,

328 3984 448 4028 tuer
473 3973 525 4026 la
553 3971 844 4027 clumdelle.

403 4066 433 4106 ιι
471 4066 722 4118 Abbatem
756 4081 871 4119 cum
902 4063 1172 4133 fratribus,
1200 4074 1310 4118 etc.
1339 4062 1464 4118 Ilaec
1492 4062 1731 4134 reperire
1753 4071 1837 4118 cst
1861 4064 1914 4117 in

334 4136 539 4207 Regula
568 4136 626 4190 S.
663 4135 852 4190 lsidori
880 4150 1101 4199 excusa,
1135 4150 1257 4204 cap.
1296 4134 1381 4188 15.

409 4237 432 4265 ε
474 4226 691 4279 Duobus
720 4226 775 4279 in
817 4224 947 4278 lecto
980 4242 1084 4296 uno
1129 4224 1306 4296 jacere
1334 4241 1438 4279 non
1487 4223 1662 4280 liceat.
1690 4224 1919 4295 Propter

330 4298 603 4351 castitatis
630 4296 950 4349 custoliam.
999 4294 1143 4349 Ideni
1169 4295 1226 4348 S.
1272 4294 1529 4359 Isidorus,
1565 4311 1684 4365 cap.
1718 4299 1739 4351 1
1753 4294 1920 4350 Tlle-

331 4367 473 4436 gulie
502 4383 614 4421 sua:
647 4366 788 4421 inter
812 4366 995 4436 gravia
1024 4372 1244 4434 peccata
1280 4375 1562 4436 recenset;
1598 4388 1616 4418 ι
1660 4384 1677 4417 ι
1714 4366 1769 4421 Si
1794 4381 1918 4421 cum

334 4435 525 4508 altero
547 4437 737 4508 inuno
764 4435 1101 4508 lectokjaceat
1132 4437 1447 4508 monachus.
1483 4457 1502 4489 ›
1546 4435 1691 4491 Idem
1735 4438 1921 4508 prohi—

335 4508 431 4562 bet
480 4506 736 4577 Magistcr
778 4521 793 4559 :
828 4524 846 4555 ι
892 4484 1144 4629 Singulos
1186 4484 1550 4575 praecipimus,
1574 4484 1709 4560 'ﬁbb
1735 4484 1920 4562 rbinos
1947 4484 1998 4543 D

335 4593 434 4629 ner
460 4577 596 4629 lecta
624 4575 826 4629 iacere.
851 4595 868 4627 ι
899 4574 956 4627 S.
1015 4574 1319 4629 ‘ructuosus
1340 4577 1507 4629 enisc.
1537 4577 1694 4629 Brac.
1718 4594 1730 4629 :
1766 4596 1782 4626 ι
1805 4577 1921 4629 Duo

332 4593 434 4659 per
460 4574 601 4659 lecta
622 4575 826 4659 jacere.
851 4595 868 4627 ι
989 4574 1507 4659 ιδιιιςιιιυξιιεέρίξε.
1537 4577 1730 4659 Βιειοά
1766 4577 1921 4659 «Dim

336 4644 392 4701 in
435 4662 542 4700 uno
589 4646 728 4701 lecto
762 4660 865 4699 non
906 4644 1147 4712 jaceant.
1184 4664 1202 4697 ι
1241 4644 1298 4699 S.
1331 4644 1680 4712 Pachomius,
1715 4658 1820 4700 art.
1851 4647 1920 4703 55

339 4717 700 4787 ltcgulzesute
730 4734 741 4768 :
788 4733 807 4765 ‹
840 4715 1027 4769 Nullus
1055 4731 1177 4769 cum
1200 4786 1203 4787 ν
1228 4714 1693 4787 altero__dormiat.
1729 4737 1747 4769 ι
1775 4716 1919 4771 Con-

336 4785 522 4842 cilium
550 4786 865 4841 Turoncnse
909 4801 973 4851 ιι,
1018 4799 1141 4839 can.
1188 4785 1255 4840 15
1299 4804 1312 4839 :
1351 4804 1369 4836 ι
1406 4785 1477 4842 Ut
1518 4800 1649 4856 ergo
1688 4786 1922 4841 sinistrae

335 4856 758 4912 existimationis
790 4857 969 4925 aditus
999 4863 1330 4925 amputetur,
1371 4856 1551 4910 nullus
1578 4856 1919 4911 sacerdotum

336 4944 402 4981 ac
436 4927 825 4980 monachorum
854 4922 1107 4996 colligere
1136 4925 1299 4979 alium
1329 4926 1381 4979 in
1400 4941 1509 4996 suo
1536 4926 1677 4981 lecto
1718 4942 1923 4996 praesu-

339 5006 471 5051 mat.
510 5017 529 5049 ι
574 4996 727 5063 Quod
776 4997 940 5050 etiam
982 4995 1116 5050 satis
1165 4996 1343 5049 innuit
1390 4994 1447 5049 S.
1504 4996 1565 5050 P.
1598 4994 1924 5051 Benedictus

337 5083 461 5121 cum
502 5066 617 5120 ait:
678 5084 696 5116 ι
734 5064 941 5137 Singuli
973 5080 1072 5134 per
1119 5065 1328 5135 singula
1380 5065 1517 5119 lecta
1552 5066 1841 5121 dormiant.
1899 5087 1917 5116 ι

408 5155 435 5194 d
478 5155 515 5226 ζ
513 5155 736 5226 (lustret.
765 5155 821 5209 ln
850 5154 981 5226 Reg.
1012 5153 1072 5226 S.
1112 5154 1303 5210 Isidori
1329 5170 1528 5226 excusa
1554 5173 1566 5226 ;
1596 5154 1890 5226 rllluminet.

414 5236 437 5264 ε
477 5223 779 5307 Singularis
806 5223 1011 5307 quietis.
1043 5225 1207 5307 quies
1234 5224 1522 5307 singularis
1552 5225 1641 5280 hic
1669 5233 1774 5291 est,
1801 5240 1928 5285 cum

340 5295 538 5364 singuli
572 5295 827 5350 monachi
852 5296 904 5349 in
931 5296 1160 5365 singulis
1193 5297 1379 5349 stratis
1400 5295 1605 5362 jacent.

417 5366 438 5404 ί
480 5364 584 5420 Sed
615 5366 670 5419 in
694 5365 807 5419 sola
830 5364 1266 5420 contemplatione
1312 5364 1406 5417 Dei
1444 5364 1771 5419 accumbens.
1817 5363 1930 5419 Hoc

418 5383 434 5404 ³
480 5383 583 5420 aea
615 5383 670 5419 tn
694 5383 807 5419 ποια
830 5383 1266 5435 contemplatione
1312 5383 1404 5417 νει
1444 5383 1771 5419 accunwens.
1818 5383 1930 5419 1100

340 5446 427 5490 est
460 5436 626 5490 etiam
665 5436 860 5490 animai
892 5435 1099 5489 devotae
1121 5434 1395 5500 singulare
1419 5435 1763 5499 exercitium,
1786 5435 1931 5503 quod

340 5505 653 5630 praescribit
679 5505 980 5575 virginibus
1009 5506 1181 5559 sacris
1205 5504 1263 5559 S.
1296 5503 1619 5558 Ambrosius
1648 5504 1741 5558 lib.
1768 5520 1828 5558 ιιι
1864 5508 1932 5559 de

393 5576 657 5630 irainibus
683 5593 697 5628 :
730 5594 746 5624 ι
771 5575 876 5629 Sed
923 5575 1086 5629 etiam
1129 5576 1183 5629 in
1216 5575 1333 5630 ipso
1358 5574 1521 5629 cubili
1549 5574 1671 5628 volo
1698 5574 1932 5630 psalmos

393 5576 657 5646 irginibus
683 5593 697 5628 :
730 5594 746 5624 ι
771 5575 876 5646 Sed
910 5575 1099 5646 (etiam
1129 5576 1183 5629 in
1216 5575 1341 5646 ipso
1358 5574 1521 5629 cubili
1549 5574 1671 5628 volo
1698 5574 1934 5646 psalmos

343 5643 469 5702 cuni
493 5645 741 5700 oratione
769 5644 1048 5714 Dominica
1077 5643 1347 5714 frequenti
1382 5654 1643 5700 contean
1675 5645 1809 5706 vice,
1847 5645 1931 5698 vel

344 5733 468 5773 cum
498 5714 857 5784 cvigilaveris,
893 5713 975 5767 vel
996 5713 1287 5785 anteqUam
1311 5730 1506 5783 corpus
1526 5730 1689 5784 sopor
1713 5716 1928 5786 irriget;

757 5829 1022 5888 PATIOL.
1060 5829 1221 5892 CIII.

2074 3202 2100 3242 ιι
2128 3200 2492 3272 Ιηιενιδαηωη,
2518 3207 2622 3272 etc.
2653 3200 2709 3255 In
2737 3199 3025 3272 Beg.n;s.:
3056 3218 3075 3250 ‹
3106 3200 3255 3255 Inter
3276 3201 3453 3256 aulam
3477 3201 3592 3256 sin-

2003 3272 2248 3344 gulorum
2281 3270 2545 3344 lectorum
2575 3270 2781 3344 singuli
2804 3270 2972 3344 cubiti
2990 3272 3360 3344 intercedant.
3410 3293 3428 3324 ι

2084 3357 2098 3384 ι
2137 3341 2427 3395 Incentiva.
2468 3338 2690 3396 Glossm'
2717 3340 2907 3396 lsidori
2939 3358 2951 3393 :
2979 3339 3282 3408 Incentiva,
3318 3342 3492 3398 aculei
3519 3344 3595 3398 ri-

2005 3415 2219 3467 tiorum.

2080 3481 2094 3532 i
2136 3481 2202 3535 In
2235 3481 2487 3545 tenebris,
2532 3489 2638 3536 etc.
2683 3479 2925 3550 Sumpsit
2971 3496 3039 3535 ex
3088 3479 3150 3550 S.
3190 3480 3441 3536 Isidoro:
3480 3499 3499 3533 ι
3536 3483 3595 3538 In

2008 3551 2289 3607 nocturnis
2336 3552 2576 3606 tenebris
2621 3565 2781 3605 nemo
2822 3549 3078 3619 loquatur
3129 3549 3322 3616 fratri,
3358 3552 3446 3606 cui
3490 3553 3592 3607 ob-

2008 3624 2138 3675 viat.
2177 3640 2194 3671 δ

2083 3692 2107 3760 ἓ
2144 3690 2269 3760 Post
2299 3689 2626 3760 completam.
2659 3687 2936 3759 Completa
2966 3697 3051 3744 est
3078 3689 3522 3758 Completorium.

2088 3759 2106 3799 ι
2143 3758 2210 3813 Ut
2238 3761 2343 3829 duo
2369 3758 2651 3829 quamlibet
2680 3761 2935 3828 proximi,
2961 3769 3067 3814 ctc.
3102 3759 3202 3814 llic
3229 3760 3378 3815 locus
3407 3778 3596 3815 corru—

2049 3838 2136 3885 tus
2180 3838 2267 3885 est
2299 3828 2658 3900 ob’quaedam
2703 3830 2869 3882 verba
2916 3831 3311 3900 praetermissa,
3362 3847 3482 3900 qua:
3529 3849 3597 3886 ex

2059 3902 2313 3971 maragdo
2349 3898 2643 3971 supplenda
2673 3907 2801 3971 sunt
2828 3898 2931 3953 hoc
2958 3900 3119 3953 modo
3147 3918 3159 3952 :
3192 3899 3261 3952 Ut
3286 3898 3394 3953 duo
3416 3918 3602 3971 quum-

2012 3971 2133 4025 libet
2162 3968 2388 4041 proximi
2416 3968 2507 4023 ire!
2532 3968 2688 4041 amici
2728 3977 2939 4041 propter
2985 3978 3237 4041 secretam
3276 3968 3601 4041 orationem,

2012 4058 2130 4112 qua:
2161 4037 2307 4094 nullo
2331 4039 2664 4112 teste‘metius
2686 4037 2827 4112 apud
2848 4038 3016 4092 Deum
3034 4039 3312 4112 dirigitur,
3339 4056 3441 4093 uno
3473 4040 3603 4093 lecto

2017 4108 2120 4165 non
2131 4119 2423 4181 teneantur.
2434 4109 2500 4162 Et
2513 4122 2705 4181 sensus
2702 4109 2897 4181 _clarus
2911 4117 3013 4181 est.
3033 4108 3165 4163 Nam
3183 4110 3284 4164 hoc
3300 4118 3413 4164 toto
3427 4112 3606 4181 capite

2017 4181 2151 4236 nihil
2182 4180 2329 4250 aliud
2359 4179 2590 4250 intendit
2616 4177 2673 4250 S.
2702 4177 2991 4250 Ferreolus
3011 4222 3026 4246 ,
3056 4194 3219 4250 quam
3247 4189 3307 4234 ut
3348 4177 3603 4235 monachi

2018 4250 2256 4320 separati
2285 4248 2596 4320 insingulis
2640 4248 2802 4320 lectis
2845 4248 3161 4319 quiescant,
3196 4257 3255 4320 ut
3293 4252 3510 4320 possint
3539 4252 3603 4304 li-

2018 4318 2204 4375 berius
2246 4319 2300 4374 in
2344 4318 2633 4388 ipso'lecto
2670 4319 2901 4373 orationi
2949 4334 3163 4373 vacare.
3217 4318 3367 4375 Umle
3412 4324 3461 4375 in
3498 4322 3605 4376 line

2022 4393 2216 4461 capitis
2241 4390 2317 4443 ait
2341 4386 2503 4461 {Hoc
2524 4404 2644 4459 ergo
2671 4390 2964 4461 utderoItts
2988 4391 3341 4461 unusquisque
3370 4394 3605 4445 vacatio-

2023 4458 2371 4531 tte—concessa,
2387 4458 2570 4531 utilius
2584 4458 2763 4529 possit
2792 4458 3022 4530 implere,
3051 4458 3205 4512 strati
3229 4458 3334 4523 sui,
3358 4470 3413 4512 ut
3441 4477 3604 4531 supra

2024 4531 2275 4592 diximus,
2297 4530 2395 4582 erit
2418 4528 2561 4582 solus
2589 4528 2874 4598 possessor.

2096 4612 2136 4639 ιη
2168 4599 2273 4666 Qui
2304 4608 2378 4652 est
2413 4597 2755 4671 liberetioso.
2781 4599 2835 4671 Itl
2867 4608 2969 4662 est,
3001 4600 3092 4671 qui
3127 4599 3287 4656 facile
3314 4600 3490 4655 otioso
3518 4618 3605 4653 as-

2023 4670 2248 4793 ῗὶιιὲιθι
2272 4676 2449 4722 vacat.
2483 4666 2688 4723 Otiosis
2725 4670 2870 4725 enim
2901 4666 3184 4727 monachis
3225 4671 3474 4727 diabolus
3512 4672 3605 4726 de-

2043 4756 2105 4793 ec
2193 4755 2276 4792 ur.

2043 4748 2276 4794 ectatur.

2096 4820 2137 4884 ιι,
2162 4807 2762 4884 γὶῃάὲεανεκγίιίριιιιιι·
2790 4810 3121 4884 deessclitec
3141 4811 3305 4866 verba
3341 4828 3353 4862 :
3391 4811 3434 4864 A
3463 4815 3605 4884 turpi

2024 4880 2361 4949 cogitatione,
2381 4887 2438 4949 (et
2464 4874 2739 4949 illusione,
2760 4880 2844 4931 vel
2882 4881 3098 4934 similia.

2099 4960 2123 4983 υ
2157 4947 2478 5019 Intuendum
2501 4948 2635 5019 enim
2651 4948 2862 5019 ridetur
2884 4950 3023 5019 quod
3043 4950 3315 5019 propheta,
3338 4958 3445 5007 etc.
3467 4951 3609 5013 Prm-

2026 5019 2169 5073 clare
2201 5018 2257 5089 S.
2292 5017 2613 5089 Ambrosius
2651 5017 2743 5070 lib.
2771 5033 2829 5089 in
2859 5017 2922 5089 de
2958 5017 3266 5089 Virginibus
3297 5039 3309 5073 :
3350 5039 3368 5071 t
3403 5019 3522 5076 Jam
3550 5024 3609 5077 il-

2026 5089 2117 5143 lud
2144 5088 2266 5157 quis
2297 5102 2403 5141 non
2426 5088 2492 5140 ad
2515 5098 2757 5157 nostram
2790 5087 3185 5142 institutionem
3210 5089 3415 5145 dictum
3448 5094 3608 5147 intel-

2029 5156 2178 5232 ligat,
2202 5158 2356 5232 (ιιιοιι⁸
2376 5158 2453 5210 ait
2477 5166 2700 5211 sanctus
2728 5156 2998 5232 Propheta
3024 5176 3035 5211 :
3065 5157 3275 5232 quabo
3307 5178 3401 5231 per
3426 5163 3609 5232 singu-

2027 5225 2108 5282 la}
2141 5237 2313 5281 noctes
2339 5227 2527 5279 lectum
2551 5242 2741 5288 meum,
2764 5225 3013 5296 lacrymis
3035 5228 3162 5282 meis
3189 5225 3409 5284 stratum
3436 5225 3607 5285 meant

2028 5297 2245 5368 rigabo?
2271 5296 2405 5371 Nam
2448 5297 2562 5350 sive
2606 5296 2808 5371 lectum
2842 5294 2997 5371 juxta
3036 5298 3270 5371 litteram
3308 5301 3607 5371 intelligas.

2029 5366 2237 5421 tantam
2263 5368 2566 5442 ubertatem
2598 5366 2837 5442 ostendit
2864 5366 3112 5434 profundi
3151 5366 3608 5442 oportercAlacry-

2031 5451 2274 5509 marum,
2313 5444 2372 5509 ut
2400 5434 2608 5509 lavetur
2644 5436 2849 5509 lectus,
2887 5444 3117 5509 stratum
3152 5434 3355 5509 rigetur
3399 5434 3613 5495 omnis

2030 5506 2367 5560 obsecrantis
2402 5504 2582 5576 (ﬂetus
2607 5507 2750 5576 enim
2780 5507 3151 5576 praesentium,
3178 5504 3385 5563 merces
3415 5519 3500 5564 cst
3530 5510 3612 5564 fn-

2034 5585 2307 5648 turorum;
2340 5574 2596 5644 quoniam
2636 5574 2888 5648 beati’qui
2916 5578 3077 5647 ﬂetis,
3112 5579 3212 5648 ipsi
3245 5581 3382 5633 enim
3415 5581 3610 5634 ridebi-

2034 5644 2156 5718 tis);
2184 5647 2300 5697 sive
2331 5660 2429 5714 pro
2456 5659 2684 5718 corpore
2713 5644 3042 5718 accipianms
3064 5644 3435 5718 propheticum
3461 5651 3609 5714 illud,

2036 5715 2229 5769 delicta
2259 5715 2503 5784 corporis
2531 5715 2865 5783 pmnitentize
2890 5715 3146 5789 lacrymis
3165 5715 3474 5774 'abluamus.
3515 5742 3533 5772 ι

3099 5834 3175 5892 31
