3940 6196
369 202 470 256 975

1356 194 1422 250 S.
1464 190 1822 248 BENEDICTI
1857 187 2149 244 ABBATIS
2186 186 2592 243 ANIANEIVSIS

3521 189 3613 245 976

370 317 568 372 t‘ratres
598 326 622 355 δ
649 328 779 369 suos
807 328 1057 368 sermone
1085 309 1359 372 sollicitet,
1387 317 1442 363 et
1470 315 1748 378 pervertat
1773 307 1799 346 δ
1833 306 1951 359 ani—
1977 306 2025 364 Α
2052 303 2153 359 bus
2192 303 2425 358 libenter
2454 317 2578 357 cum
2611 300 2798 372 pueris
2839 300 3018 356 ridere
3046 306 3102 354 et
3131 299 3339 355 habere
3365 299 3616 357 amicitias

370 423 485 463 mas
513 404 925 476 simpliciorum,
957 407 1118 457 tertio
1139 399 1571 455 commonebitur
1596 416 1607 450 :
1638 413 1682 452 SI
1706 404 1947 451 contem-

371 501 559 568 pserit,
590 497 919 566 separabunt
947 509 1070 548 eum
1097 501 1252 546 extra
1288 488 1729 553 monasterium,c
1758 495 1949 541 etvcr—

373 588 650 643 lzerabitur
690 593 818 639 ante
863 582 1009 637 fores
1037 600 1050 634 :
1084 581 1397 648 dabuntque
1427 579 1475 633 ei
1510 579 1579 632 ad
1621 577 1948 632 vescendum

372 680 394 718 ιι
422 678 554 732 foris
587 688 780 746 panem
810 681 864 727 et
904 686 1122 741 aquam,
1180 671 1351 725 donec
1401 668 1692 723 mundetur
1718 682 1747 720 a
1776 666 1951 721 sordi-

371 768 488 819 bus.
528 776 552 804 ο
597 763 697 831 Qui
744 763 907 816 habet
951 760 1403 817 consuetudinem
1449 759 1852 819 murmurandi,
1898 766 1952 811 et

371 860 526 930 quasi
547 857 699 928 gravi
717 871 880 925 opere
908 870 966 910 se
995 853 1227 924 opprimi
1251 852 1521 922 queritur,
1546 851 1949 907 docebunteum

295 994 312 1021 λ
372 948 658 1019 quinquies
688 947 830 1017 quod
856 946 977 1001 sine
1006 959 1172 999 causa
1206 944 1538 1005 murmbret,
1583 950 1638 996 et
1667 942 1952 996 ostendent

306 1026 313 1061 ἶ
374 1038 715 1110 perspicuam
769 1038 1078 1091 veritatem.
1118 1034 1174 1088 Si
1222 1043 1277 1089 et
1323 1041 1446 1099 post
1495 1033 1596 1088 hoc
1640 1033 1954 1087 inobediens

374 1128 558 1193 fuerit,
585 1136 642 1181 et
662 1135 743 1182 est
773 1125 1026 1197 perfectae
1051 1125 1254 1188 relatis,
1288 1125 1359 1178 ita
1388 1139 1512 1178 eum
1551 1124 1828 1178 habebunt
1852 1165 1866 1186 ,
1898 1131 1957 1177 ut

376 1234 541 1272 unum
585 1217 652 1273 de
673 1216 1083 1286 aegrotantibus,
1132 1224 1182 1269 et
1214 1224 1447 1282 ponetur
1472 1214 1525 1267 in
1564 1213 1680 1267 loco
1716 1213 1957 1266 infirmo-

377 1324 519 1371 rum,
547 1308 731 1377 ibique
762 1306 781 1345 τ
813 1306 988 1361 aletur
1016 1307 1241 1368 otiosus,
1292 1304 1463 1357 denec
1496 1303 1680 1357 redeat
1712 1302 1778 1357 ad
1812 1303 1946 1356 veri-

380 1406 568 1453 tatem.
602 1396 698 1452 Sin
724 1405 903 1450 autem
927 1394 1073 1464 justa
1096 1406 1180 1449 est
1212 1393 1327 1463 ejus
1353 1394 1597 1464 querela,
1623 1404 1677 1449 et
1702 1410 1728 1448 a
1758 1384 1958 1462 Majore

378 1488 566 1557 inique
584 1486 911 1557 opprimitur
942 1505 953 1539 :
993 1485 1085 1555 qui
1113 1499 1235 1539 cum
1280 1484 1757 1549 scandalizavcrit,
1781 1485 1955 1539 eidem

379 1576 661 1631 sententia:
683 1573 999 1643 subjacebit.

841 1664 869 1737 §
894 1665 957 1719 γ.
982 1695 1051 1704 —-
1088 1664 1220 1718 Item
1252 1664 1504 1734 ejusdem.

457 1762 484 1800 8
512 1758 570 1812 Si
601 1757 916 1813 inobediens
950 1758 1070 1825 quis
1111 1754 1305 1820 fuerit,
1337 1765 1430 1811 aut
1468 1758 1838 1812 contentiosas
1870 1765 1963 1811 aut

382 1847 751 1903 contradictor
771 1854 863 1900 aut
894 1845 1121 1900 mendax
1142 1886 1156 1910 ,
1181 1853 1235 1899 ct
1262 1856 1343 1899 est
1370 1845 1624 1916 perfectze
1646 1848 1841 1912 aetatis,
1871 1847 1962 1901 dc-

384 1940 497 1995 cies
526 1937 994 2000 commonebitur,
1039 1945 1100 1990 ut
1128 1935 1357 1990 desistat
1397 1951 1427 1988 a
1476 1937 1643 1991 vitiis.
1677 1935 1734 1991 Si
1779 1937 1964 1992 audire

385 2031 638 2096 noluerit,
678 2028 997 2084 monasterii
1027 2027 1233 2098 legibus
1260 2027 1648 2097 increpabitur.
1682 2029 1709 2068 ιι
1743 2027 1893 2094 Quod
1917 2028 1963 2082 si

385 2136 480 2189 per
522 2119 745 2174 alterius
775 2116 986 2187 culpam
1031 2116 1097 2171 ad
1125 2116 1239 2171 huic
1283 2117 1415 2171 vitia
1451 2119 1465 2157 ί
1504 2117 1874 2182 devolvuntur,
1911 2126 1966 2172 et

386 2213 488 2265 hoc
507 2209 670 2264 fuerit
695 2209 1129 2277 comprobatum,
1159 2206 1247 2262 ille
1271 2209 1363 2277 qui
1393 2223 1554 2263 causa
1579 2210 1808 2275 exstitit,
1840 2227 1965 2266 reus

386 2303 492 2356 erit
520 2299 759 2356 ultionis.
787 2300 801 2348 i
827 2297 886 2353 Si
923 2297 1291 2368 deprehensus
1320 2297 1485 2353 fuerit
1510 2299 1706 2369 aliquis
1734 2315 1764 2356 e
1787 2301 1968 2355 fratri-

460 2471 485 2498 ιι
535 2455 673 2512 Suos
692 2470 976 2509 sermones.
1002 2452 1165 2524 Lege,
1187 2469 1282 2507 suo
1309 2469 1566 2521 sermone,
1600 2463 1658 2507 ut
1684 2453 1737 2507 in
1765 2452 1967 2524 Regula

389 2543 609 2583 οχουδςι.

458 2599 484 2637 h
512 2596 752 2650 Animas.
781 2592 838 2647 In
868 2592 1070 2663 Regula
1095 2608 1318 2657 excusa,
1354 2593 1579 2663 animos.

460 2679 482 2707 α
523 2666 591 2720 Et
622 2662 979 2735 tierlgerabitur
1018 2673 1139 2717 ante
1166 2663 1324 2732 fores.
1375 2662 1536 2735 Lege,
1584 2671 1649 2735 ut
1680 2662 1734 2717 in
1762 2662 1969 2735 Regula

385 2752 583 2794 excusa
611 2754 624 2788 :
650 2725 1075 2788 Et‘uerberabunt
1088 2725 1205 2787 eum
1226 2743 1347 2788 ante
1372 2725 1741 2803 forEstrigintn
1767 2725 1967 2788 nouem.

387 2810 533 2865 Idem
585 2805 815 2860 habetur
848 2813 954 2873 art.
1005 2803 1101 2857 121
1135 2804 1375 2873 ejusdem
1409 2802 1627 2873 Regulae
1660 2820 1673 2855 ε
1710 2802 1772 2858 Si
1796 2813 1972 2858 autem

388 2881 444 2933 in
473 2877 615 2947 furto
649 2872 1218 2947 fueritdeprehensus,
1257 2873 1473 2947 triginta
1502 2872 1684 2947 novent
1727 2873 1968 2947 verberae

388 2942 513 3001 bunt
553 2942 692 2998 eum.
724 2942 790 2995 Et
826 2942 879 2996 in
912 2949 1143 3011 utroque.
1188 2943 1415 2997 articulo
1443 2942 1871 2997 subaudiendum
1913 2946 1972 2999 τό

2049 394 2227 448 aetatis
2264 392 2509 456 inﬁrmae,
2545 392 2705 446 tertio
2744 390 3195 454 commonebitur,
3226 398 3293 444 ut
3314 390 3532 445 recedat
3559 392 3618 447 ab

2048 502 2234 542 eorum
2282 485 2701 549 necessitudine,
2746 491 2804 538 et
2839 498 3047 538 memor
3071 482 3141 536 sit
3162 481 3470 539 honestatis
3486 489 3539 537 et
3565 483 3622 538 ti-

2050 577 2218 631 moris
2261 576 2356 630 Dei
2392 594 2404 628 :
2441 575 2487 629 si
2515 589 2622 628 non
2663 574 2980 639 cessaverit,
3009 574 3037 613 ιε
3065 572 3367 642 corripient
3388 587 3546 638 eum,
3573 583 3626 629 ut

2051 667 2244 737 dignus
2272 673 2373 730 est,
2405 665 2746 731 correptione
2774 664 3142 718 severissima.

2500 755 2526 826 §
2562 755 2645 809 VI.
2672 785 2742 794 -—-
2771 753 2898 806 Item
2924 753 3177 822 eiusdem.

2130 846 2144 884 ι
2178 847 2280 913 Qui
2314 854 2667 900 contemnunt
2698 852 2962 914 prtecepta
3014 841 3280 910 majorum
3333 849 3390 895 et
3433 842 3626 913 regulas

2056 939 2367 995 monaswrii
2415 954 2534 1007 quae
2585 936 2679 990 Dei
2727 942 2995 1005 praerepto
3040 932 3350 987 constitutae
3395 944 3543 997 sunt,
3583 943 3631 987 ct

2052 1031 2203 1100 parvi
2243 1029 2480 1100 pendunt
2518 1029 2793 1083 seniorum
2822 1023 3067 1089 consilia,
3095 1023 3466 1092 corripientur
3493 1021 3629 1090 juxta

2054 1121 2297 1175 ordinent
2324 1117 2700 1182 constitutum,
2726 1116 2897 1171 donec
2922 1117 3289 1185 corrigantur.

2493 1205 2520 1277 §
2551 1204 2659 1259 VII.
2684 1235 2751 1244 —
2772 1203 2908 1256 Item
2943 1203 3199 1273 ejusdem.

2129 1310 2167 1337 ιη
2197 1297 2358 1352 Pueri
2404 1297 2450 1351 si
2478 1296 2585 1350 nin
2634 1296 2794 1350 domo
2844 1293 3045 1348 fuerint
3099 1292 3268 1348 dediti
3323 1286 3542 1354 lusibus,
3583 1302 3632 1346 et

2057 1391 2200 1455 otio,
2248 1399 2303 1445 et
2353 1389 2587 1459 correpti
2638 1404 2744 1441 non
2804 1386 3079 1458 potuerint
3110 1385 3446 1457 emendari,
3494 1383 3636 1438 debet

2063 1489 2087 1515 ο
2111 1481 2433 1551 praepositus
2466 1494 2637 1547 usque
2667 1478 2734 1532 ad
2758 1476 2873 1531 dies
2917 1475 3138 1545 triginta
3168 1475 3322 1545 ipsos
3354 1489 3562 1529 monere
3588 1484 3635 1528 et

2060 1574 2334 1643 corripere
2360 1590 2372 1625 :
2405 1571 2452 1626 si
2483 1570 2679 1625 viderit
2729 1569 2782 1622 in
2818 1567 3084 1638 pravitate
3114 1565 3431 1635 persistere,
3462 1572 3515 1617 et
3541 1580 3633 1617 non

1992 1673 2038 1731 B
2068 1665 2397 1721 nuntiaverit
2420 1674 2446 1714 ι)
2470 1662 2639 1727 Patri,
2665 1670 2720 1717 et
2747 1659 2965 1730 aliquod
2987 1666 3274 1729 peccatum
3304 1657 3357 1710 in
3386 1656 3463 1711 eis
3490 1653 3634 1710 fuerit

2063 1760 2487 1829 deprehensum,
2529 1756 2644 1825 ipse
2672 1768 2771 1824 pro
2799 1752 2879 1807 eis
2925 1750 3096 1820 culpte
3137 1746 3476 1816 subiacebit,
3499 1746 3635 1816 juxta

2062 1851 2205 1921 quod
2236 1857 2520 1920 peccatum
2551 1846 2715 1900 fuerit
2745 1830 3042 1898 inventurri.

2498 1939 2525 2011 §
2553 1936 2687 1992 VIII.
2712 1966 2782 1978 -—
2806 1934 2940 1989 Item
2970 1934 3229 2004 ejusdem.

2133 2043 2161 2083 τι
2202 2032 2304 2099 Qui
2358 2031 2646 2084 conturbat
2692 2028 2923 2081 fratrum
2969 2024 3207 2089 animos,
3242 2030 3300 2077 et
3337 2021 3504 2077 facilis
3535 2031 3554 2058 ι’
3578 2020 3635 2074 ad

2066 2125 2393 2195 loquendum
2419 2130 2523 2186 est,
2552 2121 2674 2175 lites
2699 2118 2879 2173 ferens
2905 2126 2958 2173 et
2976 2116 3184 2188 jurgia,
3216 2116 3396 2171 decies
3423 2130 3634 2170 comma

2064 2216 2298 2272 uehitur.
2330 2214 2395 2269 Et
2423 2215 2464 2269 si
2498 2230 2604 2268 non
2634 2211 2799 2267 fuerit
2825 2210 3166 2273 emendatus,
3185 2208 3505 2278 eorripietur
3525 2218 3544 2245 ⁸
3562 2221 3635 2261 or-

2068 2308 2197 2362 dine
2222 2304 2558 2371 monasterii,
2587 2302 2759 2357 donec
2787 2302 3108 2371 corrigatur.

2067 2462 2335 2518 Cmsarius
2368 2458 2699 2514 Arelatensis
2728 2457 2782 2510 in
2815 2471 2910 2510 eos
2938 2455 3030 2525 qui
3060 2454 3131 2510 ob
3169 2454 3435 2525 graviora
3462 2451 3631 2505 delicta

2067 2533 2352 2602 plusquam
2388 2544 2579 2602 novem
2628 2537 2693 2602 et_
2703 2526 2931 2602 triginta
2957 2523 3154 2602 iplagis
3180 2523 3441 2602 ίοίεριξιιιίἱ
3460 2530 3630 2602 erant,

2068 2593 2129 2655 iit
2153 2593 2382 2656 habetur
2414 2600 2468 2653 in
2506 2598 2622 2669 ejus
2672 2593 2948 2669 Vita'loco
2983 2593 3158 2650 citato
3188 2612 3205 2648 :
3237 2613 3257 2645 ς
3295 2593 3352 2669 Si
3385 2593 3500 2669 quis
3524 2607 3635 2669 vero

2070 2672 2123 2726 in
2154 2672 2305 2742 gravi
2353 2670 2505 2738 culpa
2533 2663 2926 2742 'deprehensus
2954 2674 3117 2742 esset,
3163 2664 3509 2742 permittebat
3531 2663 3634 2742 qui:

2070 2732 2213 2803 derit,
2262 2750 2322 2795 ut
2374 2732 2495 2810 post
2543 2732 2659 2793 dies
2701 2751 2904 2807 paucos
2956 2732 3187 2791 iterum—
3217 2734 3507 2804 vapularet,
3550 2732 3629 2785 sed

2107 2827 2275 2866 aucns.
2300 2830 2319 2863 )

2069 2828 2353 2935 paiciiéri.
2380 2895 2591 2952 partem,
2632 2885 2739 2952 etc.
2773 2876 2911 2932 Male
2940 2874 3220 2952 omittitur
3244 2874 3299 2929 in
3331 2873 3524 2944 Regula
3551 2886 3632 2952 ex-

2071 2966 2201 3007 cusa
2222 2955 2281 3008 τὸ
2319 2942 2637 3021 [οὖνὶεηΝίὶῐη
2665 2947 2770 3021 fuit
2806 2963 2925 3003 mos
2963 2945 3347 3017 .Egyptiorum
3374 2942 3632 3021 monacho-

387 3016 593 3090 plagis;
636 3020 697 3090 u_t
720 3026 932 3090 .sensus
983 3012 1055 3066 sit
1083 3029 1096 3064 :
1128 3011 1376 3090 _Monacbi
1410 3013 1791 3090 verberabth
1842 3027 1968 3068 cum

2086 3037 2212 3085 rum,
2248 3011 2423 3076 ut'rei
2454 3019 2745 3090 aliquando
2772 3011 3243 3090 manercnt'e’xtra
3275 3013 3632 3071 monasterium

390 3079 560 3155 plagis
612 3079 1095 3155 trigintanovem,
1126 3082 1274 3155 juxta
1328 3081 1607 3149 antiquum
1658 3079 1967 3155 διιῃᾱωοτυιιι

392 3149 622 3217 morem,
647 3149 743 3220 qui
763 3151 817 3204 in
847 3150 961 3220 ipsa
986 3149 1340 3219 ﬂagellationc
1374 3166 1482 3205 non
1508 3151 1841 3206 excedebant
1869 3169 1970 3207 nu-

393 3238 601 3278 merum
623 3219 818 3277 novem
839 3228 895 3274 et
916 3219 1134 3291 triginta
1161 3221 1459 3291 plagarum,
1492 3229 1553 3275 ut
1592 3221 1776 3276 videre
1809 3234 1893 3277 est
1928 3224 1969 3277 ll

393 3295 458 3347 ad
489 3291 616 3348 Cor.
659 3305 780 3361 cap.
810 3305 870 3354 ll,
892 3288 1073 3361 ubis.
1100 3288 1298 3345 Paulus
1321 3291 1395 3344 ait
1422 3307 1481 3345 se
1523 3292 1809 3360 quinquies
1834 3309 1936 3361 qua
1955 3323 1970 3334 -

392 3365 661 3433 dragcnas
689 3376 797 3415 una
827 3360 1006 3415 minus
1025 3361 1317 3433 accepisse.
1352 3362 1519 3433 quue
1537 3363 1611 3415 ita
1638 3361 1816 3426 fiebat,
1844 3360 1972 3432 quia

397 3430 801 3487 Deu'teronomii
824 3446 944 3500 cap.
981 3447 1087 3488 xxv
1114 3430 1171 3485 in
1209 3431 1323 3501 ipsa
1353 3430 1710 3501 flagellatione
1741 3430 1975 3500 quadra-

411 3518 653 3573 ;enarum
696 3501 978 3573 plagarum
1024 3516 1306 3573 numerum
1350 3503 1612 3557 excedere
1637 3503 1969 3571 prohibetur.

425 3573 551 3627 lunc
575 3571 986 3627 morem'etiam
1030 3571 1271 3626 Ecclesia
1300 3575 1554 3638 servavit,
1598 3581 1657 3626 ut
1687 3573 1868 3628 videre
1892 3585 1975 3629 est

396 3644 449 3697 in
492 3642 721 3713 concilio
771 3641 1150 3713 Matisconensi
1181 3657 1227 3713 ιἱ
1271 3643 1485 3713 can._8:
1524 3661 1542 3694 ι
1597 3642 1748 3709 Quod
1779 3645 1822 3698 si
1850 3645 1974 3713 qui—

396 3728 608 3781 cunque
660 3711 889 3766 clericus
944 3712 1047 3766 hoc
1104 3711 1327 3781 implere
1373 3710 1663 3778 distulerit,
1716 3714 1760 3768 si
1790 3710 1975 3781 junior

400 3783 742 3853 fuerittuno
790 3782 968 3853 t‘ninus
1010 3782 1076 3853 de
1127 3781 1487 3853 quadraginta
1540 3783 1678 3837 ictus
1721 3786 1972 3853 accipiat,

398 3862 503 3907 etc.
542 3874 561 3905 ι
598 3851 655 3923 In
686 3851 888 3921 Regula
932 3850 991 3907 S.
1038 3850 1488 3923 Aurelianifcap.
1522 3853 1618 3906 ιιι
1649 3871 1667 3903 t
1702 3853 1808 3909 Pro
1837 3850 1973 3922 qua-

401 3924 534 3977 libet
573 3922 727 3992 culpa
767 3920 811 3975 si
853 3935 1076 3977 necesse
1110 3930 1191 3993 est
1225 3920 1416 3993 ﬂagelli
1436 3920 1703 3993 accipere
1739 3920 1977 3993 discipli-

399 4008 547 4055 nam,
580 4007 854 4061 nunquam
878 4006 1136 4047 numerus
1162 3992 1430 4062 legitimus
1454 3992 1768 4054 excedatur,
1799 3995 1851 4049 id
1872 4003 1975 4058 est,

401 4062 623 4132 triginta
651 4071 703 4114 et
740 4077 954 4132 novem.
989 4082 1006 4113 ι
1043 4062 1300 4116 Eamdcm
1330 4064 1593 4117 rationem
1638 4073 1853 4117 secutus
1892 4074 1977 4118 cst

404 4133 463 4185 S.
480 4130 757 4202 Caesarius
780 4130 1130 4202 Arelatensis,
1154 4140 1212 4184 ut
1237 4133 1424 4186 scribit
1445 4133 1746 4202 Cyprianus
1770 4135 1823 4187 in
1862 4134 1978 4201 ejus

404 4203 547 4265 Vita,
596 4200 689 4253 lib.
724 4216 775 4255 t:
805 4219 823 4250 ι
881 4200 1102 4255 Solebat
1130 4215 1259 4255 vero
1287 4200 1507 4256 sanctus
1527 4200 1618 4256 ‘vir
1648 4203 1698 4256 id
1723 4200 1978 4258 accurate

401 4274 712 4334 observare,
740 4276 799 4322 ut
828 4285 988 4324 nemo
1030 4286 1096 4325 ex
1132 4270 1239 4325 illis
1266 4271 1358 4339 qui
1397 4272 1499 4326 sibi
1544 4275 1829 4340 parci-ant,
1862 4276 1976 4328 sive

405 4340 648 4420 illi_,ser_vi
677 4350 880 4420 essent,
924 4341 1045 4420 sive
1074 4341 1311 4420 ingenui,
1343 4341 1388 4395 si
1430 4356 1530 4410 pro
1558 4343 1975 4420 culpa__sua_tla-
2002 4362 2056 4420 D

401 4411 631 4483 gellaudi
654 4418 852 4483 essent,
880 4411 1114 4483 amplius
1147 4411 1363 4483 triginta
1409 4427 1597 4483 novem
1637 4413 1830 4467 ictibus
1858 4415 1979 4467 feri-

405 4479 608 4538 rentur.
635 4501 653 4533 ι
688 4479 989 4551 Dillicultas
1005 4482 1179 4537 oritur
1219 4479 1287 4536 ex
1326 4482 1389 4536 D.
1426 4480 1756 4536 Columbano
1781 4484 1896 4551 qui,
1923 4486 1974 4538 in

403 4550 788 4617 Pmnitentiali,
804 4553 949 4607 hunc
970 4553 1246 4622 plagarum
1264 4567 1548 4622 numerum
1569 4567 1709 4621 saape
1732 4550 1939 4607 excedit
1961 4574 1973 4609 :

403 4621 694 4692 aliquando
739 4622 885 4676 enim
934 4621 1345 4692 quinquaginta,
1397 4621 1684 4692 aliquanto
1736 4635 1974 4690 centum,

404 4690 694 4762 aliduando
723 4691 1351 4762 Aducentis‘vcrbefibus
1405 4692 1459 4746 in
1488 4690 1803 4749 vmom'chos
1862 4696 1979 4749 ani-

410 4759 671 4817 madverti
713 4759 888 4830 jubet.
920 4779 938 4812 ι
994 4760 1098 4827 Qui
1136 4760 1283 4816 solus
1321 4776 1444 4816 cum
1473 4762 1586 4817 sola
1635 4762 1835 4819 femina
1862 4767 1978 4820 sine

406 4834 569 4903 certis
590 4832 836 4903 personis
860 4830 1198 4903 familiariter
1217 4831 1475 4901 loquitur,
1492 4842 1707 4887 maneat
1723 4834 1842 4888 sine
1863 4837 1982 4889 cibo

410 4902 492 4957 vel
520 4902 729 4957 duobus
754 4903 944 4958 diebus
969 4902 1022 4973 in
1052 4915 1190 4970 pane
1214 4909 1458 4973 otiaqua,
1488 4903 1572 4956 vel
1603 4904 1847 4958 ducentis
1872 4906 1982 4973 pla-

409 4973 508 5039 gis.
534 4972 635 5039 Qui
665 4974 946 5043 prmsumit
983 4972 1160 5043 facere
1190 4972 1490 5043 ambascias
1513 4988 1616 5028 non
1641 4972 1990 5042 permittente

410 5043 598 5113 eodem
628 5041 719 5111 qui
747 5042 1159 5113 prmest,_libera
1193 5050 1249 5096 et
1278 5041 1537 5113 effrenata
1561 5041 1926 5113 processione,
1952 5063 1982 5100 ι.

410 5111 927 5184 plagisinbiheatur.
952 5111 1143 5184 Operis
1165 5112 1454 5184 peculiaris
1475 5111 1835 5183 prtesumptio,
1864 5132 1987 5169 cen-

411 5182 523 5253 tuni
550 5182 783 5253 plagis.»
819 5182 925 5238 Sed
975 5182 1092 5238 ista:
1136 5182 1304 5252 plaga:
1346 5183 1506 5238 simul
1548 5199 1655 5239 non
1697 5185 1982 5251 dabantur,

411 5252 505 5306 sed
539 5252 746 5324 tantum
771 5253 1008 5324 quinque
1037 5261 1092 5307 et
1114 5253 1326 5324 viginti,
1358 5263 1416 5308 ut
1444 5254 1559 5322 ipse
1605 5254 1663 5307 S.
1696 5253 1983 5308 Columba-
2049 5273 2061 5285 ’

411 5336 516 5401 nus
556 5323 610 5401 in
656 5322 844 5401 eodem
881 5322 1245 5401 Pmnitentiali
1284 5325 1567 5401 prtecipit:
1599 5342 1616 5374 ί
1653 5324 1987 5401 Et_amplius

414 5394 600 5464 viginti
631 5396 867 5464 quinque
915 5394 1314 5464 percussiones
1349 5394 1509 5448 simul
1556 5409 1662 5449 non
1713 5394 1928 5449 dentur.
1962 5417 1979 5449 ι

413 5459 488 5514 ita
518 5470 597 5542 ut,
630 5459 857 5542 errem-pii
903 5459 1099 5542 gratia,
1145 5464 1196 5542 _is
1230 5463 1319 5542 qui
1371 5465 1761 5542 quinquaginta
1797 5465 1988 5542 plagis

415 5533 760 5612 excipiendus
782 5533 943 5612 esset,
972 5534 1159 5612 viginti
1184 5533 1423 5612 quinque
1440 5533 1554 5612 uno
1580 5533 1667 5612 die
1694 5533 1985 5612 acciperet,

414 5610 470 5656 ct
494 5604 679 5672 viginti
707 5604 941 5674 quinque
966 5604 1153 5659 altero.
1185 5605 1339 5671 Quod
1380 5606 1547 5661 etiam
1574 5604 1899 5662 observabat
1927 5607 1987 5662 S.

2073 3093 2280 3160 aliquot
2304 3091 2523 3155 diebus;
2546 3088 2615 3144 de
2641 3103 2750 3158 quo
2774 3088 2937 3160 infra.

2148 3151 2301 3227 e'Qm'
2336 3161 2487 3214 habet
2511 3151 2964 3213 consuetudinem.
3006 3155 3105 3227 Hic
3158 3157 3353 3227 incipit
3401 3151 3632 3227 articulus

2074 3234 2143 3287 88
2170 3224 2389 3301 Regulae
2415 3244 2649 3295 excussa,
2683 3229 2772 3283 ubi
2807 3228 3004 3300 legitur
3028 3245 3041 3279 :
3070 3226 3173 3291 Qui
3212 3224 3364 3280 liabet
3385 3224 3631 3295 pessimam

2072 3302 2520 3356 consuetudinem.

2151 3370 2169 3409 τ
2206 3372 2389 3426 Aletur
2425 3373 2641 3425 otiosus.
2671 3370 2789 3425 Non
2815 3378 2875 3423 ut
2899 3368 3042 3422 laute
3067 3375 3329 3429 curetur;
3361 3363 3450 3418 sed
3479 3372 3532 3415 ut
3552 3375 3633 3430 pu-

2076 3442 2207 3496 dore
2235 3441 2573 3495 sull‘undatur
2594 3442 2663 3495 ob
2690 3440 2984 3510 ignaviam,
3016 3446 3071 3491 et
3098 3438 3342 3510 pectoris
3365 3433 3628 3510 angustias.

2148 3515 2171 3549 ε
2208 3511 2264 3564 Si
2292 3512 2588 3582 inobediens
2616 3500 2739 3582 quis
2763 3511 2946 3582 fuerit,
2969 3517 3075 3562 etc.
3100 3500 3310 3562 Exstat
3337 3500 3521 3558 artf89
3547 3500 3633 3553 Ile-

2075 3582 2209 3653 gulze
2233 3598 2452 3653 excusa:
2482 3580 2543 3635 S.
2570 3580 2868 3653 Pachumii.

2146 3653 2172 3691 ιι
2213 3652 2367 3716 Quod
2398 3652 2442 3703 si
2469 3668 2560 3720 per
2599 3651 2817 3705 alterius
2859 3647 3085 3720 culpam.
3128 3644 3186 3699 In
3224 3644 3417 3717 Regula
3458 3654 3631 3697 excusa

2075 3721 2273 3791 legitur
2300 3739 2311 3774 :
2345 3719 2497 3785 Quod
2524 3723 2571 3776 si
2600 3720 2816 3791 ulterius
2835 3719 3015 3791 culpa.

2152 3780 2168 3830 ἶ
2211 3780 2584 3861 Berol-runtur.
2614 3790 2779 3861 Lege,
2809 3780 3118 3861 degdlvitur,
3146 3796 3217 3861 _ut
3249 3787 3313 3861 in
3345 3780 3529 3854 Regula
3555 3794 3631 3833 ex-

2075 3876 2225 3913 cusa.
2260 3860 2359 3914 llic
2400 3861 2549 3915 locus
2597 3855 2799 3915 cita-tur
2827 3874 2855 3912 a
2885 3857 3229 3921 Burcbardo,
3261 3855 3350 3910 lib.
3381 3869 3503 3915 xvu.
3527 3864 3627 3918 cap.

2076 3930 2166 3994 57,
2201 3931 2302 3984 sub
2325 3931 2541 3986 nomine
2569 3930 2790 3993 Isidori;
2822 3930 2914 3983 sed
2940 3938 3021 3981 est
3052 3928 3235 3979 sancti
3266 3920 3538 3994 Pachumii.

2151 3988 2165 4049 i
2214 4000 2274 4055 Si
2313 4001 2661 4070 deprehensus
2689 3988 2865 4070 fuerit.
2934 3998 3031 4051 llic
3068 3997 3265 4065 incipit
3299 3992 3541 4070 articulus
3574 3988 3631 4070 illi

2076 4069 2294 4140 Regulae
2349 4058 2578 4125 excusas.
2640 4058 2716 4125 De
2777 4083 3069 4141 puerorum
3126 4058 3317 4120 amore
3380 4062 3508 4118 infra
3558 4058 3630 4111 di-

2079 4150 2252 4193 CBlUI‘.
2714 4154 2723 4161 ’

2151 4211 2175 4247 ιι
2213 4208 2508 4279 Corripient
2556 4227 2694 4263 eum.
2742 4208 2800 4262 In
2851 4207 3055 4279 Regula
3101 4220 3304 4261 excusa
3344 4221 3355 4256 :
3394 4196 3624 4269 Corripie-

2080 4290 2186 4331 tur.

2159 4348 2174 4385 ¹
2217 4348 2321 4413 Qui
2349 4359 2703 4403 contemnunt.
2729 4348 2860 4418 Reg.
2894 4360 3133 4418 excusat.
3151 4354 3261 4418 art.
3289 4343 3372 4418 9I.

2157 4427 2194 4448 ’³
2221 4418 2382 4473 Pueri
2408 4421 2453 4473 si
2480 4421 2537 4472 in
2571 4419 2745 4484 domo,
2770 4414 2873 4472 etc.
2905 4417 3094 4471 Exstat
3122 4416 3175 4469 in
3209 4414 3404 4484 Regula
3428 4421 3622 4484 excusa,

2085 4496 2190 4559 art.
2212 4488 2307 4559 796.
2339 4489 2408 4559 Et
2449 4489 2695 4559 sequenti
2726 4475 2955 4542 articulo
2985 4490 3101 4559 haec
3146 4487 3215 4540 de
3255 4475 3428 4555 pueris
3454 4479 3533 4547 qui
3568 4475 3623 4552 ab

2084 4558 2259 4612 ofﬁcio
2286 4557 2593 4624 deﬂectunt,
2627 4566 2971 4612 statuuntur:
3011 4575 3030 4607 ι
3058 4557 3259 4611 Omnes
3301 4560 3619 4624 auzeurpuerl

2084 4628 2176 4698 qui
2208 4642 2317 4683 non
2358 4630 2552 4684 timent
2581 4618 2845 4682 confundi
2876 4641 2974 4696 pro
3001 4635 3242 4696 peccato,
3271 4632 3323 4676 et
3349 4637 3457 4698 per_
3477 4618 3620 4698 itnp'u-

2086 4684 2323 4752 dentiam
2343 4698 2604 4768 judicium
2632 4698 2724 4750 Dei
2753 4713 2857 4750 non
2876 4684 3135 4767 'cogiiant,
3164 4684 3459 4768 eticoriicpti
3484 4684 3623 4768 verba

2086 4784 2190 4822 non
2213 4758 2637 4827 emendaverint,
2664 4758 3037 4830 verberentitr,
3063 4765 3297 4835 quandiu
3320 4758 3619 4828 disciplinam

2085 4840 2354 4909 accipiant
2382 4848 2437 4892 et
2466 4839 2776 4909 timorem.)

2159 4905 2294 4973 οξΙιι
2318 4908 2491 4961 domo.
2520 4909 2573 4961 Id
2604 4914 2706 4967 est,
2738 4907 2790 4959 in
2822 4905 3017 4967 classe,
3044 4905 3108 4959 de
3135 4920 3239 4973 qua
3264 4907 3400 4955 sunt.

2160 4986 2183 5011 ο
2214 4960 2568 5047 ’1)ῒιτνῤοίτιιὲ.
2599 4960 2803 5030 Doinus
2829 4991 2922 5029 seu
2949 4960 3169 5038 classis:
3187 4976 3250 5027 de
3276 4985 3375 5041 qua
3402 4972 3514 5021 sunt
3538 4960 3619 5013 hu-

2082 5048 2317 5116 jusmodi
2347 5048 2519 5116 pueri.

2162 5130 2188 5167 P
2211 5109 2364 5170 Patri
2390 5117 2720 5182 Monasterii,
2746 5115 2798 5170 id
2820 5124 2925 5182 est,
2956 5113 3134 5168 abbati
3159 5111 3247 5182 qui
3272 5109 3506 5163 universo
3529 5111 3619 5155 m0-

2089 5188 2327 5243 nasterio
2356 5194 2570 5257 praeest.
2796 5255 2823 5257 _
2975 5253 2987 5257 Α
3188 5252 3198 5257 _
3263 5248 3300 5257 _‘
3406 5243 3420 5257 ,
3484 5236 3546 5257 _,,

2157 5239 2320 5381 (ἰήὲἔὶ
2346 5239 2638 5322 Eontiirbot,
2663 5265 2767 5310 etc.
2794 5253 3053 5325 Reperire
3077 5260 3162 5307 est
3186 5252 3236 5306 in
3263 5243 3452 5317 Regula
3474 5239 3616 5298 edita,

2158 5338 2196 5380 t.
2301 5366 2315 5378 .
3561 5373 3570 5381 Ι

2091 5338 2196 5381 art.
2225 5330 2315 5381 95.

2164 5373 2196 5434 ἶν’
2216 5373 2657 5467 Ᾰῖιοᾳιιειιάριτη.
2688 5395 2746 5450 In
2772 5393 2974 5464 Regula
3004 5407 3200 5447 excusa
3225 5386 3429 5458 legitur,
3453 5376 3513 5431 ad
3540 5373 3616 5426 dce

2093 5468 2426 5520 trahendum.

2165 5515 2428 5590 Ietae
2468 5534 2788 5614 monasterii.
2818 5533 2875 5589 Id
2907 5541 3011 5601 est,
3037 5532 3191 5605 juxta
3217 5520 3543 5585 ordinationes
3562 5515 3609 5562 el

2091 5616 2293 5662 statuta
2323 5606 2653 5661 monasterii.
