3940 6196
308 357 408 412 981

1228 342 1619 404 CONCORDIA
1658 344 2111 403 REGULARUM‘.
2152 377 2221 386 —
2258 344 2408 401 CAP.
2451 344 2618 400 XXX.

3469 340 3590 394 082‘

306 470 396 526 cui
425 468 597 523 si‘nec
622 465 725 519 lioc
752 460 1043 533 profuerit,
1080 468 1389 531 postremus
1414 459 1556 512 inter
1582 472 1771 513 omnes
1798 473 1891 512 or-
1918 473 1969 530 Α
1993 458 2137 523 hem,
2162 467 2217 512 et
2239 456 2502 513 eiliciatur
2525 457 2705 512 anima
2732 456 3019 510 Homicida.
3062 455 3152 510 Sic
3180 455 3322 509 enim
3352 453 3523 524 legitis
3556 472 3570 508 :

305 560 706 628 dineponatur.
736 552 888 621 Quod
922 551 966 607 si
996 552 1051 605 in
1078 549 1345 621 pravitate
1373 555 1702 618 perseverat,
1729 548 1895 602 etiam

305 661 340 689 ι
367 645 627 718 psallendi
663 641 893 697 facultas
929 641 980 695 ei
1017 639 1313 695 auferatur.
1357 638 1528 704 Quem
1564 638 1610 692 si
1655 637 1737 692 vel
1780 638 1898 692 hzec

306 736 560 795 confusio
587 749 693 789 non
718 731 1101 793 commoverit,
1139 728 1410 784 abstineat
1434 744 1463 781 a
1493 735 1758 782 conventu
1790 726 1899 780 fra—

309 843 457 886 trum
495 847 509 883 :
549 828 719 882 ita-ut
751 840 854 880 nec
881 836 1243 888 mensae,nec
1270 821 1301 860 δ
1329 821 1506 876 missae
1534 819 1779 884 intersit,
1807 833 1900 873 ne-

308 936 423 991 que
453 932 674 975 cumeo
709 916 851 971 ullus
887 914 1057 969 frater
1092 912 1161 967 de
1190 911 1501 981 junioribus
1538 910 1896 980 colloquatur.

309 1009 620 1065 Abstinebit
646 1015 828 1061 autem
855 1004 1063 1069 tandiu,
1095 1001 1334 1072 quandiu
1362 1002 1447 1056 vel
1475 1000 1713 1072 qualitas
1730 999 1903 1069 culpae

310 1099 625 1171 poposcerit
666 1095 962 1153 secundum
1008 1094 1220 1150 abbatis
1279 1093 1362 1148 vel
1412 1096 1688 1148 seniorum
1756 1090 1904 1144 arbi-

315 1191 484 1245 trium
502 1228 519 1254 ,
548 1187 722 1267 \el‘se
747 1201 817 1240 ex
842 1185 1007 1240 corde
1038 1198 1139 1254 pro
1170 1181 1326 1252 culpa
1358 1183 1627 1252 pmnitcns
1651 1180 1905 1236 humilia-

312 1281 481 1344 verit,
531 1286 586 1332 et
624 1275 839 1339 veniam
885 1273 1088 1329 erroris
1127 1272 1210 1326 sui
1256 1271 1506 1327 omnibus
1552 1269 1907 1341 praesentibus

315 1368 558 1440 petierit.
592 1377 615 1406 θ
647 1364 802 1433 Quod
829 1363 876 1419 si
909 1364 965 1418 in
1000 1361 1224 1416 fratrem
1260 1360 1802 1431 peccaverit,.etiatn
1840 1358 1906 1412 ab

314 1472 387 1512 eo
416 1454 586 1509 fratre
612 1453 829 1508 veniam
854 1460 1023 1523 petat,
1046 1452 1132 1507 cui
1167 1450 1417 1521 injuriam
1447 1450 1594 1506 fecit.

465 1571 493 1644 ς
525 1571 643 1628 XV.
681 1600 754 1611 —
789 1570 867 1625 Ex
906 1569 1125 1626 Rasum
1161 1583 1423 1624 cumsuam
1467 1566 1603 1638 (cap.
1645 1563 1753 1637 19).

393 1690 421 1726 ά
470 1685 529 1740 Si
573 1685 694 1753 quis
737 1699 867 1739 vero
909 1681 1080 1738 frater
1124 1682 1415 1752 instigante
1458 1678 1672 1734 diabolo
1718 1685 1911 1732 contu-

323 1794 449 1833 max
469 1818 483 1841 ,
510 1776 596 1832 vel
626 1778 920 1847 superbus,
954 1790 1049 1830 seu
1079 1773 1537 1839 inobediens,.vel
1566 1787 1910 1826 murmurans

324 1869 673 1939 apparuerit;
709 1865 811 1921 vel”
833 1865 998 1921 etiam
1028 1865 1081 1921 in
1110 1879 1433 1935 quocunque
1456 1879 1583 1920 casu
1614 1863 1795 1934 lapsus
1823 1878 1911 1917 se—

326 1964 540 2017 nierum
566 1969 835 2033 praecepta
856 1961 939 2015 vel
964 1969 1165 2016 sanctae
1191 1960 1409 2032 Regula:
1439 1974 1685 2014 normam
1715 1957 1920 2012 violare

329 2053 641 2119 tentaverit,
674 2052 761 2108 hic
789 2053 1085 2108 secundum
1109 2060 1436 2123 przeceptum
1466 2049 1678 2105 Domini
1707 2058 1918 2104 secreto

328 2160 360 2198 a
392 2145 695 2201 senioribus
721 2157 744 2185 ο
766 2146 932 2200 semel
954 2145 1022 2200 ab
1044 2141 1130 2200 his
1149 2143 1473 2213 corripiatur
1495 2141 1707 2213 (Matth.
1734 2140 1913 2212 XVIII).

329 2237 388 2292 Si
427 2239 720 2294 emendare
756 2238 1018 2303 noluerit,
1051 2245 1178 2292 tunc
1216 2235 1378 2291 simul
1418 2236 1487 2290 ab
1514 2234 1661 2290 omni
1693 2248 1919 2305 congre-

328 2329 551 2401 gatione
577 2327 891 2398 objurgetur
914 2347 925 2381 :
952 2336 1007 2383 et
1032 2328 1077 2383 si
1102 2327 1181 2383 sic
1203 2326 1491 2382 emendare
1514 2323 1920 2388 noluerit,.tune

329 2427 492 2491 prout
523 2419 693 2490 culpa:
719 2419 1032 2490 magnitudo
1059 2418 1384 2490 poposcerit,
1413 2418 1709 2473 secundum
1741 2418 1920 2486 Regu-

332 2511 443 2567 lam
464 2510 758 2580 judicetur,
799 2512 851 2566 id
881 2519 992 2577 est,
1029 2520 1125 2567 aut
1163 2509 1703 2567 excommunicationi
1743 2509 1925 2579 subju-

333 2610 479 2667 ccat,
521 2600 541 2640 ί
576 2601 621 2657 si
650 2602 768 2673 ejus
802 2610 960 2657 antea
992 2602 1298 2657 intellectus
1323 2600 1493 2671 viguit
1521 2619 1533 2654 :
1566 2608 1658 2654 aut
1686 2601 1731 2653 si
1756 2600 1923 2654 obsti-

335 2699 481 2746 natm
518 2698 574 2746 et
608 2692 757 2746 durae
793 2693 989 2748 mentis
1023 2692 1285 2747 tenacitas
1323 2693 1348 2731 ⁸
1386 2691 1584 2760 culpm,
1620 2699 1673 2745 et
1725 2690 1926 2759 impro-

338 2782 483 2837 bitas
524 2791 866 2852 perseveret.
912 2793 1040 2838 tunc
1083 2782 1351 2853 corporali
1401 2781 1699 2852 disciplinm
1745 2781 1926 2851 subja-

339 2874 506 2929 cebit.

414 2982 605 3056 §XVI.
636 3014 706 3025 -—
725 2984 807 3040 Ex
832 2984 1054 3041 Rasum
1084 3000 1272 3040 sane“
1307 2984 1540 3039 Cazssnu
1572 2982 1708 3053 (cap.
1739 2980 1851 3053 5-1).

412 3096 442 3135 ιι
482 3094 632 3152 Lites
653 3095 826 3151 nullas
851 3095 1097 3151 habeatis
1114 3135 1128 3161 ,
1158 3094 1451 3150 secundum
1479 3092 1608 3147 illud
1634 3091 1873 3162 Apostoli
1908 3108 1920 3143 :

1940 1828 1987 1888 B

1999 547 2102 614 Qui
2124 549 2231 602 odit
2258 548 2477 618 fratrem
2502 565 2655 602 suum
2683 546 2947 601 homicida
2981 557 3055 600 est
3080 546 3131 617 (I
3158 546 3318 600 Joan.
3344 546 3447 617 ut).
3470 546 3533 598 Et
3563 561 3575 598 :

1995 636 2244 692 Levantes
2290 647 2511 691 sanctas-
2530 654 2716 691 manus
2757 637 2870 691 sine
2906 637 2988 690 ira
3029 645 3077 690 et
3115 635 3488 705 disceptatione
3520 634 3578 706 (1

2000 728 2137 783 Tim.
2184 729 2266 799 tt).
2320 728 2640 797 Quicunque
2678 730 2951 795 convicio,
3001 729 3084 783 vel
3125 728 3444 788 maledicto,
3498 729 3581 782 vel

1999 822 2162 875 etiam
2191 821 2478 876 lcriminis
2499 819 2709 889 objectu
2733 821 2929 876 [mserit
2959 821 3182 875 fratrem
3212 835 3391 886 suum,
3418 820 3441 859 ¹ί
3467 835 3585 875 me-

2001 912 2219 966 minerit
2257 911 2469 982 culpam
2506 910 2875 967 satisfactione
2912 927 3163 983 purgare.
3207 911 3358 978 Quod
3397 912 3586 965 vitium

2004 1005 2046 1059 si
2083 1005 2283 1058 iterare
2310 1002 2743 1073 przesumpserit',
2774 1003 3111 1059 districtione
3138 1004 3478 1059 severissima
3506 1003 3586 1059 fe-

2004 1093 2193 1155 riatur,
2223 1107 2505 1162 usqueqno
2533 1107 2635 1162 per
2652 1091 3074 1147 satisfactionem
3102 1093 3267 1162 recipi
3291 1108 3585 1148 mereatur.

2003 1179 2255 1234 Juniorcs
2285 1181 2554 1249 praecipue
2581 1180 2883 1234 senioribus
2911 1178 3175 1234 deferant.

2148 1270 2175 1343 §
2211 1270 2372 1327 XVII;
2412 1301 2482 1311 ——
2519 1271 2599 1325 Ex
2638 1272 2856 1326 Rasum
2892 1286 3080 1326 SANC’I‘!
3116 1270 3445 1326 waumm.

2085 1359 2101 1398 ι
2143 1360 2244 1427 Qui
2296 1367 2575 1429 peccatum
2626 1360 2935 1430 pudendum
2966 1372 3007 1399 ω
3037 1360 3231 1415 alicubi
3276 1361 3595 1431 exprobrat,

2010 1461 2037 1490 ιι
2062 1451 2375 1522 priusquam
2399 1450 2542 1505 inter
2565 1451 2910 1520 semetipsum
2932 1450 3103 1505 solum
3126 1449 3177 1529 [9
3200 1451 3435 1526 arguat,]
3457 1453 3597 1507 sicut

2014 1540 2269 1596 Dominus
2297 1539 2428 1595 dicit
2455 1538 2670 1611 (Matth.
2704 1539 2890 1611 xvtn),
2921 1541 3268 1617 corripiatur,
3299 1541 3472 1596 donec
3506 1558 3599 1597 ex-

2009 1632 2263 1703 probrato
2287 1628 2616 1697 satisfaciat;
2640 1638 2694 1685 et
2721 1631 2899 1686 tribus
2923 1631 3111 1687 diebus
3139 1631 3192 1686 in
3215 1646 3357 1702 pane
3377 1640 3431 1687 et
3459 1647 3599 1702 aqua

2008 1724 2288 1794 poeniteat.

2016 1817 2043 1891 §
2079 1816 2263 1873 XVIII.
2304 1848 2374 1857 —
2412 1817 2490 1872 Ex
2531 1815 2751 1872 Recens
2801 1831 2987 1871 SANCTI
3039 1816 3258 1872 Risu."-
3297 1815 3444 1889 (cap.
3472 1816 3599 1890 52).

2090 1908 2353 1979 Interrog.
2377 1919 2405 1959 P
2431 1907 2489 1963 Si
2514 1898 2730 1978 oportet
2755 1909 3104 1981 peccantibus
3130 1907 3391 1965 fratribus
3418 1911 3600 1975 silere,

2018 2008 2074 2057 et
2096 1998 2476 2069 acquiescere?
2500 2029 2574 2038 —
2600 1998 2758 2069 Resp.
2790 1998 2926 2065 Quia
2960 2014 3066 2053 non
3097 2008 3340 2070 oportet,
3373 1999 3603 2054 manife-

2018 2103 2161 2146 stum
2176 2099 2270 2145 .cst
2294 2098 2358 2145 e’x
2384 2090 2552 2160 ipsius
2572 2088 2784 2144 Domini
2809 2089 3112 2161 prazceptis,
3140 2090 3334 2159 quibus
3354 2090 3406 2144 in
3423 2088 3606 2159 Veteri

2019 2183 2236 2252 quidem
2261 2181 2611 2237 Testamento
2638 2181 2768 2236 dicit
2802 2200 2814 2235 :
2845 2182 3075 2252 (Argue
3103 2182 3399 2253 proximum
3434 2193 3605 2248 tuum,

2018 2284 2065 2328 et
2097 2290 2201 2328 non
2237 2288 2471 2327 assumes
2505 2288 2572 2327 ea:
2597 2288 2657 2326 eo
2684 2280 2951 2343 peccatum
2993 2269 3138 2343 (Leu.
3170 2270 3305 2345 xxx).
3346 2272 3403 2327 In
3434 2273 3609 2328 Evan-

2021 2364 2160 2434 gelio
2184 2372 2363 2417 autem
2390 2362 2558 2417 dicit:
2588 2360 2647 2416 Si
2667 2362 2955 2432 peccauerit
2981 2363 3036 2415 in
3057 2372 3105 2415 te
3131 2363 3297 2431 frater
3318 2374 3457 2427 tuus,
3482 2364 3609 2418 vade

2021 2462 2069 2507 et
2095 2452 2298 2521 corripe
2332 2468 2482 2517 eum,
2520 2452 2658 2504 inter
2692 2460 2741 2503 te
2773 2460 2820 2503 et
2850 2451 3019 2521 ipsum
3060 2450 3249 2504 solum.
3289 2452 3349 2507 Si
3383 2454 3610 2507 audierit

2024 2555 2101 2610 te,
2141 2543 2378 2598 lucratus
2418 2560 2471 2597 es
2509 2542 2728 2612 fratrem
2754 2551 2901 2595 tuum
2935 2560 2953 2595 :
2984 2543 3027 2595 si
3064 2560 3181 2596 vero
3225 2561 3328 2597 non
3362 2544 3609 2611 audierit,

2024 2652 2232 2690 assume
2260 2634 2433 2688 adhuc
2461 2643 2627 2689 tecum
2656 2633 2821 2687 alium
2847 2650 3033 2699 unum,
3065 2645 3155 2689 aut
3186 2636 3338 2702 duas,
3365 2648 3419 2691 ut
3444 2639 3496 2691 in
3525 2655 3613 2692 ore

2025 2727 2249 2782 duorum
2273 2726 2349 2781 vel
2378 2727 2536 2780 trium
2560 2725 2767 2780 testium
2790 2734 2885 2779 stet
2902 2741 3066 2801 omne
3092 2725 3321 2780 uerbum.
3349 2726 3411 2782 Si
3438 2738 3612 2782 autem

2025 2826 2075 2871 et
2098 2817 2235 2888 ipsos
2262 2833 2366 2870 non
2388 2817 2635 2882 audierit,
2664 2815 2750 2870 dic
2778 2814 3047 2870 Ecclesiw.
3075 2812 3135 2871 Si
3159 2832 3279 2871 vero
3305 2834 3397 2872 nec
3427 2816 3615 2872 Eccle—

2025 2907 2160 2960 siam
2205 2906 2473 2970 audierit,
2523 2906 2591 2958 sit
2633 2905 2728 2958 tibi
2770 2905 2905 2959 sicut
2952 2904 3160 2975 gentilis
3206 2915 3255 2961 et
3302 2907 3617 2979 publicanus

2030 2995 2245 3069 (Matth.
2288 2994 2466 3067 xvtn).
2506 2994 2778 3062 Quantum
2818 2994 2889 3049 sit
2924 3004 2946 3032 ι’
2975 2994 3182 3050 crimen
3224 2996 3383 3069 hujus
3408 2998 3615 3073 peccati

2030 3086 2365 3157 dignoscitur
2394 3105 2407 3141 :
2442 3087 2678 3157 primum
2711 3084 2928 3155 quidem
2969 3101 3036 3141 ex
3074 3088 3341 3143 sententia
3381 3089 3617 3151 Domini,

341 3183 564 3238 Servum
608 3184 706 3238 Dei
751 3201 854 3238 non
903 3193 1102 3255 oportet
1153 3183 1358 3252 litigare
1403 3180 1501 3254 (II
1545 3181 1680 3235 Tim.
1725 3179 1817 3252 tt).
1862 3180 1930 3234 Et
1955 3169 1999 3230 C
2030 3195 2151 3249 qua:
2171 3180 2300 3236 dicit
2325 3197 2340 3234 :
2369 3191 2390 3218 ⁸
2417 3180 2556 3244 Quia
2577 3180 2667 3248 qui
2687 3178 2989 3234 incredulus
3008 3179 3120 3249 ﬁlio
3141 3180 3323 3251 fuerit,
3347 3198 3463 3241 non,
3483 3184 3500 3219 ί
3525 3183 3623 3235 Ita-

342 3275 478 3329 illud
508 3292 521 3327 :
558 3275 576 3315 ἱ
619 3273 834 3329 Abstine
868 3284 988 3329 te-a
1023 3273 1142 3339 lite,
1186 3283 1233 3327 et
1266 3273 1468 3327 minues
1500 3280 1713 3342 peccata
1754 3269 1925 3342 (Eccl.

340 3381 408 3431 η,
441 3364 518 3437 8).
551 3364 659 3419 Aut
695 3365 741 3420 si
781 3364 1211 3434 fuerint,.quam
1238 3364 1469 3419 celerius
1495 3362 1824 3426 minuantur,
1861 3375 1929 3415 ne

343 3459 431 3513 ira
456 3465 669 3513 crescat
704 3457 759 3511 in
781 3457 963 3513 odium
982 3497 1017 3524 ,.
1035 3465 1090 3512 et
1117 3455 1322 3512 festuca
1357 3462 1704 3511 convertatur
1736 3454 1791 3508 in
1821 3463 1932 3508 tra-

420 3581 448 3611 ι
487 3567 759 3623 Psallendi
797 3568 1025 3638 facultas
1060 3568 1109 3621 ei
1148 3566 1441 3638 auferatur.
1473 3564 1527 3638 Id
1561 3572 1674 3630 est,
1702 3579 1805 3638 non
1834 3564 1933 3638 im-

344 3650 516 3710 ponat
548 3633 813 3710 psalmum
836 3650 974 3703 ,aut
1007 3633 1353 3710 antipbonam
1384 3635 1666 3710 in_c_horo_.
1689 3643 1767 3710 _ut
1794 3633 1934 3710 infra

346 3704 585 3765 'videtur.
615 3708 748 3762 Nam
794 3709 884 3763 hic
929 3723 1036 3763 non
1082 3704 1328 3778 privatur
1378 3704 1551 3778 cilicio
1595 3704 1934 3778 divinozsed

347 3779 925 3851 postea_itlunta:_tat,‘si
948 3774 1422 3851 ultra—perseveret
1450 3774 1503 3828 in
1531 3774 1756 3827 malitia.

425 3850 453 3889 ι)
494 3848 692 3903 Μίδεω.
720 3848 834 3903 Hoc
861 3849 981 3904 loco
1005 3843 1169 3902 missa
1204 3845 1435 3899 sumitur
1462 3852 1571 3898 tam
1602 3859 1700 3913 pro
1726 3843 1936 3899 sacrifi-

348 3920 440 3993 cig
478 3918 726 3993 corporis
762 3928 818 3973 et
857 3917 1137 3993 sanguinis
1154 3914 1405 3993 __Cbristi,
1439 3929 1600 3983 quam
1637 3929 1742 3993 pro
1768 3930 1937 3993 cursu

349 3988 514 4043 ofﬁcii
544 3985 712 4042 divini
752 3985 1044 4052 canoniéo,
1077 3987 1273 4056 quibus
1308 3994 1530 4039 arcetur.
1559 3985 1937 4053 quimajot‘em

351 4058 967 4113 excommunicationem
997 4055 1245 4112 incurrit.

430 4141 452 4167 ε
499 4127 652 4192 Quod
680 4129 725 4181 si
755 4128 809 4182 in
836 4128 1050 4198 fratrem
1074 4125 1357 4198 peccaverit
1377 4165 1393 4190 ,
1426 4134 1534 4198 etc.
1558 4123 1637 4198 Ita
1670 4124 1728 4181 S.
1755 4125 1939 4195 Augu-

353 4199 534 4253 stinus
564 4198 620 4251 in
657 4197 815 4267 epist.
837 4194 979 4263 109,
1006 4194 1149 4252 et’S.
1188 4194 1456 4251 Ctesarius
1500 4194 1640 4250 infra
1682 4212 1712 4249 a
1758 4194 1944 4251 nostro

355 4276 585 4323 auctore
609 4268 826 4323 citatus.

431 4338 456 4376 ά
501 4335 559 4390 Si
590 4338 706 4422 quis
742 4354 868 4392 vero.
899 4337 1084 4407 frater,
1118 4344 1233 4422 elc.‘
1266 4333 1393 4390 Hazc
1414 4334 1946 4422 Arefert‘Smaragdu‘s

358 4410 466 4533 huc
505 4408 712 4531 c‘apite,
740 4422 861 4478 qtae
893 4406 1024 4463 Sane
1061 4413 1271 4476 sumpta
1308 4414 1433 4460 sunt
1461 4421 1528 4460 ex
1567 4406 1768 4477 Regula
1797 4406 1855 4461 S.
1880 4406 1943 4460 Ρ.

410 4492 527 4530 ειιρ(
550 4494 597 4531 ιε
627 4494 662 4533 ι.

410 4492 662 4533 ειιραιειι.

441 4560 463 4585 ο
506 4545 679 4600 Semel
708 4546 772 4601 ab
805 4547 909 4602 Itis.
938 4546 1093 4611 Male,
1129 4553 1190 4598 ut
1221 4544 1375 4615 apud
1396 4544 1785 4613 Smaragdum,
1808 4545 1947 4615 apud
1972 4538 2025 4598 D

358 4632 527 4685 quum
559 4616 755 4685 legitur
786 4634 800 4670 :
842 4616 1012 4672 Semel
1050 4615 1232 4670 verbis.
1256 4613 1385 4685 Sed
1421 4614 1703 4685 legendum
1733 4632 1746 4667 :
1778 4613 1949 4685 Semel

362 4683 429 4739 ac
458 4688 563 4747 bis,
597 4683 654 4739 ut
690 4688 745 4741 in
774 4688 959 4743 codice
988 4684 1390 4756 Vindocinensi,
1415 4683 1568 4753 juxta
1602 4686 1859 4756 Regulam
1889 4684 1947 4740 S.

363 4755 645 4810 Benedicti
681 4772 841 4825 quam
879 4758 970 4812 hic
1004 4756 1165 4810 Pater
1206 4755 1478 4825 sequitur;
1528 4756 1618 4811 ubi
1663 4756 1894 4811 habetur
1934 4773 1947 4809 :

363 4822 732 4907 Admoneatur
777 4826 936 4881 semel
978 4844 1041 4881 ac
1087 4822 1314 4879 secundo
1354 4835 1546 4880 secrete
1591 4844 1623 4880 a
1663 4825 1953 4880 senioribus

362 4912 569 5019 su‘:.Si
598 4965 710 5036 ejus
743 4976 899 5021 antea
924 4963 1215 5036 intellectus
1250 4964 1431 5036 uiguit.
1462 4963 1519 5020 Id
1547 4972 1660 5036 est,
1692 4974 1750 5019 ut
1788 4964 1958 5034 loqui-

368 5044 462 5088 tur
510 5035 569 5089 S.
620 5032 963 5117 Benedictus.
1138 5032 1381 5104 intelligit
1435 5034 1717 5104 qualissit
1768 5032 1954 5105 plena,

372 5119 572 5173 netnpe
597 5112 1101 5160 cxcommunicatio.

373 5242 387 5257 ἢ
449 5174 476 5215 ⁸
512 5173 715 5257 culpat.
755 5175 867 5257 Hoc
895 5174 1215 5257 vocabulum
1249 5174 1463 5229 videtur
1492 5174 1816 5230 redundare.
1851 5174 1960 5230 Aut

373 5242 506 5311 leg,
540 5242 796 5315 Et’culprc
818 5245 888 5299 im
928 5245 1141 5299 rebitas.
1591 5309 1593 5311 ,

450 5313 476 5350 h
519 5311 654 5366 Lites
683 5314 856 5368 nullas
880 5263 1145 5379 habeatis,
1173 5323 1278 5370 etc.
1309 5313 1435 5369 Ilaec
1466 5312 1735 5368 habentur
1768 5314 1820 5368 in
1856 5315 1961 5370 Re-

375 5381 501 5447 gula
534 5381 591 5435 8.
622 5382 842 5437 Οεεεπίἰ
873 5400 1095 5448 excusa,
1122 5385 1308 5438 eodem
1334 5399 1452 5449 cap.
1480 5383 1574 5449 5!,
1602 5392 1658 5437 et
1681 5383 1793 5438 fere
1817 5400 1960 5439 sum-

378 5459 469 5520 pta
492 5460 617 5505 sunt
640 5469 704 5506 ex
731 5454 890 5522 epist.
922 5452 979 5507 8.
1011 5453 1298 5521 Augustini
1325 5452 1449 5508 109.

461 5523 472 5561 ί
523 5522 733 5576 Abstine
759 5535 808 5577 te
845 5541 877 5577 a
903 5522 992 5575 lite
1013 5563 1027 5586 ,
1059 5535 1162 5578 etc.
1195 5523 1295 5579 Hic
1323 5531 1502 5578 textus
1529 5538 1635 5577 non
1665 5531 1748 5577 est
1774 5523 1825 5578 in
1858 5523 1961 5578 Re-

378 5589 503 5659 gula
530 5588 588 5659 s.
620 5592 836 5646 οπρεπῆ
860 5592 1020 5646 edita.

457 5660 469 5708 i
518 5658 767 5734 Criminis
798 5662 1021 5734 objecta.
1064 5663 1139 5717 Ita
1182 5663 1236 5734 in
1274 5664 1432 5734 epist.
1472 5660 1530 5717 S.
1571 5660 1853 5734 Augustini
1890 5664 1962 5719 ci—

457 5678 469 5708 l
518 5678 767 5714 antms
798 5678 1021 5784 ovarent.
1064 5678 1139 5717 tta
1182 5679 1236 5717 tn
1274 5678 1432 5734 epist.
1472 5678 1530 5717 8.
1571 5678 1853 5788 augusnnt
1890 5680 1957 5719 et-

384 5739 520 5806 tata,
549 5738 603 5784 et
630 5731 686 5806 in
713 5730 831 5806 ejus
902 5733 1075 5806 egula.
1101 5734 1157 5788 In
1189 5733 1395 5806 Regula
1424 5748 1623 5788 excusa
1699 5775 1709 5788 .
1736 5733 1957 5789 thsarii

381 5798 578 5870 legitur
607 5819 619 5854 :
648 5799 876 5856 Crimine
905 5798 1118 5869 obiecto.

2029 3270 2162 3324 bebit
2185 3282 2214 3310 ιι
2240 3271 2398 3324 vitam
2421 3279 2705 3333 wternam;
2726 3269 2816 3323 sed
2836 3270 2921 3324 ira
2938 3268 3036 3323 Dei
3056 3279 3230 3335 manet
3252 3270 3307 3324 in
3329 3287 3388 3325 eo
3435 3268 3617 3342 (Joan.

2030 3360 2134 3432 ut).
2174 3360 2325 3415 Tunc
2352 3359 2545 3416 deinde
2566 3373 2639 3412 ex
2669 3358 2943 3423 his-toriis,
2976 3374 3094 3428 qua:
3132 3360 3185 3413 in
3220 3359 3399 3414 Veteri
3430 3360 3621 3415 Testa-

2031 3464 2249 3519 mento,
2295 3453 2408 3508 sive
2449 3451 2600 3507 Novo
2643 3450 2973 3507 referuntur.
3017 3450 3155 3505 Nam
3202 3459 3229 3488 τ
3269 3451 3453 3507 Achar
3495 3452 3621 3518 ille,

2104 3569 2131 3608 ιι
2162 3567 2467 3638 Meminerit
2480 3566 2687 3638 culpam
2705 3565 3066 3638 satisfactione
3082 3567 3318 3638 purgari.
3341 3565 3418 3621 Ita
3444 3567 3496 3622 in
3518 3567 3626 3623 Re-

2106 3583 2131 3608 ι
2162 3583 2459 3623 arcanum:
2480 3583 2687 3638 culpam
2705 3583 3066 3636 satzsjacnone
3082 3583 3318 3689 purgari.
3341 3583 3418 3621 tta
3444 3585 3496 3622 in
3522 3583 3626 3623 lie-

2034 3638 2153 3708 gula
2184 3638 2242 3691 8.
2274 3637 2743 3708 Ciesariiexcusa;
2776 3636 2832 3690 In
2872 3636 3048 3708 epist._
3076 3636 3134 3690 S.
3214 3637 3449 3708 ugttstini
3483 3638 3626 3707 ejus-

2035 3706 2140 3777 Ejue
2170 3707 2373 3778 Regula
2417 3725 2429 3759 :
2470 3706 2763 3760 Meminerit
2802 3706 3628 3778 quardociussatisfactionecu-

2038 3795 2156 3847 rare
2181 3777 2318 3847 quod
2343 3777 2485 3847 fecit.

2039 3917 2057 3971 ι
2115 3846 2128 3885 ι
2154 3843 2277 3971 boui
2323 3843 2630 3918 peccatum»,
2658 3852 2764 3901 etc.
2795 3845 2876 3900 Ex
2904 3843 3267 3900 Ptenitentiali
3302 3862 3405 3903 ms.
3436 3843 3494 3902 S.
3526 3847 3630 3907 Co.-

2063 3935 2149 3971 um
2191 3934 2301 3971 ant.

2063 3934 2301 3972 umnam.

2111 4000 2150 4026 ω
2183 3987 2409 4042 Alicubi.
2442 3986 2615 4058 Lege,
2647 3985 2852 4053 Alicui,
2884 3994 2943 4041 ut
2978 3986 3032 4041 in
3058 3986 3224 4042 citato
3260 3985 3629 4044 Ptenitentiali

2041 4058 2165 4115 cod.
2194 4058 2339 4112 Flor.

2115 4137 2141 4165 η
2186 4127 2523 4199 Priusquam.
2565 4126 2725 4197 Lege,
2759 4125 2941 4199 Prius.

2117 4204 2142 4232 ο
2179 4196 2403 4269 ᾼνῃαιιέ.
2445 4196 2559 4253 Hoc
2582 4196 2809 4269 verbum
2837 4198 3052 4269 videtur
3082 4199 3410 4269 redundares

2118 4278 2144 4318 ιι
2183 4267 2496 4334 Si‘oportet,
2526 4275 2632 4322 etc.
2662 4268 2851 4323 Exstat
2886 4268 3025 4334 apud
3074 4268 3130 4324 S.
3174 4269 3433 4323 Basiliam
3465 4269 3628 4323 inter.

2120 4286 2144 4318 ρ
2183 4286 2240 4323 Si
2267 4286 2297 4322 ο
2336 4286 2496 4334 orm,
2526 4286 2632 4322 etc.
2662 4286 2851 4323 nxswt
2886 4286 2915 4321 a
2955 4286 3025 4323 uo
3074 4286 3130 4324 8.
3174 4286 3361 4323 uasuu

2045 4340 2113 4393 47
2149 4286 2338 4410 Reguf.
2370 4338 2554 4405 Brev.,
2584 4346 2640 4393 et
2660 4338 2801 4410 apud
2827 4286 3103 4410 Rufinum,
3130 4354 3250 4407 cap.
3274 4339 3361 4393 63.

2117 4419 2146 4459 ιι
2183 4408 2358 4483 Argue
2378 4410 2675 4479 proximum
2695 4408 2876 4483 tuum.
2912 4408 3190 4462 Levium:
3208 4408 3470 4483 {Eique}
3497 4411 3633 4483 ἐλειν-

2049 4483 2152 4545 Est;
2169 4481 2253 4536 τὸν
2264 4478 2486 4539 πλησίον
2500 4500 2623 4542 σου,
2647 4488 2751 4532 etc.
2762 4517 2776 4541 ,
2794 4478 2847 4532 id
2862 4485 2963 4542 est,
2976 4496 2993 4527 ί
3006 4493 3068 4531 co
3076 4480 3349 4548 rrcptione
3364 4478 3630 4548 corripies

2050 4550 2354 4620 proximum
2394 4557 2564 4603 tuum.
2579 4568 2613 4600 »ν
2629 4550 2685 4602 In
2709 4548 2965 4620 versione
2980 4550 3299 4620 communi;
3321 4548 3440 4603 Non
3460 4548 3632 4607 oderis

2052 4618 2273 4690 fratrem
2312 4630 2473 4675 tuum-
2497 4620 2552 4672 in
2592 4618 2747 4690 corde
2779 4626 2900 4683 tuo,
2935 4618 3025 4672 sed
3052 4618 3256 4690 publice
3279 4635 3438 4688 argue
3478 4636 3630 4683 eum;

2054 4706 2145 4744 nec
2166 4688 2549 4758 habeassuper-
2564 4688 2658 4743 illo
2683 4697 2952 4758 peccatum

2125 4769 2149 4846 ξ
2190 4755 2735 4846 Ονριμεη.’ςιθνθριὶά
2777 4758 3050 4846 Rufinum.
3100 4758 3156 4813 ln
3208 4766 3357 4813 textu
3403 4756 3631 4824 Graeco,

2053 4832 2231 4904 κρίμα,
2260 4829 2313 4882 id
2342 4835 2447 4891 est,
2467 4827 2764 4896 judicium;
2796 4829 3019 4882 rectius.

2130 4911 2151 4936 θ
2195 4898 2334 4962 Quia
2375 4898 2465 4968 qui
2514 4897 2837 4968 incredulus.
2874 4903 2946 4952 Τὸ
2998 4899 3156 4968 quia_
3184 4896 3448 4968 redundat
3480 4916 3493 4951 :
3533 4913 3635 4952 nec

2055 4966 2400 5038 exstatapud
2430 4966 2488 5038 S.
2521 4967 2807 5033 Basilium,
2838 4983 2938 5023 nec
2965 4966 3105 5038 apud
3130 4966 3383 5023 Ruﬁnum
3402 5008 3417 5029 .
3449 4984 3551 5023 nec
3579 4968 3633 5022 in

2058 5046 2204 5092 textu
2237 5037 2532 5105 Evangelii.

2031 5125 2047 5144 ο
2136 5111 2171 5144 ι’
2200 5106 2444 5160 Habebit.
2482 5108 2561 5161 Ita
2600 5106 2740 5175 apud
2779 5105 3052 5160 Rufinum.
3093 5105 3151 5159 in
3179 5114 3327 5161 textu
3356 5107 3544 5164 Graeco
3574 5106 3632 5162 S.

2057 5174 2281 5249 Joannis
2304 5185 2407 5242 est,
2438 5174 2647 5249 Exierat,
2670 5174 2721 5249 id
2746 5184 2851 5241 est,
2883 5176 3103 5249 videbit.

2129 5258 2159 5286 ιι
2205 5245 2380 5301 Vitam
2400 5245 2667 5301 a'ternam.
2694 5245 2768 5299 Ita
2793 5247 2933 5315 apud
2960 5245 3245 5314 Rufinum;
3278 5247 3370 5306 sed
3400 5248 3453 5302 in
3487 5256 3637 5307 textu

2059 5314 2249 5371 Graeco
2277 5316 2551 5385 Evangelii
2585 5331 2692 5369 non
2720 5324 2803 5370 est
2832 5314 2846 5369 ὲ
2877 5319 3103 5377 αἰώνιον.
3134 5318 3186 5373 id
3212 5326 3324 5384 est,
3353 5326 3633 5373 :etcrnam.

2134 5388 2386 5457 'rAchar.
2416 5384 2491 5457 Ita
2521 5386 2576 5439 in
2599 5394 2750 5457 textu
2781 5384 2968 5441 Graeco
2995 5386 3052 5440 8.
3082 5386 3285 5453 Basilii,
3312 5389 3387 5443 ita
3410 5388 3552 5457 apud
3573 5387 3632 5442 S.

2060 5456 2384 5537 Antiochum
2413 5456 2560 5536 hom'.
2584 5454 2648 5537 μ
2680 5474 2692 5509 :
2720 5453 2896 5537 ’ςΔχαρ
2921 5459 3229 5537 «aputeum:
3251 5460 3423 5537 νρμου,
3444 5453 3634 5537 ’ἱᾱηθειι

2068 5544 2085 5576 ι
2122 5525 2877 5597 Acbarprrcvaricatorlegis;
2908 5546 2926 5579 ι
2956 5525 3013 5581 ei
3036 5536 3260 5583 caeteros
3278 5525 3466 5582 Patres
3491 5525 3631 5581 Grai-

2062 5610 2192 5659 eos,
2219 5594 2659 5668 (qui’sequuntur
2702 5594 3052 5668 Septuaginta
3094 5598 3448 5668 interpretes,
3495 5597 3637 5667 apud

2063 5681 2198 5734 quos
2218 5661 2447 5739 habetur
2463 5661 2669 5739 Ἀχαρ.
2691 5661 2843 5739 Apud
2872 5661 3142 5739 Rufinum,
3167 5678 3216 5723 et
3236 5661 3294 5722 in
3310 5661 3637 5739 Vulgata'tn-

2063 5734 2448 5803 terpretatione
2494 5734 2835 5803 esi,'Achan,
2873 5734 3027 5803 juxta
3069 5744 3272 5794 textum
3314 5734 3637 5793 Hebraicum

2063 5804 2211 5859 .losu.
2241 5819 2315 5858 vtt
2350 5813 2500 5880 11:37,
2542 5804 2736 5859 Arhia.
