3940 6196
318 366 425 424 989

1240 370 1628 429 CONCORDIA
1668 374 2126 434 REGULARUM.
2164 410 2235 424 --
2266 383 2418 439 CAP.
2462 385 2650 444 XXXI.

3475 399 3574 453 990

268 468 283 479 ’
311 495 418 539 tem
471 485 713 556 angelum
764 486 1225 540 immisericordem
1264 498 1289 527 ιι
1328 487 1560 541 immittit
1618 488 1668 541 ei
1712 487 1896 560 (Prov.
1928 493 1978 549 Α
2005 493 2097 559 qui
2122 509 2252 549 casu
2276 510 2370 552 vas
2393 497 2606 567 aliquod
2639 500 3006 573 fregerit;'qui
3033 507 3284 562 damnum
3304 510 3379 564 rei
3397 527 3575 579 parva:

310 574 472 645 xvu).
498 575 633 630 Cum
662 584 840 630 autem
868 586 1073 631 certum
1121 577 1191 633 sit
1236 578 1361 647 quia
1411 594 1518 633 non
1566 578 1768 633 homini
1797 578 1893 634 ob-

309 673 601 735 temperat,
631 667 723 722 sed
750 668 977 722 Domino
999 669 1219 733 dicenti,
1253 668 1358 735 Qui
1384 670 1530 723 audit
1559 687 1668 735 vos,
1696 686 1776 725 me
1802 687 1894 725 au-

303 756 426 818 dit;
453 766 502 810 et
537 758 627 827 qui
659 774 748 811 vos
781 758 993 829 spernit,
1025 776 1106 812 me
1137 760 1347 829 spernit
1368 758 1519 830 (Luc.
1549 760 1625 832 ι).
1660 760 1715 815 Si
1746 776 1892 815 com—

304 854 542 913 punctus
568 854 649 901 est
679 848 1047 903 recordatione
1078 849 1337 912 mandati,
1367 850 1516 918 prius
1560 849 1885 916 satisfaciat;

303 945 362 991 et
408 938 481 991 ita
519 936 584 1008 (si
623 938 971 1010 permittitur)
1000 939 1219 1009 impleat
1263 941 1405 1010 quod
1438 939 1734 1009 injunctum
1774 918 1886 996 \est.

587 1028 614 1101 ς
645 1029 752 1083 VII.
780 1061 853 1071 —
882 1030 1014 1084 Item
1042 1032 1277 1100 ejusdem
1317 1032 1456 1101 (cap.
1489 1031 1601 1102 Ἠ).

378 1117 641 1189 Interrog.
669 1120 697 1159 δ
720 1120 776 1174 Si
806 1121 1061 1175 obediens
1105 1122 1226 1190 quis
1254 1122 1588 1175 murmuret?
1623 1152 1693 1161 —
1726 1120 1884 1192 Resp.

297 1207 562 1278 Apostolo
595 1210 807 1266 dicente
844 1231 857 1265 :
890 1210 1081 1266 Omnia
1132 1213 1290 1283 facite
1319 1214 1431 1267 sine
1472 1212 1886 1269 murmuratione

295 1310 349 1353 et
391 1300 808 1355 Iursitationibus
861 1301 1026 1373 (Phil.
1065 1301 1148 1373 ιι).
1178 1314 1199 1341 ε
1226 1304 1447 1359 Alienus
1482 1306 1553 1359 sit
1595 1321 1625 1359 a
1652 1304 1884 1360 fratrum

295 1389 554 1453 unitate,
603 1390 694 1459 qui
754 1402 1085 1457 murmurat;
1132 1400 1187 1446 et
1226 1407 1361 1462 Opus
1410 1392 1527 1462 ejus
1570 1393 1878 1462 abjiciatur.

292 1475 642 1532 Manifestum
672 1488 758 1533 est
776 1480 944 1544 enim,
966 1480 1055 1534 ille
1082 1481 1256 1548 qualis
1279 1490 1384 1545 est,
1412 1483 1536 1551 quia
1567 1482 1883 1539 inﬁdelitate

290 1578 557 1640 mgrotat,
604 1579 806 1625 certam
844 1571 1037 1626 futura:
1064 1572 1175 1641 spei
1201 1572 1451 1628 ﬁduciam
1483 1588 1587 1627 non
1613 1574 1771 1643 gerit.

542 1660 570 1733 §
597 1662 726 1717 Vill.
754 1692 828 1704 —
852 1661 987 1717 Item
1008 1663 1242 1732 ejusdem
1263 1664 1290 1703 ἀ
1322 1664 1460 1735 (cap.
1487 1665 1633 1735 194).

377 1751 641 1823 Interrog.
678 1752 937 1820 Qualibus
975 1756 1409 1824 correptionibus
1453 1758 1532 1810 uti
1563 1765 1778 1825 oportet
1798 1758 1879 1811 in-

1997 581 2268 647 intulerit;
2304 586 2332 625 ιι
2369 588 2459 655 qui
2488 589 2672 643 codice
2716 592 3048 662 negligenter
3074 612 3203 650 usus
3236 596 3437 662 fuerit;
3478 601 3569 667 qui

1994 672 2189 729 alicubi
2242 677 2309 730 ad
2354 690 2686 735 momentum
2738 686 3059 751 secesserit;
3115 688 3205 757 qui
3238 688 3447 743 litteras
3494 691 3572 744 ab

1993 767 2193 839 aliquo,
2242 771 2326 825 vel
2356 774 2634 841 quodlibet
2663 792 2856 831 munus
2900 780 3194 848 acceperit,
3246 781 3327 835 vel
3366 784 3569 852 episto-

1991 858 2437 931 lazn‘suscipiens
2486 864 2862 931 occultaverit,
2902 868 3018 923 sine
3062 869 3272 925 abbatis
3299 886 3565 926 consensu

1991 950 2354 1019 rescripserit,
2398 952 2483 1005 vel
2546 954 2841 1021 quemlibet
2882 967 3166 1025 parentum
3217 976 3308 1015 seu
3344 962 3568 1016 saecula-

1992 1056 2128 1093 rium
2165 1042 2282 1095 sine
2328 1042 2481 1112 jussu
2520 1046 2748 1100 senioris
2791 1057 2885 1102 aut
2921 1049 3137 1114 viderit,
3200 1062 3292 1107 aut
3326 1070 3448 1108 cum
3500 1073 3567 1109 eo

1987 1129 2197 1185 locutus
2231 1132 2424 1199 fuerit;
2477 1134 2567 1203 qui
2608 1136 2806 1190 seniori
2860 1138 3173 1194 inobediens
3221 1141 3421 1209 fuerit;
3471 1145 3564 1213 qui

1986 1222 2380 1277 contmnaciter
2401 1224 2600 1278 seniori
2626 1228 2998 1294 responderit;
3025 1230 3116 1298 qui
3139 1244 3262 1299 erga
3294 1234 3562 1287 seniorem

1986 1309 2219 1381 linguam
2245 1327 2350 1366 non
2380 1315 2716 1383 represserit,
2755 1317 2845 1385 qui
2876 1317 3108 1374 lascivus
3144 1320 3196 1374 in
3228 1321 3408 1393 lingua
3447 1324 3562 1379 fne-

1985 1401 2055 1455 rit
2084 1418 2098 1467 ;
2136 1404 2228 1471 qui
2258 1404 2542 1460 inhoneste
2572 1406 2895 1474 incesserit;
2948 1412 2963 1449 ί
3021 1411 3112 1479 qui
3145 1409 3433 1480 jocaverit,
3464 1419 3555 1485 qui

1982 1491 2115 1547 satis
2150 1493 2370 1558 riserit;
2399 1497 2489 1565 qui
2534 1512 2654 1551 cum
2683 1513 3149 1556 exeommumeato
3181 1504 3392 1560 locutus
3445 1506 3557 1561 fue-

1981 1583 2080 1648 rit;
2114 1587 2372 1649 oraverit,
2407 1587 2731 1653 comederit;
2782 1591 2873 1658 qui
2902 1590 3202 1647 illusionem
3234 1603 3555 1650 nocturnam

1980 1669 2127 1725 Patri
2194 1688 2300 1726 non
2364 1675 2699 1743 patefecerit.
2741 1677 2866 1732 Ilaec
2919 1680 3081 1748 igitur
3135 1691 3189 1735 et
3236 1682 3318 1736 his
3360 1684 3556 1738 similia

1979 1761 2228 1815 triduana
2265 1766 2823 1821 excommunicatiotie
2854 1770 3189 1825 emendanda
3215 1782 3359 1826 sunt.

296 1851 389 1897 ter
415 1842 609 1899 fratres
630 1845 696 1897 ad
720 1845 1151 1899 emendationem
1179 1860 1368 1901 eorum
1396 1848 1488 1917 qui
1520 1847 1873 1917 delinquunt?
1902 1839 1948 1897 B
2044 1854 2322 1909 Gravioris
2378 1864 2559 1910 autem
2594 1859 2765 1928 οιιιρευ
2811 1862 3077 1916 “innoxius
3126 1873 3224 1926 est,
3277 1865 3321 1918 si
3365 1866 3552 1919 turb“-

285 1965 364 1974 —
398 1934 550 2007 Resp.
583 1937 696 1991 lloc
718 1938 788 1990 sit
814 1937 866 1990 in
888 1935 1094 2004 judicio
1131 1954 1317 1992 eorum
1355 1940 1447 2008 qui
1484 1949 1744 2009 prtesunt,
1790 1940 1874 1995 vel

284 2026 441 2095 quali
509 2027 666 2080 modo
734 2028 930 2097 corripi
986 2028 1216 2082 debeant
1269 2048 1281 2082 :
1340 2030 1468 2099 quia
1515 2040 1572 2084 et
1623 2038 1757 2084 tetas
1819 2041 1876 2087 et

283 2116 529 2171 eruditio
572 2116 795 2170 multam
856 2118 1057 2172 habere
1104 2118 1234 2173 facit
1278 2118 1637 2173 dill'erentiam
1677 2136 1869 2190 parum.

285 2204 314 2276 §
347 2205 442 2259 IX.
470 2236 542 2247 —
565 2206 645 2260 Ex
668 2206 887 2262 [tecum
903 2223 1088 2262 sucu
1113 2208 1310 2264 lsrnont
1337 2224 1571 2264 EPISCOPI
1596 2212 1737 2280 (cap.
1756 2212 1866 2282 ΓΙ).

369 2307 392 2333 υ
434 2295 635 2349 Delicta
673 2304 854 2351 autem
882 2298 1017 2351 levia
1046 2306 1191 2362 sunt,
1241 2306 1332 2353 aut
1370 2301 1576 2369 gravia.
1628 2300 1871 2356 Levioris

280 2387 463 2458 culpa:
492 2404 618 2442 reus
660 2398 767 2454 est,
826 2390 915 2459 qui
947 2391 1155 2445 otiosus
1176 2407 1299 2445 esse
1328 2391 1612 2457 dilexerit;
1663 2393 1755 2459 qui
1800 2393 1867 2446 ad

280 2485 524 2539 cilicium
556 2485 636 2537 vel
677 2484 1041 2550 collationem,
1071 2485 1153 2541 vel
1177 2486 1243 2540 ad
1271 2501 1511 2540 mensam
1545 2487 1751 2540 tardius
1776 2500 1868 2539 ve-

281 2577 455 2640 nerit,
492 2574 512 2614 ί
553 2577 667 2645 qui,
709 2576 763 2629 in
794 2578 961 2631 choro
1002 2577 1201 2641 riserit,
1244 2579 1270 2617 ε
1298 2576 1604 2647 fabulisqne
1644 2592 1869 2632 vacave-

282 2669 400 2732 rit;
436 2670 548 2737 qui,
598 2669 787 2723 relicto
833 2667 1009 2723 ollicio
1037 2670 1122 2724 vel
1155 2685 1318 2740 opere
1344 2679 1497 2724 extra
1527 2670 1867 2725 necessitatis

280 2774 533 2823 causam,
569 2758 698 2813 foris
736 2759 1078 2823 discesserit;
1114 2761 1204 2829 qui
1247 2768 1539 2829 torporem,
1585 2768 1680 2813 aut
1715 2774 1863 2813 som-

282 2865 419 2903 num
456 2850 755 2915 amaverit;
805 2851 896 2919 qui
929 2852 1125 2920 smpius
1149 2849 1449 2918 juraverit;
1502 2853 1593 2922 qui
1630 2851 1867 2906 multilo-

277 2954 428 3009 quus
460 2939 638 3002 fuerit,
685 2940 779 3008 qui
821 2940 1181 2994 ministerium
1223 2938 1513 3007 cujuslibet
1555 2940 1735 3010 operis
1778 2941 1862 2994 in-

270 3031 528 3100 junctum
563 3032 662 3086 sibi
700 3033 816 3086 sine
853 3031 1231 3086 benedictione
1270 3034 1590 3102 susceperit,
1642 3048 1706 3087 ac
1741 3048 1864 3103 per-

206 3131 210 3134 ‘
283 3131 414 3176 acto
444 3138 606 3192 opere
631 3123 1060 3177 benedictionem
1090 3123 1308 3177 minime
1328 3124 1709 3193 postulaverit;
1768 3126 1859 3194 qui

1975 1945 2151 2000 lentus
2192 1946 2419 2015 quisque
2465 1957 2557 2012 snt,
2595 1950 2639 2002 si
2669 1952 2898 2015 discors,
2930 1953 2972 2004 si
3004 1954 3362 2023 turpiloquus,
3398 1956 3441 2008 si
3472 1955 3549 2009 fe-

1972 2035 2239 2090 minarum
2290 2036 2594 2101 familiaris,
2625 2040 2669 2091 si
2697 2040 2969 2095 seminans
2994 2043 3314 2105 discordias,
3364 2045 3407 2098 si
3441 2045 3551 2098 ira—

1972 2127 2195 2189 cnndus,
2232 2129 2279 2182 si
2299 2129 2419 2182 alue
2449 2139 2505 2183 et
2525 2138 2720 2184 erecte
2737 2132 2986 2195 cervicis,
3016 2133 3061 2186 si
3087 2142 3269 2187 mente
3292 2136 3550 2199 tumidus,

1970 2215 2015 2268 si
2033 2212 2260 2282 jactanti
2286 2219 2497 2273 incessu
2522 2220 2931 2287 immoderatus,
2966 2223 3010 2277 si
3035 2224 3326 2289 detractor,
3370 2241 3552 2280 susur-

1970 2320 2051 2369 ro,
2088 2306 2170 2360 vel
2201 2308 2435 2374 invidus,
2468 2310 2513 2364 si
2566 2320 2925 2380 prtesuntptor
2949 2314 3023 2366 rei
3049 2316 3355 2383 peculiaris,
3381 2318 3427 2370 si
3454 2333 3551 2387 pe-

1969 2397 2141 2451 cunia:
2170 2400 2418 2467 contagio
2459 2399 2785 2468 implicatur,
2822 2402 2866 2454 si
2894 2401 3092 2471 aliquid
3115 2414 3314 2472 praeter
3340 2406 3550 2475 regula-

1970 2502 2086 2541 rem
2120 2487 2569 2556 dispensationem
2611 2491 2939 2559 superlluum
2970 2494 3261 2560 possideat,
3311 2496 3354 2550 si
3394 2497 3542 2553 frau-

1967 2581 2124 2635 dator
2173 2581 2247 2634 rei
2289 2591 2523 2651 aeceptae
2562 2583 2645 2636 vel
2690 2586 2992 2638 commissa:
3040 2585 3165 2650 sibi,
3223 2600 3317 2642 aut
3362 2591 3542 2645 minus

1965 2670 2290 2734 commissm,
2337 2671 2477 2725 inter
2521 2672 2635 2726 haec
2669 2673 2714 2726 si
2745 2689 2803 2727 se
2829 2675 2895 2727 de
2928 2675 3089 2729 rebus
3134 2692 3317 2731 secum
3356 2680 3535 2735 allatis

1964 2761 2239 2826 extulerit,
2276 2759 2289 2810 i
2324 2762 2406 2815 vel
2445 2763 2511 2815 de
2551 2764 2632 2816 eis
2660 2778 2756 2833 per
2780 2764 3201 2819 inobedientiam
3238 2783 3544 2824 murmura-

1962 2853 2127 2917 verit,
2171 2854 2214 2907 si
2250 2853 2324 2907 rei
2365 2854 2588 2924 majoris
2635 2855 2891 2908 damnum
2934 2856 3192 2923 intulerit,
3248 2858 3293 2911 si
3334 2858 3543 2916 furatus

1962 2943 2148 3009 fuerit,
2190 2945 2234 2998 si
2267 2943 2665 3014 per-juraverit;
2686 2946 2731 3000 si
2756 2945 2950 3000 falsum
2977 2948 3193 3014 dixerit,
3247 2950 3291 3005 si
3321 2960 3544 3006 conten-

1965 3038 2139 3091 tiones
2176 3045 2231 3091 et
2258 3037 2405 3090 rixas
2433 3037 2716 3101 amaverit,
2757 3037 2799 3090 si
2854 3038 3199 3093 manifestum
3244 3042 3554 3096 convicium

1963 3126 2117 3180 fratri
2144 3126 2405 3190 intulerit,
2434 3125 2477 3180 si
2502 3141 2790 3194 personam
2814 3128 3120 3183 innocentis
3152 3128 3287 3186 falso
3313 3132 3540 3187 crimine

284 3212 598 3281 injunctum
624 3228 759 3281 opus
786 3212 1141 3285 negligenter,
1177 3213 1261 3268 vel
1290 3213 1495 3269 tardius
1520 3215 1815 3284 expleverit
1842 3232 1856 3281 ;
1887 3184 1930 3245 C
1963 3219 2331 3283 maculaverit,
2388 3220 2432 3275 si
2462 3219 2767 3274 contumaci
2819 3221 3001 3275 animo
3031 3222 3298 3278 seniorem
3348 3224 3539 3297 despe-

273 3391 448 3472 ginta.
495 3392 550 3445 ln
589 3392 837 3472 versione
896 3392 1165 3472 communi
1215 3391 1372 3461 paulo
1419 3392 1613 3472 aliter:-
1644 3392 1861 3472 Semper

274 3460 457 3530 iurgia
486 3462 671 3532 quierit
696 3460 865 3532 malus
888 3475 907 3513 :
943 3462 1160 3531 angelus
1197 3472 1369 3516 autent
1415 3463 1641 3517 crudelis
1692 3460 1860 3516 mitte-

273 3543 368 3584 tur
390 3530 573 3586 contra
598 3549 738 3595 eum,
769 3530 923 3599 juxta
954 3530 1157 3586 textum
1196 3532 1539 3587 llebraicum.

352 3613 376 3640 α
418 3600 684 3655 Immittit.
717 3602 792 3672 lta
842 3602 977 3669 apud
1004 3600 1077 3672 S.
1107 3601 1362 3672 Basiliam
1388 3644 1401 3667 ,
1451 3604 1723 3672 ἐπιπέμπει
1745 3647 1758 3667 ,
1801 3602 1858 3657 in

265 3672 561 3744 praesenti;
600 3672 739 3744 apud
765 3670 1109 3744 Septuaginta
1146 3670 1412 3744 inuigilat,
1443 3674 1495 3726 in
1513 3670 1716 3744 futuro.

352 3741 379 3780 ιθ
417 3741 477 3795 Si
501 3741 764 3805 obediens,
788 3750 895 3795 etc.
922 3741 1110 3795 Exstat
1130 3741 1348 3811 θρωπε.
1380 3743 1637 3797 Basiliam
1664 3745 1853 3796 interr.

273 3826 439 3881 sequ.
466 3819 517 3865 et
541 3812 678 3880 apud
702 3810 953 3865 Rufinum
984 3827 1104 3881 cap.
1134 3813 1344 3867 eodem.

351 3891 375 3919 ε
408 3880 622 3934 Alienus
656 3882 741 3936 sit.
785 3881 863 3934 lta
901 3880 1061 3949 apud
1084 3881 1357 3935 Ruﬁnum.
1389 3882 1446 3936 In
1488 3889 1633 3936 textu
1663 3882 1855 3935 (ἔναξεο

272 3949 500 4026 legitur,
533 3952 1000 4026 Αάπηλὶοτρὶωιζαιε-
1027 3952 1132 4005 Sed
1164 3951 1448 4026 legendum
1494 3961 1662 4026 puto:
1691 3954 1856 4026 anu).-

270 4019 616 4094 λοτριούσθω,
650 4021 702 4074 id
732 4019 837 4094 es't,
865 4019 1329 4094 abalienetur,'vel
1356 4019 1563 4076 alienus
1593 4023 1681 4084 sit,
1700 4024 1854 4094 juxta

272 4090 519 4161 nostram
572 4091 1028 4145 emendationem.
1083 4090 1217 4145 Nam
1276 4092 1365 4146 hic
1402 4107 1559 4161 pmna
1607 4090 1854 4146 decerni-

272 4168 364 4212 tur
406 4160 459 4212 in
505 4168 950 4227 murmurantem,
1004 4176 1199 4230 nempe
1241 4177 1272 4215 a
1309 4160 1537 4217 fratrum
1587 4163 1851 4217 societate

270 4230 566 4297 separatio.

343 4300 371 4338 ἀ
413 4298 533 4371 Non
552 4306 728 4353 exstat
752 4300 891 4369 apud
915 4299 972 4354 S.
1010 4299 1171 4371 Busil.
1200 4315 1300 4355 nec
1328 4301 1468 4371 apud
1495 4301 1769 4355 Ruﬁnum.

350 4381 375 4408 ε
421 4368 628 4441 Qelicta
667 4368 862 4434 autem,
890 4378 996 4441 etc.
1023 4368 1414 4441 Haecgreperire
1451 4380 1537 4425 est
1562 4373 1616 4426 in
1646 4371 1848 4441 Regula

270 4439 419 4493 edita
440 4437 497 4491 S.
531 4438 739 4510 Isidori,
764 4454 883 4510 cap.
911 4440 1005 4510 l7;
1033 4442 1126 4494 sed
1142 4437 1253 4494 fere
1273 4448 1488 4510 sumpta
1513 4450 1641 4496 sunt
1662 4437 1849 4496 ex'ca-

268 4511 387 4579 pite
414 4523 578 4579 supra
600 4507 766 4563 citato
792 4507 1052 4563 Cassiani.

349 4577 365 4617 ί
416 4576 520 4642 Qui
554 4578 606 4631 in
636 4579 794 4631 choro
827 4579 1022 4632 riserit.
1069 4578 1223 4633 Hunc
1263 4580 1317 4634 in
1358 4580 1527 4634 choro
1558 4580 1725 4634 risum
1775 4581 1847 4633 ita

266 4647 632 4719 coercendum
682 4649 891 4719 censuit
922 4645 978 4701 S.
1025 4648 1348 4703 Paehomius
1403 4659 1507 4704 art.
1557 4650 1578 4702 l
1632 4650 1850 4719 Regula:

266 4734 385 4774 sua:
410 4733 426 4771 :
465 4734 484 4767 ι
513 4715 571 4788 Si
594 4717 873 4788 acciderit,
899 4727 959 4770 ut
982 4719 1243 4788 psallendi
1267 4727 1529 4788 tempore,
1574 4719 1657 4772 vel
1688 4715 1851 4771 oran-

267 4789 348 4852 di,
403 4787 576 4857 autin
615 4786 792 4841 medio
830 4786 1079 4843 lectionis
1122 4788 1320 4857 aliquis
1342 4786 1610 4857 loquatur,
1660 4796 1752 4841 aut
1783 4789 1850 4842 ri-

268 4856 656 4929 deat;gsolvet
702 4857 997 4929 cingulum,
1035 4868 1089 4912 et
1129 4856 1385 4912 inclinata
1411 4856 1645 4920 cervice,
1677 4859 1849 4911 mani-

266 4928 374 5008 bus
402 4927 467 5008 ad
500 4925 756 5010 inferiora
798 4925 1112 5010 depressis,‘
1134 4928 1697 5010 stttbit_'ante_altare,_
1718 4936 1787 5010 et
1816 4943 1848 5010 a

266 4997 517 5078 principe
533 4998 847 5078 monasterii
874 4996 1265 5078 increpabitur.
1295 4997 1563 5078 [locidem
1595 4996 1848 5078 facietet

268 5066 324 5120 in
364 5075 633 5121 conventu
684 5066 932 5131 fratrum,
988 5066 1111 5121 cum
1166 5068 1234 5120 ad
1286 5068 1608 5122 vescendum
1639 5066 1849 5134 pariter

267 5138 643 5191 convenerint.
662 5155 702 5206 _)
740 5137 1013 5191 Adversus
1054 5152 1147 5191 eos
1170 5137 1261 5206 qui
1291 5138 1343 5191 in
1383 5136 1611 5191 ecclesia
1645 5137 1843 5201 rident,

268 5206 546 5277 invenitur
565 5206 623 5260 S.
649 5204 885 5261 Joannes
906 5204 1325 5277 Cbrysostomus
1337 5222 1501 5261 serm.
1527 5206 1594 5260 15
1613 5207 1666 5260 in
1682 5206 1841 5275 epist.

267 5275 340 5329 ad
382 5274 657 5331 Hebraeos.

345 5348 374 5386 ε
403 5344 729 5415 Fabulisque
764 5346 1044 5400 vacaverit.
1084 5344 1256 5415 Quam
1294 5346 1365 5399 sit
1398 5344 1527 5399 utile
1574 5345 1628 5399 in
1669 5344 1845 5400 eccle-

267 5417 351 5495 sia
387 5424 589 5495 tacere,
615 5414 883 5495 utcontra
920 5431 1082 5484 quam
1125 5415 1196 5467 sit
1225 5414 1512 5495 indignum
1554 5416 1703 5495 omni
1746 5416 1844 5470 ho-

265 5486 420 5540 mine
458 5484 772 5540 Christiano
804 5493 861 5540 et
887 5495 1076 5540 sancto
1114 5498 1306 5538 vacare
1336 5484 1408 5538 ibi
1446 5484 1661 5548 fabulis,
1703 5500 1841 5552 pra:-

266 5556 417 5610 clare
459 5555 619 5610 docet
667 5554 724 5609 S.
758 5554 1096 5617 Ambrosius,
1141 5553 1234 5607 lib.
1280 5570 1338 5607 ιιι
1364 5555 1429 5609 de
1474 5553 1787 5622 Virginibus
1822 5573 1835 5609 :

272 5643 292 5675 σ
340 5624 572 5680 Maxima
594 5632 679 5679 est
707 5625 879 5679 virtus
917 5625 1148 5687 tacendi,
1178 5626 1478 5693 praesertim
1504 5624 1558 5677 in
1586 5625 1833 5678 ecclesia.

263 5693 421 5751 Nulla
458 5705 510 5750 te
556 5696 858 5749 divinarum
894 5695 1162 5749 sententia
1206 5693 1374 5763 fugiet
1427 5694 1737 5757 lectionum,
1789 5696 1836 5749 si

267 5781 453 5820 aurem
468 5765 777 5827 admoveas,
796 5780 977 5819 vocem
992 5780 1237 5834 premas;
1263 5785 1281 5817 ι
1301 5773 1356 5819 et
1370 5763 1527 5835 paulo
1540 5771 1687 5834 post:
1715 5784 1730 5813 ι
1754 5764 1835 5818 An

1961 3396 2253 3465 quidquam
2268 3402 2350 3448 est
2365 3395 2656 3464 indignius,
2693 3410 2855 3464 quam
2876 3394 3095 3449 oracula
3118 3396 3297 3451 divina
3311 3396 3540 3450 circum-

1960 3468 2147 3535 strepi,
2189 3482 2256 3519 ne
2286 3465 2596 3529 audiantur,
2639 3480 2709 3518 ne
2732 3465 3042 3535 credantur,
3086 3481 3154 3535 ne
3183 3465 3489 3520 revelentur
3517 3484 3528 3519 :

1958 3533 2353 3591 circumsonari
2381 3542 2721 3589 sacramenta
2745 3533 2983 3587 confusis
3006 3534 3247 3597 vocibus,
3286 3542 3345 3587 ut
3369 3535 3536 3603 impe-

1959 3607 2138 3660 diatur
2168 3604 2342 3657 oratio
2375 3620 2474 3673 pro
2524 3603 2697 3657 salute
2745 3603 3057 3673 deprompta
3104 3604 3364 3666 omnium,
3410 3619 3533 3657 cum

1993 3675 2183 3729 entiles
2236 3672 2393 3728 idolis
2439 3673 2551 3728 suis
2592 3672 2949 3727 reverentiam
2979 3673 3206 3726 tacendo
3250 3673 3536 3726 deferant?

2010 3745 2112 3798 nde
2144 3744 2272 3797 illud
2315 3743 2617 3813 exemplum
2661 3743 2927 3813 proditur.
2975 3740 3282 3813 Alexandro
3328 3744 3535 3813 sacrili-

1957 3823 2113 3869 eante
2146 3810 2495 3867 Macedonum
2531 3811 2969 3882 rege,puerulum
3014 3810 3300 3882 barbarum
3338 3811 3431 3880 qui
3480 3813 3531 3866 ei

1957 3884 2135 3937 lumen
2160 3884 2501 3947 accenderet,
2554 3881 2835 3948 excepisse
2863 3882 3039 3952 ignem
3072 3881 3314 3945 brachio,
3365 3890 3530 3952 atque

1956 3954 2150 4008 adusto
2185 3966 2412 4021 corpore
2450 3953 2715 4006 mansisse
2739 3950 3083 4012 immnbilem,
3110 4020 3113 4021 ν
3139 3965 3239 4004 nec
3290 3950 3527 4021 dolorem

1953 4024 2256 4093 prodidisse
2279 4018 2505 4093 gemitu,
2547 4036 2646 4075 nec
2671 4021 2850 4093 titcito_
2859 4033 3074 4093 poenam
3103 4020 3373 4093 indicasse
3397 4018 3527 4093 lletu

1953 4090 2105 4217 ραι.
2159 4090 2304 4146 Max:
2337 4091 2374 4145 Ι.
2419 4109 2503 4157 ιιι,
2534 4108 2648 4161 cap.
2681 4090 2758 4159 3).
2811 4090 2982 4144 Tanta
3021 4091 3073 4143 in
3101 4106 3268 4159 puero
3296 4090 3528 4145 barbaro

1979 4164 2056 4217 uit
2081 4162 2364 4217 disciplina
2390 4161 2726 4217 reverentia.
2775 4170 2836 4214 ut
2863 4170 3110 4214 naturam
3142 4161 3411 4217 vinceret:
3447 4172 3526 4214 at-

1979 4164 2056 4217 uit
2081 4162 2364 4232 disciplina
2390 4161 2836 4232 reveretitia:,_ut
2863 4170 3110 4214 naturam
3142 4161 3411 4224 vinceret;
3447 4172 3526 4214 at-

1953 4248 2059 4302 que
2089 4234 2178 4286 ille
2207 4230 2313 4287 non
2353 4234 2503 4296 deos,
2536 4232 2627 4301 qui
2658 4230 2786 4284 nulli
2808 4239 2986 4294 erant,
3022 4232 3115 4284 sed
3158 4247 3335 4302 regem
3364 4232 3525 4285 time-

1952 4300 2067 4358 bat.
2105 4302 2244 4368 Quid
2275 4303 2420 4356 enim
2453 4300 2670 4355 timeret
2708 4316 2823 4364 eos,
2859 4302 2952 4370 qui
2992 4302 3034 4355 si
3050 4302 3207 4371 idem
3232 4300 3373 4371 ignis
3398 4317 3529 4355 con—

1952 4375 2185 4442 tigisset,
2209 4373 2500 4426 arsissent?
2522 4392 2539 4422 ι
2561 4371 2627 4424 Et
2652 4371 2810 4439 paulo
2824 4369 2975 4440 pust:
3007 4389 3024 4418 ι
3048 4369 3326 4442 Frequens
3348 4385 3527 4442 sermo

1950 4439 2037 4497 es't
2060 4458 2182 4495 cum
2216 4442 2445 4511 plurima
2466 4456 2721 4496 ranarum
2770 4455 3047 4511 murmura
3064 4439 3355 4511 _religiosaa
3381 4441 3524 4511 auri-

1872 4535 1925 4593 D
1950 4513 2052 4567 bus
2081 4508 2251 4593 plebis
2276 4512 2675 4581 obstreperent,
2706 4510 3040 4593 sacerdotem
3064 4509 3152 4561 Dei
3180 4508 3521 4593 praecepisse,

1952 4590 2011 4635 ut
2051 4577 2496 4642 conticescereni,
2549 4596 2615 4634 ac
2650 4587 3005 4634 reverentiam
3035 4592 3204 4632 sacra:
3246 4577 3521 4631 deferrent

1945 4651 2181 4704 orationi
2228 4669 2240 4703 :
2273 4660 2402 4705 tunc
2438 4650 2615 4704 subito
2653 4650 3011 4704 circumfusos
3055 4648 3311 4718 strepitus
3352 4648 3519 4718 quies

1947 4721 2108 4775 visse.
2157 4720 2332 4774 Silent
2355 4720 2517 4789 igitur
2545 4719 2787 4789 paludes,
2836 4719 3082 4774 homines
3104 4716 3211 4772 non
3250 4716 3518 4789 silebant?

1945 4790 2015 4844 Et
2045 4789 2356 4843 irrationale
2379 4787 2590 4842 animal
2620 4806 2717 4857 per
2758 4789 3116 4844 reverentiam
3174 4787 3512 4854 recognoscit

1945 4859 2089 4927 quod
2123 4874 2220 4928 per
2248 4868 2493 4913 naturam
2534 4858 2746 4928 ignorat
2790 4878 2802 4912 :
2835 4859 3109 4912 hominum
3147 4864 3350 4928 tantam
3398 4870 3516 4910 esse

1949 4926 2366 4988 immodestiam,
2431 4936 2489 4981 ut
2524 4926 2766 4996 plerique
2819 4928 3030 4981 deferre
3070 4926 3341 4996 nesciant;
3369 4941 3518 4979 men-

1948 4998 2084 5052 tium
2106 4997 2379 5068 religioni,
2418 4995 2565 5068 quod
2588 4996 2836 5051 deferunt
2853 4996 3066 5068 aurium
3089 4995 3381 5068 voluptath
3419 5013 3437 5045 ι

2017 5068 2048 5108 h
2089 5066 2193 5131 Qui
2214 5063 2410 5121 'codice
2432 5063 2749 5134 negligenter
2774 5081 2899 5119 usus
2930 5065 3107 5133 fuerit.
3136 5063 3213 5134 lta
3246 5064 3295 5116 in
3314 5063 3515 5134 Regula

1947 5151 2165 5200 excusa,
2182 5137 2277 5191 sed
2299 5138 2438 5204 apud
2471 5133 2830 5206 Smaragdum
2856 5142 3108 5202 corrupte
3149 5133 3345 5203 legitur
3369 5151 3382 5186 :
3404 5133 3518 5198 Qui

1947 5207 2177 5277 quotidie
2200 5206 2515 5277 negligenter
2526 5204 2685 5277 risus
2697 5204 2873 5277 fuerit.

2025 5279 2042 5317 ί
2089 5272 2482 5346 Quijocauerit.
2518 5272 2646 5328 Joea
2685 5272 2962 5329 etfacetice
2996 5273 3261 5327 monacho
3283 5272 3511 5346 vitanda

1948 5356 2093 5400 sunt.
2145 5342 2371 5415 Oportet
2394 5344 2537 5398 enim
2559 5359 2680 5397 eum
2711 5360 2842 5416 esse?
2859 5346 3043 5416 γλυκὺν
3063 5347 3113 5398 ἐν
3138 5351 3250 5416 sui;
3275 5342 3509 5413 ὁμιλίαις,

1944 5419 2004 5471 οὐ
2035 5412 2229 5489 diuisi;
2259 5415 2590 5489 εὐτραπελίας
2619 5418 2678 5469 τὸ
2711 5413 2801 5468 ἡδὺ
2827 5412 3124 5489 ορρὼμινογ,
3151 5412 3202 5466 id
3214 5412 3321 5474 est,
3351 5432 3368 5462 ι
3391 5427 3514 5489 sua-

1941 5501 2064 5540 vem
2121 5485 2174 5538 in
2212 5482 2658 5547 conversatione,
2709 5498 2807 5535 nec
2864 5482 3115 5536 facetosis
3176 5483 3512 5537 sermonibus

1937 5554 2331 5623 jucunditatem
2368 5553 2573 5623 venari,
2612 5573 2629 5605 ι
2667 5553 2840 5623 inquit
2869 5550 2925 5606 S.
2966 5551 3197 5623 Basilius
3232 5552 3389 5621 epist.
3442 5556 3510 5605 ad

1942 5621 1999 5679 S.
2036 5624 2354 5695 Gregorium
2377 5622 2728 5694 Theologum.
2764 5622 2894 5679 Vide
2930 5637 3091 5692 supra
3138 5621 3202 5677 ad
3245 5630 3405 5692 caput
3446 5623 3511 5677 de

1941 5694 2353 5749 Tacituruitate.

2013 5763 2027 5813 ι
2092 5761 2179 5816 Vel
2216 5763 2280 5816 de
2312 5764 2406 5817 eis.
2453 5762 2567 5818 Sibi
2616 5762 2831 5817 ablatis.
