3940 6196
530 345 627 401 991

1534 374 1590 393 υ.
1632 337 1993 392 υεζΝἰΞῡίϐΠ
2032 335 2325 390 ABBATIS
2364 334 2764 390 ANIANENFIS

3640 346 3717 399 flii?

530 458 694 521 xerit,
757 454 802 510 si
834 467 1117 509 rancorcm
1161 451 1422 507 adversus
1474 451 1695 506 fratrem
1750 451 2007 515 tenuerit,
2056 450 2102 506 si
2133 455 2179 513 Α
2208 449 2539 505 debilitatem
2561 449 2757 504 inferat
2774 449 3065 505 membris:
3092 450 3254 522 fquia
3282 452 3418 508 sicut
3437 455 3713 517 snbditorum

530 551 775 621 pcecanti
813 549 865 603 in
890 564 947 603 se
974 558 1030 601 et
1052 557 1240 617 postea
1271 547 1590 617 supplicanti
1620 548 1831 603 veniam
1857 563 1962 603 non
1986 562 2111 602 con-

530 640 777 709 cesserit,
799 640 847 692 si
873 654 992 692 cum
1026 637 1195 692 altero
1217 639 1269 692 in
1305 655 1412 692 uno
1436 638 1577 693 lecto
1596 636 1852 706 jacuerit,
1884 640 1930 694 si
1952 647 2107 694 extra

529 745 871 786 communem
901 745 1143 784 mensam
1174 731 1426 798 privatim
1481 730 1567 786 vel
1608 730 1794 785 furtim
1835 731 2109 800 quippiam

528 821 842 889 sumpserit,
871 821 916 876 si
945 820 1144 876 alicubi
1174 829 1331 875 extra
1372 821 1678 875 consultum
1726 822 1996 891 prmpositi
2024 822 2109 877 vel

527 912 739 966 abbatis
766 912 1049 968 discedens
1076 911 1254 966 medio
1284 912 1401 976 die,
1449 912 1532 965 vel
1563 913 1790 982 amplius
1809 928 2107 968 commora-

530 1009 615 1055 tus
638 999 823 1066 fuerit,
872 1003 939 1067 si,
1000 1012 1061 1057 ut
1107 1005 1316 1059 otiosus
1349 1005 1442 1067 sit,
1494 1002 1685 1058 falsam
1736 1004 2109 1058 infirmitatem

529 1096 898 1165 praetenderit.
947 1096 1074 1151 Haec
1111 1104 1166 1151 et
1193 1096 1387 1151 similia
1408 1095 1564 1164 juxta
1609 1097 1893 1151 arbitrium
1932 1096 2110 1150 Patris

528 1188 786 1241 diuturna
831 1187 1391 1241 excommunicatione
1438 1198 1464 1227 α
1512 1186 1787 1257 purganda
1841 1194 1998 1251 sunt;
2051 1195 2111 1240 ut

532 1279 624 1348 qui
675 1281 915 1349 graviter
942 1270 1170 1349 peccare
1198 1286 1521 1343 noscuntur,
1568 1277 1768 1332 acriori
1820 1278 2111 1332 severitate

529 1377 905 1423 coerceantur.
1170 1418 1191 1435 ,

588 1458 615 1529 ς
647 1458 712 1512 Χ.
749 1489 821 1498 ——
846 1459 924 1513 Ex
955 1458 1175 1513 Reouu
1202 1474 1388 1513 SANCTI
1416 1458 1721 1514 Faucruosr
1749 1456 1889 1528 (cap.
1916 1456 2027 1528 15).

596 1552 624 1591 b
652 1551 959 1606 Clamosum
1001 1552 1055 1606 in
1078 1551 1349 1607 locutione
1376 1552 1726 1616 monachum,
1763 1558 1857 1605 aut
1892 1551 2110 1605 iracun-

525 1642 649 1697 dum
660 1684 674 1706 ,
685 1642 1053 1707 ridiculosum,
1068 1643 1477 1698 subsanatorem
1491 1643 1605 1697 sive
1620 1642 1981 1697 detractorem
1993 1656 2113 1695 esse

526 1749 630 1787 non
655 1734 826 1788 decet.
856 1733 958 1799 Qui
981 1732 1247 1801 ejusmodi
1274 1741 1378 1799 εει,
1409 1741 1464 1788 ει
1490 1748 1632 1802 smpe
1658 1733 1971 1803 castigatus,
2001 1748 2108 1786 non

524 1824 688 1878 fuerit
728 1825 1069 1889 emendatus,
1117 1824 1343 1894 ﬂagellis
1370 1824 1793 1892 verberibusque
1837 1822 2110 1878 curandus

522 1923 626 1979 est,
682 1925 738 1969 et
763 1914 961 1969 acriter
1003 1914 1397 1978 emendandus,
1434 1914 1738 1982 crebraque
1793 1911 2110 1966 curiositate

521 2014 577 2060 et
611 2004 876 2059 industria
903 2005 1261 2059 reducendus.
1322 2003 1601 2069 Lascivus,
1646 2001 1895 2073 petulans
1921 2010 1978 2057 et
2015 2017 2108 2056 su-

521 2095 720 2164 perbus
748 2094 947 2162 saepius
971 2094 1341 2163 suspendatur
1365 2108 1395 2147 a
1431 2093 1576 2159 cibo,
1619 2101 1673 2146 et
1698 2091 1951 2146 biduanis
1996 2090 2110 2145 sive

523 2185 787 2239 triduanis
830 2192 1140 2239 macerctur
1190 2182 1410 2249 inediis,
1462 2182 1752 2253 operisque
1809 2180 2111 2251 adjectione

526 2277 845 2331 conficiatur
876 2294 889 2331 :
919 2290 1167 2331 sermone
1193 2283 1247 2329 et
1269 2274 1538 2344 colloquio
1558 2273 1875 2343 castigetur.
1909 2269 1968 2326 Si
1998 2271 2103 2325 ista

521 2384 810 2440 perpessus
869 2385 1033 2441 smpe,
1086 2370 1311 2424 minime
1358 2368 1524 2424 fuerit
1587 2376 1889 2431 correctus,
1931 2366 2109 2437 plag's

524 2460 843 2515 emendetur
878 2460 1187 2520 instantius,
1239 2458 1636 2514 reclusiouibus
1675 2458 1895 2512 diutina:
1948 2473 2107 2512 coar-

526 2559 705 2606 ctetur
752 2552 1045 2623 angustiis,
1080 2562 1103 2591 ο
1149 2550 1469 2606 brevissime
1517 2550 1674 2619 panis
1703 2557 1761 2605 et
1812 2564 1967 2619 aquae
2009 2563 2107 2603 esu

523 2644 926 2710 sustentandus,
951 2643 1122 2699 donec
1140 2657 1199 2698 se
1223 2643 1487 2713 spondeat
1523 2657 1554 2697 a
1576 2640 1712 2696 vitio
1736 2656 2105 2696 recessurum.

523 2733 947 2799 luobedientem,
991 2740 1470 2797 murmuratorem,
1493 2731 1974 2796 contradictorem,
1993 2731 2107 2785 sive

522 2823 737 2879 furtivis
783 2823 1209 2880 eomestionibus
1240 2831 1405 2891 atque
1452 2820 1480 2861 ει
1521 2821 1873 2877 bibitionibus
1902 2836 2103 2876 vacan-

526 2921 634 2968 tem
657 2928 819 2982 supra
846 2913 1047 2982 scripta
1073 2912 1348 2968 coercebit
1369 2911 1639 2966 sententia
1668 2928 1682 2965 :
1711 2911 1835 2966 etin
1856 2911 2107 2965 omnibus

522 3002 746 3058 omnino
797 3004 1184 3058 monachorum
1218 3013 1242 3041 ο
1285 3000 1691 3056 excessionibus
1716 3014 1954 3072 congrua
1985 3001 2106 3055 ani-

523 3091 830 3147 madversio
858 3092 1165 3147 adhibenda
1194 3099 1280 3146 est
1322 3091 1621 3146 secundum
1660 3090 1872 3146 abbatis
1918 3099 1975 3146 et
2018 3106 2105 3147 se-

2208 539 2337 592 vitia
2359 554 2458 609 per
2480 540 2818 609 prtepositos,
2867 540 2942 594 ita
2965 550 3019 593 et
3052 543 3456 612 prtepositorum
3499 551 3716 622 negligen.

2208 633 2312 687 tias
2341 648 2437 703 per
2456 632 2803 701 semetipsum
2826 631 2969 687 Deus
2994 630 3275 700 judicabit.

2389 721 2417 793 §
2454 721 2723 776 XL—Ex
2760 722 2979 778 Rscuu
3016 738 3278 779 cumsuam
3329 732 3458 797 (cap.
3496 730 3590 798 i9).

2278 814 2858 869 Excommunicationis
2900 829 3148 870 mensura
3185 816 3358 886 qualis
3394 832 3504 872 esse
3543 821 3718 890 debeat,

2202 903 2406 973 justum
2448 904 2745 959 scientibus
2786 905 2984 959 librare
3019 904 3281 973 judicium
3324 910 3348 947 ε
3390 909 3544 979 culpa:
3577 915 3724 967 modus

2208 998 2461 1053 ostendit.
2496 997 2812 1052 Levioribus
2838 998 2981 1051 enim
3006 997 3177 1067 culpis
3197 998 3361 1053 levior
3385 1009 3463 1055 est
3481 1002 3722 1058 adhibenda

2194 1091 2515 1161 ’corrrptio;
2553 1091 2891 1160 gravioribus
2930 1106 3061 1145 vero
3097 1092 3124 1131 ιι
3160 1091 3447 1147 ferventior
3481 1094 3722 1149 exhibenda

2211 1181 2504 1236 damnatio.
2557 1181 2789 1245 Proinde
2809 1180 3020 1235 abbatis
3041 1182 3217 1236 studio
3240 1184 3550 1252 pensandum
3574 1193 3656 1249 est,
3684 1195 3726 1239 ut

2211 1272 2255 1327 si
2297 1271 2488 1340 aliquis
2533 1270 2703 1324 frater
2757 1270 2808 1324 in
2859 1270 3149 1325 levioribus
3190 1272 3483 1327 inveniatur
3515 1273 3726 1330 obnoxius

2212 1366 2402 1436 culpis,
2426 1380 2598 1435 usque
2628 1367 2643 1405 ί
2675 1364 2740 1418 ad
2774 1364 3028 1419 indictam
3057 1365 3157 1419 sibi
3192 1365 3378 1420 horam
3404 1382 3571 1421 mensa
3592 1370 3726 1436 prive-

2213 1472 2301 1519 tur
2330 1481 2343 1517 :
2377 1464 2443 1518 de
2474 1462 2812 1533 gravioribus
2848 1477 2977 1515 vero
3010 1476 3103 1515 seu
3148 1461 3357 1516 dierum
3398 1462 3479 1516 vel
3516 1463 3725 1516 mensium

2213 1554 2455 1608 definitio
2488 1553 2543 1607 in
2573 1552 2785 1621 longius
2818 1558 3088 1620 protracta
3123 1552 3453 1620 correptione
3488 1549 3500 1600 ἱ
3537 1551 3724 1605 finiatur.

2216 1644 2242 1684 κ
2270 1645 2344 1699 Ea
2383 1654 2562 1699 tamen
2592 1643 2907 1713 Regula,.ut
2930 1642 2973 1696 si
3000 1642 3233 1711 amplius
3268 1658 3423 1712 quam
3448 1649 3626 1710 septem
3648 1641 3727 1696 dic-

2216 1750 2335 1788 rum
2366 1733 2598 1803 spatium
2631 1732 3208 1787 excommunicationis
3236 1731 3548 1800 percurrerit
3568 1749 3579 1783 :
3600 1746 3726 1798 quan-

2139 1803 2186 1861 B
2214 1826 2302 1880 diu
2346 1822 2680 1892 poenitentia:
2719 1823 2818 1876 sub
2860 1829 3065 1876 statuto
3107 1829 3349 1889 tempore
3383 1820 3507 1874 ordo
3540 1827 3727 1874 retentus

2213 1912 2378 1968 fuerit
2408 1911 2427 1951 ι
2456 1913 2596 1967 sicut
2635 1927 2663 1965 a
2712 1925 2895 1965 mensa
2935 1925 3033 1965 suo
3070 1908 3191 1963 loco
3230 1909 3492 1977 privatur‘:
3520 1908 3583 1961 ita
3614 1916 3657 1961 et
3687 1908 3724 1960 in

2211 2003 2437 2057 ecclesia
2475 2010 2789 2072 sagi-egetur
2820 2018 2833 2053 :
2864 2008 2920 2054 ut
2945 2011 2982 2038 ιιι
3012 1999 3066 2053 in
3105 1999 3247 2061 loco,
3274 1999 3326 2052 in
3353 2013 3454 2067 quo
3477 2005 3611 2052 antea
3636 1995 3724 2056 fuit,

2210 2109 2313 2148 nec
2343 2093 2611 2162 psalmum
2642 2101 2669 2128 ιι
2697 2098 2915 2153 cantet,
2954 2103 3056 2143 nec
3094 2087 3265 2141 ullum
3298 2087 3525 2141 ordinem
3561 2091 3723 2146 teneat;

2210 2199 2383 2255 usque
2418 2183 2544 2238 dum
2589 2181 2957 2237 satisfactione
2994 2179 3188 2234 humili
3226 2193 3347 2233 cum
3383 2177 3548 2232 cordis
3571 2175 3726 2230 contri-

2211 2274 2358 2328 tione
2394 2273 2461 2326 ab
2501 2273 2696 2326 abbate
2733 2270 2815 2325 vel
2855 2285 2884 2323 a
2921 2270 3230 2324 senioribus
3261 2269 3460 2323 veniam
3486 2275 3721 2321 mereatur.

2209 2362 2719 2417 Excommunicatus
2748 2375 2876 2414 vero
2911 2360 3082 2414 frater
3120 2360 3217 2429 qui
3253 2358 3419 2427 culpis
3451 2356 3724 2427 gravioribus

2208 2452 2562 2507 existentibus
2611 2458 2705 2504 aut
2752 2448 2940 2504 cellula
2983 2448 3316 2513 recluditur,
3373 2455 3459 2500 aut
3508 2444 3725 2499 consortio

2208 2543 2642 2616 congregationis
2671 2550 2971 2613 separatur,
3004 2557 3035 2594 a
3072 2540 3224 2595 nullo
3251 2539 3457 2610 penitus
3491 2546 3572 2591 aut
3599 2544 3617 2569 °
3644 2533 3727 2588 col-

2206 2634 2414 2704 loquia,
2439 2640 2533 2687 aut
2561 2631 2886 2687 visitationis
2921 2646 3119 2685 munus
3150 2629 3363 2684 fruatur
3389 2646 3401 2682 :
3425 2627 3519 2681 nisi
3549 2634 3727 2680 tantumo

2206 2724 2366 2779 modo
2387 2723 2474 2777 cui
2498 2730 2823 2792 pneccptum
2855 2722 2923 2776 ab
2948 2720 3147 2775 abbate
3183 2719 3363 2775 fuerit.
3386 2718 3442 2773 Si
3467 2717 3572 2787 quis
3588 2725 3724 2769 trans.

2207 2827 2424 2887 gressus
2468 2812 2608 2867 banc
2659 2812 2899 2882 regulam
2946 2809 3145 2877 fuerit,
3195 2809 3420 2880 regulari
3461 2804 3724 2878 poenitentia

2210 2902 2532 2971 subjacebit.
3586 2968 3597 2977 O

2207 2994 2235 3067 §
2285 2993 2402 3049 ΧΠ.
2432 3024 2503 3033 -
2528 2994 2608 3048 Ex
2659 2993 2879 3047 Rccuu
2930 3007 3120 3046 SANC'I'I
3164 2991 3454 3046 AURELIANI
3490 2987 3607 3059 (cap.
3637 2984 3719 3052 30).

2281 3082 2539 3154 Superbis
2564 3082 3127 3151 inobedientibusque,
3158 3090 3214 3137 et
3235 3080 3545 3136 iracundiam
3565 3086 3725 3147 protrav

523 3181 734 3234 niorum
757 3177 1019 3247 judicium
1039 3180 1365 3235 conveniens
1386 3178 1747 3250 negligentia},
1790 3181 1960 3245 aetati,
1990 3181 2105 3235 sive
2132 3165 2177 3226 C
2209 3175 2463 3231 hentibus
2490 3188 2763 3244 nunquam
2798 3171 3155 3243 parecndumi
3185 3171 3352 3226 donec
3380 3168 3692 3238 εοπίῧειηιίπ·

523 3284 791 3341 personte.
840 3269 1066 3340 Eritque
1086 3283 1296 3323 summa
1344 3268 1669 3323 discretione
1692 3269 2103 3340 providendum,

524 3373 594 3413 ne
627 3357 813 3429 gravia
842 3372 941 3428 pro
989 3356 1199 3412 levibus
1245 3355 1580 3423 inferantur;
1630 3366 1727 3413 aut
1755 3373 1785 3413 e
1827 3359 2106 3414 contrario

523 3465 625 3521 pro
655 3451 907 3506 maximis
925 3449 1059 3505 levis
1098 3456 1156 3505 et
1179 3464 1345 3520 parva
1375 3449 1512 3506 ultio
1544 3458 1819 3520 erogetur.
1850 3450 2105 3506 Mensura

522 3557 756 3612 namque
790 3549 845 3597 et
892 3542 1132 3613 pondere
1175 3556 1331 3611 aequo
1346 3542 1667 3613 justitiaque
1686 3542 1775 3613 pia
1802 3551 1859 3597 et
1882 3543 2106 3599 misera-

523 3636 669 3689 tione
702 3633 957 3690 eoutinua
979 3632 1142 3687 Pater
1170 3633 1249 3686 vel
1269 3632 1591 3703 praepositus
1610 3632 1774 3689 debet
1798 3633 2064 3688 excellere
2088 3653 2101 3688 :

522 3735 581 3781 ut
619 3727 699 3781 sic
729 3725 923 3779 vulnus
948 3731 1101 3780 curet
1131 3725 1339 3794 aegroti,
1368 3731 1637 3794 quatenus
1665 3723 1893 3778 salutem
1919 3731 1973 3779 et
1999 3739 2106 3778 non

597 3873 623 3902 ι
660 3857 1141 3942 ffurgaudalsuat.
1181 3856 1240 3911 In
1268 3857 1471 3927 Regula
1507 3873 1709 3914 excusa
1740 3857 1958 3912 additur
1991 3876 2004 3911 :
2036 3856 2106 3911 Et

529 3929 752 4005 ﬂagellis
778 3928 1141 3983 emendanda.

590 4002 616 4041 ιι
656 3999 978 4057 Clamosum.
1011 4006 1117 4052 etc.
1149 3996 1393 4052 liabetur
1420 3997 1473 4052 in
1503 3997 1710 4068 Regula
1744 4013 1847 4052 ms.
1883 3995 1941 4051 S.
1964 3997 2105 4053 Fru-

527 4070 701 4138 ctuosi
759 4068 995 4138 episcopi
1039 4067 1387 4122 Braeareusis
1429 4069 1549 4121 cod.
1593 4067 2023 4138 Crassensis,_et
2051 4068 2105 4123 in

526 4137 706 4193 libello
748 4136 870 4191 citv
920 4136 1324 4190 Sententiarum
1370 4139 1436 4191 de
1501 4138 1799 4192 rectoribus
1830 4136 2105 4201 Ecclesiae,

528 4222 697 4277 usque
746 4208 812 4260 ad
866 4207 953 4259 illa
1014 4207 1175 4260 verba
1226 4224 1238 4257 :
1281 4204 1577 4276 Crebraque
1616 4207 1939 4270 curiositate,
1993 4216 2100 4262 etc.

527 4278 839 4331 Clatnosum
885 4283 1065 4330 autem
1108 4290 1229 4330 esse
1259 4277 1583 4330 monachum
1617 4284 1770 4344 turpe
1797 4284 1881 4330 est
1915 4277 2105 4331 admo-

526 4348 675 4421 dum.
710 4346 840 4421 Nam
865 4346 1187 4421 rusticitatis
1218 4354 1302 4421 est
1328 4346 1629 4421 symbolum
1661 4348 1944 4421 $790.31?)
1973 4355 2105 4421 φωνῇ

524 4419 707 4483 λαλεῖν,
742 4417 793 4471 id
824 4425 927 4478 est,
959 4415 1066 4469 alta
1097 4431 1228 4470 voce
1249 4408 1417 4485 loqui,
1449 4416 1623 4484 inquit
1661 4408 2098 4485 Theophrastus;

526 4491 844 4543 charactere
870 4488 935 4541 de
982 4486 1299 4540 rusticitate.
1326 4484 1492 4540 'Unde
1516 4485 1656 4555 apud
1678 4484 1924 4540 Plautum
1953 4486 2106 4542 initio

528 4558 869 4613 Mostellariie
892 4557 1161 4611 clamosus
1184 4557 1263 4610 sic
1291 4555 1646 4626 objurgatur:

654 4658 781 4717 Quid
803 4657 887 4705 tibi
909 4655 1104 4717 malum,
1130 4656 1208 4704 hic
1233 4666 1347 4704 ante
1372 4656 1505 4703 aedes
1526 4655 1784 4704 clamitatio
1811 4655 1927 4705 est?

651 4723 726 4769 An
752 4720 851 4767 ruri
877 4730 1053 4766 censes
1080 4727 1131 4767 te
1157 4718 1306 4768 esse?
1327 4717 1557 4766 Abscede
1579 4719 1642 4766 ab
1660 4718 1862 4768 aedibus.

654 4781 743 4830 Abi
769 4793 868 4841 rus,
890 4779 968 4827 alii
992 4780 1201 4828 directe.
1267 4812 1283 4829 .
1351 4815 1363 4827 .
1431 4814 1446 4829 .
1512 4816 1526 4830 .

600 4875 622 4904 ο
674 4864 1000 4918 Brevissime.
1043 4861 1122 4916 Ita
1144 4862 1197 4917 in
1227 4861 1425 4931 Regula
1450 4877 1575 4928 ms.,
1600 4861 1653 4915 id
1676 4868 1758 4915 est
1777 4862 2106 4930 parcissime.

527 4934 625 4991 Vel
648 4944 793 5005 certe
824 4932 1140 5005 legendum,
1160 4932 1484 4986 brevissimi?

597 5005 624 5043 ἀ
676 5000 1038 5058 Bibitioaibus.
1086 5002 1143 5057 Id
1174 5012 1275 5064 est,
1300 5001 1680 5071 potationibus.
1720 5000 1834 5055 Hoc
1854 5001 2112 5055 vocabulo

529 5074 700 5128 utitur
725 5074 781 5129 S.
816 5073 1080 5129 Caesarius
1107 5073 1542 5142 archicpiscogms
1565 5072 1913 5133 Arelatensis,
1946 5085 2107 5125 serm.

528 5145 581 5198 6.
645 5163 661 5195 ‹
692 5144 824 5197 Nam
863 5145 955 5212 qui
993 5145 1060 5199 de
1092 5145 1258 5199 choro
1292 5142 1631 5212 psallentium
1671 5142 1712 5194 it
1746 5142 1811 5195 ad
1846 5156 2113 5197 comessa—

529 5214 708 5269 tiones
731 5210 1059 5275 inhouestas,
1091 5213 1484 5282 bibitionesque
1515 5210 1759 5266 furtivas.
1789 5231 1808 5263 ι

605 5296 628 5323 ο
676 5283 1096 5338 Excessionibus.
1139 5282 1193 5337 ld
1219 5291 1318 5343 est,
1355 5282 1687 5336 excessibus.

605 5353 626 5392 τ
677 5353 815 5418 Quia
849 5353 980 5407 sicut
1013 5353 1338 5407 subditorum
1374 5353 1517 5417 vitia,
1550 5361 1654 5406 etc.
1700 5351 1852 5405 Nota.
1903 5350 2112 5405 Subditi

530 5424 620 5480 hic
644 5440 671 5476 a
697 5423 930 5493 prtelatis
955 5423 1264 5494 iudicantur
1282 5440 1293 5474 :
1312 5424 1405 5494 sed
1429 5423 1634 5494 praelati
1669 5440 1697 5475 a
1730 5420 2113 5494 progse‘verius

530 5491 767 5562 quidem,
798 5491 985 5562 nempe
1012 5494 1066 5546 in
1103 5493 1193 5547 illo
1238 5493 1580 5548 severissime
1620 5500 1675 5547 et
1713 5491 2113 5546 districtissimo

529 5562 730 5636 judicio
749 5562 1026 5682 iudicandi
1053 5571 1196 5617 sunt.

608 5635 632 5671 ε
666 5630 744 5682 Cu
770 5648 846 5682 me
874 5636 1091 5682 modus;
1131 5632 1186 5682 ιιι

608 5635 632 5671 ε
666 5630 846 5700 Culpa:
874 5636 1091 5687 modus;
1130 5632 1186 5685 ιιι
1219 5641 1323 5694 εει,
1352 5632 1520 5702 culpa:
1546 5632 1703 5691 ratio,
1745 5631 1951 5686 scilicet
1992 5645 2111 5700 gra-

533 5702 812 5772 vitas,_aut
832 5702 1038 5764 levitas,
1070 5702 1295 5770 alimque
1321 5703 1756 5756 cirrmnstantize.

604 5773 632 5812 ιι
670 5769 1006 5825 Ῥεητηιὶον.
1052 5772 1104 5825 ld
1134 5769 1234 5832 est,
1273 5773 1530 5839 asprrior,
1564 5772 1827 5826 accriior.

2245 3268 2273 3341 §
2307 3266 2625 3321 Xlll.——Ex
2663 3265 2885 3319 Recuu
2919 3277 3109 3318 sucu
3158 3261 3425 3316 Fenaeou
3462 3259 3581 3329 (cap.
3614 3251 3702 3322 22).

2283 3361 2356 3418 Ut
2390 3360 2682 3415 convitium
2715 3357 2801 3412 vel
2828 3357 3178 3413 maledictum
3207 3373 3270 3411 ex
3295 3370 3387 3411 ore
3414 3350 3629 3408 monachi
3650 3362 3725 3401 non

2206 3453 2494 3525 procedat;
2539 3467 2712 3521 neque
2746 3450 2929 3522 lingua
2969 3450 3025 3505 in
3057 3450 3407 3520 impatientia:
3434 3444 3724 3503 excitatione:

2207 3546 2384 3602 soluta
2429 3543 2750 3600 effrenatum
2803 3543 2932 3612 quid
2975 3542 3255 3597 ministret
3296 3540 3443 3596 ostiis
3481 3537 3724 3591 labiorum;

2207 3637 2303 3691 sed
2344 3642 2647 3690 commotus
2692 3634 2769 3689 ira
2850 3639 2903 3705 (ι’
2947 3642 3009 3689 ut
3057 3642 3145 3688 est
3192 3626 3559 3698 humanitatis),
3586 3625 3725 3680 dicat:

2208 3724 2376 3791 Pone,
2429 3724 2671 3790 Domine,
2719 3724 3016 3779 custodiam
3052 3724 3136 3778 ori
3184 3740 3318 3788 meo,
3359 3731 3404 3776 et
3447 3720 3612 3774 ostium
3645 3715 3723 3768 cir-

2282 3862 2301 3902 ί
2353 3858 2435 3915 Ad
2462 3858 2711 3914 indiciam
2741 3857 2839 3913 sibi
2871 3858 3074 3912 horam.
3118 3855 3323 3913 lndicta
3354 3858 3476 3911 hora
3503 3860 3593 3915 est,
3623 3844 3723 3913 utsi

2210 3930 2403 3985 fratres
2432 3938 2610 3994 sexta,
2642 3928 2732 3983 ille
2757 3944 2918 3991 nona,
2951 3927 3038 3982 ille
3066 3943 3293 3997 vespere
3323 3926 3529 3981 reficiat.

2279 4000 2293 4053 i
2352 4001 2618 4055 Fiaiatur.
2652 3999 2706 4053 Id
2730 4007 2834 4061 est,
2860 3998 3273 4053 determinetur.

2278 4072 2306 4112 ι
2345 4071 2429 4125 Ea
2477 4080 2649 4124 tamen
2673 4068 2893 4138 Regula.
2939 4066 3104 4137 Supp.
3164 4075 3384 4122 seruata.
3433 4062 3723 4138 [iamautem

2207 4149 2453 4212 spectant
2472 4142 2536 4194 ad
2563 4140 2704 4194 leves
2726 4130 2935 4207 culpas,
2956 4130 3186 4212 q_u'a'rum
3209 4150 3413 4207 pinnam
3433 4130 3723 4212 difiinit,lmux

2207 4198 2273 4268 de
2311 4212 2647 4281 gravioribus
2684 4198 2930 4281 acturus.
2970 4198 3037 4260 Et
3075 4198 3267 4281 sensus
3303 4212 3413 4258 est:
3440 4198 3723 4281 quemadmo-

2205 4269 2340 4337 duni
2374 4282 2444 4336 ob
2484 4281 2628 4335 leves
2670 4279 2857 4347 culpas
2897 4278 3394 4332 excommunicatus
3423 4269 3512 4328 suo
3552 4269 3652 4347 loco
3683 4269 3722 4316 in

2205 4335 2395 4407 mensa
2423 4352 2683 4420 privatur,
2713 4335 2783 4402 ita
2818 4349 2871 4402 iu
2900 4347 3129 4420 ecclesia
3158 4353 3473 4420 segrcgctur,
3498 4349 3547 4395 et
3567 4335 3721 4420 nullum

2205 4414 2471 4492 psalmum
2501 4428 2684 4476 cantet
2707 4437 2719 4473 :
2743 4419 2805 4492 si
2826 4428 3005 4472 tamen
3028 4414 3292 4492 ejusmodi
3310 4414 3725 4469 excommunicauo

2133 4512 2183 4571 D
2207 4488 2506 4571 excesserit
2530 4499 2735 4559 septem
2758 4490 2967 4571 dierum
2992 4488 3246 4571 spatium.
3292 4556 3304 4568 _
3327 4555 3341 4571 ‘
3377 4562 3392 4571 Δ
3416 4568 3457 4571 r_
3684 4541 3699 4571 ἒ

2290 4560 2309 4600 1
2361 4562 2512 4618 Sicut
2563 4552 2605 4615 ᾰ
2649 4575 2848 4613 mensa.
2912 4552 3220 4626 Legendum
3254 4555 3493 4615 videtur,
3538 4552 3647 4601 sicut
3684 4554 3722 4592 tl

2212 4648 2412 4686 mensa.
3695 4678 3703 4688 .

2284 4712 2322 4738 ιη
2363 4702 2429 4756 In
2466 4701 2579 4754 loco
2607 4701 2662 4753 in
2696 4715 2797 4769 quo
2833 4706 2987 4769 antea
3024 4697 3215 4765 fuerat.
3265 4694 3375 4749 Non
3413 4701 3568 4748 tamen
3591 4695 3725 4750 serpu-

2213 4780 2324 4837 tur,
2351 4782 2410 4826 ιιι
2438 4773 2493 4827 in
2524 4770 2630 4825 alio
2654 4766 2773 4823 loco
2804 4766 3070 4837 psalmum
3105 4774 3304 4837 cantet.

2284 4824 2324 4879 ἱ(
2354 4824 2558 4897 Ciam.
2610 4839 2669 4893 S.
2707 4824 3030 4892 Benedictus
3071 4836 3233 4899 dicit,
3269 4824 3617 4902 imponat._Ex
3646 4831 3722 4902 {illo

2211 4891 2686 4982 patet—idemvcsse
2710 4891 3023 4978 rimponere.
3066 4922 3131 4961 ac
3165 4891 3402 4961 cantare.
3442 4898 3535 4953 Sed
3566 4894 3620 4948 de
3648 4891 3721 4942 hoc

2212 4981 2378 5036 verbo
2408 4981 2568 5036 infra.
2836 5048 2845 5051 _
2931 5048 2944 5051 _
3006 5047 3017 5051 _
3233 5043 3275 5051 __
3434 5038 3465 5051 ..

2285 5030 2651 5121 {Collatiam
2680 5058 2783 5121 etc.
2823 5047 3192 5121 Archaismus.
3233 5043 3364 5098 Nam
3400 5038 3518 5095 olim
3549 5030 3720 5086 verbum

2214 5118 3130 5197 fruarLaccusativojungebatur.A
3237 5192 3248 5197 Α
3346 5191 3357 5197 _
3390 5180 3401 5190 ,
3442 5167 3665 5197 Omna“:

2957 5169 3033 5260 ⁸Μ
3054 5194 3169 5260 est,
3196 5192 3255 5260 ut
3283 5191 3364 5235 est
3390 5169 3668 5260 infirmitatis
3683 5169 3721 5210 Η

2214 5262 2594 5317 imbecillitatis
2616 5262 2884 5315 humanae.
2911 5247 3169 5310 Phaedrus
3196 5253 3287 5307 lib.
3317 5266 3373 5305 ut
3405 5247 3557 5301 Faba

2400 5353 2693 5401 Humanitati
2718 5351 2802 5409 qui
2825 5361 2880 5397 se
2900 5360 2994 5395 non
3017 5344 3350 5409 accommodat,

2399 5413 2696 5474 Plerumque
2720 5405 2781 5472 pa
2802 5424 2888 5459 nas
2905 5411 3093 5470 oppetit
3116 5405 3368 5466 superbiae.

2213 5496 2305 5553 Sic
2328 5498 2635 5558 humanum,
2672 5494 2811 5563 apud
2848 5491 3158 5546 Terentium
3190 5489 3242 5541 in
3268 5476 3618 5539 Heautontim.
3637 5470 3718 5519 πῖ·

2212 5568 2256 5631 ¹’
2289 5583 2489 5683 scilr'nno
2511 5649 2635 5695 sum,
2658 5635 2851 5681 immani
2877 5646 2902 5680 a
2928 5644 3008 5679 me
3034 5629 3153 5678 nihil
3176 5626 3377 5674 alienum
3399 5626 3519 5695 putu-

2213 5699 2285 5751 l'2t
2329 5675 2635 5750 humanum,
2673 5698 2890 5759 factum,
2934 5695 3198 5747 humanus
3239 5700 3401 5743 error,
3439 5694 3496 5732 ex
3534 5675 3609 5726 hut

2213 5768 2501 5835 fragilitate.
2530 5782 2773 5820 manans.

3611 5673 3718 5719 naua
