3940 6196
161 280 269 337 995

1088 275 1483 333 CONCORDIA
1519 274 1972 331 REGULARUM.
2010 305 2079 314 —
2117 274 2264 335 CAP.
2307 274 2496 331 XXXI.

3323 285 3434 365 99s

155 388 491 447 cumstantia:
514 385 666 441 labiis
688 388 817 441 meis
838 384 1011 457 (Psal.
1037 387 1185 459 CXL).
1209 387 1479 458 Adjungat
1498 394 1552 442 et
1571 385 1701 440 illud
1726 402 1740 439 :
1770 391 1816 447 Α
1845 387 2174 463 promoveri,
2204 402 2290 451 ne,
2328 389 2509 444 addita
2536 388 2816 460 dignitate,
2846 392 3088 449 radicata
3113 393 3170 450 in
3194 395 3274 452 eis
3300 410 3445 467 pra:-

156 482 308 545 Dian,
342 477 651 533 Custodiam
679 477 790 530 aias
820 493 995 542 meas;
1023 486 1078 530 ut
1104 494 1211 531 non
1240 476 1539 546 delinquam
1568 475 1624 527 in
1652 472 1753 527 lin—
1851 476 2087 545 sumptio
2123 477 2492 546 praevalescat.

153 591 260 642 gua
291 587 409 625 mea
448 567 621 642 (Psal.
654 568 903 640 xxxvm).
942 568 1157 624 Habens
1193 568 1323 624 illud
1354 567 1598 638 Apostoli
1627 574 1752 620 ante

153 662 343 717 oculos
378 674 541 715 suos:
569 658 708 724 Quia
740 675 901 728 neque
935 659 1176 713 maledics
1212 675 1428 728 regnum
1462 658 1558 711 Dei
1585 656 1752 726 possi-

150 758 351 806 debunt
382 748 526 821 (Cor.
561 749 656 821 vi).
706 748 763 805 Si
796 751 917 820 quis
952 765 1083 821 ergo
1124 750 1211 805 bis
1244 750 1539 805 indomitus
1571 756 1754 803 mente

151 842 488 913 proruperit,
522 856 546 881 ι
578 842 797 912 triginta
824 843 1011 897 diebus
1034 843 1106 898 ab
1131 843 1373 898 omnium
1396 842 1626 896 fratrum
1646 840 1756 895 col-

152 933 339 1000 loquio
370 932 636 986 habeatur
671 932 896 993 alienus,
941 933 1111 987 donec
1138 947 1439 1002 agnoscens
1474 948 1534 987 se
1572 932 1599 971 δ
1637 938 1787 1011 tan-‘

155 1021 438 1074 tummodo
469 1021 522 1073 in
560 1020 979 1091 congregatione
1013 1032 1035 1060 ο
1069 1021 1414 1076 solitudinem
1437 1022 1752 1081 incurrisse,

152 1111 372 1164 veniam
400 1110 566 1181 eligat
590 1110 887 1180 postulare.
982 1114 987 1117 ’

516 1221 544 1293 §
580 1221 1057 1277 XIV.——Ewsnr.n
1092 1223 1238 1294 (cap.
1280 1222 1394 1293 29).

226 1314 311 1369 Ad
328 1314 450 1368 illos
479 1313 570 1382 qui
596 1321 716 1383 post
742 1314 1132 1368 correctionem
1158 1314 1535 1384 impugnantes
1553 1312 1755 1381 judicia

153 1405 435 1460 seniorum
457 1403 702 1457 nituntur
716 1417 978 1458 excusare
990 1411 1296 1471 peccatum,
1313 1412 1486 1457 etnon
1502 1403 1567 1456 ad
1584 1404 1760 1473 pmni—

155 1495 387 1550 tentiam
404 1494 780 1549 recordatione
809 1494 1017 1558 delicti,
1032 1494 1125 1548 sed
1151 1494 1218 1547 ad
1236 1494 1488 1548 duritiam
1514 1494 1761 1565 indigna-

152 1586 326 1641 tionis
356 1584 581 1639 nimium
616 1584 1002 1653 migraverint;
1043 1584 1071 1623 ά
1100 1585 1307 1655 respice
1346 1585 1503 1640 istam
1539 1595 1759 1639 senten-

154 1676 292 1729 tiam
313 1692 327 1727 :
347 1685 407 1729 ut
427 1686 450 1714 θ
468 1674 706 1744 quandiu
730 1689 759 1727 a
784 1675 1061 1743 proposita
1086 1674 1759 1741 intentione'revocentur,

1906 570 1921 583 ”
1992 584 2160 658 μιν.
2186 617 2259 626 -
2286 586 2422 642 Item
2464 588 2699 659 ejusdem
2735 590 2824 663 (ea:
2859 592 3040 647 eodem
3080 594 3294 665 capite).

1922 675 2046 730 lllos
2084 677 2248 747 igitur
2271 679 2566 734 monachos
2592 695 2729 749 quos
2751 676 2837 736 vel
2866 684 3024 737 unius
3048 682 3154 738 diei
3182 685 3305 741 linis
3336 688 3447 744 dis-

1856 768 2045 822 cordes
2076 768 2367 835 invenerit,
2411 771 2503 839 qui
2537 786 2707 840 usque
2741 773 2807 827 ad
2848 789 3130 844 vesperam
3174 775 3296 831 lites
3335 785 3447 832 tra-

1855 858 2011 921 hunt,
2040 865 2096 912 et
2121 865 2250 912 ante
2278 874 2388 913 non
2419 860 2712 914 excludunt
2736 864 2916 917 odium
2941 880 3104 934 quam
3132 866 3211 920 sol
3245 881 3446 936 cogno-

1856 954 1975 1002 scat
2011 963 2268 1003 occasum
2302 949 2462 1020 (Eph.
2508 949 2604 1019 iv),
2634 951 2727 1020 qui
2753 952 2781 991 ιι
2806 953 3003 1008 dicenti
3052 955 3312 1024 Apostolo
3347 973 3448 1028 per

1858 1038 2279 1092 inobedientiam
2304 1039 2704 1105 contradicunt,
2736 1042 3023 1097 statuimus
3063 1045 3248 1099 tandiu
3279 1046 3447 1101 absti-

1857 1128 2040 1182 nentia
2080 1128 2456 1192 macerandos,
2503 1130 2737 1200 quandiu
2788 1131 2856 1185 ad
2889 1147 3071 1186 veram
3118 1148 3177 1188 se
3219 1150 3447 1191 concor-

1858 1221 2000 1276 diam
2033 1220 2280 1276 ultronea
2316 1221 2690 1278 satisfactione
2721 1231 3059 1278 convertant.
3096 1223 3304 1291 Quibus
3324 1234 3448 1297 post

1858 1310 2121 1382 longumi
2161 1312 2475 1367 scandalum
2515 1313 2804 1383 paciﬁcare
2858 1315 2911 1368 in
2957 1316 3169 1371 occulto
3227 1332 3335 1371 non
3383 1317 3450 1372 li-

1859 1408 2001 1463 ceat,
2039 1416 2105 1456 ne
2134 1401 2335 1471 aliquid
2366 1402 2549 1457 fictum
2581 1405 2790 1472 paritas
2812 1405 3100 1461 cliaritatis
3141 1407 3393 1463 admittat
3430 1422 3445 1462 :

1861 1494 1954 1547 sed
1978 1493 2049 1547 sit
2077 1508 2265 1547 eorum
2297 1494 2666 1549 reconciliatio
2694 1497 2927 1565 publica,
2959 1513 3188 1565 quorum
3231 1497 3289 1551 fit
3328 1500 3437 1554 dis-

1862 1584 2047 1637 cordia
2113 1583 2417 1638 manifesta.
2465 1583 2750 1641 Fratribus
2789 1602 2918 1654 ergo
2965 1588 3175 1642 cunctis
3217 1590 3448 1643 astanti-

1861 1674 1963 1729 bus
2000 1675 2209 1729 veniam
2264 1675 2493 1729 invicem
2541 1676 2838 1745 postulent,
2881 1678 3007 1747 quia
3052 1688 3279 1747 uterque
3322 1694 3449 1734 rcus

156 1775 213 1819 et
231 1764 252 1803 ί
274 1780 403 1819 cum
418 1777 513 1819 ore
528 1764 724 1819 mentis
751 1763 1041 1819 manifesta
1067 1765 1443 1820 emendatione
1457 1765 1756 1836 deponant,
1789 1774 1835 1832 Β
1864 1764 2118 1818 diuturna
2146 1763 2420 1818 simultate
2451 1772 2691 1829 notatur,
2720 1765 2848 1819 dum
2888 1782 3028 1821 unus
3058 1767 3447 1838 indulgentiam

155 1854 459 1918 secundum
487 1853 771 1908 arbitrium
788 1854 999 1909 abbatis
1011 1855 1192 1909 arduae
1202 1854 1425 1910 omnino
1448 1855 1766 1924 subjaceant

152 1945 490 2015 disciplinas:
507 1944 632 2014 quia
644 1959 753 1999 non
769 1944 1024 2000 dixerunt
1043 1963 1056 1999 :
1086 1945 1367 2000 Peccatum
1382 1963 1554 2001 meum
1567 1963 1658 2016 ego
1673 1963 1763 2000 co-

152 2052 354 2105 gnosco
367 2052 387 2100 ;
403 2036 498 2090 sed
512 2035 785 2101 dixerunt,
806 2036 952 2104 quod
967 2038 991 2076 ε
1005 2036 1059 2090 in
1082 2035 1217 2091 Isaia
1239 2037 1503 2106 propheta
1516 2036 1583 2092 de
1598 2036 1765 2092 rebel-

154 2126 311 2182 libus
327 2127 526 2198 legitur
541 2144 555 2180 :
576 2126 773 2181 Nullus
788 2137 861 2181 est
874 2128 964 2198 qui
977 2138 1099 2198 agat
1113 2128 1466 2199 paenitentiam
1480 2145 1639 2201 super
1647 2145 1767 2200 pec—

153 2228 338 2273 catum
351 2233 523 2282 suum,
539 2217 716 2271 dicens
733 2231 752 2268 :
771 2216 912 2282 Quid
922 2218 1021 2287 feci
1040 2218 1063 2253 ’
1085 2218 1165 2273 Illi
1178 2234 1412 2289 namque
1424 2219 1764 2290 seprioribus

154 2317 531 2378 anteponunt,
562 2314 617 2362 et
647 2306 873 2362 aliorum
914 2307 1031 2363 loca
1066 2323 1173 2363 non
1218 2310 1547 2365 erubescunt
1579 2309 1768 2366 elatio-

153 2397 248 2453 nis
273 2397 409 2451 vitio
436 2397 724 2461 invadere,
756 2413 820 2452 ac
848 2398 1135 2467 prmceptis
1166 2398 1459 2455 Dominicis
1492 2401 1765 2455 contradi-

152 2497 317 2554 cunt,
357 2489 555 2558 quibus
587 2488 662 2542 ita
695 2483 954 2556 iubemur
978 2508 992 2542 :
1019 2488 1328 2561 Quicunque
1368 2490 1587 2544 voluerit
1629 2491 1767 2544 inter

152 2598 247 2637 vos
267 2580 446 2650 major
469 2579 586 2649 ﬁeri
605 2619 620 2646 ,
645 2580 712 2633 sit
740 2589 905 2634 uester
931 2579 1168 2634 minister
1194 2578 1409 2651 (Matth.
1440 2580 1531 2652 xx)
1558 2597 1572 2645 ς
1601 2590 1647 2635 et
1675 2581 1764 2651 qui

152 2670 384 2726 voluerit
409 2670 545 2723 inter
564 2686 651 2724 vos
671 2669 872 2739 primus
900 2685 1029 2734 esse,
1057 2670 1154 2724 erit
1181 2680 1344 2724 vester
1360 2686 1538 2724 servus
1566 2670 1760 2741 (Marc.

154 2761 241 2834 ι).
289 2760 520 2816 Ahbatis
542 2759 623 2815 vel
658 2759 823 2815 etiam
856 2759 1188 2830 reliquorum
1226 2761 1594 2830 increpatione
1635 2776 1768 2815 con-

155 2856 273 2912 fusi
306 2856 375 2911 ad
407 2855 583 2911 locum
622 2855 898 2926 proprium
936 2870 1097 2925 quem
1140 2856 1473 2925 reliquerant
1503 2872 1763 2912 revocen-

154 2961 296 3005 tur:
323 2962 461 3019 quos
503 2948 573 3005 ad
614 2944 875 3016 majorem
913 2946 1140 3019 gradum
1180 2943 1386 3003 tardius
1422 2946 1765 3003 decernimus

236 3103 800 3193 {factitantem
840 3113 958 3193 es:
974 3103 1146 3193 ﬁes
1160 3101 1283 3193 tu:
1297 3104 1688 3193 -9'5!“..‘!§§“”?
1722 3120 1757 3193 9
1787 3131 1831 3193 c

153 3177 363 3248 priscis
388 3175 512 3248 illis
549 3175 802 3230 Patribus
833 3175 1411 3248 excommunicationis
1441 3176 1608 3240 ratio,
1640 3191 1759 3245 quae

153 3245 320 3304 certo
366 3247 600 3311 dierum,
648 3253 747 3300 aut
788 3245 1077 3308 mensium,
1114 3254 1205 3298 aut
1243 3260 1507 3301 annorum
1537 3260 1761 3300 numero

155 3317 436 3373 diﬂinitur
467 3330 567 3387 pro
604 3315 921 3387 delictorum
955 3314 1134 3387 modo,
1178 3323 1234 3369 et
1273 3315 1481 3387 ratione
1518 3314 1580 3387 S.
1621 3315 1759 3387 It‘ruf

154 3398 389 3443 ctuosus
415 3384 700 3456 epist-Opus
733 3385 1104 3456 Bracarensis,
1126 3399 1245 3456 cap.
1268 3385 1330 3438 l7
1363 3384 1620 3453 Regulae:
1658 3403 1676 3435 ι
1702 3384 1761 3438 Si

158 3474 265 3513 nec
320 3456 403 3511 sic
448 3453 525 3526 se
560 3453 965 3526 emendaverit,
1016 3453 1313 3526 ﬂagelletur
1355 3455 1656 3526 acerrime,
1709 3466 1765 3508 et

159 3529 333 3582 trium
357 3525 627 3581 mensium
659 3525 833 3594 spatio
866 3524 1440 3594 excommunicationis
1471 3524 1761 3594 vindictam

157 3597 475 3665 suscipiens
503 3596 603 3665 sub
628 3592 962 3665 plenitentite
985 3592 1321 3665 districtione
1350 3593 1497 3665 solus
1521 3593 1779 3665 recluda—'

158 3677 255 3721 tur
278 3662 337 3720 iii
358 3664 550 3720 cella.»
571 3662 901 3726 Sflsidorus,
925 3678 1045 3732 cap.
1064 3664 1127 3716 l7
1152 3662 1428 3734 Regulam
1452 3663 1572 3717 Hcec
1603 3664 1765 3734 igitur

156 3747 215 3791 et
240 3737 336 3791 his
357 3734 559 3789 similia
580 3735 827 3789 triduana
847 3732 1407 3788 exconimunicatione
1429 3732 1763 3786 emendanda

160 3817 323 3861 sunt.
348 3824 367 3856 ι
428 3803 495 3858 Et
535 3818 654 3874 cap.
698 3804 808 3857 18:
847 3823 866 3855 ι
899 3803 957 3858 Si
998 3802 1487 3874 excommunicatio
1534 3802 1763 3874 biduana

160 3876 361 3939 fuerit,
400 3871 870 3929 excommunicato
920 3872 1054 3928 nihil
1116 3871 1356 3927 alimenti
1418 3872 1764 3926 tribuendum

158 3954 268 4001 est.
302 3962 324 3996 ι
351 3943 653 3999 Concilium
687 3944 1025 4014 Epaonense,
1054 3957 1175 4014 can.
1204 3942 1318 4014 διε
1353 3959 1370 3992 ι
1394 3942 1468 4014 Si
1488 3943 1612 4012 quis
1645 3956 1764 3997 ser-

160 4031 295 4069 vum
324 4014 604 4095 proprium
632 4011 751 4095 sine
768 4013 1101 4095 conscientia
1130 4011 1332 4095 iudicis
1361 4013 1638 4094 occiderit,
1666 4026 1765 4066 ex-

160 4082 665 4153 comniunicatione
702 4084 905 4138 biennii
943 4082 1315 4138 confusionem
1356 4083 1634 4153 sanguinis
1671 4097 1767 4136 ex-

159 4154 363 4227 piabit.
389 4174 409 4205 »
437 4152 734 4208 Concilium
758 4154 1157 4227 Eliberitinum,
1175 4167 1295 4207 can.
1325 4152 1394 4207 55
1418 4170 1432 4205 :
1462 4152 1480 4204 ι
1505 4152 1770 4207 Sacerdo-

162 4224 248 4280 tes
297 4224 345 4278 si
393 4232 601 4277 tantum
646 4224 1067 4278 sacriﬁcantium
1109 4236 1363 4277 coronam
1396 4230 1630 4291 portant,
1667 4237 1770 4277 nec

160 4294 507 4357 sacriﬁcant,
538 4306 637 4347 nec
662 4292 730 4347 de
760 4295 872 4347 suis
896 4293 1199 4362 sumptibus
1226 4291 1426 4361 aliquid
1452 4292 1606 4346 idolis
1629 4306 1769 4360 prae-

159 4374 351 4428 stant,
398 4362 599 4432 placuit
641 4372 758 4432 post
811 4363 1087 4418 biennium
1135 4362 1381 4432 accipere
1417 4363 1768 4432 communio-

160 4450 316 4489 nem.
341 4455 361 4486 ι
398 4429 709 4504 Concilium
734 4432 1042 4504 Agathense
1065 4446 1187 4504 can.
1215 4429 1323 4504 ῥὶς
1359 4449 1379 4482 ‹
1409 4429 1471 4504 Si_
1499 4432 1622 4504 quis
1643 4447 1768 4502 pro-

159 4504 350 4574 prium
378 4518 599 4574 servum
632 4503 749 4557 sine
784 4501 1114 4574 conscientia
1139 4501 1335 4574 iudicis
1361 4501 1653 4574 occiderit,
1671 4516 1768 4555 ex-

159 4571 706 4637 communicatione,
762 4574 848 4628 vel
902 4571 1233 4642 paenitentia
1282 4571 1488 4626 biennii
1555 4581 1768 4626 reatum

161 4641 509 4699 emendabit.
541 4662 561 4695 ι
619 4642 687 4697 Et
726 4659 845 4697 can.
896 4639 1011 4712 seq.
1043 4660 1055 4694 :
1094 4660 1110 4692 ι
1145 4639 1403 4712 Triennio
1451 4657 1482 4694 a
1529 4655 1771 4695 commu-

162 4715 335 4768 nione
382 4713 664 4781 priventur
713 4710 990 4768 Ecclesiae:
1021 4731 1040 4763 ι
1083 4710 1470 4781 Anrelianense
1509 4726 1594 4776 ιιι,
1643 4726 1767 4765 can.

159 4784 195 4837 4
222 4802 236 4836 :
268 4801 289 4832 ι
316 4780 476 4849 Ωιιοὰ
499 4783 543 4836 si
571 4782 798 4851 quilibet
818 4784 1139 4844 antistitum,
1169 4780 1254 4834 vel
1272 4781 1595 4835 clericorum
1624 4781 1770 4850 quod

162 4868 337 4923 supra
357 4850 621 4923 scriptum
643 4861 747 4917 est,
762 4853 933 4923 vitare
951 4850 1439 4923 voluerit,_trieiinii
1461 4865 1742 4905 excommu
1758 4881 1773 4893 -

164 4920 454 4978 uicatione
476 4920 761 4976 multetur.
807 4942 827 4975 ι
862 4921 1162 4977 Concilium
1201 4920 1513 4975 Turonense
1546 4936 1609 4984 ιι,
1639 4936 1761 4975 can.

160 4995 237 5045 ‘20
272 5012 287 5045 :
327 5011 346 5042 σ
378 4990 513 5046 Nam
539 4993 586 5045 si
616 4993 862 5048 inventus
890 4992 1052 5047 fuerit
1072 4989 1354 5061 presbyter
1380 5006 1501 5044 cum
1530 5006 1625 5045 sua
1653 5005 1769 5059 pre-

162 5062 421 5134 sbytera,
460 5073 552 5116 aut
587 5063 844 5118 diaconus
874 5077 999 5134 cum
1028 5060 1124 5134 sua
1165 5060 1614 5134 diaconissa,_aut
1640 5062 1768 5114 sub-

163 5131 439 5186 diaconus
476 5148 601 5187 cum
644 5148 738 5187 sua
776 5132 1198 5189 subdiaconissa.
1248 5145 1447 5184 annum
1497 5131 1765 5199 integrum

162 5204 677 5258 excommunicatus
726 5202 1041 5256 habeatur.»
1079 5200 1375 5259 Concilium
1444 5199 1717 5254 Nicaemnn
1747 5240 1762 5263 ,

162 5286 294 5343 can.
332 5273 389 5326 ll
426 5282 481 5326 et
509 5272 692 5327 multis
714 5272 853 5343 aliis.
891 5272 1406 5343 Ancyranum,can.
1432 5286 1504 5324 iv.
1537 5270 1591 5324 S.
1618 5270 1768 5323 Basi-

165 5341 301 5421 lius,
316 5343 478 5421 epist.
494 5344 528 5396 3
551 5344 619 5421 ad
645 5341 1096 5421 Amphilocbium,
1119 5356 1240 5421 can:
1264 5342 1333 5395 58
1357 5358 1370 5394 :
1399 5351 1454 5421 ’φ
1474 5343 1767 5421 μοιχιρσαᾼς

162 5413 223 5483 ἄη
240 5481 254 5483 _
272 5419 337 5466 ιε’
351 5408 534 5467 intra
558 5408 885 5474 ἀωινῶὗητος
926 5412 1073 5468 ἔσται
1100 5408 1196 5465 τῶν
1209 5408 1569 5483 ἆνινσμάτὶρινέ
1586 5408 1638 5463 il
1664 5419 1764 5472 est,

170 5498 190 5530 ι
207 5480 461 5536 litterulis
488 5483 791 5551 quindecim
822 5483 978 5537 annis
997 5497 1027 5535 a
1050 5480 1510 5551 sacramentOrnm
1528 5495 1770 5535 commu-

165 5566 339 5605 nione
366 5550 664 5608 arcebitur.
691 5572 710 5604 ι
741 5552 809 5607 Et
834 5552 1016 5607 multis
1044 5550 1165 5607 aliis
1191 5554 1345 5607 locis.

189 5622 273 5741 αδ
329 5620 372 5743 '1“
374 5624 737 5743 antuilnmodo.
787 5622 1048 5677 Videntur
1091 5622 1279 5677 deesse
1326 5623 1440 5676 itth
1479 5622 1664 5683 varia,
1704 5622 1767 5676 ab

232 5730 249 5743 ι
283 5706 347 5743 γε·
390 5708 513 5743 511111
540 5709 609 5743 ιςι.

165 5690 249 5755 id,
283 5690 367 5743 vel
390 5691 609 5745 similia.

1864 1863 2049 1926 petere
2069 1855 2302 1921 destitit,
2333 1864 2428 1909 aut
2451 1857 2587 1911 alter
2614 1857 2789 1927 rogari
2822 1857 3134 1913 desiderans
3155 1875 3260 1913 non
3285 1860 3447 1913 dimi-

1864 1948 1952 2001 sit.
1979 1945 2046 2000 Et
2065 1945 2187 2001 ideo
2214 1947 2412 2016 impius
2439 1947 2641 2001 mansit
2669 1946 3013 2016 impwnitens
3033 1967 3044 2001 :
3062 1948 3153 2002 hic.
3188 1949 3450 2003 damnan-

1865 2037 1966 2091 dus
1995 2045 2290 2106 posterum,
2323 2037 2412 2091 ille
2447 2046 2571 2105 post
2609 2036 2844 2107 culpam.
2889 2036 3179 2107 Propterea
3209 2039 3450 2094 offensus

1864 2127 1969 2182 iste
2009 2127 2148 2182 iram
2180 2127 2233 2181 in
2267 2134 2580 2197 contemptu
2627 2126 2903 2198 Evangelii
2943 2144 3048 2181 non
3079 2130 3329 2192 retineat,
3356 2128 3459 2185 sed

1864 2217 1973 2274 cito
1994 2218 2059 2274 ad
2080 2218 2212 2273 illud
2236 2217 2508 2273 recurrati
2534 2218 2870 2289 exemplum:
2889 2218 3164 2283 Dimittite,
3201 2230 3249 2273 et
3275 2219 3449 2273 dimit-

1865 2316 2005 2362 tetur
2030 2308 2173 2363 vobis
2196 2308 2346 2379 (Luc.
2377 2307 2476 2380 vi).
2510 2308 2577 2362 Et
2623 2308 2753 2362 illud
2792 2307 3034 2377 Apostoli
3062 2327 3074 2362 :
3108 2309 3323 2363 Induite
3364 2326 3451 2363 t'os

1867 2383 1895 2438 Ῐί
1916 2400 2051 2452 sicut
2078 2399 2225 2454 electi
2248 2399 2368 2464 Dei,
2394 2410 2443 2453 et
2471 2398 2649 2452 dilecti
2680 2401 2875 2453 viscera
2900 2400 3290 2464 misericordiae,
3308 2400 3453 2455 beni-

1863 2492 2131 2561 gnitatem,
2164 2489 2534 2553 humilitatem,
2580 2490 2909 2553 modestiam,
2949 2490 3277 2559 patientiam,
3322 2507 3448 2560 sup-

1862 2589 2127 2651 portantes
2156 2580 2393 2645 invicem,
2420 2581 2675 2633 donantes
2699 2578 3097 2648 vobismetipsis,
3137 2580 3182 2633 si
3212 2580 3327 2649 quis
3356 2580 3457 2632 ad-

1864 2690 2043 2728 versus
2093 2672 2320 2743 aliquem
2369 2673 2523 2726 habet
2566 2671 2852 2743 querelam,
2907 2671 3042 2724 sicut
3091 2680 3139 2725 et
3193 2670 3451 2726 Dominus

1864 2763 2076 2817 donavit
2107 2763 2267 2826 vobis,
2294 2762 2368 2815 ita
2403 2772 2451 2816 et
2480 2779 2566 2816 eos
2600 2758 2736 2834 (Cal.
2765 2759 2872 2831 ιιι).
2910 2759 3004 2815 Ille
3024 2775 3154 2816 vero
3179 2760 3269 2830 qui
3306 2759 3449 2828 inju-

1864 2855 2005 2908 riam
2036 2852 2236 2918 intulit,
2273 2837 2644 2921 hujuscemodi
2671 2851 2919 2922 exemplo
2942 2851 3200 2907 velociter
3242 2860 3451 2907 terrea-

1866 2953 1991 2999 tur:
2020 2942 2176 2998 Facit
2217 2942 2476 2998 Dommus
2512 2943 2780 3014 judicium
2824 2942 3080 3013 injuriam
3135 2942 3455 3014 patieniibus

1937 3108 1961 3137 θ
2012 3096 2378 3153 Solitudinem.
2432 3097 2677 3155 Solitudo
2716 3100 2821 3156 hoc
2861 3099 2982 3156 loco
3024 3109 3108 3157 est
3149 3116 3178 3155 a
3222 3100 3451 3156 fratrum

1863 3170 2120 3227 societate
2144 3169 2431 3238 separatio.

1932 3240 1959 3280 εἰ
2005 3238 2231 3313 Respice
2272 3241 2795 3313 istam_scntentiam.
2840 3240 3152 3313 Legendum
3192 3243 3452 3298 videtur;

1862 3310 2085 3381 Respicit
2107 3312 2208 3363 ista
2228 3310 2504 3365 sententia.

1938 3380 1969 3421 e’
2003 3380 2282 3453 Quandiu.
2330 3381 2387 3434 Id
2408 3381 2730 3453 _cst,7donec.
2763 3381 2820 3436 S.
2850 3380 3117 3437 Caesarius
3144 3382 3195 3435 in
3228 3383 3457 3453 Recapi-

1863 3450 2122 3505 tulatione
2149 3468 2162 3503 :
2190 3450 2477 3522 tQuandiu
2501 3452 2716 3521 dignam
2750 3453 3124 3521 paenitentiam
3155 3468 3321 3522 agens
3352 3450 3452 3506 liu-

1863 3522 2065 3576 militer
2090 3520 2301 3574 veniam
2333 3529 2501 3589 petat.
2533 3520 2573 3573 »⁷
2758 3520 2765 3521 “
3127 3537 3134 3544 ·

1942 3591 1961 3630 ί
2012 3591 2254 3661 Οιιηιᾴονε
2279 3591 2484 3661 ruentis.
2533 3590 2708 3647 Locus
2746 3599 3053 3659 corruptus.
3110 3590 3251 3661 Lege
3289 3601 3455 3645 tumo-

1866 3676 1974 3715 rem
2003 3659 2210 3723 mentis,
2247 3668 2305 3712 ut
2333 3660 2387 3712 in
2413 3660 2533 3715 cod.
2566 3661 2971 3714 Vindocinensi.

1940 3733 1965 3771 8
2003 3728 2071 3782 In
2102 3728 2265 3784 Isaia.
2297 3728 2375 3783 Ita
2403 3732 2455 3783 in
2486 3730 2586 3785 cod
2614 3730 2770 3784 Vind.
2823 3729 2929 3785 Sed
2955 3729 3041 3785 hic
3070 3729 3222 3785 locus
3252 3740 3453 3797 exstat,

1865 3815 1973 3855 non
2005 3800 2060 3870 in
2085 3798 2249 3870 Isaia,
2277 3799 2369 3853 sed
2393 3799 2644 3870 Jeremia:
2688 3816 2808 3870 cap.
2850 3816 3005 3854 xviii.

1937 3871 1964 3910 h
1986 3868 2192 3941 Dicenti
2218 3869 2484 3939 Apostolo.
2512 3869 2714 3941 Nempe
2745 3868 2801 3924 ut
2826 3873 2904 3925 sol
2933 3887 3038 3924 non
3066 3869 3268 3923 occidat
3299 3888 3455 3940 super

1865 3939 2197 3994 iracundiam
2235 3948 2476 3995 nostram
2502 3956 2516 4005 ;
2544 3942 2630 3995 cui
2652 3939 2764 3995 non
2785 3941 3163 4010 obtemperant
3193 3942 3225 3994 ii
3254 3942 3342 4010 qui
3366 3939 3452 3996 Su-

1866 4011 1933 4065 lis
1967 4024 2223 4064 occasum
2273 4024 2379 4063 non
2423 4012 2782 4079 pratveniunt,
2808 4019 2866 4066 ut
2914 4009 3038 4066 cum
3080 4009 3341 4067 fratribus
3399 4013 3451 4066 in

1867 4080 2098 4151 gratiam
2120 4080 2363 4151 redeant.

1946 4149 2332 4205 iScandalum.
2375 4148 2703 4206 Scandalum
2749 4159 2834 4207 est
2864 4151 3007 4216 rixa,
3035 4148 3298 4220 iurgium,
3342 4150 3455 4205 dis-

1868 4220 2070 4303 sensio,
2110 4229 2398 4303 pugna,_ut
2441 4235 2606 4303 supra
2639 4231 2886 4303 notatum
2932 4230 3040 4303 est:
3065 4220 3121 4275 S.
3161 4220 3456 4303 Gregorius

1870 4292 2225 4362 Turonensis,
2275 4290 2384 4362 lib:
2398 4307 2433 4344 v
2460 4290 2621 4362 llist.,
2661 4307 2781 4362 cap.
2811 4292 2914 4346 lO:
2947 4310 2965 4341 ι
2998 4291 3131 4345 Nam
3170 4292 3223 4344 hi
3255 4306 3452 4362 perpe-

1872 4372 2016 4416 trato
2037 4360 2246 4432 scelere
2264 4363 2330 4414 ad
2357 4360 2807 4432 Burdegalensem
2839 4362 3118 4417 civitatem
3147 4360 3449 4432 venientes,

1874 4439 1996 4486 orto
2033 4429 2306 4496 seandalo,
2344 4447 2484 4486 unus
2511 4429 2742 4487 alterum
2789 4433 3081 4486 interemit.
3115 4450 3133 4481 ι
3167 4431 3232 4483 Et
3272 4431 3366 4484 lib.
3397 4448 3455 4494 χ,

1794 4475 1847 4535 D
1871 4475 1994 4573 cap:
2027 4475 2114 4567 lg,
2145 4475 2311 4572 agens
2340 4501 2414 4573 fde
2451 4475 2541 4556 illa
2569 4475 3053 4557 ξῖιῇἶίὀιιίθιοτῐίι
3089 4501 3229 4573 inter
3251 4475 3465 4554 sancti:

1871 4570 2132 4626 meniales
2178 4570 2411 4626 cmnobii
2467 4572 2523 4627 S.
2577 4572 2924 4628 Radeaundis
2968 4589 2980 4625 :
3040 4570 3222 4625 «Cum
3274 4579 3452 4623 autem

1870 4642 2184 4697 scandalum
2215 4642 2360 4711 quod
2403 4651 2618 4697 serente
2647 4640 2859 4697 diabolo
2898 4641 3320 4713 inmonasterio
3367 4640 3458 4693 Pi-

1870 4714 2111 4767 ctavensi
2153 4722 2354 4783 ortum,
2398 4713 2451 4765 in
2491 4713 2805 4783 ampliorem
2836 4711 3076 4783 quotidie
3110 4711 3454 4778 iniquitatem

1869 4791 2239 4853 consurgeret.
2265 4803 2283 4833 ι
2312 4782 2371 4853 Isi
2398 4783 2561 4853 etiam
2587 4791 2733 4852 patet
2773 4797 2839 4836 ex
2882 4782 3087 4853 psalmo
3114 4796 3297 4840 cxvm,
3330 4795 3456 4853 cap.

1869 4796 2239 4853 consurgeret.
2265 4803 2283 4833 ι
2312 4796 2366 4834 tu
2398 4796 2561 4836 etiam
2587 4796 2733 4852 patet
2773 4797 2839 4836 ex
2882 4796 3087 4853 psalmo
3114 4796 3297 4840 cxvm,
3330 4796 3456 4900 cal).

1866 4854 1956 4915 2|,
1986 4869 2093 4923 pax
2113 4852 2280 4923 multa
2300 4852 2635 4923 diligentibus
2662 4853 2824 4923 legem
2850 4863 3015 4913 tuam,
3040 4860 3086 4904 et
3118 4866 3221 4902 non
3245 4851 3384 4923 esti!
3408 4849 3456 4923 is

1874 4919 2204 4977 scandalum.
2240 4921 2339 4977 Ubi
2367 4919 2473 4990 pax
2494 4930 2546 4975 et
2572 4919 2882 4990 scandalum
2907 4929 3270 4990 opponuntur.
3303 4919 3458 4990 Uinle

1872 4992 2238 5061 Apollinarius
2263 4992 2317 5046 in
2352 4988 2697 5061 Metaphrasi,
2722 4992 2812 5045 ubi
2841 4988 3186 5061 Septuaginta
3210 4988 3458 5044 scribunt

1874 5059 2172 5128 σέάνόαλον,
2200 5063 2381 5133 posuit
2406 5059 2583 5127 νιῖιὶος,
2615 5062 2671 5116 id
2703 5070 2784 5116 est
2811 5061 3108 5141 contentio,
3141 5059 3284 5113 rixa.

2089 5192 2334 5250 .....oeat
2361 5215 2410 5249 τι
2428 5200 2593 5253 νεῖκος
2613 5190 2827 5263 ἔχουσι.

1874 5327 1928 5383 Id
1949 5335 2052 5389 est,
2092 5345 2109 5375 ι
2140 5340 2314 5395 neque
2339 5325 2572 5395 aliquam
2600 5324 2772 5378 rixam
2802 5322 3056 5395 habent»

1948 5397 1961 5447 i
2001 5391 2329 5466 Exemplum.
2347 5394 2400 5448 [tl
2423 5391 2528 5466 est,
2552 5394 2946 5466 testimonium,
2966 5391 3367 5466 auctoritatem,
3389 5399 3449 5445 ut

1872 5468 2036 5523 etiam
2069 5461 2227 5536 paulo
2250 5476 2367 5536 post
2390 5464 2527 5536 dixit
2546 5481 2560 5519 :
2582 5464 2947 5534 hujuscemodi
2972 5461 3228 5531 exemplo,
3267 5471 3374 5536 etc.

1947 5540 1969 5577 κ
1996 5535 2141 5592 Sicut
2169 5535 2316 5590 electi
2340 5536 2456 5589 Dei.
2497 5535 2709 5591 Omissa
2734 5543 2818 5590 est
2851 5549 2952 5589 vox
2980 5537 3171 5598 sancti,
3193 5548 3314 5604 qua:
3338 5535 3451 5587 haec

1875 5611 2035 5662 verba
2066 5610 2326 5677 sequitur.
