3940 6196
227 298 328 351 997

1147 295 1541 354 CONCORDIA
1578 295 2033 354 REGULARUM.
2067 327 2138 338 —
2174 296 2327 355 CAP.
2370 298 2561 355 XXXI.

3386 306 3491 361 998

224 405 466 477 proximo
497 420 614 469 suo,
649 405 785 459 hunc
824 406 1186 474 persequebar.
1230 404 1348 476 (Ps.
1377 405 1450 477 α).
1486 404 1542 459 Si
1575 405 1699 475 quis
1729 405 1810 458 in-
1838 409 1890 468 Α
1913 419 2036 458 cum
2070 402 2379 471 junioribus
2405 406 2571 461 verba
2605 406 2781 462 otiosa
2807 424 3033 465 narrare
3066 409 3318 477 voluerit,
3353 414 3377 452 ε
3400 423 3495 467 aut

224 504 420 549 ventus
444 494 604 549 fuerit
628 495 683 548 in
715 494 898 564 aliquo
926 511 1179 566 spernere
1205 498 1472 553 seniorem
1496 513 1676 563 suum,
1701 512 1812 551 non

225 588 505 641 hominem
530 587 753 657 spernit,
788 586 883 642 sed
911 589 1102 654 Deum,
1128 597 1184 644 et
1218 589 1441 660 reliqua.
1479 590 1535 645 Si
1563 590 1686 660 quis
1711 590 1813 644 hoc

226 677 414 742 faciat,
462 678 748 747 pmuiteat,
784 686 840 733 et
871 680 1311 735 reconciliabitur
1349 681 1549 736 seniori
1584 695 1682 736 suo
1710 699 1723 734 :
1758 689 1815 736 et

224 767 411 823 omnia
432 783 764 838 quaecunque
779 769 962 825 senior
980 773 1315 841 praeceperit,
1339 773 1634 828 secundum
1661 788 1814 827 man-

225 863 412 917 datum
442 860 650 914 Domini
684 860 944 931 explenda
974 871 1118 916 sunt.

265 954 291 1025 §
327 953 488 1007 XXII.
517 983 588 992 —
615 953 695 1006 Ex
737 952 954 1008 [tecum
995 969 1184 1009 sucu
1221 954 1425 1010 BASILII
1464 955 1604 1028 (cap.
1644 955 1760 1027 25).

302 1045 565 1115 lateri-ag.
594 1057 615 1084 θ
644 1044 794 1100 Unde
817 1054 869 1099 et
892 1056 1166 1101 nocturnae
1184 1048 1480 1116 phantasia:
1512 1049 1814 1104 inhonesta:

225 1149 291 1187 ac
316 1142 504 1202 turpes
528 1133 825 1188 ascendunt
855 1135 920 1187 ad
958 1151 1056 1189 nos
1079 1135 1357 1207 ?—Resp.
1387 1137 1665 1192 bVeniunt
1696 1139 1815 1208 qui-

224 1233 350 1281 dem
382 1227 499 1279 hanc
542 1227 774 1279 maxime
819 1243 884 1280 ex
914 1227 1123 1282 diurnis
1158 1228 1349 1283 animas
1374 1230 1610 1286 motibus
1642 1240 1695 1286 et
1724 1246 1815 1286 ac-

226 1319 375 1372 tibus
405 1318 636 1389 indignis
659 1326 713 1371 et
740 1318 1069 1389 incongruis.
1100 1319 1313 1374 Sienim
1343 1331 1494 1375 vacet
1518 1322 1571 1375 in
1595 1323 1815 1393 judiciis

226 1412 349 1475 Dei,
398 1419 730 1481 expurgatur
757 1410 937 1464 anima
968 1411 1084 1480 ejus
1117 1428 1215 1482 per
1252 1412 1655 1468 meditationem
1682 1413 1816 1485 legis

226 1506 451 1569 divinxe,
481 1512 535 1557 et
558 1502 793 1557 studium
820 1503 969 1557 verbi
1009 1503 1102 1557 Dei
1130 1522 1143 1556 :
1173 1504 1354 1573 ibique
1376 1504 1420 1558 si
1449 1504 1818 1559 indesinenter

226 1610 419 1649 curam
443 1600 596 1663 gerat
636 1607 851 1660 semper
888 1594 1173 1663 requirens
1211 1603 1266 1648 et
1295 1603 1544 1650 scrutaris
1572 1596 1702 1664 quid
1748 1596 1818 1651 sit

226 1686 373 1756 quod
397 1687 613 1755 placeat
638 1684 773 1750 Deo,
805 1696 827 1724 ο
846 1685 972 1739 talia
1014 1686 1235 1740 habebit
1256 1686 1416 1741 etiam
1441 1687 1672 1742 somnia.

291 1777 320 1849 §
347 1776 534 1831 XXIII.
564 1806 636 1816 —
667 1775 748 1829 Ex
780 1774 998 1832 Rasum
1023 1791 1210 1830 SANCTI
1236 1775 1429 1831 ISIDORI
1463 1777 1601 1847 (cap.
1639 1776 1752 1848 25).

298 1869 403 1935 Qui
444 1878 713 1923 nocturno
756 1865 973 1921 delusus
1009 1866 1389 1936 phantasmate
1421 1866 1628 1931 fuerit,
1682 1875 1818 1921 tem-

224 1974 363 2029 pore
405 1956 571 2012 officii
610 1956 667 2012 in
715 1955 955 2011 sacrario
983 1955 1186 2021 stabit;
1241 1971 1342 2010 nec
1371 1957 1591 2039 audebit
1628 1958 1818 2012 eodem

227 2054 318 2108 die
352 2051 405 2104 in
441 2048 724 2104 ecclesiam
749 2046 997 2112 introire,
1033 2056 1139 2101 etc.

300 2144 329 2215 §
373 2142 558 2197 XXIV.
590 2171 663 2180 —
714 2140 792 2194 Ex
828 2138 1047 2194 Recuut
1084 2140 1428 2194 ΤΑιιΝΑτεκει
1465 2138 1601 2211 (cap.
1637 2137 1746 2210 IS).

302 2234 327 2272 ιι
363 2233 445 2288 Ad
473 2232 778 2287 convivium
817 2230 1054 2298 nuptiale
1097 2229 1321 2285 fratrum
1352 2231 1529 2286 nullus
1576 2232 1817 2295 accedat,

230 2340 299 2379 nc
338 2338 438 2394 per
472 2321 751 2377 lasciviam
787 2320 1102 2376 szecularem
1148 2336 1266 2390 qua:
1296 2331 1421 2376 sunt
1456 2322 1643 2376 sreculi
1669 2335 1823 2376 reco-

229 2419 486 2485 gnoscat,
508 2422 530 2450 ε
550 2409 691 2479 quod
718 2409 879 2469 absit,
896 2410 962 2463 ad
982 2408 1164 2463 mundi
1193 2408 1352 2477 hujus
1374 2410 1562 2474 vitam,
1586 2410 1687 2464 etsi
1713 2425 1822 2463 non

229 2517 490 2572 corpore,
542 2501 721 2555 animo
760 2509 1071 2565 revocetur,
1118 2501 1257 2556 sicut
1303 2502 1439 2557 dixit
1478 2502 1824 2558 beatissimus

231 2595 541 2666 Cyprianus
590 2591 783 2665 (Epist.
816 2593 916 2663 l):
982 2610 1000 2642 ι
1047 2592 1384 2648 Adulterium
1431 2594 1558 2648 dum
1593 2594 1821 2659 videtur,

232 2686 487 2741 discitur.
519 2704 539 2738 ι
595 2684 612 2722 τ
644 2684 744 2750 Qui
766 2682 1011 2751 joculare
1041 2683 1242 2753 aliquid
1279 2684 1363 2739 vel
1394 2686 1523 2739 risui
1555 2695 1737 2755 aptum
1769 2685 1823 2738 in

234 2783 514 2830 conventu
553 2773 779 2828 fratrum
821 2772 1063 2843 proferre
1110 2777 1546 2844 pne-sumpserit,
1600 2775 1685 2829 vel
1732 2775 1824 2844 qui

316 2925 342 2952 ο
382 2908 534 2963 Unde
559 2917 846 2973 uocturnw,
872 2918 977 2963 ctc.
1005 2908 1194 2962 Exstat
1220 2910 1358 2973 apud
1381 2908 1436 2963 S.
1463 2909 1714 2963 Basiliam
1746 2911 1827 2965 in-

239 2993 378 3039 terr.
412 2997 521 3050 xxu
557 2978 765 3049 Itegul.,
784 2979 974 3050 Abrev.,
1002 2988 1058 3032 et
1082 2980 1221 3048 apud
1248 2978 1520 3044 Ruﬁnum,
1553 2996 1671 3050 cap.
1698 2982 1787 3035 29.

218 3082 225 3093 ι
316 3056 347 3093 b
398 3047 875 3119 Veniuntiquidem
933 3050 1045 3103 ha’c
1078 3047 1331 3119 proxime,
1375 3059 1480 3104 etc.
1531 3047 1668 3105 Huic
1716 3066 1822 3104 non

240 3103 498 3179 absimile
523 3128 604 3173 est
640 3103 693 3172 id
710 3120 850 3187 quod
879 3121 1035 3173 docet
1068 3118 1125 3172 S.
1155 3103 1400 3175 Leander
1426 3120 1516 3175 lib.
1552 3103 1821 3175 deilnstit.
1850 3103 1895 3165 Ο

240 3197 378 3257 vir.,
425 3205 541 3259 cap.
567 3190 619 3243 5.
651 3205 669 3238 ι
699 3188 846 3255 Quos
871 3187 1136 3259 (juvenes)
1163 3189 1355 3259 adhoc
1376 3190 1620 3245 diabolus
1641 3191 1830 3259 objicit

241 3274 303 3319 et
327 3258 832 3332 virgineisopponit
871 3260 1062 3322 oculis,
1090 3258 1174 3332 _ut
1224 3258 1425 3332 formas
1450 3275 1658 3326 eorum,
1692 3258 1829 3332 quas

232 3350 350 3406 per
375 3328 519 3406 diem
551 3328 748 3383 viderit
775 3330 952 3406 virgo,
982 3330 1271 3406 meditetur
1312 3331 1364 3406 in
1391 3328 1753 3406 no_cte._Quod
1781 3334 1827 3406 si

242 3400 590 3460 contradicat
622 3400 821 3453 mentis
854 3401 1011 3464 ratio,
1045 3400 1283 3468 talesque
1312 3401 1725 3471 imaginationes
1762 3404 1831 3457 ab

244 3475 436 3528 animo
471 3476 709 3541 respuat,
744 3485 932 3541 recens
970 3480 1144 3541 tamen
1176 3470 1312 3524 visio
1343 3479 1397 3524 et
1423 3470 1719 3541 corporalis
1750 3474 1831 3527 in-

244 3542 461 3625 spectio
488 3540 764 3625 memor-liae
792 3540 1012 3625 exhibet
1032 3539 1239 3622 formas
1267 3556 1402 3625 quas
1423 3539 1653 3625 videndo
1695 3543 1834 3597 didi-

244 3609 352 3670 cit.
387 3612 472 3675 Et,
508 3610 553 3664 si
577 3609 853 3678 paululum
888 3610 1014 3665 talis
1056 3610 1374 3680 imaginatio
1402 3611 1635 3666 oblectet
1677 3628 1831 3668 men-

249 3696 383 3748 tem,
409 3680 848 3751 occurrctetiam
890 3696 986 3751 per
1014 3683 1280 3734 somnium
1305 3681 1446 3750 quod
1481 3681 1677 3751 viderit
1700 3697 1831 3737 ocu-

250 3756 321 3809 lis
346 3746 464 3807 :'sic
484 3746 679 3821 diaboli
705 3746 918 3821 sagittis
959 3765 1157 3819 corpus
1182 3746 1404 3819 virginis
1429 3750 1757 3812 vulneratur.
1782 3760 1838 3807 et

251 3823 500 3890 inﬁgitur
545 3819 694 3874 cordi
731 3819 885 3875 amor
919 3821 1133 3883 noxius,
1162 3828 1223 3874 ut
1264 3821 1408 3890 quod
1453 3821 1506 3875 in
1544 3831 1705 3877 nocte
1747 3837 1835 3877 re-

252 3839 350 3880 11111
390 3839 500 3876 ιιιιι·
545 3839 694 3874 cortu
731 3839 885 3875 amor
919 3839 1133 3883 IIOXIUS,
1162 3839 1223 3874 ιιι
1264 3839 1408 3890 quoa
1453 3839 1506 3875 ιη
1544 3839 1705 3877 ηοοιθ
1747 3839 1835 3877 re-

252 3839 483 3950 cordata
509 3897 614 3954 est,
661 3906 784 3947 cum
832 3906 1018 3946 amore
1059 3891 1187 3945 velit
1214 3890 1389 3945 adhuc
1430 3891 1614 3946 videre
1634 3893 1688 3946 in
1713 3907 1837 3947 cra-

253 3965 486 4021 stinnm.
519 3978 539 4012 ι

333 4044 355 4072 ε
391 4030 544 4084 Talia
572 4029 776 4087 habebit
806 4031 962 4084 etiam
1004 4030 1229 4084 somnia.
1262 4030 1332 4086 Ut
1365 4029 1421 4085 S.
1449 4030 1717 4087 Cresarius
1750 4046 1841 4086 ar-

256 4101 636 4172 chiepiscopus
666 4100 998 4155 Arelatensis
1026 4141 1040 4165 ,
1089 4101 1178 4170 qui
1216 4116 1336 4155 cum
1378 4102 1549 4155 intertl
1576 4118 1606 4155 ιι
1631 4118 1843 4172 semper

257 4172 433 4227 Deum
456 4170 509 4224 in
539 4174 703 4227 corde
750 4172 1001 4235 haberet,
1043 4172 1096 4224 in
1129 4172 1394 4236 convivio,
1436 4172 1490 4225 in
1523 4170 1761 4237 itinere,‘
1787 4173 1842 4226 in

256 4239 653 4312 collocatione,
699 4241 753 4295 in
780 4256 1032 4296 consessu
1056 4281 1075 4312 ,ί
1117 4242 1281 4295 etiam
1325 4241 1376 4296 in
1415 4257 1603 4298 somno
1628 4259 1845 4312 semper

258 4311 666 4438 meditabatur,
713 4320 774 4365 ut
820 4312 1008 4366 scribit
1050 4311 1350 4382 Cyprianus
1391 4312 1484 4368 lib.
1531 4329 1569 4367 ιι
1619 4314 1685 4368 de
1729 4311 1845 4381 ejus

311 4402 325 4437 I
393 4422 407 4436 .

311 4385 407 4439 ita.

1845 1761 1894 1820 B

1913 492 2113 548 habere
2166 494 2436 550 amicitias
2474 496 2653 551 astatis
2694 496 2945 564 infirmae,
3014 499 3392 569 increpationi,
3438 509 3498 556 ut

1914 583 2109 657 dignus
2142 593 2248 653 est,
2297 586 2617 655 subjacebit.
2664 587 2721 643 Si
2753 591 2877 660 quis
2918 591 3169 660 quaelibet
3212 593 3500 659 invenerit,

1915 674 2132 729 inventa
2179 693 2288 731 non
2334 678 2504 741 celet,
2555 686 2611 733 et
2661 674 3034 749 cognoscenda
3088 697 3197 736 non
3247 683 3501 738 occultct.

1915 762 2067 830 Quod
2097 766 2143 820 si
2175 778 2387 837 reperta
2422 769 2581 823 unius
2611 769 2715 824 diei
2750 771 2924 841 spatio
2963 774 3304 829 convincitur
3328 786 3506 830 reten-

1916 863 2081 920 tasse,
2128 855 2255 910 furti
2294 859 2548 928 contagio
2583 874 2642 913 se
2666 861 2993 915 maculatum
3037 877 3157 917 esse
3188 873 3502 932 cognoscat.

1915 947 1943 986 ιι
1975 946 2033 1001 Si
2063 948 2185 1017 quis
2208 964 2331 1002 eum
2361 950 2453 1018 qui
2501 949 2897 1006 districtionem
2945 955 3262 1008 monasterii
3289 970 3395 1009 non
3431 954 3508 1007 fc-

1915 1056 2072 1104 rens,
2102 1039 2285 1112 fugam
2322 1042 2568 1096 meditari
2607 1043 2943 1113 cognoverit,
2977 1043 3024 1098 si
3050 1060 3159 1098 non
3180 1046 3364 1099 statim
3388 1062 3510 1115 pro-

1916 1132 2133 1197 diderit,
2163 1132 2486 1202 perditionis
2512 1133 2656 1188 illius
2674 1134 3000 1203 participem
3024 1150 3082 1189 se
3109 1150 3231 1190 esse
3270 1151 3374 1190 non
3405 1137 3494 1191 du-

1914 1223 2051 1279 bitet
2079 1242 2093 1279 :
2123 1232 2178 1279 et
2209 1227 2393 1280 tandiu
2434 1242 2464 1280 a
2494 1234 2763 1281 conventu
2795 1227 3026 1282 fratrum
3058 1230 3506 1298 sequestrandus,

1917 1318 2156 1386 quandiu
2206 1317 2292 1371 ille
2322 1317 2495 1372 valeat
2533 1320 2796 1373 revocari.
2827 1320 2883 1373 Si
2907 1321 3028 1388 quis
3074 1322 3188 1376 hzec
3211 1336 3317 1375 non
3359 1322 3510 1376 omni

1916 1407 2114 1461 virtute
2138 1408 2405 1462 studuerit
2435 1408 2662 1463 Domino
2692 1409 2957 1478 placitura
2986 1427 3227 1476 servare,
3262 1421 3316 1467 et
3343 1414 3511 1467 semel

1919 1513 1983 1553 ac
2005 1499 2241 1553 secundo
2280 1508 2563 1568 correptus
2603 1516 2707 1554 non
2753 1502 3147 1567 emendaverit,
3176 1505 3508 1573 reprehensa

1912 1586 2069 1657 juxta
2098 1589 2277 1642 anatis
2305 1587 2534 1643 formam
2562 1591 2813 1644 convenit
2835 1591 3118 1647 vindicari.

1925 1702 2149 1775 §XXV.
2181 1733 2252 1743 —
2284 1704 2361 1758 Ex
2408 1704 2624 1761 REGULA
2679 1722 2866 1761 stxcrt
2922 1707 3220 1764 Annuus:
3274 1726 3505 1766 EPISCOPI

2565 1776 2702 1847 (cap.
2741 1777 2853 1845 40).

1988 1866 2100 1935 Snp
2122 1865 2268 1929 “rhis,
2295 1880 2425 1919 vero
2449 1865 2905 1931 inohedientibus,
2952 1877 3005 1922 et
3033 1870 3364 1925 iracundiam
3389 1887 3515 1941 pro-

1919 1955 2281 2019 trahcutibus,
2331 1971 2606 2024 nunquam
2642 1959 2965 2025 parcendum
2988 2000 3002 2024 ,
3037 1960 3205 2015 donec
3235 1962 3515 2032 corrigunt-

1928 2054 2034 2101 tur.

2237 2138 2264 2210 §
2294 2139 2487 2195 XXVI.
2516 2170 2586 2180 —
2617 2141 2857 2196 EJUSDEM
2894 2143 3031 2213 (car.
3069 2142 3178 2213 41).

1989 2231 2095 2287 Pro
2117 2232 2357 2301 qualibet
2397 2232 2553 2303 culpa
2603 2235 2649 2288 si
2690 2250 2915 2290 necesse
2940 2235 3104 2291 fuerit
3140 2237 3330 2308 flagelli
3375 2240 3515 2294 acci-

1919 2336 2072 2393 pere,
2098 2326 2111 2363 ί
2143 2323 2505 2392 disciplinam,
2523 2341 2797 2395 nunquam
2825 2327 3404 2396 legitimuscxccdatur
3427 2349 3521 2385 nu-

1921 2427 2127 2474 merus,
2157 2413 2208 2468 id
2234 2421 2341 2477 est,
2373 2412 2386 2463 i
2422 2414 2641 2485 triginta
2666 2425 2721 2469 et
2750 2432 2964 2481 novem,
2991 2426 3043 2471 et
3064 2419 3359 2487 quamlibet
3374 2431 3519 2486 guste

1923 2505 2205 2575 disciplina
2267 2512 2555 2570 teneatur;
2610 2514 2787 2560 tamen
2815 2507 3112 2562 secundum
3157 2508 3283 2562 illud
3315 2510 3434 2563 boni
3459 2529 3521 2563 a-

1924 2602 2025 2648 tem
2048 2604 2093 2648 et
2112 2576 2469 2665 disciplinam,
2503 2604 2788 2666 paternum
2820 2595 3070 2651 aﬂ'cctum
3107 2608 3327 2653 sanctus
3353 2601 3521 2655 abbas

1925 2685 2071 2740 circa
2095 2699 2283 2740 omnes
2309 2692 2509 2749 teneat,
2536 2685 2832 2740 secundum
2861 2686 3177 2756 Apostolum
3201 2704 3213 2739 :
3244 2686 3516 2758 Tanquam

1924 2782 1969 2836 si
1992 2781 2172 2834 nutrix
2205 2780 2375 2849 foveat
2402 2779 2428 2818 ιι
2452 2777 2623 2849 pullos
2651 2795 2794 2833 suos.
2823 2776 2940 2851 (Ps.
2968 2783 3181 2849 cxvm).

1925 2926 2046 2967 cum
2075 2910 2258 2980 pueris
2288 2909 2463 2963 ridere
2489 2916 2544 2962 et
2564 2907 2770 2975 ludere,
2793 2918 2847 2963 et
2871 2908 3074 2964 habere
3097 2908 3362 2963 amicitias
3391 2918 3521 2963 arta-

1927 2982 1998 3035 tis
2038 2979 2286 3043 infirmte,
2323 2998 2341 3030 δ
2389 2989 2495 3033 etc.
2904 3038 2915 3043 -

1998 3051 2025 3122 ιζ
2056 3050 2115 3105 Si
2142 3051 2257 3122 quis
2281 3066 2423 3122 eam,
2451 3058 2555 3102 etc.
2580 3049 2655 3102 Ex
2687 3048 2817 3122 Reg.
2851 3048 2909 3104 S.
2935 3049 3232 3122 Pachomii.
3260 3058 3359 3102 art.
3386 3051 3517 3104 liii:

1934 3140 1951 3172 ι
1983 3120 2108 3174 Haec
2133 3118 2216 3175 est
2241 3120 2374 3173 ultio
2403 3121 2455 3173 in
2482 3135 2606 3173 eum
2637 3119 2726 3188 qui
2752 3118 2977 3173 fratrem
3006 3120 3071 3172 de
3100 3121 3257 3173 domo
3283 3123 3521 3188 prmitie-

1929 3192 2021 3255 rit,
2050 3191 2222 3245 tribus
2244 3190 2432 3244 diebus
2463 3196 2584 3260 aget
2608 3189 2879 3258 publicam
2916 3189 3311 3260 prenitentiam.
3369 3191 3521 3257 Quod

1929 3262 1972 3316 si
2001 3263 2188 3315 eadem
2236 3260 2370 3313 hora
2399 3258 2517 3329 qua
2554 3258 2786 3330 fugerit,
2843 3275 2950 3314 non
2983 3259 3309 3313 nuntiaverit
3353 3260 3523 3327 Patri,

1931 3348 2055 3386 rcus
2083 3331 2187 3383 erit
2211 3331 2439 3400 peccati.
2466 3350 2497 3400 ί»

1983 3402 2023 3507 ’ί
2059 3398 2428 3471 Disciplinam.
2462 3399 2518 3454 Id
2545 3407 2649 3462 est,
2677 3399 3087 3454 correctionem.
3122 3398 3253 3453 Vide
3277 3402 3526 3468 superius

2005 3480 2185 3507 nnl-jla

1932 3480 2210 3525 adnotata.

2006 3539 2020 3591 ἱ
2066 3539 2305 3609 Triginta
2328 3547 2376 3591 et
2408 3554 2605 3593 novem.
2634 3537 2795 3609 Juxta
2907 3535 3056 3609 Pauli
3080 3534 3523 3609 Ilagellationem,

1932 3620 1995 3666 ut
2025 3606 2185 3679 supra
2231 3616 2620 3679 notatum_cst:
2659 3607 2812 3677 cujus
2845 3606 3223 3679 flagellationis
3255 3610 3413 3679 ratio,
3448 3610 3520 3663 ita

1936 3674 2262 3737 describitur
2286 3678 2425 3746 apud
2470 3676 2668 3731 Bedam
2698 3674 2994 3746 quaestione
3021 3674 3055 3746 2
3104 3675 3226 3746 libri
3264 3677 3520 3742 Quaestio-

1936 3766 2064 3805 num
2094 3744 2390 3805 variarum,
2421 3762 2484 3801 ex
2509 3744 2739 3814 quadam
2762 3747 2972 3814 pictura
3006 3745 3071 3798 de
3098 3744 3245 3798 Pauli
3274 3764 3301 3799 a
3326 3746 3527 3801 Judacis

1936 3819 2293 3890 ﬂagellatione
2320 3815 2487 3890 Roma
2519 3816 2850 3890 inAAngliam
2873 3814 3074 3890 allata:
3119 3833 3134 3864 ι
3173 3815 3325 3881 Quod
3356 3817 3425 3870 ita
3450 3818 3526 3871 in-

1940 3884 2323 3960 telligendum,
2384 3887 2452 3960 ab
2488 3884 2728 3960 antiquis
2770 3887 2842 3960 ita
2902 3884 3233 3939 intellectum
3296 3894 3528 3960 testatur

1938 3956 2102 4014 etiam
2152 3958 2361 4027 pictura
2393 3956 2634 4024 ejusde
2677 3956 2798 4027 libri
2838 3970 2999 4027 quam
3036 3956 3527 4027 reverentiissimus

1940 4046 2005 4085 ac
2029 4025 2375 4097 doctissimus
2418 4026 2600 4081 (ludus
2632 4026 2790 4097 (alias
2818 4026 3136 4097 thdonius)
3181 4025 3527 4097 orientalium

1939 4099 2236 4168 Anglorum
2268 4096 2494 4168 antistes
2520 4095 2742 4168 veniens
2769 4111 2797 4150 a
2827 4096 3206 4168 Romansecum
3237 4095 3288 4148 in
3315 4095 3531 4150 Britan-

1942 4165 2090 4225 niain
2137 4166 2367 4222 detulit:
2420 4167 2474 4221 in
2521 4181 2629 4235 quo
2677 4166 2925 4221 videlicet
2972 4165 3109 4219 libro
3156 4180 3345 4220 omnes
3396 4181 3530 4236 pene

1943 4240 2113 4311 ipsius
2146 4235 2386 4306 Apostoli
2414 4237 2753 4311 _passioncs,_
2778 4237 2893 4311 sive
2918 4236 3131 4311 labores
3156 4250 3253 4304 per
3282 4235 3405 4311 loca
3437 4252 3528 4305 op-

1945 4304 2174 4381 portuna
2196 4304 2360 4381 erant
2395 4304 2638 4381 depictaa.
2692 4306 2791 4381 Ubi
2823 4307 2893 4360 ita
2919 4308 3043 4381 _hic_
3071 4304 3220 4360 locus
3264 4304 3539 4381 depictus,

1945 4375 2099 4450 quasi
2140 4375 2677 4450 denudatusgjacerct
2712 4376 3000 4446 Apostolus
3030 4375 3526 4450 l.icei-at:.s_llagris,

332 4454 360 4493 ἀ
393 4452 478 4506 Ad
499 4452 787 4505 convivium
815 4450 1065 4520 nuptiale.
1116 4450 1195 4504 Nu
1238 4452 1328 4506 tiis
1363 4452 1627 4508 interesse
1658 4469 1844 4508 mona—
1872 4443 1921 4505 D
1949 4443 2305 4519 lacrymisque
2337 4443 2589 4517 perfusus
2618 4465 2630 4499 :
2660 4443 3025 4568 salierastaret
3047 4455 3227 4498 autem
3278 4445 3325 4498 ei
3359 4454 3530 4498 tortor

335 4526 383 4575 is
426 4522 771 4575 interdictum
808 4529 892 4575 est
925 4520 1155 4575 concilio
1188 4468 1666 4575 Rntissiodorensi.
1719 4538 1843 4575 can.
1953 4518 2316 4575 quadriﬁdam
2357 4518 2561 4572 habens
2587 4516 2719 4575 Ilaec
2745 4518 2852 4569 lum
2880 4516 2931 4569 in
2963 4530 3124 4568 manu
3145 4555 3158 4575 ,
3190 4515 3282 4567 sed
3314 4530 3473 4567 unam
3501 4528 3530 4567 e

1237 4531 1642 4578 ntisstodorensi

261 4524 383 4579 chis
426 4522 771 4576 interdictum
808 4529 892 4575 est
925 4520 1155 4576 concilio
1188 4520 1666 4588 Antissiodorensi,
1719 4538 1843 4579 can.

261 4594 373 4716 39‘:
407 4610 426 4642 ι
460 4592 576 4646 Non
603 4591 727 4646 licet
751 4591 952 4649 abbati.
984 4606 1083 4647 nec
1111 4594 1394 4658 monacho,
1413 4594 1481 4648 ad
1499 4594 1715 4663 nuptias
1740 4608 1850 4647 am-

302 4680 333 4716 υ
358 4679 475 4716 are.
510 4682 529 4713 ι

262 4666 387 4719 bula
398 4679 475 4716 re.
510 4682 529 4713 ι

341 4746 366 4815 ξ
398 4732 554 4815 Quod
580 4734 732 4815 absit.
764 4732 1013 4815 Le_ge,_qt
1044 4732 1183 4815 quod
1205 4733 1359 4815 absit.

343 4804 363 4842 ί
397 4802 503 4867 Qui
523 4803 765 4871 joculare
790 4802 1009 4871 aliquid.
1043 4802 1169 4858 Haec
1210 4813 1265 4856 et
1292 4802 1570 4873 sequentia
1598 4802 1852 4873 videntur

266 4874 587 4954 ascriheud'a
624 4873 840 4954 Regulae
853 4873 1164 4954 "Orientali,
1191 4874 1280 4954 ita
1305 4871 1628 4954 ut'illisnhic
1665 4871 1851 4954 titulus

268 4942 631 5015 praeligeudus
679 4941 750 4997 sit
780 4959 821 5015 :_
844 4943 929 4997 Ea:
952 4942 1137 5015 regula
1185 4943 1465 5015 Orientali.
1507 4942 1637 5015 Nam
1683 4941 1851 4996 multa

269 5012 361 5070 hic
386 5021 678 5086 sumuntur
699 5028 764 5067 ex
796 5013 997 5086 Regula
1016 5012 1082 5068 'S.
1109 5012 1405 5086 Pachomii,
1447 5014 1602 5086 quod
1617 5027 1768 5086 sane,
1795 5019 1858 5086 ut

268 5099 436 5143 supra
476 5083 822 5150 notavimus,
871 5081 1128 5140 usitatum
1176 5093 1260 5138 est
1311 5081 1528 5153 Regulae
1569 5081 1852 5146 Orientali,

272 5171 380 5209 non
410 5152 753 5208 Taruatensi.

348 5228 372 5264 Β
405 5223 510 5275 Aut
536 5223 726 5278 habere
755 5224 1016 5278 amicitias
1068 5224 1240 5278 (etatis
1284 5222 1529 5292 inﬁrmae.
1577 5221 1735 5277 Etas
1776 5223 1857 5277 in-

270 5295 448 5366 firma
474 5293 627 5366 pueri
667 5295 915 5366 sunt._In
945 5293 1143 5366 Regula
1172 5292 1572 5366 AS.Pa_chomii,
1606 5301 1709 5366 art.
1744 5292 1851 5347 90:

275 5384 294 5415 ι
328 5364 391 5419 Si
421 5363 786 5431 deprehensus
821 5364 983 5420 fuerit
1021 5363 1216 5435 aliquis
1237 5365 1300 5420 de
1330 5363 1588 5419 fratribus
1629 5363 1858 5418 libenter

1990 4515 2316 4575 uadrilid’um
2341 4515 2561 4572 habens
2587 4515 2852 4586 flagellum
2880 4516 2931 4569 in
2963 4530 3124 4568 manu
3145 4555 3158 4577 ,
3190 4515 3282 4567 sed
3314 4530 3473 4586 unam
3501 4528 3532 4567 e

1990 4537 2316 4575 uatlt'tuuum
2357 4537 2561 4572 nanens
2587 4537 2852 4586 ﬂagellum
2880 4537 2931 4569 Ill
2965 4537 3124 4568 tttattu
3145 4555 3158 4577 ,
3190 4537 3281 4567 seu
3315 4537 3473 4567 unum
3501 4537 3531 4567 υ

1953 4537 2147 4645 ﬁdibus
2177 4588 2230 4640 in
2277 4601 2437 4641 manu
2485 4603 2581 4642 sua
2628 4596 2935 4640 retentam:
2985 4593 3094 4638 tres
3137 4599 3265 4637 vero
3295 4584 3531 4651 reliquas

1952 4662 2125 4716 solum
2162 4659 2228 4711 ad
2282 4656 2578 4711 feriendum
2620 4656 3108 4710 liabeus‘excrtas.
3163 4654 3263 4708 Uhi
3310 4654 3532 4722 pictoris

1953 4744 2159 4786 sensus.
2178 4726 2431 4781 facillime
2469 4735 2634 4795 patet,
2667 4726 2807 4795 quod
2838 4726 2954 4778 ideo
2985 4722 3387 4795 ternisifidibus
3408 4739 3531 4795 eum

1958 4800 2087 4855 fecit
2115 4797 2426 4861 verberare,
2460 4793 2518 4849 ut
2570 4793 2698 4850 inde
2731 4796 3009 4863 plagarum
3046 4793 3530 4863 quadragenarinm

1957 4881 2240 4925 numerum
2272 4881 2377 4920 non
2404 4865 2716 4935 compleret.
2736 4862 2810 4918 Si
2826 4862 2982 4917 enim
3010 4864 3309 4935 quaternis
3341 4862 3534 4935 fidibus

1954 4944 2280 5010 percuteret,
2305 4936 2483 5010 decies
2509 4931 2815 5010 percutiens
2843 4931 3283 5010 sexagintaaege,
3306 4933 3537 5010 quadra-

1954 5000 2123 5081 ginta)
2153 5006 2337 5081 plagas
2387 5000 2627 5081 faceret;
2691 5006 2733 5058 si
2750 5018 2893 5081 .vero
2931 5000 3097 5081 ternis
3133 5000 3531 5081 't'redeciesnfe:

1956 5022 2123 5081 ginta)
2153 5022 2337 5128 purigas
2387 5022 2627 5067 taceret;
2691 5022 2733 5058 SI
2768 5022 2893 5057 vero
2931 5022 3097 5055 terms
3155 5022 3420 5055 treuccws
3453 5022 3531 5055 Ic-

1956 5081 2127 5143 riret,
2169 5077 2222 5129 iu
2263 5092 2293 5130 c
2318 5076 2672 5145 quadraginta
2714 5072 2897 5143 plagas
2924 5086 3028 5125 non
3060 5070 3325 5140 impleret.
3366 5091 3383 5123 ι
3427 5070 3535 5125 Sed

1956 5159 2167 5205 tantum
2194 5158 2382 5199 novem
2411 5154 2464 5198 et
2487 5144 2727 5214 triginta.

2029 5221 2054 5259 Ιι
2076 5214 2261 5270 Pullos
2285 5233 2425 5269 suos.
2454 5215 2512 5268 I-a
2537 5208 2806 5267 chmmuni
2823 5212 3092 5275 versione,
3124 5208 3291 5263 Filios
3311 5226 3454 5271 suos,
3472 5217 3534 5262 ut

1955 5290 2011 5344 in
2041 5296 2186 5343 textu
2219 5283 2429 5347 Grmco,
2456 5288 2520 5340 τὰ
2560 5287 2741 5342 ἑαυτῆς
2771 5286 2940 5338 τέκνα.
2985 5282 3168 5351 Itaque
3191 5280 3349 5352 lege:
3399 5277 3534 5332 Par-

1954 5360 2099 5416 vulos
2126 5369 2249 5413 suos
2279 5355 2316 5426 (ι
2345 5355 2567 5425 Τήρεω,
2611 5361 2671 5407 ut
2695 5353 2833 5408 intra
2865 5367 2914 5406 c.
2942 5352 3027 5406 59.
