3940 6196
500 305 598 361 999

1492 296 1549 353 8.
1588 293 1949 352 BENEDICTI
1987 292 2283 348 ABBATIS
2317 286 2728 346 ANIANENSIS

3570 292 3673 346 1000

509 405 3649 446 _____________________________________.._..__.._____.

1774 496 2111 578 CAPUT
2182 494 2500 571 XXXII.

1665 652 1752 707 DE
1791 644 2263 706 GRAV'IOBIBUS
2302 644 2567 701 CULPlS.

708 846 735 919 ᾗ
771 846 808 899 1.
834 874 904 883 ——
932 844 1006 897 Ex
1049 840 1267 894 Renum
1320 852 1506 892 SANCTI
1544 834 1851 890 BENEDICTI.

568 953 593 981 ι
630 940 681 993 ls
705 947 884 991 autem
919 933 1103 997 frater,
1140 930 1231 999 qui
1258 928 1525 999 gravioris
1565 927 1735 997 culpa:
1765 941 1905 981 noxa
1928 934 2078 979 tene—

495 1040 605 1094 tur,
659 1027 1019 1096 suspendatur
1063 1038 1091 1075 a
1132 1034 1317 1076 mensa
1362 1018 1542 1083 simul,
1596 1024 1652 1070 et
1702 1016 1771 1070 ab
1813 1014 2075 1070 oratorio.

498 1122 686 1176 Nullus
709 1119 759 1173 ei
787 1118 1012 1171 fratrum
1043 1114 1098 1167 in
1125 1111 1234 1166 ullo
1251 1111 1507 1180 jungatur
1533 1107 1807 1163 consortio
1824 1120 2000 1175 neque
2024 1104 2078 1158 in

498 1211 784 1280 colloquio.
832 1208 990 1262 Solus
1019 1206 1091 1260 sit
1133 1205 1201 1259 ad
1241 1218 1378 1272 opus
1411 1201 1515 1256 sibi
1566 1198 1883 1267 injunctum,
1909 1195 2080 1267 persi-

497 1315 647 1360 stens
669 1303 697 1341 δ
728 1303 781 1356 iu
800 1297 1128 1370 poenitentia:
1153 1295 1299 1349 luctu
1325 1312 1337 1346 :
1392 1293 1569 1347 sciens
1610 1289 1903 1344 terribilem
1934 1287 2079 1341 illam

496 1393 738 1465 Apostoli
799 1388 1121 1444 sententiam
1150 1384 1380 1440 dicentis
1411 1399 1425 1435 :
1451 1381 1735 1437 Traditum
1771 1377 2079 1449 hujusmodi

500 1485 773 1541 hominem
825 1481 1040 1535 Satanae
1088 1479 1141 1531 in
1186 1475 1462 1530 interitum
1490 1473 1694 1535 carnis,
1748 1481 1807 1525 ut
1858 1470 2080 1541 spiritus

501 1577 685 1630 salvus
721 1577 791 1629 sit
820 1575 873 1628 in
918 1572 1007 1628 die
1029 1571 1241 1626 Domini
1275 1570 1323 1640 (Ι
1351 1569 1474 1622 Cor.
1508 1570 1585 1638 v).
1638 1567 1754 1622 Cibi
1781 1575 1962 1621 autem
1995 1580 2081 1621 re-

501 1667 785 1720 fectionem
817 1663 962 1719 solus
1008 1661 1288 1732 percipiat,
1348 1672 1602 1714 mensura
1653 1657 1737 1712 vel
1772 1658 1925 1721 hora,
1973 1671 2077 1725 qua

500 1757 809 1828 praeviderit
857 1755 908 1809 ei
957 1754 1125 1809 abbas
1170 1760 1497 1821 competere.
1539 1761 1561 1789 ο
1615 1749 1725 1804 Nec
1753 1765 2080 1818 aquoquam

502 1850 853 1904 benedicatur
902 1852 1235 1907 transeunte,
1263 1842 1290 1881 ἀ
1326 1856 1429 1896 nec
1456 1840 1627 1906 cibus,
1683 1840 1777 1910 qui
1811 1839 1862 1893 ei
1902 1840 2076 1894 datur.

870 1957 899 2029 §
928 1958 988 2011 ll.
1020 1987 1090 1997 --
1115 1955 1193 2009 Ex
1222 1954 1441 2009 Rasum
1467 1953 1714 2006 ΡΑτιιιιιι.

582 2063 603 2089 ε
627 2049 683 2103 Si
715 2050 838 2118 quis
865 2063 992 2102 vero
1020 2046 1315 2100 monachus
1343 2045 1545 2097 furtum
1573 2042 1784 2108 fecerit,
1815 2042 1959 2113 quod
1986 2057 2083 2112 po-

507 2143 612 2195 tius
647 2140 992 2207 sacrilegium
1019 2138 1122 2193 dici
1155 2144 1349 2206 potest,
1395 2136 1447 2190 id
1476 2135 1787 2190 censuimus
1821 2135 2079 2189 ordinan-

504 2232 653 2292 dum,
694 2228 714 2267 τ
746 2237 803 2282 ut
836 2226 1023 2296 junior
1052 2227 1219 2299 virgis
1272 2241 1445 2281 cccsus
1498 2228 1630 2283 tanti
1681 2226 1927 2281 criminis
1955 2241 2080 2281 reus

506 2334 784 2389 nunquam
837 2316 1077 2373 officium
1138 2317 1426 2372 clericatus
1492 2316 1752 2386 excipiat.
1830 2315 1889 2370 Si
1950 2329 2080 2371 vero

507 2414 533 2451 ε
556 2411 669 2481 jam
703 2409 935 2465 clericus
958 2409 1015 2465 in
1051 2409 1106 2464 id
1132 2408 1341 2463 facinus
1373 2407 1536 2463 fuerit
1563 2408 1952 2478 deprehensus,
1985 2423 2084 2464 no-

508 2502 673 2558 minis
700 2502 868 2572 ipsius
903 2500 1168 2572 dignitate
1202 2499 1465 2570 privetur.
1496 2499 1591 2553 Cui
1627 2498 1877 2552 sufllcere
1903 2506 2085 2568 potest

504 2608 604 2662 pro
642 2600 795 2647 actus
825 2590 909 2646 sui
934 2592 960 2630 h
994 2590 1213 2646 levitate
1264 2588 1482 2661 impleta
1509 2589 1841 2660 poenitentiae
1867 2588 2086 2644 satisfa-

503 2683 683 2738 ctione
717 2684 733 2722 ί
770 2679 1098 2736 communio.

574 2833 599 2860 ι
630 2819 685 2874 Is
726 2830 899 2873 autem
929 2819 1095 2888 frater
1117 2858 1133 2883 ,
1173 2826 1278 2874 etc.
1314 2817 1414 2874 Hic
1441 2819 1620 2889 agitur
1654 2819 1721 2875 de
1746 2819 1941 2888 majori
1983 2835 2077 2875 ex-

503 2890 1012 2954 conununicatiouc,
1048 2890 1294 2958 quamvis
1326 2904 1513 2943 omnes
1543 2889 1685 2944 illius
1713 2889 1938 2945 effectus
1974 2905 2083 2945 non

503 2960 873 3028 exprimantur
896 2959 1177 3013 brevitatis
1202 2975 1384 3014 causa.
1417 2960 1548 3013 Nam
1584 2960 1796 3015 excludi
1826 2976 1856 3014 a
1880 2976 2082 3016 mensa:

503 3030 931 3099 participatione.
974 3030 1043 3100 ab
1079 3030 1339 3100 oratorio,
1384 3045 1413 3100 a
1441 3030 1715 3085 consortio
1740 3039 1796 3083 et
1813 3031 2083 3100 colloquio

507 3097 813 3160 hominum,
865 3107 924 3151 ut
953 3099 1041 3152 hic
1077 3097 1360 3154 manifeste
1396 3099 1659 3160 habetur,
1706 3108 1832 3156 sunt
1856 3097 2084 3157 effectus

506 3167 727 3236 majoris
748 3169 1337 3223 excommunicationis.
1370 3168 1521 3234 Quod
1557 3169 1718 3223 etiam
1749 3170 1976 3225 suadent
1996 3171 2086 3226 illa

504 3253 712 3292 verna:
764 3236 943 3308 Sciens
971 3237 1252 3291 terribilem
1298 3238 1445 3292 illam
1478 3237 1711 3308 Apostoli
1754 3244 2083 3302 sententiam,

504 3318 610 3387 etc:
636 3324 651 3372 ;
684 3308 791 3390 .ille
824 3307 964 3361 enim
1014 3308 1229 3390 proprie
1258 3307 1457 3390 dicitur
1506 3307 1647 3364 tradi
1694 3309 1909 3363 Satanae
1933 3351 1948 3377 ,
1993 3312 2085 3381 qui

509 3379 697 3447 majori
727 3379 1281 3433 excommunicatione
1300 3379 1570 3447 plectitur.
1986 3379 2025 3415 ί

579 3450 607 3488 b
637 3447 703 3501 In
734 3446 1237 3519 penitentiteiluctu.
1277 3448 1577 3519 Concilium
1618 3448 2084 3519 Tarraconenset,

506 3535 625 3574 can.
662 3516 825 3588 l,r'de
866 3516 1128 3588 Monacbo
1172 3518 1546 3586 paenitentiam
1587 3528 1784 3588 agente
1840 3536 1852 3573 :
1910 3518 2087 3573 Pwni-

509 3589 685 3643 tentia:
706 3586 947 3642 lamentis
973 3588 1261 3641 incumbat.

580 3669 602 3696 ο
622 3656 732 3712 Nec
747 3675 778 3710 a
794 3673 1048 3727 quoquam
1060 3657 1724 3728 benedicaturtranseunte.
1749 3656 1948 3728 Nempe
1968 3674 2089 3712 cum

508 3730 621 3799 ipse
645 3729 1144 3799 excomtnunicatus
1175 3727 1372 3783 alicubi
1402 3728 1548 3783 solus
1573 3739 1849 3799 operatur.
1875 3727 2087 3797 Alioqui

508 3797 561 3852 iit
592 3798 725 3853 cella
757 3797 994 3853 residere
1031 3797 1223 3861 debet,
1267 3806 1325 3851 ut
1349 3808 1536 3867 postea
1580 3798 1869 3852 videbitur.
1921 3799 2091 3853 Bene-

508 3868 675 3923 dictio
714 3876 896 3922 autem
928 3867 1045 3922 haec
1071 3877 1175 3929 est.
1207 3882 1366 3936 quam
1401 3868 1589 3936 junior
1611 3883 1641 3922 a
1671 3869 1883 3922 seniore
1913 3879 2091 3923 trans-

506 3948 668 3993 eunte
696 3947 879 4009 petere
928 3938 1106 4009 debet.
1155 3937 1308 4009 Unde
1343 3937 1597 4009 Magister
1623 3953 1751 4009 cap.
1790 3941 1890 3997 15:
1939 3958 1957 4009 ε
1992 3940 2090 3992 Pe-

508 4009 655 4073 tenti
685 4007 1113 4077 benedictionem
1143 4006 1320 4062 nullus
1347 4006 1707 4077 respondeat:
1737 4008 1896 4062 Deus.
1938 4007 2089 4063 Licet

509 4087 686 4159 tamen
716 4091 999 4157 assurgere
1025 4076 1299 4159 salutanti,
1325 4076 1509 4159 _caput
1548 4078 1968 4159 inclinaremaut
1998 4096 2092 4132 nu-

506 4148 634 4201 dare
660 4145 1006 4199 humanitatis
1028 4145 1224 4209 ofﬁcio,
1254 4146 1340 4201 vel
1382 4145 1588 4201 vitandi
1637 4148 1872 4201 scandali
1901 4164 2087 4213 causa,

508 4224 567 4269 ut
621 4216 778 4268 docet
823 4213 1059 4283 Angelus
1103 4215 1158 4269 in
1204 4216 1393 4279 verbo,
1443 4215 1974 4281 Excommunicatio;
2021 4219 2090 4274 de

506 4284 724 4339 Gral'liis
748 4284 843 4339 lib.
872 4298 947 4347 tv,
970 4298 1023 4352 p.
1053 4285 1102 4348 l,
1134 4299 1182 4339 c.
1219 4284 1287 4338 12
1310 4301 1326 4350 ;
1352 4285 1648 4351 Millardus,
1665 4302 1780 4356 cap.
1812 4288 1907 4341 l01
1932 4304 1947 4352 ;
1972 4287 2089 4343 Sai-

508 4369 623 4407 rus.
642 4355 737 4407 lib.
766 4370 830 4407 ιι.
858 4369 979 4407 can.
1009 4354 1096 4407 ll.

508 4369 623 4419 rus,
642 4355 737 4409 lib.
766 4370 830 4418 tt,
858 4369 979 4423 cap.
1009 4355 1096 4407 ll.
1734 4355 1739 4356 ⁷

554 4424 600 4496 id
618 4424 732 4496 Nec
761 4424 905 4496 cibus
928 4424 1017 4496 qui
1052 4426 1099 4478 ei
1124 4423 1302 4496 datur.
1327 4425 1383 4479 S.
1402 4424 1734 4496 Fructuosus
1755 4426 2086 4496 episc.,cap.

510 4495 573 4548 Η
614 4493 867 4579 Regulae:
903 4493 947 4544 ι’
976 4495 1188 4579 Ειηιιορ
1207 4494 1282 4579 Aab
1310 4496 1505 4550 abbate
1524 4493 1867 4579 _e_xsulll:lt‘tu.u't
1899 4507 1956 4579 et
1980 4493 2086 4579 non

505 4565 921 4637 sanctificatum.
959 4565 1287 4637 {Magister
1312 4606 1327 4630 ,
1356 4581 1477 4634 cap.
1520 4565 1619 4618 l5:
1670 4583 1688 4615 ι
1727 4565 1998 4637 Quidquid
2037 4568 2086 4623 ei

504 4636 817 4759 porrigitur,
850 4650 881 4688 a
909 4634 1055 4688 nullo
1079 4634 1345 4704 signetur.
1384 4654 1402 4686 ι

583 4718 607 4745 ο
692 4706 708 4757 i
753 4704 870 4759 auis
906 4720 1026 4757 vero
1064 4707 1372 4759 monachus.

583 4718 607 4745 ο
648 4704 708 4759 Si
753 4704 870 4768 quis
906 4720 1026 4757 vero
1064 4707 1372 4768 monachus,
1413 4713 1517 4761 etc.
1562 4705 1689 4760 Haec
1733 4706 2004 4761 habentur
2032 4708 2085 4761 in

503 4773 740 4831 secunda

507 4847 640 4900 tium
674 4854 757 4898 est
786 4861 799 4898 :

506 4915 698 4971 nostris
724 4913 1158 4968 conuenissemus.
1209 4916 1568 4980 Quamobrem
1599 4913 1833 4979 titulum,
1869 4919 1959 4980 qui
1994 4918 2081 4973 hic

507 4985 935 5055 desiderabatur,
979 4983 1222 5053 supplevi
1250 4985 1303 5038 in
1353 4986 1468 5040 haec
1499 4985 1659 5039 verba
1691 5003 1703 5038 :
1761 4985 1845 5039 Ea:
1884 4983 2083 5055 Regula

511 5054 760 5126 Patrum:
785 5052 967 5126 fretus
981 5052 1142 5108 etiam
1169 5055 1813 5126 auctoritateSmaragdi,
1839 5057 1930 5124 qui
1955 5052 2088 5111 scri-

506 5125 585 5178 bit
614 5142 628 5177 :
666 5142 685 5174 ί
721 5123 789 5177 Et
815 5123 909 5194 alii
936 5123 1128 5194 Patres
1162 5124 1414 5180 dixerunt
1443 5144 1456 5179 :
1491 5124 1547 5179 Si
1577 5123 1872 5194 quis'vero
1901 5142 2088 5181 mona-

505 5194 663 5261 chus,
699 5212 718 5245 ι
750 5205 853 5248 etc.
888 5192 1243 5248 Proferuntur
1282 5196 1443 5249 etiam
1473 5210 1503 5248 a
1536 5192 1867 5257 Burchardo.
1899 5194 1992 5250 lib.
2020 5211 2084 5260 ιι,

507 5278 627 5335 cap.
670 5262 757 5326 64,
786 5271 837 5316 et
863 5261 1023 5335 [vane
1048 5262 1388 5328 Caruotensi,
1413 5274 1566 5335 parte
1587 5281 1685 5335 χιιι
1708 5265 1940 5330 Decreti,
1959 5281 2081 5335 cap.

508 5333 595 5398 5t,
625 5348 692 5387 ex
719 5333 947 5387 concilio
974 5332 1286 5404 Agathensi,
1308 5332 1427 5389 can}
1460 5334 1494 5388 2
1526 5353 1539 5388 :
1573 5354 1592 5385 ι
1624 5334 1680 5389 Si
1713 5336 1833 5403 quis
1857 5332 2084 5390 clericus

509 5412 601 5455 aut
629 5403 947 5457 monachus.
987 5423 1005 5454 ι
1039 5414 1144 5457 etc.
1179 5404 1307 5469 Quae
1337 5414 1514 5459 tamen
1538 5422 1643 5463 uou
1672 5414 1888 5459 exstant
1917 5405 1972 5460 in
2004 5407 2083 5460 di-

510 5480 597 5526 cto
623 5473 870 5528 concilio.
902 5475 1078 5538 Quare
1103 5474 1335 5529 arbitror
1350 5476 1662 5530 citationem
1678 5491 1796 5531 esse
1811 5477 2079 5530 vitiosam.

587 5541 609 5611 ξ
647 5540 713 5594 Ut
732 5541 920 5610 junior
946 5543 1101 5611 uirgis
1130 5559 1318 5598 cwsus.
1351 5544 1502 5599 Furti
1533 5561 1654 5599 reos
1681 5548 1974 5601 monachos
2000 5547 2085 5603 in-

512 5608 820 5684 differenter
855 5608 1197 5684 ﬂagellationi
1226 5616 1464 5684 Asuhjicit
1519 5615 1576 5670 S.
1622 5616 1948 5670 Pachumius
1973 5625 2078 5670 art.

514 5679 656 5806 ἔξΙῂ
672 5689 721 5732 et
753 5679 1186 5800 slanctifnoniales
1216 5682 1272 5738 S.
1307 5679 1572 5740 Caesarius
1604 5686 1938 5741 Arelatensis
1962 5702 2081 5755 cap.

666 5764 763 5806 ιξκιι
789 5765 851 5802 ιιι.

666 5764 851 5819 legum.

815 4772 969 4844 egula
1021 4772 1240 4827 Patrum
1285 4775 1407 4830 cod.
1460 4792 1563 4831 ms.
1594 4776 1764 4840 Flor.,
1797 4777 1953 4844 cujus
1982 4778 2086 4831 ini-

2107 827 2212 900 A§
2271 826 2358 880 Ill.
2416 855 2487 865 —
2517 823 2593 877 Et
2661 820 3123 961 Βεθυιζέαὲιὲῗῦι
3186 818 3448 876 Fsunsou
3505 837 3691 881 srmzort

2254 984 2268 1037 i
2318 985 2470 1041 Furti
2523 982 2821 1045 conscium,
2880 981 2925 1034 si
2956 980 3130 1034 adhuc
3186 995 3376 1036 vocare
3424 985 3694 1040 monachum

2178 1090 2489 1147 possumus,
2515 1071 2669 1141 quasi
2701 1069 3003 1125 adulterum
3034 1069 3327 1123 secundum
3355 1069 3557 1141 ﬂagellis
3573 1075 3695 1129 subdi

2180 1178 2234 1223 et
2262 1182 2456 1239 magna
2492 1163 2703 1221 conteri
2748 1160 3043 1216 afﬂictione
3100 1158 3370 1228 iubemus,
3423 1163 3592 1220 dantes
3640 1165 3696 1220 illi

2183 1260 2210 1299 ¹ί
2234 1274 2397 1313 uuam
2425 1272 2547 1312 cum
2602 1253 2957 1309 fornicatione
2986 1252 3306 1307 sententiam
3333 1271 3345 1306 :
3370 1254 3485 1322 quia
3506 1255 3697 1310 luxuria-

2180 1363 2269 1408 tus
2295 1360 2398 1417 est,
2455 1366 2579 1405 cum
2637 1346 2933 1402 furaretur.
2989 1344 3207 1399 Similes
3234 1344 3376 1398 enim
3401 1360 3488 1401 eos
3521 1364 3610 1402 non
3634 1349 3695 1402 in-

2182 1460 2424 1514 congrue
2451 1442 2702 1503 dicimus,
2733 1454 2870 1508 quos
2916 1439 2969 1491 in
2998 1453 3152 1491 sacra
3178 1436 3401 1492 lectione
3426 1440 3606 1507 pariter
3626 1456 3698 1508 po-

2181 1534 2318 1587 sitos
2366 1531 2694 1586 invenimus.
2752 1528 2894 1582 Dicit
2927 1542 3055 1598 ergo
3109 1526 3368 1581 Dominus
3393 1544 3483 1598 per
3514 1530 3698 1600 prophe-

2180 1634 2293 1681 tam
2324 1644 2337 1679 ε
2375 1623 2499 1679 Non
2523 1633 2598 1679 est
2652 1624 2869 1679 scientia
2895 1622 2993 1677 Dei
3033 1620 3049 1661 ι
3078 1639 3238 1693 super
3267 1632 3448 1676 terram
3477 1621 3587 1688 (Ose
3612 1625 3697 1693 tv);

2181 1725 2238 1773 et
2264 1716 2424 1786 paulo
2453 1724 2575 1787 post
2602 1733 2615 1767 :
2648 1713 2873 1767 Furtum
2908 1724 2957 1767 et
3008 1711 3328 1766 adulterium
3372 1711 3698 1766 inundaverant

2182 1806 2407 1879 (Ibid.);
2443 1813 2497 1860 et
2521 1806 2716 1860 iterum
2743 1804 2795 1858 in
2819 1803 3028 1875 psalmo
3059 1822 3071 1856 :
3109 1800 3169 1856 Si
3195 1802 3398 1856 videbas
3422 1801 3701 1872 [armanti-

2180 1897 2293 1951 mul
2320 1897 2568 1951 currebas
2604 1914 2721 1950 cum
2746 1912 2827 1960 eo,
2866 1905 2895 1933 ιι
2926 1905 2974 1949 et
3010 1894 3267 1948 adulteris
3290 1894 3559 1964 portionem
3580 1902 3695 1947 tuam

2180 1989 2407 2060 ponebas
2460 1986 2632 2060 (Psal.
2665 1986 2836 2059 LXIX).
2892 1986 3149 2057 Legimus
3178 1986 3338 2040 etiam
3387 1985 3436 2040 in
3464 1986 3702 2057 Evangelia

2182 2080 2469 2136 Dominum
2505 2086 2529 2114 °
2564 2080 2806 2134 dixisse:
2861 2076 3284 2144 Fornicationes,
3344 2078 3479 2147 furta
3529 2076 3700 2149 (Matth.

2108 2176 2157 2235 B
2183 2168 2297 2240 xv).
2334 2168 2446 2224 Nec
2470 2179 2715 2223 moratus
2756 2168 2999 2223 addidit:
3044 2166 3180 2222 Πωε
3200 2178 3319 2222 sunt
3362 2185 3473 2238 quis
3513 2168 3702 2238 coinqui-

2189 2267 2316 2312 nant
2346 2257 2608 2312 hominem
2666 2257 2876 2330 (Ibid.).
2933 2257 3013 2311 Ex
3061 2256 3151 2312 his
3183 2256 3418 2326 profecto
3459 2257 3704 2327 intelligere

2181 2356 2408 2416 possunt
2438 2349 2629 2403 borum
2657 2348 2922 2402 scelerum
2964 2347 3109 2402 servi
3139 2350 3288 2417 quia,
3319 2347 3453 2402 sicut
3477 2348 3706 2418 mqualiter

2182 2440 2270 2495 his
2299 2440 2647 2495 dominantur
2678 2441 2827 2506 vitia,
2887 2438 3178 2510 aequaliter
3227 2440 3446 2496 debetur
3488 2449 3537 2494 et
3562 2454 3703 2510 plena.

2188 2530 2217 2600 ᾗ
2272 2529 2363 2587 ιγ.
2404 2561 2475 2571 --
2513 2530 2591 2585 Ex
2648 2530 2866 2672 licessit
2925 2546 3115 2664 sw‘cg;
3168 2528 3465 2587 Fuucruosr
3514 2545 3706 2586 sptscort

2854 2618 2969 2670 cap.
3110 2642 3124 2655 .

2854 2618 2969 2670 cap.
3010 2618 3124 2664 ιω.

2179 2704 2195 2723 κ
2262 2702 2290 2742 ι)
2327 2690 2626 2748 Monachus
2655 2703 2681 2742 ιι
2709 2692 3057 2762 parvulorum
3081 2702 3183 2749 aut
3202 2692 3596 2749 adolescentium
3614 2705 3709 2746 con-

2261 2824 2285 2862 δ
2318 2822 2443 2877 Ιαηι
2468 2822 2707 2877 clericus.
2740 2821 2896 2891 Apud
2950 2822 3172 2877 lvouem
3199 2831 3255 2877 et
3304 2820 3707 2877 Burrhardumle-

2187 2893 2374 2965 gitur}
2401 2892 2436 2946 J
2441 2910 2527 2947 am
2565 2894 2866 2965 ordinatus.

2255 2965 2286 3005 ιι
2327 2963 2576 3017 Levitate.
2611 2963 2756 3030 Lege
2785 2960 3035 3015 stultitia.

2265 3036 2283 3076 ἱ
2302 3033 2635 3103 Communia.
2651 3029 2804 3101 Apud
2818 3033 3036 3087 eosdem
3050 3032 3283 3103 legitur:
3309 3032 3432 3087 Sola
3446 3029 3705 3103 communio.

2266 3103 2280 3154 i
2331 3102 2490 3156 Furti
2513 3098 2801 3164 conscium,
2827 3104 2894 3167 si,
2919 3112 3025 3156 etc.
3058 3098 3193 3157 Haec
3220 3103 3480 3158 habentur
3503 3101 3549 3155 in
3570 3098 3708 3154 libello

2187 3192 2218 3231 c
2246 3183 2303 3230 et
2320 3189 2415 3228 11v
2443 3172 2844 3226 Sententiarum
2874 3174 2940 3227 de
2965 3173 3312 3239 Rectoribus,
3343 3173 3429 3227 ubi
3453 3172 3504 3226 S.
3527 3171 3708 3225 Ferreo'

2188 3246 2274 3301 lus
2299 3243 2601 3366 aplpellatur
2628 3244 2929 3313 presbyter.

2261 3315 2288 3354 ιι
2382 3329 2506 3366 nam
2542 3327 2659 3365 cum
2707 3311 2929 3366 {amicat

2261 3315 2288 3354 ιι
2331 3311 2506 3367 Unam
2542 3327 2659 3365 cum
2706 3311 3053 3379 foridcatione
3097 3315 3425 3368 sententiam.
3472 3311 3595 3382 Lege
3614 3324 3707 3382 cum

2189 3385 2504 3466 fornicatus,
2536 3391 2594 3462 ut
2622 3381 2949 3466 iit-praefato
2991 3382 3199 3438 libello.
3236 3382 3402 3437 Unam
3429 3381 3705 3441 sententiain,

2190 3451 2245 3510 id
2269 3464 2351 3509 est
2379 3453 2522 3508 idem
2538 3451 2825 3520 judicium.

2268 3523 2286 3563 ι
2318 3524 2732 3593 δυρεηιενηηιι.
2759 3520 3058 3593 ln_vulgata
3081 3524 3338 3578 versione
3369 3540 3382 3574 :
3411 3520 3474 3593 In
3498 3531 3633 3574 terra.

2262 3606 2302 3633 ω
2332 3586 2504 3664 Simul
2526 3592 2790 3664 cui-rebus.
2818 3591 2895 3647 lta
2917 3586 2970 3645 in
2999 3592 3209 3662 Regula
3236 3592 3488 3664 Magistri,
3514 3603 3617 3659 cap.
3643 3586 3707 3647 l3,

2186 3662 2338 3733 juxta
2368 3662 2689 3733 Psalterium
2722 3662 3045 3733 Bomanum.

2265 3744 2291 3771 ιλ
2321 3732 2391 3803 Et
2417 3730 2690 3803 adulteris.
2722 3731 2864 3803 Lege
2896 3750 2909 3785 :
2949 3732 3164 3803 Etcum
3183 3734 3449 3803 adulteris.

2272 3811 2296 3875 9
2319 3802 2549 3875 Dixisse,
2574 3796 2997 3875 fornicationes,
3042 3802 3213 3875 furta.
3237 3803 3386 3873 Apud
3410 3796 3706 3875 Smaragdum

2191 3872 2387 3945 legitur
2410 3890 2471 3945 ελ(
2500 3871 2737 3945 dixisse:
2771 3870 2850 3925 De
2870 3873 3024 3945 corde
3043 3868 3051 3870 ἡ
3072 3874 3215 3926 enim
3259 3868 3441 3928 eIreunt
3471 3868 3705 3926 adulteria,

2192 3940 2586 4017 fornicationes,
2615 3940 2780 4010 furta,
2808 3950 2869 4017 e_t_
2890 3942 3117 4017 reliqua.
3151 3962 3173 3994 ι
3392 4011 3406 4017 _

2262 4023 2290 4062 ι»
2329 4004 2642 4074 Monachus,
2675 4020 2779 4066 etc.
2825 4010 2951 4066 "rec
2988 4004 3260 4066 habentur
3310 4011 3488 4067 eodem
3516 4023 3615 4077 cap.
3641 4004 3703 4077 ιβ,

2190 4080 2245 4153 in
2279 4072 2703 4153 Riegula_nts.'S.
2732 4081 3016 4153 Fructuosi
3042 4084 3290 4153 rpisc0pi
3328 4082 3442 4137 cod.
3487 4072 3641 4153 cra—ss.
3664 4072 3704 4153 lit

2191 4147 2385 4206 libello'
2410 4150 2512 4204 lu
2566 4150 2969 4205 Sententiarum
3020 4147 3100 4205 de
3138 4147 3469 4214 ﬂectoribus,
3500 4147 3578 4202 ubi
3615 4150 3707 4213 post

2189 4224 2246 4277 τὸ
2288 4225 2594 4276 monachus.
2625 4220 2841 4274 additur
2872 4240 2886 4275 :
2934 4218 3021 4274 Vel
3050 4220 3296 4285 clericus,
3347 4228 3400 4274 ct
3448 4218 3571 4288 apud
3597 4214 3707 4267 lieu—

2191 4292 2363 4346 ricum
2391 4290 2687 4353 Canisium,
2714 4297 2845 4360 tom.
2868 4289 2911 4345 γ
2944 4292 3182 4360 antiquae
3209 4290 3467 4355 let-tionis,
3509 4294 3636 4358 parte
3658 4297 3703 4335 tt.

2190 4360 2443 4415 Refertur
2467 4364 2628 4414 etiam
2657 4375 2686 4412 a
2724 4359 3060 4423 Burchardo,
3084 4362 3177 4417 lib.
3208 4378 3317 4415 xvn
3352 4361 3567 4421 Decreti,
3611 4367 3703 4421 cap.

2192 4431 2282 4495 55,
2311 4445 2376 4485 ex
2407 4430 2569 4485 dictis
2601 4428 2806 4493 Basilii,
2831 4431 2922 4484 sed
2954 4446 3059 4484 non
3084 4432 3159 4485 ita
3186 4442 3348 4486 recte.
3380 4429 3505 4483 Nam
3533 4428 3619 4481 hoc
3640 4436 3706 4495 ea:

2187 4488 2412 4569 pitulum
2445 4515 2708 4570 nusquam
2745 4488 3011 4568 repereris
3054 4503 3196 4570 apud
3250 4502 3305 4555 S.
3342 4488 3704 4570 Basilium._-se.d

2190 4562 2244 4624 iu
2295 4569 2497 4639 Regula
2531 4562 2588 4625 S'.
2645 4562 2927 4624 Fructuosi
2972 4562 3343 4634 Braéarensis,
3380 4577 3536 4639 utiex
3581 4562 3704 4617 dictis

2187 4638 2391 4694 notum
2428 4647 2512 4694 est
2544 4657 2557 4692 :
2587 4640 2835 4708 quamvis
2892 4639 2979 4693 hic
3030 4640 3301 4694 referatur
3351 4638 3702 4708 pauloicootra-

2187 4709 2350 4769 ctius.
2377 4717 2430 4764 et
2457 4702 2670 4763 varient
2689 4778 2693 4779 ν
2712 4708 2980 4777 quasdam.
3035 4710 3191 4779 Apud
3218 4702 3471 4779 eumdem
3488 4702 3702 4779 Burchar;

2187 4779 2313 4833 dum
2340 4764 2580 4834 viuitium
2609 4764 2768 4849 hujus
2816 4781 3009 4849 captis
3043 4764 3117 4833 ita
3143 4778 3342 4849 legitur
3367 4792 3383 4830 :
3413 4776 3619 4831 Clericus
3645 4764 3702 4820 ῑίι

2114 3520 2160 3583 C

878 4860 965 4919 um
994 4844 1049 4897 in
1075 4845 1279 4919 nomine
1313 4845 1523 4919 Domini
1545 4863 1651 4919 una
1681 4863 1797 4919 cum
1823 4847 2077 4915 fratribus
2103 4860 2157 4919 ι)
2185 4849 2475 4919 monachus
2515 4844 2923 4919 adolescentium
2961 4849 3040 4919 uel
3067 4844 3401 4919 paruulorum
3452 4848 3699 4919 insecta“??-

2259 4929 2287 4969 τι
2333 4916 2689 4972 Paruulorum
2718 4928 2810 4971 aut
2845 4914 3252 4972 adolescentium
3276 4914 3696 4986 consectatur,

2186 4987 2458 5061 Ejusmodi
2489 5003 2622 5061 curn
2647 4986 2954 5061 junioribus
2999 4988 3390 5061 familiaritates
3425 4975 3699 5061 etiam"an

2186 5051 2303 5127 rum
2341 5057 2562 5127 Patrum
2588 5051 2811 5127 Regula:
2831 5057 3206 5127 proscribunt;
3243 5056 3301 5111 S.
3349 5051 3596 5127 Pachumii
3617 5053 3696 5127 art.

2182 5126 2253 5181 90
2286 5144 2298 5180 :
2337 5146 2356 5178 ¢
2391 5126 2447 5180 Si
2476 5113 2847 5195 deprehensus
2870 5125 3034 5181 fuerit
3080 5113 3275 5194 aliquis
3299 5127 3364 5181 de
3406 5120 3632 5195 fratribus
3647 5113 3697 5191 ις-

2183 5197 2377 5251 benter
2401 5211 2522 5249 cum
2545 5193 2731 5265 pueris
2759 5196 2957 5259 ridere,
2986 5206 3041 5250 et
3069 5193 3270 5259 ludere,
3310 5204 3363 5248 et
3392 5193 3574 5248 habere
3592 5197 3698 5239 amt—

2188 5268 2345 5321 citias
2384 5264 2561 5319 :etatis
2581 5264 2831 5328 infirmas,
2854 5267 3019 5320 tertio
3044 5266 3482 5325 commonebitur,
3508 5267 3561 5313 ut
3584 5265 3699 5309 rece-

2191 5336 2284 5407 dat
2317 5337 2385 5390 ab
2410 5350 2597 5407 eorum
2627 5336 3045 5407 necessitudine,
3085 5344 3139 5390 et
3164 5350 3369 5407 memor
3401 5335 3468 5388 sit
3492 5330 3697 5407 hones”:

2192 5406 2263 5458 tis
2292 5422 2356 5460 ac
2385 5402 2596 5458 timoris
2644 5405 2760 5458 Dei.
2802 5404 2859 5458 Si
2890 5420 2995 5459 non
3042 5404 3352 5467 cessaverit,
3402 5400 3692 5472 corripiatur,

2181 5484 2242 5529 ιιι
2261 5477 2456 5565 dignus
2476 5483 2579 5539 est,
2605 5474 2948 5565 correptione
2961 5463 3696 5565 severissima.'iIOrienia‘liultp

2182 5525 3022 5615 seu“”r;eaae;.sa.ja‘asin2
3046 5525 3482 5615 {animum
3511 5525 3694 5615 aliquid.

2180 5616 2267 5669 vel
2294 5606 2424 5670 risui
2456 5625 2640 5684 aptum
2669 5613 2725 5684 in
2771 5606 3036 5684 conventu
3066 5606 3291 5669 fratrum
3328 5606 3563 5684 proferre
3588 5611 3697 5684 PF?"

2187 5679 2506 5757 sumpserit,
2525 5683 2615 5757 vel
2639 5683 2880 5757 quicum
2898 5683 3199 5757 junioribus
3233 5679 3563 5757 verbaotiosa
3588 5679 3693 5757 uel?"
3716 5742 3731 5753 '

2189 5742 2582 5822 rare'voluerit,
2616 5742 2707 5806 aut
2734 5742 2934 5808 habere
2984 5754 3245 5810 amicitias
3273 5751 3438 5805 mtatis
3485 5742 3690 5798 inﬁrmat.
