3940 6196
580 330 716 386 1003

576 448 644 496 an
671 440 865 496 abbate
900 438 1173 510 praepositi
1204 436 1343 507 ejus,
1376 439 1507 509 quid
1540 443 1867 510 peccaverit,
1902 442 1985 497 vel
2015 458 2151 513 quo-

576 532 678 585 ties
700 530 935 585 monitus
971 530 1039 584 de
1068 530 1184 599 ipso
1212 529 1344 583 vitio
1369 543 1476 584 non
1505 530 1897 596 emendaverit,
1931 547 2153 602 respon-

576 621 738 675 deant
782 619 877 691 qui
920 633 1046 673 eum
1092 628 1373 675 accusant.
1403 617 1521 687 Quo
1569 622 1757 676 audito
1809 622 1944 679 vitio
1990 623 2154 677 talem

575 708 782 764 abbatis
837 715 1029 762 contra
1083 722 1142 763 se
1171 708 1356 762 audiat
1405 723 1612 764 vocem.
1642 708 1687 765 Ο
1721 711 1922 766 misera
1950 712 2151 776 anima,

574 797 716 865 quod
741 811 1060 867 responsum
1088 797 1282 852 datura
1302 810 1363 852 es
1384 797 1515 865 Dm),
1545 813 1705 869 quem
1722 814 1818 870 per
1839 801 2154 856 inobedien-

576 886 704 940 tiam
731 885 973 957 quotidie
1018 886 1223 951 irritas,
1249 901 1374 944 eum
1412 889 1708 944 accesseris
1728 893 1958 944 adorare
1978 904 2101 945 eum
2129 892 2152 943 ?

572 992 742 1047 quare
790 978 891 1034 sub
934 978 1175 1034 dominio
1203 978 1299 1034 Dei
1338 980 1512 1035 servis
1550 980 1732 1049 potius
1785 981 2155 1036 mammonze?

573 1068 703 1138 quid
726 1069 980 1125 mentiris
1020 1068 1259 1134 Christo,
1309 1069 1447 1125 alter
1472 1068 1688 1126 Judas?
1718 1070 1808 1125 Ille
1838 1069 2006 1127 Judas
2052 1072 2155 1127 ini-

574 1157 801 1227 quitatis
850 1157 1028 1228 portio
1058 1156 1326 1226 justitiam
1378 1158 1643 1226 vendidit,
1683 1166 1741 1214 tu
1788 1159 2156 1215 Christianum

577 1262 772 1303 nomen
800 1246 1013 1302 laceras
1040 1247 1384 1304 malefactis?
1410 1247 1501 1302 Ille
1533 1246 1701 1304 Judas
1727 1264 1824 1320 per
1848 1263 2036 1319 pacem
2058 1248 2158 1304 fal-

575 1353 690 1391 sam
717 1336 943 1392 Domino
973 1338 1285 1393 scandalum
1335 1340 1636 1410 generavit,
1690 1348 1744 1393 tu
1789 1344 1891 1394 sub
1938 1342 2156 1397 nomine

574 1428 747 1484 sancti
770 1430 975 1484 servitii
1011 1431 1119 1486 Deo
1149 1431 1320 1502 magis
1353 1431 1568 1487 rebellis
1614 1433 1845 1487 existis?
1872 1431 1964 1487 Ille
1988 1432 2155 1489 ludas

578 1518 750 1575 falsus
781 1519 1097 1591 Magistrum
1137 1524 1358 1579 tradidit
1385 1524 1699 1595 discipulus,
1732 1535 1787 1580 tu
1814 1528 1914 1581 sub
1940 1529 2156 1581 nomine

574 1615 763 1663 sancto
790 1610 961 1680 magis
991 1609 1264 1665 diabolum
1312 1611 1471 1667 factis
1502 1614 1747 1683 sequeris
1776 1614 2156 1670 Christianus?

571 1697 769 1753 Astare
793 1698 937 1753 enim
982 1698 1076 1752 tibi
1129 1700 1290 1755 habet
1312 1700 1367 1754 in
1410 1700 1617 1771 judicio
1667 1712 1849 1758 nostra
1904 1705 2152 1770 monitio,

572 1785 657 1839 vel
686 1792 807 1841 tuus
834 1787 1079 1856 spiritus,
1136 1780 1239 1844 cui
1278 1805 1402 1845 cum
1450 1807 1633 1857 carne,
1663 1805 1689 1833 ι
1717 1795 1931 1864 propria
1964 1796 2154 1850 volun-

572 1883 686 1931 tate
713 1891 983 1949 repugnas
1010 1874 1028 1949 [
1058 1877 1085 1917 δ
1115 1876 1248 1951 Deo]
1278 1888 1405 1936 ante
1435 1882 1673 1937 tribunal
1710 1886 1975 1939 tremendi
2008 1885 2156 1941 Judi—

574 1968 675 2030 eis,
708 1967 932 2023 dicens:
966 1966 1208 2033 Domine,
1241 1967 1408 2024 noluit
1444 1971 1733 2043 intelligere
1753 1983 1807 2027 ut
1838 1974 1963 2029 bene
1984 1988 2156 2046 ageret

572 2052 748 2127 (Paul.
781 2055 971 2128 xxxv).
996 2056 1338 2127 lniquitatem
1364 2060 1655 2117 meditatus
1678 2072 1785 2128 est,
1813 2066 1987 2119 astitit
2010 2068 2157 2121 omni

572 2146 687 2200 vim.
712 2161 818 2202 non
850 2149 1027 2213 bonae,
1062 2149 1322 2205 malitiam
1349 2160 1531 2207 autem
1555 2169 1661 2208 non
1696 2156 1887 2214 odivit.
1917 2157 2013 2211 sed
2042 2150 2163 2212 ιιιθὲ

573 2237 658 2308 gis
689 2248 710 2275 ο
739 2236 1005 2308 gloriatus
1044 2239 1098 2292 in
1131 2254 1215 2306 ea,
1246 2250 1439 2310 potens
1483 2240 1582 2296 fuit
1610 2244 1665 2298 in
1693 2245 1995 2316 iniquitate.
2022 2247 2156 2302 Cum

578 2328 697 2383 haec
726 2336 1015 2384 accusatus
1042 2329 1209 2387 fueris
1242 2332 1297 2386 in
1318 2332 1527 2403 judicio
1570 2344 1695 2404 post
1728 2345 1969 2393 nostram
1998 2339 2157 2394 simul

575 2426 632 2472 et
662 2419 928 2474 tremendi
976 2419 1183 2475 Judicis
1212 2436 1398 2479 vocem
1442 2425 1673 2482 dicentis
1702 2427 1799 2483 tibi
1824 2446 1836 2481 :
1868 2429 1947 2484 Tu
1976 2445 2035 2485 es
2064 2433 2155 2499 qui

570 2507 735 2563 odisti
763 2508 1127 2580 disciplinam,
1145 2520 1199 2567 et
1219 2513 1496 2583 proiecisti
1519 2531 1798 2574 sermones
1820 2535 1972 2575 meos
1995 2520 2021 2560 ει
2036 2516 2157 2592 post

569 2606 626 2655 te
650 2596 824 2671 (Paul.
870 2599 1045 2673 χιιι).
1078 2599 1135 2656 Si
1176 2602 1398 2660 videbas
1447 2604 1645 2674 furem,
1683 2605 1844 2664 simul
1890 2613 2146 2668 currebas

571 2702 694 2743 cum
715 2702 801 2754 eo,
824 2696 1021 2744 etcum
1045 2691 1301 2748 adulteris
1314 2694 1617 2765 portionem
1633 2707 1781 2754 tuam
1802 2703 2057 2770 ponebas.
2083 2703 2156 2760 Os

572 2787 723 2835 tuum
744 2781 1041 2838 abundavit
1062 2784 1287 2852 malitia,
1302 2797 1357 2842 et
1378 2787 1559 2858 lingua
1581 2798 1670 2845 tua
1688 2792 2157 2849 concinnabatdo-

571 2868 705 2925 lum.
730 2869 936 2927 Sedens
949 2873 1208 2929 adversus
1227 2874 1452 2931 fratrem
1467 2886 1616 2933 tuum
1631 2882 1972 2950 detrahebas,
1998 2894 2051 2939 et
2067 2899 2157 2955 po-

574 2962 743 3023 nebas
756 2963 1088 3019 scandalum.
1107 2964 1238 3020 Tota
1253 2967 1669 3038 dieinjustitiam
1699 2974 1953 3044 cogitavit
1975 2976 2155 3047 lingua

570 3060 688 3116 tua,
739 3054 881 3109 sicut
919 3056 1185 3111 novacula
1235 3068 1394 3113 acuta
1437 3059 1615 3117 fecisti
1661 3063 1861 3119 dolum.
1908 3065 2155 3124 Dileaicti

572 3142 834 3199 malitiam
859 3163 1017 3217 super
1037 3148 1427 3219 benignitatem,
1452 3154 1778 3224 iniquitatem
1802 3160 1969 3230 magis
1997 3178 2153 3232 quam

567 3233 713 3307 loqui
733 3238 1024 3304 wquitatcm
1041 3237 1212 3311 (Psal.
1238 3242 1333 3314 LI).
1357 3243 1599 3300 Dilcxt'sti
1627 3250 1803 3303 omnia
1829 3252 1983 3307 verba
2012 3271 2153 3323 prce-

571 3326 888 3396 cipitationis
917 3338 941 3368 ε
965 3330 1020 3383 in
1061 3329 1245 3402 lingua
1279 3334 1482 3390 dolosa.
1523 3337 1653 3393 Haec
1682 3340 1872 3408 fecisti,
1903 3353 1952 3397 et
1985 3347 2153 3411 tacui,

567 3426 626 3470 et
661 3414 680 3454 τ
707 3416 1033 3475 existimasti
1061 3420 1422 3491 iniquitatem,
1456 3427 1600 3495 quod
1632 3442 1783 3483 eram
1814 3429 1909 3485 tibi
1938 3432 2153 3500 similis,

570 3519 794 3576 arguam
843 3516 897 3563 te
945 3511 1308 3565 etﬁstatuam
1342 3513 1487 3568 illam
1527 3524 1717 3573 contra
1766 3517 1955 3574 faciem
2005 3529 2154 3578 tuam

567 3594 755 3667 (Psal.
779 3600 959 3670 xux),
1002 3610 1062 3655 ut
1102 3602 1348 3659 destruat
1379 3612 1430 3659 te
1469 3605 1608 3662 Deus
1650 3607 1705 3662 in
1738 3608 1931 3677 finem;
1961 3612 2157 3669 evellet

567 3697 644 3754 te,
680 3695 736 3743 et
769 3689 1056 3761 emigrabit
1091 3700 1143 3748 te
1181 3693 1249 3749 de
1282 3696 1631 3751 tabernaculo
1667 3707 1781 3766 tuo,
1826 3708 1883 3755 et
1913 3704 2152 3758 radicem

570 3787 721 3834 tuam
767 3778 837 3835 de
882 3788 1027 3837 terra
1067 3784 1387 3840 viventium.
1448 3788 1600 3845 Tunc
1647 3791 1813 3846 etiam
1864 3801 1920 3847 et
1963 3809 2154 3851 omnes

643 3947 669 3975 ε
708 3933 937 4016 Propria
961 3936 1244 4016 voluntate.
1276 3939 1417 4013 Lege
1446 3961 1458 3997 τ
1486 3940 1593 3999 Per
1614 3946 1884 4016 propriam
1915 3947 2154 4004 volunta-

568 4014 696 4079 tem,
711 4017 787 4079 _ut
810 4006 908 4079 es_t_
921 4007 975 4062 in
995 4006 1197 4079 Regula
1228 4026 1329 4064 ms.

651 4076 683 4117 δ
700 4076 841 4156 ρςο..
864 4076 991 4156 llaec
1010 4076 1115 4156 yoi
1145 4081 1431 4156 redundat,
1455 4097 1554 4139 nec
1578 4084 1973 4156 estinjiegula
1993 4103 2095 4142 ms.

653 4142 1562 4225 c_gloriatus:ALegeLgloriatus‘es,
1586 4164 1644 4208 ut
1665 4154 1720 4208 in
1742 4142 1948 4225 Regula
1976 4173 2078 4213 ms.

648 4213 681 4256 δ
702 4213 828 4267 Post
860 4223 927 4267 te.
967 4215 1046 4268 Ita
1076 4213 1129 4270 in
1161 4213 1423 4275 Psalterio
1449 4213 1715 4276 Romano.

654 4283 772 4354 013i
804 4282 989 4354 lingua
1014 4285 1218 4340 dolosa.
1244 4287 1319 4342 lta
1350 4290 1404 4343 in
1432 4290 1697 4349 Psalterio
1722 4293 1986 4350 Romano.

652 4354 671 4394 ί
707 4352 1042 4427 Existimasti
1093 4357 1438 4427 iniquitatem.
1486 4361 1565 4415 lta
1606 4362 1670 4416 'in
1725 4363 1986 4421 Psalterio
2041 4366 2151 4422 Ro-

571 4438 733 4501 mano
756 4464 771 4488 ,
818 4421 887 4501 ad
926 4424 1152 4501 verbum
1180 4421 1270 4482 ἐκ
1321 4426 1672 4501 Septuaginta
1707 4452 1720 4486 :
1753 4436 2007 4498 ὑπέλαϐες
2060 4421 2151 4497 riis

572 4498 802 4550 ἀνοαεαν.
832 4493 988 4561 Quod
1029 4495 1173 4550 idem
1217 4493 1411 4564 sonat,’
1441 4493 1558 4569 pro',
1590 4502 1913 4559 existimasti
1946 4493 2148 4575 inique,

572 4573 633 4620 nt
664 4549 912 4646 babetur.
937 4564 990 4646 in
1020 4564 1554 4646 Yulgatajersione.
1584 4568 1743 4627 Juxta
1775 4575 1919 4644 quod
1944 4575 2148 4646 Apolli-

570 4635 760 4689 narius
784 4634 840 4688 in
862 4632 1189 4704 Metapbrasi
1218 4637 1387 4705 dixit,

780 4723 949 4785 Ὠἳτης
975 4727 1168 4798 ἀθέμις.
1179 4765 1215 4782 ..
1229 4768 1263 4781 ..

571 4815 627 4875 id
677 4822 783 4897 est,
831 4814 1404 4897 existimasti-inique.
1434 4820 1568 4877 Nam
1621 4827 1891 4897 ἀθέμιστα,
1944 4830 2156 4897 poetice

571 4899 670 4954 pro
710 4887 1016 4965 ᾀθεμίςτως.
1054 4885 1112 4940 1η
1158 4885 1384 4965 Hebr—aio
1418 4900 1628 4965 tantum
1678 4885 2157 4965 liabetdrfexisti-

571 4956 732 5025 musti
757 4955 836 5010 me
860 4955 1100 5025 futurum
1128 4957 1347 5012 similem
1378 4963 1476 5015 tui.

645 5023 1143 5101 fStatuam_ill_am_
1168 5038 1350 5101 contra
1393 5032 1581 5101 faciem
1620 5040 1783 5087 tuam.
1825 5036 1899 5091 [ta
1946 5038 2000 5092 in
2044 5038 2091 5093 R

609 5093 695 5165 ula
734 5110 838 5150 ms.
871 5096 991 5165 eod.
1022 5093 1471 5165 Corbeiensisfet
1498 5103 1550 5156 in
1581 5102 1844 5160 Psalterio
1882 5093 2144 5165 Romano.

609 5108 695 5149 uta
734 5110 838 5150 ms.
871 5108 991 5149 eoo.
1022 5108 1386 5165 Uometensis,
1417 5110 1471 5155 et
1498 5108 1550 5156 in
1582 5108 1844 5160 Psalterio
1882 5108 2144 5165 Romano.

572 5108 680 5237 ξω
704 5164 1179 5237 putqlcgendum,
1219 5178 1449 5223 statuam
1478 5172 1592 5237 illa,
1639 5183 1698 5227 ut
1734 5175 1788 5228 in
1818 5190 2149 5235 commenta-

573 5232 657 5289 rio
698 5232 763 5288 D.
808 5232 1121 5316 Hieronymi
1162 5256 1181 5287 ι
1213 5238 1299 5316 Et
1324 5249 1551 5316 statuam
1575 5232 1680 5316 :illa
1724 5255 1907 5300 contra
1954 5232 2144 5316 faciem

569 5318 717 5387 luam
744 5320 764 5359 :
796 5313 855 5360 ut
879 5306 958 5360 sic
986 5307 1242 5387 confusus
1260 5309 1542 5387 damneris
1572 5312 1626 5367 in
1656 5323 1832 5369 morte
1855 5306 2139 5387 perpetua,

573 5372 678 5454 boc
705 5382 819 5439 est,
857 5389 956 5445 per
989 5377 1089 5454 illa.
1114 5379 1387 5454 mandata,
1422 5396 1541 5451 quas
1571 5398 1678 5440 non
1716 5372 1998 5442 custodis-ﬁ
2016 5372 2148 5454 313i

572 5452 672 5528 $1.13.
705 5455 962 5528 peccata,
985 5446 1092 5528 _vel
1136 5446 1564 5528 aliorum,_qu:e
1599 5463 1724 5524 post
1762 5463 1815 5511 te
1859 5446 2144 5528 reliquisti.

572 5511 949 5603 iluie’lectioni
981 5515 1163 5603 favent
1182 5511 1517 5603 septuaginta
1546 5511 1872 5603 interpretes
1901 5546 1913 5581 :
1938 5511 2150 5603 eiii};

570 5588 713 5672 suam
755 5589 889 5665 κοιτά
914 5587 1190 5672 nptiawa
1223 5587 1451 5672 causa:
1482 5587 1737 5672 ἁμαρτίαις
1766 5617 1900 5672 ceu,
1941 5599 1995 5655 id
2015 5587 2144 5672 :est,

570 5659 817 5738 statuam
849 5656 1039 5738 conire
1088 5656 1280 5738 faciem
1317 5656 1904 5738 _t_uam_pe'ccata‘tua.
1947 5688 1964 5722 ι
2001 5656 2149 5738 ρυοὲ

569 5722 817 5792 sequitur
839 5723 1209 5798 Apollinarius
1232 5727 1288 5783 in
1316 5722 1663 5801 Metaplirasi.

2094 5057 2151 5096 e—

1578 329 1637 385 S.
1679 329 2039 386 BENEDlCTI
2075 330 2368 388 ABBATIS
2407 333 2815 389 ANIANENSIS

3656 350 3757 408 l00l

2178 444 2379 513 Ajusti
2424 447 2490 501 de
2522 464 2617 502 sua
2656 448 2827 519 gloria
2870 450 2923 504 in
2963 449 3166 519 judicio
3197 456 3451 513 videbunt
3489 469 3556 526 te,
3585 479 3685 518 cum
3707 470 3756 521 ab

2255 539 2336 593 eis
2385 539 2555 594 fueris
2602 550 2977 611 sequestratus
3014 545 3081 599 ad
3116 547 3394 603 sinistram
3441 551 3569 607 inter
3606 555 3758 623 italos,

2256 640 2311 686 et
2338 647 2505 701 super
2536 640 2588 686 te
2632 633 2887 688 ridebunt
2924 636 3164 693 dicentes
3192 657 3206 691 ε
3242 638 3380 695 Ecce
3408 641 3556 697 homo
3580 648 3656 714 qui
3685 664 3759 702 non

2254 723 2438 789 posuit
2483 723 2651 779 Deum
2700 725 3031 798 adjutorium
3086 744 3265 794 suum,
3321 732 3415 787 sed
3453 736 3693 803 praevaluit
3724 742 3762 795 in

2259 813 2495 870 vanitate
2523 831 2643 883 sua,
2668 826 2726 873 et
2753 832 2863 873 non
2894 817 2997 873 fuit
3018 820 3183 876 timor
3204 822 3301 877 Dei
3321 832 3444 880 ante
3464 826 3629 883 oculos
3644 828 3759 898 ejus:

2256 907 2512 973 quoniam
2544 907 2732 965 dolose
2758 911 2869 982 egit
2897 912 2950 966 in
2991 923 3283 983 conspectu
3322 917 3452 986 ejus.
3498 918 3556 973 Et
3579 921 3766 977 dicitis-

2254 1002 2448 1071 sipiens
2482 1004 2537 1058 in
2564 1006 2721 1060 corde
2743 1023 2863 1071 suo,
2900 1006 3018 1063 Non
3042 1011 3286 1078 requiret
3325 1011 3493 1078 Deus;
3518 1019 3685 1070 avertit
3706 1017 3763 1072 fa-

2256 1091 2395 1146 ciem
2426 1109 2605 1159 suam,
2649 1111 2716 1151 ne
2745 1097 2926 1153 videat
2962 1098 3015 1153 in
3058 1100 3251 1167 linem,
3296 1112 3349 1158 et
3389 1104 3650 1175 ignoravit,
3675 1112 3765 1179 quia

2255 1179 2487 1245 inimici,
2528 1186 2617 1252 qui
2659 1189 2998 1243 mentiuntur
3028 1190 3278 1258 Domino,
3308 1194 3331 1232 ιι
3356 1195 3458 1248 erit
3496 1203 3677 1267 tempus
3699 1215 3763 1253 eo-

2256 1285 2375 1325 rum
2410 1272 2461 1326 in
2491 1288 2708 1343 pmnam
2738 1286 2998 1334 aeternam
3040 1279 3213 1352 (Psal.
3247 1284 3432 1350 LXXX).
3462 1286 3588 1353 Quid
3606 1289 3662 1343 ad
3684 1291 3764 1346 hac

2255 1364 2501 1421 dicturus
2540 1384 2600 1422 cs
2630 1368 2777 1423 Deo?
2802 1387 2939 1441 quas
2964 1372 3160 1429 afferre
3207 1376 3257 1429 ei
3305 1377 3487 1445 babes,
3518 1381 3675 1447 miser,
3695 1398 3763 1435 ex-

2255 1456 2564 1512 cusationes
2593 1458 2647 1512 in
2677 1462 2952 1530 peccatis?
2990 1479 3113 1518 cum
3146 1474 3197 1520 te
3224 1466 3454 1536 primum
3482 1470 3763 1542 impugnare-

2256 1547 2365 1600 rint
2405 1546 2565 1613 mala‘,
2614 1558 2669 1604 et
2703 1552 2949 1622 gebenna
2981 1559 3409 1625 exspectaverit,
3459 1568 3511 1613 ut
3553 1561 3763 1618 incendat.

2256 1634 2384 1690 Post
2422 1638 2562 1694 hanc
2610 1640 2994 1711 increpationis
3038 1660 3229 1701 vocem
3278 1659 3403 1703 ante
3453 1656 3760 1723 congregatio-

2256 1742 2379 1783 nem
2418 1731 2433 1769 ί
2465 1729 2675 1787 abbatis
2708 1732 2721 1781 i
2764 1734 2949 1788 statim
2994 1737 3130 1808 erigi
3165 1737 3423 1808 iubeatur
3462 1741 3525 1795 ab
3563 1745 3764 1807 oratorio,

2183 1817 2229 1876 B
2259 1822 2530 1876 communi
2569 1838 2755 1878 mensa
2802 1824 2900 1897 [et]
2932 1835 3231 1884 extraneus
3272 1830 3572 1901 deputetur;
3613 1842 3765 1889 etcum

2258 1909 2494 1965 inimicis
2527 1911 2620 1966 Dei
2658 1913 2972 1985 designatus
3013 1932 3123 1971 non
3151 1918 3313 1973 debet
3350 1936 3416 1975 ex
3446 1920 3525 1974 illa
3561 1921 3764 1992 horajam

2258 2002 2513 2059 fratribus
2541 2021 2663 2061 esse
2691 2010 2918 2064 amicus.
2964 2010 3199 2082 Ideoque
3228 2015 3297 2068 ab
3338 2016 3436 2070 hac
3462 2020 3763 2073 excommuni-

2258 2098 2486 2152 cationis
2514 2099 2646 2153 liora
2691 2100 2789 2155 soli
2818 2104 2996 2172 posito
3020 2113 3075 2157 et
3106 2116 3442 2174 sequestrate
3464 2108 3512 2162 ei
3540 2108 3687 2178 aliqua
3710 2108 3761 2162 la-

2257 2187 2404 2243 boris
2442 2204 2604 2258 opera
2665 2201 2885 2261 propter
2935 2193 3272 2250 otiositatem
3318 2212 3348 2250 a
3405 2200 3662 2268 praeposito
3697 2215 3765 2252 suo

2257 2279 2610 2350 consignetur
2642 2301 2653 2333 :
2691 2282 2742 2336 in
2774 2298 2881 2351 quo
2916 2284 3103 2339 labore
3146 2287 3298 2341 nullo
3324 2286 3539 2342 fratrum
3562 2289 3762 2361 jungatur

2259 2370 2472 2436 solatio,
2509 2373 2705 2427 nullius
2747 2374 2962 2444 eloquio
2987 2376 3199 2430 soletur
3218 2419 3233 2442 ,
3265 2379 3425 2433 tacito
3450 2380 3661 2433 omnium
3678 2394 3763 2448 per-

2260 2469 2570 2516 transeatur
2621 2473 2844 2533 aspectu
2878 2483 2892 2519 :
2924 2467 3133 2535 petenti
3184 2468 3597 2524 benedictionem
3637 2468 3764 2524 nullus

2259 2554 2603 2623 respondeat,
2653 2553 2796 2610 Deus
2832 2573 2844 2608 :
2884 2556 3151 2627 quidquid
3189 2559 3240 2612 ei
3266 2559 3567 2630 porrigitur,
3603 2576 3629 2614 a
3662 2559 3764 2615 nulla

2258 2645 2502 2714 signetur
2528 2663 2539 2697 :
2567 2646 2828 2714 quidquid
2856 2662 2987 2702 vero
3022 2649 3170 2703 ultra
3217 2665 3356 2719 opus
3388 2653 3679 2723 assignatum
3701 2665 3765 2720 pe-

2258 2735 2559 2800 culiariter,
2586 2735 2671 2789 vel
2713 2735 2856 2791 ultro
2883 2735 3145 2805 eﬂ'eeerit,
3174 2741 3525 2813 dispergatur,
3557 2743 3626 2797 vel
3652 2743 3765 2798 dissi-

2241 2834 2438 2896 petur.
2481 2824 2564 2880 Sit
2599 2825 2796 2897 ubique
2836 2827 3016 2893 solus,
3058 2837 3115 2884 et
3150 2831 3201 2886 e'i
3232 2847 3346 2888 seta
3381 2833 3525 2904 culpa
3554 2832 3761 2888 solatium.

2258 2914 2410 2981 Quod
2449 2915 2495 2969 si
2536 2913 2676 2970 forte
2717 2926 2940 2986 propter
2982 2918 3268 2976 levitatem
3313 2922 3477 2993 culpae
3513 2939 3607 2979 non
3633 2921 3673 2977 ei
3698 2936 3762 2975 vo-

2258 3010 2421 3065 luerit
2449 3013 2619 3067 abbas
2646 3012 2925 3084 duplicare
2962 3014 3189 3085 ieiunia,
3223 3021 3268 3076 si
3310 3021 3498 3078 fratres
3530 3033 3657 3079 sexta
3679 3020 3765 3077 refl-

2260 3103 2431 3170 ciunt,
2465 3102 2555 3159 ille
2600 3106 2668 3160 ad
2710 3121 2911 3162 nonam
2958 3108 3153 3165 horam
3191 3112 3259 3168 de
3302 3128 3407 3167 uno
3442 3112 3699 3185 pulmento;
3728 3120 3766 3165 et

2257 3195 2414 3265 panis
2456 3195 2646 3252 cibarii
2690 3198 2796 3254 sibi
2838 3198 3204 3269 fragmentum
3243 3212 3299 3259 et
3334 3220 3468 3275 aqua
3492 3221 3519 3259 a
3547 3203 3766 3274 praeposito

2255 3300 2355 3341 suo
2372 3301 2475 3357 pro
2499 3288 2877 3346 misericordia
2916 3292 3251 3364 porrigatur.
3280 3295 3338 3352 Si
3365 3296 3673 3367 incnlpabiles
3689 3294 3765 3349 fra-

2256 3382 2370 3431 tres
2416 3390 2559 3431 nona
2602 3378 2736 3434 hora
2769 3380 3041 3448 reﬁciunt,
3082 3383 3234 3442 illius
3272 3388 3563 3457 supradicta
3595 3384 3765 3442 refectio

2253 3465 2606 3535 protrahatur
2638 3467 2693 3522 in
2734 3486 3041 3541 vesperam,
3089 3483 3154 3529 ut
3190 3478 3392 3532 sentiat
3431 3480 3551 3549 quid
3578 3479 3622 3534 ei
3644 3476 3763 3533 malo-

2255 3570 2377 3611 rum
2413 3556 2569 3627 culpa
2598 3558 2802 3626 intulit,
2833 3561 2964 3630 quid
3000 3578 3099 3633 per
3142 3567 3518 3639 negligentiam
3562 3568 3763 3623 bonorum

2252 3648 2452 3704 amisit.

2183 3178 2227 3241 C

2534 3719 2694 3792 §VIL
2727 3752 2796 3763 -—
2818 3724 2951 3779 Item
2982 3727 3222 3796 ejusdem
3260 3730 3405 3803 (cap.
3429 3731 3543 3803 14).

2328 3809 2353 3849 ιι
2372 3807 2506 3866 Cum
2546 3812 2680 3867 liora
2708 3814 2874 3870 divini
2901 3815 3064 3873 officii
3093 3830 3402 3886 exercetur,
3444 3823 3493 3877 id
3518 3830 3609 3885 est,
3637 3818 3760 3874 leum

2330 3964 2849 4054 Ἀξιπλακῦαίσξτήσω
2871 3981 2964 4030 σεῦ
2990 3977 3217 4038 ἐναντίον
3241 3983 3351 4040 αἰὲν
3373 3984 3593 4054 ἐλέγχων,

2256 4032 2433 4101 idest,
2468 4055 2485 4088 ι
2522 4051 2745 4119 peccata
2784 4054 2874 4096 tua
2919 4032 3681 4119 statuam'eon‘travtehsctnper
3700 4060 3760 4119 ar-

2255 4120 2444 4230 guens.
2483 4126 2501 4158 ι
2542 4107 2651 4162 Nec
2687 4118 2875 4195 potest.
2911 4113 3104 4171 referri
3146 4120 3217 4174 ad
3239 4124 3299 4176 τὸ
3327 4107 3637 4192 iniquitatem,
3669 4116 3757 4185 quia

2294 4189 2360 4230 OC
2388 4177 2710 4230 vocabulum
2737 4192 2972 4230 Sllmlllll‘
2990 4185 3078 4230 hin.
3106 4188 3489 4230 advnrhinlilnr,

2294 4189 2360 4231 oe
2388 4177 2710 4234 vocabulum
2737 4183 2972 4238 sumitur
2989 4185 3079 4242 hic
3106 4177 3493 4244 adverbialiter.

2328 4267 2356 4306 ιι
2382 4266 2505 4351 Erit
2528 4277 2728 4351 tempus
2754 4287 2934 4326 eorum
2958 4275 3011 4328 in
3032 4291 3248 4351 penam
3263 4288 3517 4351 internum.
3542 4272 3760 4351 [apstulit-

2244 4336 2337 4419 -rio
2382 4335 2540 4391 Rom.
2581 4335 2640 4392 et
2679 4340 2735 4419 in
2779 4335 3176 4419 commentario
3214 4347 3270 4403 S.
3316 4347 3637 4419 Hieronymi:
3671 4341 3758 4419 §rit

2257 4415 2459 4476 tempus
2485 4424 2663 4462 eorum
2694 4410 2750 4487 in
2777 4415 3141 4487 trternum._ln
3173 4419 3418 4474 versione
3443 4408 3631 4487 vulgata
3648 4408 3757 4487 :Erit

2257 4485 2456 4559 tempus
2492 4493 2674 4531 eorum
2701 4480 2756 4532 in
2792 4483 3006 4536 smcula.
3053 4484 3163 4559 S_ed
3203 4480 3667 4559 Magistersecutus
3699 4484 3758 4532 esi

2255 4556 2437 4627 Ροῑιιξξι
2467 4562 2701 4627 .senspm
2773 4565 2934 4627 quam
2984 4556 3151 4627 verba
3191 4571 3207 4627 ς
3244 4556 3367 4627 quia
3411 4557 3563 4625 iniqui
3604 4560 3756 4627 aeterno

2253 4615 2516 4685 supplicio
2565 4615 2835 4686 plectendi
2882 4632 3026 4677 sunt.
3085 4615 3617 4682 Unde-Cassiodorus
3653 4621 3754 4674 hunc

2254 4686 2577 4769 versiculum
2613 4703 2888 4758 exponens
2914 4693 3107 4769 scribit
3137 4709 3152 4746 :
3190 4713 3211 4745 ι
3237 4696 3398 4769 addit
3427 4715 3438 4749 :
3472 4696 3520 4749 in
3552 4699 3752 4769 interualli

2253 4754 2357 4834 erit
2384 4763 2597 4834 tempus
2619 4754 2807 4834 eorum
2841 4776 2853 4811 :
2884 4761 3091 4816 scilicet
3134 4766 3452 4832 punitionis;
3478 4762 3659 4834 quando
3679 4755 3751 4810 illis

2253 4823 2484 4890 dicetur,
2501 4823 2591 4880 ille
2621 4828 2673 4881 in
2704 4829 2881 4898 ignem
2902 4823 3183 4886 aeternum.
3216 4853 3235 4887 ι

2332 4914 2359 4993 i_
2384 4914 2619 4993 Aetatis.
2647 4916 2787 4993 llaec
2809 4934 2912 4974 vox
2937 4922 3269 4993 transposita
3289 4932 3386 4978 est.
3412 4925 3474 4977 Et
3496 4918 3747 4993 legendum:

2266 5000 2285 5032 ι
2320 4982 2450 5070 gest
2478 4986 2618 5070 hanc
2646 4989 2976 5070 increpantis
3002 4982 3212 5047 abbatis
3244 5008 3425 5049 vocem
3448 4982 3568 5047 ante
3582 4997 3748 5056 coner

2256 5061 2529 5122 gatiunem
2561 5061 2765 5123 statim,
2807 5078 2826 5112 ι
2868 5069 2974 5116 etc.

2329 5142 2344 5194 ἱ
2391 5144 2583 5227 Statim
2790 5151 3063 5227 j_ubeatur,
3100 5167 3216 5227 lete.
3273 5156 3425 5227 Lege
3451 5162 3499 5227 et
3542 5147 3749 5227 distinguit}

2251 5214 2358 5269 hoc
2389 5216 2548 5300 modo
2580 5236 2593 5273 :
2634 5238 2652 5271 ι
2692 5208 2886 5307 Staiim
2932 5208 3065 5294 erigi
3090 5208 3379 5307 iubeatur?
3392 5208 3479 5280 *ΑΒ
3503 5208 3749 5278 οηιοινὶὗεί

2250 5297 2526 5342 communi
2563 5304 2748 5345 mensa
2780 5301 3069 5349 extraneas
3083 5297 3374 5365 judicetur.
3405 5314 3421 5348 ι

2327 5380 2352 5419 k
2378 5377 2525 5459 .Cum
2551 5383 2683 5459 hora
2700 5424 2716 5447 ,
2744 5394 2850 5459 etc.
2879 5385 3004 5459 Haec
3028 5389 3267 5459 reperire
3292 5397 3374 5443 est
3400 5389 3452 5459 in
3478 5380 3649 5459 Regula
3670 5385 3745 5459 nis;

2254 5447 2799 5529 Magist._cod.Corb.
2828 5457 3039 5529 eodem,
3069 5447 3186 5529 cap.
3226 5459 3310 5523 14,
3342 5457 3487 5525 cujus
3514 5447 3667 5529 tiiulus
3685 5448 3747 5497 est

2252 5519 2521 5589 quomodo
2548 5519 3052 5583 exeommunicatus
3079 5519 3235 5583 debet
3265 5519 3555 5597 ptenitere?

2329 5605 2348 5647 1
2389 5605 2523 5687 Cultu
2539 5610 2753 5687 expleto
2779 5615 2983 5684 psalmo
3009 5618 3073 5672 ab
3103 5616 3336 5672 omnibus
3364 5612 3571 5670 συαιὶοηὶ
3595 5608 3752 5687 ἕξεως

2250 5675 2424 5757 ινίςιιν.⁸
2453 5678 2589 5746 Quia
2615 5675 2754 5757 'olim
2779 5675 3017 5757 'singulis
3050 5687 3267 5757 psalmis
3309 5695 3490 5757 breves
3528 5675 3749 5735 orationes

2251 5747 2518 5804 submissa
2546 5766 2678 5810 v0ce
2709 5747 3190 5823 inters‘érebantur,
3222 5759 3288 5811 de
3315 5754 3499 5827 quibus
3540 5757 3692 5818 ςιιΡη·

2178 4520 2230 4581 D
