3940 6196
179 357 208 411 1
220 354 334 412 005

1127 355 1515 412 CONCORDIA
1553 347 2007 415 REGULARUM.
2045 389 2115 401 -â€”
2149 360 2301 420 CAP.
2343 367 2555 424 XXXII.

3312 377 3447 432 1006

175 469 407 540 expleto
457 466 667 538 psalmo
716 466 783 522 ab
833 465 1087 522 omnibus
1137 468 1371 524 orationi
1415 469 1762 536 incumbitur,
1794 476 1992 537 Acum
2057 490 2181 533 eum
2240 479 2296 535 in
2353 483 2651 540 oratorium
2709 486 3108 546 introduxerint
3164 491 3444 564 Praepositi

174 570 322 616 tunc
347 559 924 616 excommunicationis
952 574 1076 614 reus
1104 569 1410 630 prostratus
1445 571 1573 617 ante
1604 563 1768 616 limen

176 651 416 706 oratorii
441 651 557 705 haec
585 665 707 704 cum
729 650 983 721 lacrymis
1015 651 1214 706 clamet
1242 669 1254 705 :
1282 653 1527 718 Peccavi,
1561 661 1615 708 ct
1640 670 1767 725 pec-

177 751 377 795 catum
411 754 592 794 meum
629 754 730 810 ego
759 753 992 811 agnosco
1023 758 1036 793 :
1067 741 1266 807 erravi,
1295 741 1586 797 emendare
1613 743 1766 814 polli-

175 849 318 889 ceor
343 850 357 899 ;
380 831 497 900 jam
540 831 606 886 de
634 839 832 885 cetero
869 846 974 886 non
1005 832 1256 902 peccabo.
1305 832 1510 905 Regale
1537 849 1636 904 pro
1662 849 1767 899 me,

176 933 389 979 sancta:
413 921 879 993 congregationes,
913 937 942 976 a
971 923 1164 990 quibus
1187 925 1459 993 quondam
1479 940 1574 994 per
1594 939 1770 979 meam

175 1015 572 1088 negligentiam
616 1024 671 1069 et
714 1014 914 1068 diaboli
951 1016 1258 1070 suasionem
1293 1017 1532 1085 separari
1571 1017 1763 1070 merui.

175 1108 395 1179 Rogate
432 1122 532 1176 pro
570 1121 679 1171 me,
726 1105 830 1159 mei
881 1107 1151 1174 quondam
1206 1108 1499 1176 praepositi.
1550 1109 1770 1178 Ignosce

175 1200 342 1265 mihi,
391 1209 580 1268 pastor
621 1199 760 1252 bone
817 1207 872 1251 et
917 1197 1004 1267 'pie
1049 1207 1234 1267 pastor
1275 1199 1460 1255 abbas.
1505 1200 1768 1270 Relinque

175 1296 482 1364 nonaginta
508 1305 700 1346 novem
726 1297 947 1360 propter
992 1305 1174 1343 unam.
1225 1288 1378 1356 Veni,
1410 1290 1680 1363 recollige,
1714 1304 1769 1346 et

173 1395 345 1455 porta
376 1384 620 1440 humeris
645 1382 752 1437 tuis
779 1397 865 1436 me
893 1381 1159 1452 perditam
1196 1397 1372 1448 ovem,
1419 1383 1562 1438 sicut
1587 1383 1768 1438 Domi-

176 1491 290 1530 nus
317 1484 506 1532 noster
543 1475 744 1529 indicio
790 1473 1058 1544 passionis
1107 1490 1218 1530 suae
1264 1475 1361 1531 tibi
1402 1479 1762 1532 monstravit:

174 1567 312 1636 quia
349 1580 455 1620 non
494 1581 593 1636 pro
613 1563 799 1633 justis,
841 1565 936 1619 sed
966 1579 1065 1634 pro
1099 1565 1476 1635 peccatoribus
1503 1568 1672 1632 venit,
1713 1577 1769 1622 et

174 1665 438 1713 mortuus
466 1665 552 1712 est
579 1674 592 1710 :
624 1665 684 1710 ut
705 1671 828 1712 cum
857 1655 972 1726 ipso
1009 1671 1106 1728 per
1137 1656 1398 1725 iustitiam
1428 1658 1544 1728 ejus
1585 1675 1767 1712 resur-

173 1765 457 1822 geremus,
509 1749 600 1818 qui
647 1747 923 1803 fueramus
971 1763 1067 1819 per
1114 1756 1296 1804 nostra
1335 1761 1556 1817 peccata
1602 1749 1763 1816 allisi,

1872 563 2012 636 ejus,
2056 578 2403 638 prosternant
2442 587 2564 627 eum
2595 575 2818 646 pedibus
2844 577 3051 632 altaris.
3102 563 3301 636 Statim
3325 599 3445 637 om-

1872 671 1970 712 nes
1996 673 2099 711 una
2125 675 2247 714 cum
2279 662 2474 718 abbate
2503 678 2560 718 se
2588 667 2818 722 orationi
2863 683 2962 738 pro
2989 686 3055 725 co
3080 680 3443 740 prosternant.

1873 746 2025 802 Tunc
2066 749 2155 803 ille
2201 766 2298 820 pro
2331 752 2483 824 culpa
2524 764 2828 824 prostratus
2864 774 2989 813 cum
3035 759 3320 832 lacrymis,
3363 764 3446 817 his

1870 841 2094 896 vocibus
2119 851 2371 911 precetur
2397 845 2466 898 ad
2505 845 2781 902 dominum
2823 849 3007 906 dicens
3039 869 3052 905 :
3086 852 3313 910 Peccavi
3342 856 3444 909 Do-

1868 933 2038 998 mino,
2085 937 2326 1003 peccavi,
2373 946 2429 991 et
2476 939 2812 1009 iniquitatem
2843 958 3014 998 meam
3047 959 3147 1016 ego
3189 961 3440 1018 agnosco,

1871 1036 2022 1091 rogo,
2054 1033 2178 1092 peto
2210 1039 2240 1078 a
2279 1034 2351 1089 te,
2387 1026 2596 1081 dimitte
2633 1029 2762 1084 mihi
2784 1070 2798 1094 ,
2835 1045 2904 1085 ne
2942 1032 3100 1087 simul
3139 1037 3324 1091 trahas
3358 1051 3445 1090 me

1870 1126 1991 1164 cum
2017 1110 2253 1182 peccatis
2283 1116 2438 1181 meis,
2465 1131 2640 1186 neque
2665 1117 2994 1174 condemnes
3023 1135 3108 1175 me
3137 1122 3190 1177 in
3219 1123 3444 1178 inferio-

1872 1199 2020 1256 ribus
2045 1211 2222 1268 terraz,
2254 1219 2426 1274 neque
2454 1205 2505 1259 in
2535 1214 2798 1262 mternum
2835 1207 3068 1279 imputes
3095 1209 3227 1264 mihi
3253 1211 3393 1265 mala
3427 1232 3440 1268 :

1868 1293 2122 1360 quoniam
2165 1301 2221 1348 tu
2246 1311 2306 1351 es
2334 1294 2476 1352 Deus
2510 1297 2880 1367 paenitentiae:
2911 1307 2966 1354 et
3004 1299 3056 1354 in
3093 1315 3180 1356 me
3219 1301 3444 1356 ostende

1875 1381 2169 1437 bonitatem
2206 1393 2350 1439 tuam
2388 1387 2679 1441 secundum
2727 1388 2976 1459 magnam
3017 1389 3443 1446 misericordiam

1871 1481 2016 1528 tuam
2045 1493 2057 1528 :
2088 1475 2214 1546 quia
2242 1483 2298 1530 tu
2335 1475 2544 1541 dixisti,
2591 1477 2818 1532 Domine
2849 1495 2862 1531 :
2895 1478 3034 1532 Nolo
3075 1491 3294 1535 mortem
3329 1499 3449 1552 per-

1869 1565 2082 1630 catoris,
2109 1565 2200 1618 sed
2225 1575 2554 1621 convertatur
2581 1576 2627 1620 et
2656 1567 2787 1620 vivat
2818 1566 3034 1637 (Ezech.
3063 1584 3182 1638 cap.
3218 1570 3443 1640 xxxm);

1868 1656 1994 1725 quia
2034 1657 2189 1711 malis
2231 1657 2429 1712 nostris
2466 1657 2531 1711 ad
2570 1659 3020 1722 emendationem,
3072 1661 3240 1715 vitam
3274 1662 3446 1733 magis

1869 1746 2082 1818 largiris
2115 1749 2750 1817 quotidie,'monstrante
2783 1749 2940 1804 nobis
2983 1748 3285 1821 Scriptura,
3325 1766 3446 1820 qua:

174 1842 402 1897 dicente
449 1842 566 1912 ipso
611 1840 840 1895 Domino
872 1859 883 1893 :
917 1838 1038 1893 Non
1084 1841 1214 1905 veni,
1257 1839 1359 1895 nisi
1392 1852 1602 1911 prapter
1649 1857 1764 1895 oves
1795 1845 1841 1904 B
1870 1840 1936 1894 de
1965 1842 2163 1910 pietate
2201 1848 2288 1894 tua
2329 1840 2405 1894 ita
2435 1841 2602 1897 dicit:
2637 1840 2892 1911 Nunquid
2936 1841 3188 1896 irascitur
3219 1860 3310 1913 per
3336 1844 3446 1897 sin-

172 1933 417 2004 perditas
467 1932 655 1985 domus
704 1929 877 1985 Israel
926 1929 1165 2002 (Matth.
1214 1931 1348 2002 xv).
1389 1931 1454 1985 Et
1492 1949 1503 1982 :
1539 1931 1660 1985 Non
1689 1942 1762 1986 est

175 2038 317 2093 opus
345 2021 490 2076 sanis
519 2021 771 2082 medicus,
795 2018 886 2071 sed
922 2019 1002 2071 his
1031 2019 1119 2087 qui
1145 2019 1282 2072 male
1315 2019 1504 2072 habent
1543 2019 1760 2090 (Matth.

174 2116 296 2182 sx).
340 2110 558 2166 Imitare
605 2109 754 2179 pium
793 2108 1110 2179 magistrum
1159 2109 1558 2179 apostolorum,
1608 2109 1764 2177 cujus

174 2201 335 2256 vices
367 2215 468 2271 per
496 2199 802 2254 doctrinam
836 2199 951 2268 agis
983 2198 1039 2252 in
1081 2199 1410 2253 monasterio
1440 2213 1454 2251 :
1485 2199 1611 2269 quia
1648 2201 1766 2270 ipse

175 2302 306 2364 post
346 2293 640 2362 prophetas
675 2299 733 2345 et
763 2289 1037 2360 apostolos
1070 2291 1250 2361 posuit
1290 2305 1386 2346 vos
1429 2301 1675 2360 pastores
1709 2301 1766 2348 et
1814 2289 1816 2292 â€™

177 2383 486 2453 disciplina:
504 2383 760 2438 doctores
793 2401 805 2435 :
838 2383 966 2453 quia
996 2396 1096 2452 per
1119 2384 1337 2438 beatum
1368 2383 1592 2438 Petrum
1629 2401 1761 2456 apo-

172 2475 380 2530 stolum
419 2475 812 2530 demonstravit
833 2474 986 2530 vobis
1008 2475 1197 2529 dicens
1228 2492 1240 2527 :
1272 2473 1386 2529 Non
1415 2476 1637 2543 septies,
1669 2477 1762 2531 sed

173 2565 492 2637 septuagies
537 2565 739 2634 septies
783 2564 982 2620 debere
1031 2571 1312 2633 peccatum
1358 2563 1513 2618 fratri
1563 2565 1764 2619 dimitti

178 2656 408 2730 (Matth.
433 2655 611 2726 mu).
631 2654 860 2710 Subleva
888 2669 1020 2724 ergo
1038 2653 1250 2708 allisum
1277 2653 1500 2709 salutari
1521 2663 1612 2710 tuo
1635 2669 1765 2710 cono

177 2749 308 2803 silio
340 2766 352 2801 :
384 2746 545 2803 Solve
568 2746 953 2802 intercessione
983 2754 1070 2801 tua
1107 2747 1248 2816 apud
1279 2747 1588 2814 Dominum,
1620 2749 1763 2818 quod

178 2838 235 2893 in
265 2853 352 2892 me
376 2838 699 2909 negligentia
730 2836 1006 2910 obligavit.
1038 2835 1191 2903 Quod
1227 2839 1446 2908 peccavi
1492 2855 1760 2910 agnosco;

175 2931 324 3000 quod
371 2931 674 2997 emendem,
725 2930 890 2986 credo
930 2930 1054 2999 quia
1090 2945 1188 3000 per
1239 2940 1386 2986 tuam
1435 2933 1764 2988 mentionem

177 3021 417 3076 invenio.
447 3019 576 3075 Post
606 3022 747 3075 hanc
768 3035 955 3076 vocem
989 3021 1330 3090 cessantibus
1361 3037 1391 3075 a
1416 3022 1638 3092 psalmis
1667 3037 1765 3094 per

175 3127 370 3168 omnes
405 3113 680 3168 orationes
709 3128 740 3166 a
782 3126 874 3168 reo
902 3111 1118 3180 iacente
1153 3110 1398 3178 elfusam,
1441 3129 1564 3168 cum
1613 3129 1763 3169 com-

1865 1930 2014 2000 gulos
2044 1915 2154 1986 dies
2171 1931 2195 1983 ?
2215 1941 2235 1968 Î¿
2255 1931 2355 1984 nisi
2381 1932 2757 1986 convertamini
2782 1929 2899 2002 (1â€™s.
2931 1931 3051 2002 vn).
3078 1932 3145 1986 Et
3171 1932 3447 2001 apostolus

1867 2028 1990 2075 tuus
2017 2019 2213 2074 Paulus
2246 2021 2318 2074 ita
2359 2020 2490 2075 dicit
2533 2037 2546 2074 :
2599 2020 2680 2075 An
2716 2021 2880 2075 nescis
2909 2023 3035 2092 quia
3060 2024 3312 2094 patientia
3352 2023 3447 2078 Dei

1865 2112 1934 2166 ad
1965 2113 2324 2182 paenitentiam
2359 2120 2408 2166 te
2435 2111 2690 2167 adducit?
2713 2099 2886 2184 (Rom.
2915 2111 3001 2184 tt.)
3035 2110 3282 2168 Gladium
3327 2132 3448 2186 ergo

1864 2217 2017 2256 suum
2093 2201 2350 2256 Dominus
2422 2201 2636 2256 vibravit
2669 2241 2682 2266 ,
2751 2217 2933 2256 arcum
2999 2217 3153 2257 suum
3231 2203 3448 2259 tetendit

1865 2301 1912 2345 et
1960 2293 2164 2362 paravit
2215 2291 2366 2345 illum
2409 2304 2427 2342 :
2466 2301 2515 2345 et
2564 2293 2619 2345 in
2666 2293 2778 2362 ipso
2827 2294 3034 2362 paravit
3075 2309 3196 2348 vasa
3237 2296 3441 2349 mortis.

1865 2381 1996 2448 Qua:
2047 2395 2198 2446 vasa,
2231 2381 2480 2446 Domine,
2520 2381 2802 2446 timemus,
2861 2390 2916 2436 et
2956 2382 3078 2438 ideo
3129 2382 3450 2439 festinanter

1876 2470 2168 2525 emendare
2230 2471 2643 2542 promittimus:
2687 2479 2742 2525 et
2791 2472 2915 2540 quia
2976 2473 3220 2528 dicturus
3278 2489 3340 2530 es
3391 2475 3445 2528 in

1857 2557 2065 2628 judicio
2121 2561 2390 2632 peccatori
2441 2579 2453 2614 :
2524 2561 2639 2617 hsce
2698 2561 2870 2618 fecisti
2928 2574 2984 2618 et
3035 2565 3200 2620 tacui.
3267 2567 3449 2632 Quid?

1866 2665 2080 2722 semper
2137 2649 2370 2706 tacebo?
2423 2651 2552 2720 quia
2605 2659 2814 2708 statues
2865 2653 3203 2723 iniquitatem
3252 2663 3439 2711 contra

1865 2744 2058 2799 faciem
2095 2752 2372 2810 nostram,
2413 2753 2474 2800 ut
2512 2755 2902 2817 cognoscentes
2939 2762 3063 2802 eam
3103 2749 3156 2802 in
3199 2751 3442 2804 reatibus

1865 2835 2086 2899 nostris,
2111 2834 2256 2905 juste
2282 2850 2379 2890 nos
2407 2835 2509 2906 ipsi
2537 2851 2659 2890 eam
2685 2836 3022 2892 damnemus.
3046 2835 3127 2892 Tu
3150 2839 3317 2905 enim,
3341 2840 3448 2896 Do-

1865 2926 2045 2990 mine,
2079 2925 2404 2992 mortiticas,
2435 2933 2486 2982 et
2514 2926 2782 2992 vivificas,
2817 2937 2871 2982 tu
2904 2927 3124 2984 deducis
3150 2930 3217 2983 ad
3245 2930 3449 2987 inferos

1862 3027 1920 3072 et
1948 3017 2196 3083 reducis,
2229 3025 2286 3072 tu
2317 3017 2464 3073 levas
2495 3017 2711 3087 allisos,
2744 3027 2799 3074 tu
2839 3019 3003 3076 solvis
3042 3020 3095 3076 in
3130 3021 3268 3078 ctelo
3302 3037 3450 3079 com-

1862 3110 2074 3181 peditos
2107 3109 2164 3164 in
2200 3118 2343 3165 terra
2365 3151 2379 3176 ,
2421 3118 2475 3164 tu
2508 3111 2574 3166 ad
2612 3110 3007 3168 emendandum
3043 3112 3230 3168 oculos
3268 3114 3452 3171 cordis

177 3205 384 3276 pletum
412 3205 577 3260 fuerit
602 3214 851 3260 sanctum
888 3203 1115 3262 oratorii
1143 3219 1297 3275 opus,
1329 3212 1384 3260 et
1427 3205 1519 3260 illo
1545 3221 1640 3261 reo
1668 3208 1762 3261 ad-
1789 3193 1832 3254 C
1866 3202 2043 3257 nostri
2077 3201 2353 3257 illuminas
2387 3211 2477 3257 tua
2511 3203 2686 3274 gratia
2709 3244 2723 3268 ,
2749 3202 2837 3258 vel
2865 3201 3134 3272 adiutorio
3162 3213 3255 3261 tuo
3276 3203 3451 3276 justo-

176 3298 286 3351 huc
330 3296 549 3365 jacente
608 3307 734 3353 ante
784 3299 949 3354 limen
1002 3301 1220 3356 exeunti
1269 3302 1451 3357 abbati
1512 3303 1758 3358 omnium

175 3387 411 3444 fratrum
437 3391 787 3460 congregatio
815 3390 1128 3446 humilietur
1158 3393 1208 3448 ei
1248 3408 1348 3463 pro
1372 3408 1438 3447 eo
1462 3393 1528 3447 ad
1560 3408 1757 3464 genua,

176 3483 340 3538 simul
361 3491 415 3537 et
441 3496 467 3522 Î¹
493 3483 761 3552 praepositi
785 3483 920 3552 ejus.
958 3483 1110 3550 Quod
1147 3499 1270 3540 cum
1304 3485 1469 3539 fuerit
1501 3484 1762 3555 adimple.

177 3583 313 3639 tum,
361 3575 406 3628 si
432 3584 610 3628 tamen
645 3583 866 3644 propter
902 3575 1175 3630 levitatem
1207 3577 1375 3646 culpa:
1396 3579 1586 3631 eadem
1627 3579 1759 3633 hora

175 3665 410 3719 voluerit
438 3665 606 3719 abbas
627 3667 800 3719 veniae
828 3667 1162 3731 consentire,
1191 3667 1374 3721 statim
1402 3667 1536 3735 erigi
1573 3683 1697 3720 eum
1727 3683 1758 3720 a

178 3755 484 3825 praepositis
529 3755 642 3809 suis
681 3756 990 3826 praecipiat,
1022 3766 1077 3810 et
1115 3765 1464 3825 reproperata
1494 3757 1543 3810 ei
1577 3757 1754 3826 culpa,

179 3859 300 3898 cum
331 3843 420 3897 ille
455 3845 795 3912 responderit
825 3861 882 3899 se
909 3847 974 3899 de
1008 3854 1205 3900 caetero
1232 3846 1541 3912 emendare,
1575 3847 1757 3902 statim

180 3936 347 3989 abbas
406 3935 552 3989 dicat
600 3937 746 3990 omni
794 3937 1192 4008 congregationi
1231 3955 1242 3990 :
1284 3934 1492 4000 Venite,
1540 3937 1756 4003 fratres,

180 4025 512 4080 unanimiter
539 4041 662 4080 cum
695 4025 950 4096 lacrymis
971 4042 1070 4096 pro
1099 4028 1200 4080 hac
1225 4040 1327 4080 ove
1355 4027 1534 4097 gregis
1564 4029 1755 4092 vestri,

180 4130 298 4184 quas
338 4123 625 4184 peccatum
667 4129 822 4168 suum
851 4129 1151 4186 agnoscens
1189 4115 1456 4185 promittit
1479 4130 1539 4170 se
1565 4116 1630 4170 de
1655 4131 1759 4171 cat-

180 4214 296 4260 tero
333 4205 665 4268 emendare,
709 4213 925 4259 orantes
968 4205 1023 4258 in
1062 4205 1299 4260 oratorio
1342 4205 1757 4261 reconciliemus

178 4312 299 4352 cum
344 4306 472 4352 ante
504 4296 818 4362 Dominum,
852 4311 1012 4365 quem
1046 4311 1144 4366 per
1179 4296 1596 4352 inobedientiam
1634 4298 1760 4352 irri-

181 4389 332 4444 tavit.
367 4388 436 4442 Et
461 4403 584 4444 mox
616 4389 892 4458 ingressus
919 4389 1087 4443 abbas
1111 4402 1232 4442 cum
1267 4386 1525 4442 fratribus
1560 4388 1612 4441 in
1635 4403 1758 4443 ora-

180 4481 337 4544 torio,
377 4487 666 4549 antequam
695 4487 855 4534 orent
895 4487 1140 4533 tenentes
1173 4478 1222 4533 ei
1257 4493 1474 4533 manum
1506 4477 1756 4534 dextram

181 4569 480 4638 lzevamque
525 4567 659 4623 foris
693 4567 972 4638 Prmpositi
1021 4567 1371 4623 introducant
1415 4580 1538 4621 eum
1571 4568 1626 4621 in
1658 4567 1759 4622 Ec-

181 4659 386 4721 clesia,
434 4659 679 4712 dicentes
723 4657 883 4710 ambo
933 4657 1078 4710 hunc
1122 4671 1338 4710 versum
1377 4654 1758 4724 :Con/itemini

181 4751 428 4814 Domino,
463 4749 490 4788 Î´
520 4750 768 4819 quoniam
806 4747 995 4800 bonum
1036 4756 1111 4801 cst
1156 4746 1273 4818 (Ps.
1316 4748 1502 4816 cxvn).
1537 4747 1604 4800 Et
1637 4748 1761 4801 sub-

178 4852 440 4913 sequatur
462 4849 661 4896 caetera
698 4840 1043 4910 congregatio
1072 4857 1085 4891 :
1120 4837 1382 4902 Quoniam
1415 4839 1470 4891 in
1506 4838 1760 4892 sarculum

179 4931 540 4989 misericordia
580 4931 695 5000 ejus
741 4930 914 5002 (Ibid.
935 4933 975 5000 ).
1030 4929 1102 4984 Ut
1149 4944 1271 4984 cum
1309 4930 1582 4999 praepositi
1628 4929 1758 4986 foris
1798 5002 1811 5015 Î¿

179 5019 461 5091 ÏÏ‰Î¹Î¹á½¶Î¹ÎµÎ·Î¹á½¶
489 5033 585 5088 per
611 5018 755 5071 hunc
777 5032 992 5072 versum
1035 5016 1429 5072 confessionem
1477 5019 1752 5089 ingerunt,

180 5115 324 5168 intus
369 5113 436 5167 de
480 5111 719 5165 oratorio
760 5125 857 5180 per
895 5126 956 5164 os
1007 5111 1446 5180 respondentium
1499 5109 1751 5180 fratrum,

180 5219 300 5258 mox
355 5203 479 5272 pius
529 5200 673 5255 Deus
719 5200 1145 5255 misericordiam
1199 5202 1558 5269 repromittat.
1609 5203 1752 5273 Ergo

247 5347 272 5375 Î±
302 5333 586 5403 Prtrpositi
605 5333 738 5402 ejus.
756 5330 958 5401 Nempe
980 5331 1196 5387 decadis
1217 5348 1311 5387 seu
1331 5333 1572 5388 decania:
1593 5333 1751 5401 cujus

179 5415 254 5460 est
273 5409 388 5473 ipse
408 5403 580 5457 frater
593 5404 1108 5457 excommunicatus.
1127 5403 1301 5473 Supra
1321 5405 1552 5456 vidLInus
1569 5403 1621 5456 in
1640 5407 1750 5458 sin-

180 5476 312 5544 gulis
330 5473 622 5544 decadibus
638 5487 730 5526 seu
750 5473 984 5544 decumis
1007 5473 1076 5544 ab
1098 5475 1209 5544 ipso
1227 5473 1478 5544 Magistro
1495 5474 1756 5528 constitui

181 5543 306 5600 duos
334 5543 683 5611 prmpositos,
715 5543 806 5610 qui
834 5543 968 5596 alias
1000 5543 1184 5597 decani
1221 5543 1580 5611 appellantur.

247 5561 306 5599 os
373 5559 683 5611 ruaposttos,
715 5559 806 5610 qm
834 5559 968 5596 anas
1000 5559 1184 5597 necant
1221 5559 1580 5611 appellantur.

247 5617 273 5654 Î´
311 5559 577 5679 á½…Î·Î¿Î·á½¶Î±Î·Î¹
604 5611 793 5665 bonum
823 5621 917 5665 est.
963 5612 1040 5666 lta
1082 5612 1443 5683 Apollinarius
1488 5613 1541 5666 in
1589 5611 1760 5668 Meta-

183 5685 400 5754 phrasi:

469 5811 570 5831 .....
600 5773 706 5828 imi
729 5774 786 5829 Ï„á½¸
813 5771 864 5829 3i
893 5774 1042 5827 ÎºÎ±Î»á½¸Î½
1063 5775 1276 5843 á¼Ï„á½»Ï‡Î¸Î·.

1865 3309 1986 3348 rum
2016 3293 2208 3363 dirigis
2234 3308 2452 3365 gressus
2469 3333 2486 3360 ,
2512 3291 2727 3348 dicente
2757 3293 3062 3364 Scriptura.
3095 3294 3124 3336 á¼€
3151 3295 3197 3348 Î‘
3221 3294 3448 3351 Domino

1863 3399 2070 3454 gressus
2099 3383 2326 3438 hominis
2354 3384 2612 3453 dirigetur
2641 3381 2844 3455 (Prov.
2873 3384 2999 3457 xx).
3034 3385 3101 3440 Et
3127 3387 3234 3441 nisi
3263 3397 3448 3442 custo-

1863 3475 2032 3529 dieris
2065 3489 2195 3538 nos,
2225 3481 2281 3528 et
2313 3481 2336 3514 Î¿
2363 3472 2720 3530 aediï¬caberis
2757 3477 2975 3530 domum
2997 3517 3012 3542 ,
3043 3477 3097 3531 in
3133 3491 3331 3532 vanum
3368 3477 3450 3532 la-

1862 3565 2056 3620 borant
2090 3565 2193 3634 qui
2219 3564 2520 3629 aedificant,
2549 3573 2606 3620 et
2639 3565 2948 3620 custodiunt
2972 3580 3113 3620 eam.
3145 3565 3282 3633 Quia
3308 3567 3446 3622 velle

1862 3656 2073 3724 adjacct
2093 3657 2278 3720 nobis,
2303 3655 2564 3726 perficere
2586 3663 2767 3710 autem
2791 3663 2940 3709 tuum
2967 3663 3072 3710 est.
3100 3655 3198 3721 Et,
3227 3672 3334 3712 non
3361 3667 3447 3714 est

1862 3749 2124 3813 volentis,
2167 3762 2340 3816 neque
2367 3747 2669 3811 currentis,
2702 3747 2796 3802 sed
2827 3746 3137 3802 miserantis
3171 3747 3287 3801 Dei.
3330 3747 3440 3803 Sed

1865 3850 2044 3895 tamen
2078 3838 2176 3893 das
2215 3839 2465 3893 fiduciam
2502 3837 2754 3908 sperandi
2795 3837 2861 3891 de
2897 3845 2948 3891 te
2976 3835 3200 3893 dicens:
3239 3837 3441 3906 Petite,

1862 3940 1910 3985 et
1942 3929 2240 4000 accipietis;
2271 3929 2510 4000 quam'te,
2551 3935 2606 3984 et
2644 3927 2944 3991 invenietis;
2984 3925 3208 3997 pulsate,
3240 3937 3288 3984 et
3317 3945 3443 3999 ape-

1862 4022 2028 4074 rietur
2058 4020 2199 4074 vobis
2224 4033 2242 4070 :
2274 4019 2398 4090 quia
2426 4020 2516 4090 qui
2547 4019 2703 4089 petit,
2737 4019 2923 4089 accipit
2948 4035 2967 4084 ;
2991 4019 3084 4088 qui
3109 4023 3330 4092 quam,
3359 4023 3444 4077 á½·Î·..

1862 4113 2031 4174 venit,
2057 4122 2106 4165 et
2131 4109 2363 4181 pulsanti
2389 4110 2654 4180 aperietur
2682 4105 2909 4180 (Matth.
2936 4109 3072 4183 vn).
3101 4111 3170 4166 Et
3200 4113 3328 4184 quia
3359 4113 3441 4169 di-

1863 4203 1987 4259 xisti
2018 4221 2031 4257 :
2072 4202 2446 4258 Convertimini
2476 4201 2546 4254 ad
2582 4217 2692 4267 me,
2732 4210 2780 4254 et
2816 4217 2909 4272 ego
2947 4213 3224 4259 convertar
3255 4203 3327 4260 ad
3353 4222 3442 4261 vos

1863 4292 2066 4366 (Zach.
2095 4291 2175 4360 1).
2215 4293 2322 4348 Et:
2365 4308 2484 4345 cum
2519 4291 2860 4357 ctamaveris,
2909 4293 3080 4348 dicam
3109 4311 3128 4350 :
3175 4295 3313 4352 Ecce
3344 4298 3444 4352 ad-

1860 4402 1976 4440 sum
2014 4384 2032 4456 (
2062 4384 2133 4439 Is.
2162 4399 2289 4439 Lvrtt
2313 4382 2354 4453 ).
2384 4382 2452 4437 Et
2478 4383 2607 4437 item
2633 4383 2786 4452 quasi
2811 4384 2934 4453 pius
2959 4392 3014 4438 et
3043 4385 3357 4442 misericors
3385 4388 3438 4443 in

1863 4475 2072 4531 factura
2113 4483 2200 4529 tua
2233 4489 2399 4530 vocas
2427 4489 2526 4528 nos
2552 4474 2619 4528 ad
2646 4475 2876 4543 gratiam
2909 4483 3086 4542 tuam,
3126 4477 3255 4534 licet
3293 4479 3434 4535 indi-

1784 4543 1836 4602 D
1861 4582 1998 4638 gnos
2025 4580 2212 4621 servos
2239 4573 2362 4620 tuos
2385 4563 2574 4619 dicens
2601 4581 2615 4618 :
2650 4563 2833 4618 Venite
2863 4565 2934 4618 ad
2963 4583 3045 4620 me
3062 4607 3077 4632 ,
3106 4569 3196 4638 qui
3229 4568 3439 4624 labora-

1858 4659 1926 4712 tis
1950 4667 1997 4712 et
2025 4657 2226 4711 onerati
2267 4657 2389 4710 estis
2409 4697 2424 4721 ,
2453 4664 2506 4710 et
2524 4672 2617 4725 ego
2657 4656 2890 4724 reï¬ciam
2918 4673 3010 4712 vos
3041 4658 3060 4729 (
3083 4657 3276 4713 Matth.
3310 4676 3367 4714 Î¹Î¹
3389 4660 3430 4732 ).

1858 4747 2013 4803 Unde
2043 4763 2150 4802 non
2184 4746 2452 4816 despicias
2472 4785 2486 4810 ,
2517 4745 2772 4812 Domine,
2806 4761 3020 4801 servum
3057 4755 3207 4803 tuum
3229 4790 3242 4815 ,
3276 4765 3433 4804 suum

1857 4849 2239 4911 agnoscentem
2282 4847 2565 4907 peccatum
2595 4856 2609 4892 :
2661 4840 2800 4894 sicut
2837 4841 2905 4896 de
2938 4842 3142 4911 pietate
3176 4851 3265 4897 tua
3302 4860 3431 4913 pro-

1855 4932 2022 4988 mittit
2049 4929 2220 4985 reatui
2247 4937 2435 4984 nostro
2464 4927 2730 4997 Propheta
2757 4928 2941 4984 dicens
2973 4949 2986 4983 :
3018 4929 3124 4984 Cor
3154 4933 3431 4987 contritum

1857 5032 1904 5078 et
1935 5021 2268 5076 humiliatum
2297 5019 2439 5074 Deus
2467 5036 2569 5073 non
2594 5020 2788 5088 spernit
2819 5019 2936 5089 (Ps.
2966 5019 3038 5091 Î¹).
3074 5021 3209 5087 Quia
3239 5031 3432 5091 potens

1857 5126 1917 5168 es
1952 5112 2019 5167 de
2054 5111 2322 5180 lapidibus
2360 5110 2478 5165 istis
2515 5109 2784 5164 suscitare
2822 5109 2960 5165 filios
2994 5111 3265 5178 Abrahae;
3302 5117 3429 5184 quia

1856 5207 2000 5275 quod
2057 5205 2112 5259 in
2163 5193 2318 5258 udus
2365 5201 2673 5272 desperatio
2723 5201 3054 5271 impossibile
3105 5213 3291 5273 putat,
3337 5215 3427 5261 tua

1927 5351 1950 5379 Î¿
1996 5339 2117 5392 Nisi
2146 5337 2537 5392 convertamini.
2564 5335 2643 5389 Ita
2678 5336 2732 5390 in
2759 5335 3023 5392 Psalterio
3056 5339 3314 5394 Romano.

1929 5409 1955 5448 Î´
1996 5413 2034 5462 Î‘
2076 5410 2297 5461 Domino
2323 5423 2530 5476 gressus
2557 5407 2783 5460 hominis
2811 5409 3082 5474 dirigetur.
3115 5411 3274 5464 Prov.
3309 5427 3374 5464 xv
3404 5428 3418 5464 :

1859 5481 1903 5533 A
1934 5480 2158 5532 Domino
2189 5479 2490 5544 diriguntur
2518 5491 2724 5544 gressus
2755 5479 2870 5530 viri.
2904 5478 2971 5532 Et
2998 5494 3086 5532 va
3114 5499 3126 5533 :
3160 5480 3262 5535 Sed
3312 5482 3425 5536 Do-

1857 5551 1985 5604 mini
2014 5560 2098 5626 est
2109 5547 2340 5626 dirigere
2368 5561 2574 5626 gressus
2603 5546 2738 5626 ejus.

1932 5631 1954 5658 Î¿
1988 5614 2380 5685 ï¬di/imiteris.
2407 5614 2511 5671 Pro
2534 5614 2909 5684 aâ€™diï¬cavem;
2936 5619 2963 5672 b
2987 5634 3086 5689 pro
3109 5637 3153 5685 Ï…,
3185 5628 3243 5675 ut
3266 5629 3424 5678 antea

1857 5697 2096 5746 notatum
2128 5694 2226 5742 est.
