3940 6196
540 282 678 340 1015

1564 279 1622 332 s.
1663 275 2023 333 BENEDICTI
2059 256 2351 334 ABBATts
2387 276 2794 334 ANlANENSlS

3607 291 3710 347 l0l6

537 403 643 456 tur,
673 407 798 461 quna
829 402 852 429 ι
888 389 1009 444 talis
1041 391 1148 444 vita
1175 387 1511 444 necessarios
1545 404 1650 442 non
1678 387 1838 442 habet
1867 388 1895 427 δ
1922 403 2112 457 corpo-
2137 404 2189 459 Α
2214 388 2388 444 lorum
2418 391 2598 460 regnis
2620 401 2837 462 propter
2871 407 3023 445 suam
3062 394 3363 462 superbiam
3385 397 3617 468 projectus
3636 412 3712 458 est.

535 480 697 544 rales,
728 479 812 534 vel
844 480 1077 534 societas
1106 478 1330 533 fratrum
1352 519 1368 543 ,
1410 493 1546 547 quos
1589 479 1639 532 in
1681 480 1860 532 anima
1887 480 2117 548 superba

533 569 772 640 possidet
802 583 965 622 mors.
1003 565 1138 620 Nam
1181 567 1373 621 merito
1398 581 1528 637 ergo
1553 567 1688 621 tales
1721 567 1918 622 debent
1947 566 2117 637 plagis

537 659 758 713 mactati
806 659 1038 728 expelli,
1087 660 1178 730 qui
1211 673 1330 715 esse
1369 675 1494 714 cum
1533 659 1749 715 Christo
1796 659 2118 716 humilitatis

537 750 764 805 Domino
802 767 909 806 non
942 759 1255 806 merentur:
1297 752 1390 806 sed
1428 753 1537 806 sint
1566 769 1594 806 a
1632 753 1905 823 perpetuis
1938 763 1958 791 ε
1991 767 2119 822 pro-

535 840 717 896 missis
745 856 868 896 cum
892 848 1112 896 auctore
1139 856 1235 895 suo
1258 841 1471 896 diabolo
1501 843 1754 910 separati,
1783 841 1874 911 qui
1903 843 1969 896 de
1999 855 2110 896 coe-

607 984 634 1012 ι
666 971 810 1026 Talis
834 975 958 1026 vita.
989 973 1283 1028 Monastica
1309 973 1580 1027 videlicet.

607 1043 636 1082 δ
665 1040 995 1113 Corporales.
1022 1043 1079 1098 Id
1104 1053 1189 1098 est
1217 1043 1498 1107 animales,
1533 1043 1796 1097 carnales.

2219 480 2361 552 Ergo
2388 481 2454 535 ad
2482 481 2816 550 superiorem
2846 485 3483 552 excommunicationum,
3509 488 3579 542 vel
3598 493 3714 547 satis-

2219 573 2472 628 factionis
2513 588 2753 638 sensum,
2801 581 2861 627 ut
2891 572 3172 643 ccepimus,
3205 589 3582 645 prosequamur.
3614 580 3718 651 Ergo

2219 662 2379 734 hujus
2418 662 2751 732 pmniteutim
2799 663 3015 717 modum
3062 673 3118 718 et
3165 665 3563 723 satisfactionem
3593 668 3717 725 Deum

2218 761 2274 808 et
2299 753 2550 808 abbatem
2574 753 2845 808 credimus
2875 762 3175 823 acceptare.

2291 984 2311 1011 ε
2348 968 2648 1024 Promissis.
2677 971 2836 1026 Liber
2866 971 3059 1025 citatus
3089 972 3254 1036 addit,
3295 971 3402 1026 Dei.

575 1177 3678 1210 Ww

1797 1294 2131 1374 CAPUT
2205 1289 2552 1366 XXXIV.

971 1455 1058 1509 DE
1096 1452 1208 1506 HIS
1245 1449 1364 1517 QUI
1405 1449 1559 1503 SINE
1598 1445 1924 1502 IUSSIONE
1960 1440 2251 1498 ABBATIS
2283 1438 2705 1496 JUNGUNTUR
2742 1437 3372 1494 EXCOMMUNICATIS.

809 1634 897 1708 ει.
921 1664 991 1674 -
1027 1634 1105 1688 Ex
1131 1632 1334 1703 Regula
1365 1632 1537 1686 sancti
1568 1630 1862 1685 Benedicti.

607 1743 632 1771 I
661 1726 718 1783 Si
750 1727 872 1796 quis
918 1723 1087 1779 frater
1127 1722 1532 1794 prtesumpserit
1574 1724 1693 1777 sine
1740 1721 1983 1792 jussione
2013 1719 2109 1774 ab—

530 1823 672 1879 batis
701 1820 857 1876 fratri
896 1817 1361 1874 excommunicato
1390 1815 1630 1886 quolibet
1657 1814 1816 1870 modo
1844 1829 1902 1868 se
1916 1812 2110 1883 junge-

532 1915 765 1970 rehaut
810 1908 956 1980 loqui
1006 1924 1130 1964 cum
1176 1923 1262 1973 co,
1310 1907 1396 1962 vel
1425 1918 1447 1945 ο
1496 1905 1806 1960 mandatum
1855 1903 2108 1974 dirigere,

528 2003 556 2043 ἀ
597 2001 825 2058 similem
856 1999 1118 2055 sortiatur
1143 1996 1720 2052 excommunicationis
1751 1995 2060 2050 vindictam.

528 2093 564 2166 ᾗ·
584 2091 646 2147 II.
675 2121 745 2132 ——
776 2091 853 2146 Ex
891 2089 1110 2144 Recuu
1139 2102 1326 2142 sanc'n
1351 2087 1547 2142 lsmom
1576 2101 1805 2142 EPISCOPI
1836 2085 1971 2158 (cap.
1999 2085 2108 2157 l8).

606 2194 630 2222 ο
665 2181 748 2236 Ad
771 2178 1297 2234 excommunicatum
1345 2177 1476 2232 nulli
1516 2177 1680 2232 liceat
1724 2177 1930 2248 ingredi
1974 2178 2111 2232 citra

530 2270 817 2340 imperium
871 2266 1120 2322 senioris.
1177 2264 1191 2302 ί
1235 2258 1388 2320 εωπ
1420 2265 1893 2320 excommunicato
1938 2280 2112 2335 neque

529 2375 709 2427 orare,
747 2373 921 2429 neque
951 2358 1098 2428 loqui
1121 2357 1374 2427 cuiquam
1406 2355 1608 2412 licebit.
1643 2354 1776 2412 Cum
1804 2372 2113 2412 excommu-

601 2503 628 2531 ι
659 2489 721 2545 Si
748 2490 863 2570 quis
891 2489 1088 2570 frater,
1118 2486 1380 2570 etc..lloc
1423 2487 1712 2570 capitulum
1744 2484 2020 2556 profertur
2045 2488 2113 2542 ab

535 2561 714 2623 Ivone,
741 2557 898 2629 parte
922 2573 1011 2612 xw
1041 2559 1280 2622 Decreti,
1305 2573 1424 2626 cap.
1459 2557 1547 2612 54.

602 2630 631 2670 ι)
661 2630 766 2708 Aut
806 2626 950 2708 loqui
975 2644 1092 2708 cum
1135 2645 1216 2708 eo.
1255 2647 1272 2679 ι
1309 2627 2114 2708 Quoniam_depravati9_bono-

532 2715 652 2754 rum
685 2697 940 2754 allocutio
957 2706 1041 2752 est
1069 2697 1352 2762 malorum,
1385 2718 1403 2749 ι
1434 2697 1613 2767 inquit
1641 2697 1848 2767 llaymo
1888 2697 2115 2752 Halber—

525 2769 810 2825 stattensis
839 2768 893 2823 in
921 2781 1041 2836 cap.
1070 2783 1137 2821 xv
1167 2768 1338 2837 Epist.
1369 2767 1390 2821 l
1427 2768 1490 2820 ad
1518 2766 1643 2821 Cor.

602 2852 625 2880 ο
657 2838 973 2893 Mandatum
992 2836 1235 2907 dirigere.
1262 2838 1355 2890 Est
1374 2837 1574 2907 aliquid
1600 2851 1698 2906 per
1719 2836 2114 2907 internuntium

528 2908 858 2981 significare,
889 2907 1032 2976 quod
1047 2905 1534 2981 _Gallice_dicimus,
1557 2905 1876 2981 l_ui_m’ande_r
1896 2911 2116 2981 quelque

529 2967 704 3043 diose,
729 2967 888 3048 juxta
907 2967 1223 3048 versionem
1252 2967 1531 3048 Gallicam
1553 2975 1814 3048 Gnidonis
1835 2967 2113 3048 Juvenalis
2141 2967 2185 3028 C

528 3044 746 3104 abbatis
766 3047 825 3102 S.
858 3046 1094 3116 Sulpitii.
1141 3044 1468 3116 Mandatum
1491 3053 1576 3116 est
1595 3045 1879 3116 nuntium,
1910 3045 2112 3116 signifi-

527 3121 692 3183 catio,
719 3117 933 3188 legatio.
956 3113 1226 3170 'Phaadrus
1249 3115 1342 3170 lib.
1375 3131 1414 3181 ι,
1446 3114 1554 3170 fab.
1586 3113 1653 3169 ες
1694 3169 1705 3181 ,

653 3208 838 3270 Furtim
865 3208 1012 3267 igitur
1030 3205 1144 3253 dant
1167 3204 1410 3255 Mercurio
1428 3204 1650 3256 mandata
1673 3206 1733 3256 ad
1753 3205 1942 3270 Jovem,

659 3268 860 3320 Afﬂictis
882 3272 1228 3317 utsnccurrat.
1295 3303 1308 3315 .
1375 3303 1388 3316 .
1457 3300 1471 3314 .
1538 3303 1551 3315 .

527 3353 594 3408 Et
630 3351 722 3407 Iib.
752 3366 806 3405 tv
825 3367 843 3403 :

653 3441 875 3554 iisndatta
895 3440 1031 3502 dant,
1053 3439 1205 3502 legati
1229 3441 1502 3502 mittuntur,
1525 3441 1687 3490 statim

730 3517 828 3554 eun
855 3539 868 3552 .
937 3537 952 3552 .
1021 3537 1034 3551 .
1103 3537 1114 3548 .
1187 3539 1200 3551 .

730 3517 868 3554 eunt.
937 3537 952 3552 ο
1021 3537 1034 3551 .
1103 3537 1114 3548 .
1187 3539 1200 3551 .

525 3609 792 3666 Caesarius
819 3606 1151 3663 Arelatensis
1177 3622 1297 3676 cap.
1331 3606 1402 3661 25
1439 3604 1684 3675 Regulae:
1725 3624 1744 3658 t
1795 3606 1866 3662 Ut
1903 3609 2112 3664 occulte

525 3701 557 3734 a
585 3680 825 3751 quolibet
845 3679 1194 3751 litteras,_a_ut
1219 3675 1471 3751 quaelibet
1492 3675 1767 3751 mandata,
1797 3685 1891 3730 aut
1913 3693 2109 3751 munu-

526 3745 675 3805 scula
712 3749 964 3819 accipiat,
999 3767 1017 3798 ι
1077 3747 1280 3802 Glossaa
1324 3745 1826 3819 Graeco-Barbarae;
1878 3750 2108 3819 pandum

525 3821 682 3892 IL8g.
707 3817 958 3892 μηδᾶτα]
982 3819 1315 3892 namque,
1347 3817 1868 3892 pardpara,_nut_nia.
1893 3817 2108 3892 Etpdem

525 3839 682 3892 μλθε.
707 3839 958 3892 μανοατα]
982 3839 1315 3890 arra-nutu,
1347 3839 1478 3888 μηνν
1519 3839 1638 3881 ατα,
1660 3839 1868 3870 natura.
1893 3839 2106 3873 naeuem

525 3893 732 3966 QIOSSS:
749 3932 763 3946 .
787 3889 1160 3966 μαητατογὸρος
1200 3887 1351 3966 [Leg.
1370 3839 2106 3966 μαχὲοξῖοφόροςλξφισϐύῖρς,

527 3963 582 4015 id
614 3968 718 4026 est,
743 3955 984 4034 nuntius,
1014 3955 1241 4034 legatus.
1260 3955 1415 4034 Apud
1440 3955 1957 4034 Suidam'paiidgitwp
1980 3955 2107 4034 sitio;

525 4025 916 4104 ἁξιὼμάτοςκὶᾱ
934 4037 1052 4104 est,
1071 4025 1306 4104 species
1335 4025 1628 4104 dignitatis.
1677 4025 1832 4096 Apud
1858 4025 2104 4104 eu'mdem

525 4096 716 4160 πευθῆν
740 4101 1002 4170 «taeniae,
1039 4096 1332 4170 μανδᾲτωρ,
1359 4098 1411 4150 id
1435 4105 1534 4170 est,
1569 4097 1931 4170 interrogator
1949 4101 2110 4155 emis.

525 4171 651 4225 sari-
677 4185 722 4233 s,
736 4168 826 4236 qui
851 4167 1157 4221 mittiturad
1180 4167 1616 4236 interrogandum
1629 4175 1684 4220 et
1701 4168 2104 4226 sciscitantium.

596 4239 622 4277 ιι
655 4237 894 4293 Similem
915 4237 1169 4291 sortiatur
1213 4237 1764 4290 excammunicationis
1798 4239 2102 4293 vindictam.

525 4307 873 4386 l_ta__loquitur
917 4305 1180 4386 _Callixtus
1225 4319 1382 4386 papa,
1434 4305 1593 4386 epist.
1613 4304 1680 4386 _2,
1702 4306 1796 4386 “ad
1823 4309 2105 4386 episcopos
2130 4311 2182 4370 D

525 4374 719 4436 Galliae
737 4396 748 4431 :
783 4396 800 4428 ι
831 4375 966 4442 Quia
996 4374 1302 4445 quicunque
1331 4375 1386 4428 in
1433 4375 1519 4428 his
1544 4374 1629 4428 vel
1668 4375 1788 4429 aliis
1817 4374 2102 4445 prohibitis

526 4451 761 4505 scienter
773 4445 1254 4519 excommunicatis
1277 4445 1774 4519 communicaverit,
1791 4446 1945 4516 juxta
1967 4448 2106 4519 Apo-

526 4520 788 4576 stolorum
816 4517 1206 4572 institutionem
1235 4525 1291 4570 et.
1333 4516 1449 4584 ipse
1477 4514 1640 4569 simili
1668 4514 2105 4574 excommunica-

526 4590 660 4644 tioni
695 4588 1014 4657 subiacebit.
1041 4606 1060 4638 ι
1094 4584 1250 4657 Circa
1272 4583 1416 4639 hunc
1438 4584 1620 4657 locum
1649 4583 1707 4639 S.
1735 4585 1797 4640 Ρ.
1829 4587 2103 4644 Benedicti

525 4654 810 4716 difﬁcultas
833 4667 916 4712 est
949 4672 1056 4710 non
1080 4655 1320 4720 minima,
1359 4655 1484 4724 quia
1509 4654 1602 4724 qui
1624 4660 2103 4715 excommunicatis

527 4729 930 4787 communicant
968 4727 1228 4780 minorem
1251 4733 1456 4779 tantum
1483 4725 1763 4780 incurrunt
1796 4742 2104 4784 excommu-

529 4800 892 4861 nicationem,
956 4796 1200 4868 exceptis
1249 4795 1570 4868 quibusdam
1631 4796 1864 4868 casibus.
1919 4799 2103 4868 Itaque

528 4869 767 4927 nonnulli
802 4883 900 4938 per
926 4866 1158 4923 similem
1193 4865 1770 4938 excommunicationis
1807 4865 2102 4924 vindictam

528 4936 832 5017 intelligunt
858 4938 1124 4993 minorem
1162 4936 1797 5017 excomtnunicationem,
1833 4953 1952 5006 qua:
1978 4953 2101 5017 cum

528 5013 585 5066 in
611 5006 809 5076 genere
835 5006 1410 5064 excommunicationis'
1433 5007 1716 5077 conveniat
1741 5022 1862 5060 cum
1888 5007 2098 5077 majori,

529 5082 580 5136 ei
607 5074 797 5136 similis
820 5087 926 5142 est,
954 5085 1015 5132 ut
1039 5077 1210 5146 aiunt,
1242 5089 1349 5130 non
1384 5074 1598 5143 quidem
1629 5077 1682 5130 in
1711 5077 1908 5146 specie,
1933 5074 2025 5132 sed
2047 5074 2101 5133 in

528 5164 742 5222 genere.
775 5148 882 5204 Sed
914 5149 1029 5204 haec
1055 5145 1363 5222 explicatio,
1386 5145 1751 5222 praeterquam
1769 5149 1910 5222 quod
1938 5149 2099 5203 nimis

525 5214 740 5275 ἔμοι-ιη
768 5227 870 5281 est,
894 5235 1004 5274 non
1032 5214 1193 5271 valet.
1230 5214 1365 5269 Nam
1389 5214 1689 5271 concilium
1716 5214 2101 5274 Aurelianense

526 5290 675 5362 apud
696 5289 1068 5362 Burchardum
1110 5285 1202 5362 lib:
1232 5290 1294 5350 ll,
1342 5299 1462 5354 cap.
1491 5285 1544 5351 5,
1597 5286 1763 5362 utitur
1791 5289 1978 5362 eodem
2010 5305 2102 5346 vo-

526 5355 716 5415 cabulo
750 5375 872 5415 cum
905 5358 1032 5414 ferit
1058 5357 1401 5411 anathemate
1430 5370 1522 5409 eos
1554 5355 1644 5426 qui
1673 5357 2101 5426 communicave-

525 5432 636 5486 rint
665 5445 787 5486 cum
814 5427 1282 5499 excommunicato
1318 5426 1372 5499 in
1403 5425 1657 5499 operibus
1684 5425 1798 5494 ejus
1828 5427 2096 5499 malignis,

525 5509 635 5569 quo
665 5501 716 5553 in
747 5513 874 5554 casu
904 5497 1100 5554 docent
1138 5494 1446 5569 S_um_mist_a:
1482 5495 1740 5569 majorem
1792 5494 2102 5569 excommu-

526 5565 854 5624 tiicationem
883 5569 1108 5623 incurri.
1156 5565 1229 5620 Ita
1258 5565 1494 5634 loquitur
1521 5565 1841 5621 cuncilium:
1880 5585 1898 5618 ι
1932 5567 2018 5631 Ει,
2053 5569 2099 5623 si

523 5637 650 5708 quis
684 5639 735 5692 ei
767 5652 830 5708 se
863 5637 1189 5708 sociaverit,_
1221 5643 1276 5688 et
1320 5636 1800 5708 communicaverit
1842 5639 2094 5706 operibus

524 5704 642 5782 ejus
689 5706 954 5780 malignis,
1004 5704 1217 5764 noverit
1259 5718 1316 5765 se
1343 5704 1503 5761 simili
1532 5719 1846 5776 percussum
1871 5704 2094 5765 anathe-

2141 1624 2189 1684 Β
2217 1641 2400 1696 nicato
2431 1639 2559 1694 nulli
2587 1638 2802 1709 penitus
2833 1635 2978 1691 vesci
3002 1635 3150 1700 licet,
3191 1650 3289 1690 nec
3331 1638 3424 1706 ipsi
3449 1638 3722 1707 quidemqui

2211 1731 2525 1786 alimentum
2551 1730 2712 1785 victui
2736 1729 2955 1802 praebet.

2212 1845 2240 1918 §
2289 1845 2376 1901 Ill.
2415 1876 2484 1886 ——
2541 1845 2622 1899 Ex
2673 1843 2893 1900 necum
2947 1857 3139 1898 SANCTI
3201 1843 3489 1900 Fnccruost
3542 1861 3720 1903 EPISCOH

2869 1935 3006 2008 (cap.
3042 1935 3156 2008 μ).

2287 2056 2312 2093 ⁸
2350 2051 2487 2108 Cum
2539 2049 3006 2106 excommunicato
3061 2048 3244 2105 nullus
3302 2049 3550 2120 loquatur,
3597 2067 3724 2122 neque

2211 2143 2451 2214 qualibet
2475 2157 2598 2196 eum
2629 2141 3006 2210 compassioue
3037 2140 3126 2196 vel
3155 2143 3487 2198 miseratione
3522 2143 3722 2207 refoveat,

2213 2249 2390 2304 neque
2416 2233 2442 2272 ιι
2482 2232 2549 2287 ad
2586 2231 3070 2288 contradictionem
3120 2231 3202 2287 vel
3247 2233 3532 2304 superbiam
3565 2232 3725 2288 confor-

2215 2335 2331 2381 tare
2351 2332 2662 2395 praesumat.
2697 2325 2713 2364 ί
2749 2321 3013 2390 Quaelibet
3043 2325 3248 2379 causai
3285 2325 3336 2379 in
3365 2335 3600 2381 conventu
3619 2341 3724 2381 com-

2213 2465 2374 2511 mate.
2405 2475 2435 2526 r
2470 2456 2535 2510 Et
2562 2454 2823 2526 Callixtus
2845 2470 2995 2526 papa,
3021 2471 3189 2524 supra
3219 2455 3428 2511 citatus.
3464 2456 3623 2526 Itaque
3640 2457 3724 2515 dico

2214 2527 2388 2580 locum
2415 2524 2473 2580 S.
2506 2525 2778 2580 Benedicti
2807 2524 2872 2579 de
2898 2525 3090 2592 majori
3139 2524 3647 2582 excommunicatione
3668 2529 3722 2581 in-

2215 2597 2558 2666 telligendum
2607 2610 2728 2650 esse
2755 2595 2908 2662 juxta
2957 2604 3207 2650 veterum
3246 2610 3460 2662 morem,
3508 2599 3585 2666 qui
3622 2597 3722 2650 hanc

2215 2665 2827 2722 excommunicationem
2868 2666 3397 2720 communicantibus
3427 2665 3537 2721 cum
3562 2681 3723 2722 excomo

2215 2735 2504 2806 municatis
2534 2734 2951 2806 inﬂigebant,iut
3001 2737 3195 2790 videre
3225 2744 3305 2792 est
3341 2737 3471 2806 apud
3511 2737 3721 2790 Burchar-

2215 2806 2345 2859 dum
2375 2804 2512 2859 libro
2553 2804 2737 2869 citato,
2771 2813 2826 2858 et
2859 2805 3077 2859 Ivonem
3121 2815 3275 2874 parte
3312 2804 3416 2871 xw,
3448 2816 3495 2860 et
3521 2807 3565 2859 in
3591 2806 3722 2859 multis

2215 2873 2482 2938 conciliis,
2511 2875 2745 2928 maxime
2773 2890 2895 2928 cum
2916 2874 3044 2928 olim
3076 2873 3187 2929 non
3213 2885 3353 2930 esset
3389 2876 3546 2930 minor
3562 2891 3722 2931 excom-

2217 2944 2534 2998 municatio.
2596 2943 2702 2999 Sed
2749 2945 2876 3013 quia
2923 2945 3086 3000 modo
3118 2946 3287 2999 multa
3335 2947 3553 3000 relaxata
3588 2955 3722 3000 sunta

2216 3014 2443 3069 summis
2484 3013 2827 3082 pontificibus
2879 3014 3022 3068 circa
3071 3016 3589 3071 communicationem
3633 3030 3720 3070 cum

2214 3085 2713 3149 excommunicatis,
2741 3084 2991 3154 existimo
3018 3084 3165 3140 hanc
3207 3085 3373 3154 legem
3416 3085 3468 3140 S.
3507 3084 3720 3140 Benedicti

2213 3169 2334 3209 esse
2366 3155 2699 3224 abrogatam,
2728 3155 2831 3208 nisi
2881 3153 3022 3224 forte
3065 3157 3194 3224 quis
3222 3153 3648 3210 communicaverit
3680 3155 3719 3207 in

2215 3223 2445 3279 crimine
2469 3223 2785 3294 criminoso,
2810 3235 2870 3280 ut
2900 3223 3221 3294 loquuntur,
3255 3234 3306 3281 et
3342 3227 3396 3281 in
3429 3225 3537 3280 aliis
3551 3224 3719 3281 casibus

2211 3295 2451 3363 exceptis
2485 3309 2516 3347 a
2549 3293 2877 3349 Summistis.

2288 3375 2311 3402 ο
2347 3363 2426 3436 ᾼά
2454 3365 2996 3436 excommunicatum,
3039 3375 3152 3420 etc.
3197 3365 3319 3422 Hmc
3357 3366 3572 3436 reperire
3593 3371 3658 3418 est
3680 3363 3717 3415 in

2213 3433 2416 3506 Regula
2447 3433 2505 3489 S.
2535 3433 2723 3489 lsidori
2749 3450 2945 3506 excusa
2972 3437 3168 3490 eodem
3207 3439 3376 3506 capite
3410 3433 3485 3491 l8.

2288 3501 2320 3542 Γ
2351 3501 2480 3557 Cum
2519 3505 2984 3566 excommunicato,
3033 3515 3144 3560 etc.
3208 3501 3302 3560 llic
3347 3517 3512 3562 textus
3550 3504 3721 3559 habetur

2211 3589 2371 3628 causa
2420 3590 2480 3635 ll,
2537 3590 2628 3643 qu.
2662 3576 2717 3639 3,
2753 3590 2801 3628 c.
2841 3574 2927 3638 I8,
2963 3574 3066 3629 hoc
3108 3577 3306 3630 modo:
3352 3596 3367 3626 ι
3410 3577 3529 3630 Cum
3556 3589 3720 3629 excom-

2211 3644 2487 3718 municato
2528 3659 2704 3712 neque
2743 3659 2901 3718 orare
2931 3660 3130 3718 _neque
3169 3645 3312 3715 loqui
3342 3647 3456 3718 (nisi
3479 3661 3532 3700 ea
3557 3661 3652 3714 quae
3672 3643 3718 3718 ad

2211 3714 2456 3787 eamdem
2495 3712 3120 3787 excomlnunicmionetn
3135 3712 3445 3787 pertinent)
3460 3712 3581 3787 uince
3614 3712 3719 3787 εξ·πί

2211 3783 2390 3837 liceat.
2416 3803 2434 3836 ι
2478 3783 2634 3852 Apud
2674 3783 3059 3848 Burchardum,
3107 3781 3202 3838 lib.
3230 3803 3288 3852 ll,
3318 3781 3437 3852 cap."
3457 3785 3510 3839 5i
3533 3803 3544 3837 :
3571 3789 3590 3833 ὲ
3620 3781 3718 3836 Cum

2211 3801 2390 3837 ιιρεειι.
2416 3803 2434 3836 ι
2478 3801 2634 3852 Apua
2674 3801 3059 3848 burcnaruum,
3107 3801 3202 3838 III).
3230 3803 3288 3852 ιι,
3318 3802 3376 3840 ca
3417 3825 3431 3838 .
3457 3801 3509 3839 Oi
3533 3803 3544 3837 ε
3571 3801 3590 3833 σ
3620 3801 3718 3836 bunt

2209 3853 2676 3925 excommunicato
2723 3869 2896 3922 neque
2933 3868 3118 3925 orare,
3172 3871 3343 3925 neque
3381 3801 3512 3924 loqui
3550 3852 3650 3925 (nisi
3673 3864 3718 3903 ea

2208 3938 2329 3991 qum
2353 3924 2416 3977 ad
2442 3923 2686 3994 eamdem
2728 3921 3342 3994 excommunicationem
3378 3921 3716 3994 pertinent)ne-

2209 4009 2315 4066 que
2340 3994 2484 4066 vesci
2515 3992 2711 4066 cuique
2740 3992 2918 4066 liceat.
2946 4012 2964 4045 ι
3005 3992 3266 4066 Ubi_lege,
3295 3992 3540 4066 cuiauam,
3575 4003 3716 4066 queui“-

2208 4057 2498 4135 admodum
2543 4057 2717 4135 etiam
2759 4063 2812 4135 i_n
2856 4063 3084 4135 Decreto
3107 4057 3286 4120 Ivdnis
3311 4081 3361 4135 p.
3387 4057 3716 4135 'xtv,cap.__95,

2209 4132 2300 4186 ubi
2330 4133 2468 4186 idem
2498 4141 2676 4187 textus
2705 4132 2950 4186 habetur.
2980 4131 3088 4186 Sed
3115 4136 3283 4188 miror
3308 4130 3401 4188 cur
3420 4136 3468 4188 in
3497 4134 3568 4186 bis
3582 4130 3716 4183 tribus

2209 4203 2520 4275 auctoribus
2566 4202 2865 4275 habeantur
2895 4203 3007 4256 haec
3034 4203 3224 4267 verba,
3270 4203 3368 4258 nisi
3387 4219 3495 4275 qua:
3533 4202 3716 4254 adeam-

2210 4271 2326 4342 drem
2365 4273 2950 4342 excommunicationem
3001 4275 3283 4342 pertinent,
3324 4271 3438 4328 cum
3472 4288 3563 4326 non
3603 4282 3720 4342 repe-

2210 4341 2417 4412 riantur
2448 4341 2632 4412 inhac
2668 4339 3009 4405 Concordia,
3032 4358 3215 4412 neque
3239 4345 3376 4412 apud
3401 4339 3713 4412 Smaragdum.

2207 4411 2298 4482 qui
2327 4411 2486 4482 etiam
2509 4411 2653 4482 hunc
2691 4419 2892 4482 textum
2924 4407 3148 4482 profert,
3178 4407 3348 4482 neque
3381 4413 3530 4466 etiam
3563 4409 3606 4462 in
3630 4407 3714 4475 ipsa

2207 4479 2412 4553 llcgula
2435 4479 2492 4534 S.
2521 4479 2707 4553 lsi.lori
2729 4495 2945 4534 excusa.
2971 4481 3128 4553 Quod
3151 4479 3329 4553 autem
3357 4482 3494 4553 citati
3518 4484 3714 4553 auctores

2205 4547 2321 4604 haec
2345 4551 2508 4604 etiam
2548 4550 2711 4604 verba
2739 4566 2828 4602 nec
2866 4551 3017 4614 uesci,
3062 4551 3391 4614 addiderint,
3426 4551 3518 4604 hoc
3549 4547 3713 4615 ﬁtquia

2206 4619 2494 4674 voluerunt
2545 4629 2856 4687 sequentem
2903 4628 3132 4683 textum,
3180 4638 3297 4674 cum
3335 4617 3712 4674 excommunicato

2205 4688 2337 4742 nulli
2363 4691 2566 4759 penitus
2593 4691 2726 4759 uesci
2758 4689 2897 4754 licet,
2928 4699 3053 4753 etc.,
3101 4705 3225 4744 cum
3269 4690 3591 4745 antecedente
3620 4699 3714 4737 cou-

2205 4757 2466 4829 traheudo
2493 4757 2836 4829 conjungere.
3183 4827 3225 4829 Α
3503 4827 3510 4829 Α
3674 4819 3682 4828 .

2278 4831 2304 4868 ε
2339 4826 2470 4882 Cum
2504 4826 2972 4897 excommunicato,
3023 4837 3126 4882 etc.
3180 4827 3306 4882 Haec
3352 4826 3706 4897 reperiunturit

2206 4897 2411 4968 Begula
2439 4914 2540 4953 ms.
2587 4896 2651 4968 S.
2687 4889 2969 4953 Fructuosi
3009 4899 3246 4968 episcopi
3282 4889 3710 4968 Brac'arensiscod.

2202 4961 2514 5038 Crassensis
2558 4967 2746 5022 eodem
2785 4983 2903 5037 cap.
2955 4961 3059 5034 Mf
3098 4961 3589 5038 proierunturque_a
3613 4961 3711 5038 But:

2203 5037 2406 5092 chardo
2436 5038 2529 5091 lib.
2559 5038 2644 5100 ll,
2668 5052 2795 5108 cap:
2815 5034 2904 5102 53,
2941 5046 2995 5092 et
3023 5034 3303 5108 ab'lvone.
3338 5052 3354 5089 ι
3378 5034 3520 5105 parte
3543 5034 3709 5108 Deerit}!

2203 5121 2320 5176 cap.
2352 5108 2444 5173 97,
2485 5122 2552 5161 ex
2575 5096 3039 5177 dictis'Fructuosi
3077 5107 3333 5177 episcopi,
3371 5096 3526 5174 usque
3559 5100 3616 5155 ad
3645 5096 3708 5151 illa

2201 5175 2366 5231 verba
2399 5196 2412 5230 :
2449 5175 2701 5243 Quwlibet
2729 5193 2912 5243 causa,
2945 5189 3052 5231 etc.

2271 5247 2300 5286 ιι
2338 5247 2420 5300 Ad
2457 5240 2946 5316 contradictionem.
3001 5247 3076 5301 Ita
3131 5246 3273 5316 apud
3308 5240 3710 5316 Burchardum‘tjl

2199 5315 2413 5372 Ivonem
2456 5316 2587 5371 locis
2614 5315 2814 5372 citatis.
2853 5315 2911 5370 In
2941 5317 3142 5389 Regula
3164 5313 3287 5370 _ms.
3325 5313 3526 5385 legitur,
3558 5314 3709 5362 conm-

2201 5387 2415 5438 tionem.
2447 5384 2605 5438 Male.

2201 5396 2415 5443 tionem.
2448 5396 2607 5442 Male.

2279 5438 2607 5522 {Qualibet
2641 5471 2822 5509 causa.
2871 5455 2996 5511 llmc
3040 5469 3205 5524 usque
3239 5453 3305 5508 ad
3342 5438 3710 5573 finemhssglillllllll:

2276 5638 2290 5689 i
2332 5638 2405 5712 iln
2428 5649 2681 5712 conventu
2707 5639 2955 5708 fratrum.
2988 5638 3138 5712 Apud
3170 5637 3403 5706 Ivonem,
3425 5637 3474 5689 in
3501 5607 3706 5686 conveni;

2201 5711 2435 5768 omnium
2459 5711 2710 5783 fratrum.
3040 5711 3047 5712 “
3340 5738 3341 5741 η
