3940 6196
331 321 465 376 «1021

1249 311 1636 372 CONCORDIA
1675 288 2142 367 REGULARUM.
2180 341 2248 351 -
2285 312 2434 369 CAP.
2479 314 2690 370 xxxv.

3443 319 3580 373 1022

323 428 577 488 manibus
613 433 834 499 gestans
875 423 1086 480 abbatis
1113 423 1198 480 vel
1236 422 1464 478 fratrum
1511 421 1737 493 pedibus
1779 432 1902 475 cum
1933 418 1984 484 Α
2011 414 2255 478 fidelibus
2304 423 2395 495 (ad
2421 422 2523 478 Tit.
2551 423 2629 496 2).
2675 423 3018 481 Attendendo
3068 427 3211 481 enim
3257 427 3376 482 ovis
3417 430 3583 483 etiam

324 518 582 592 lacrymis
611 516 974 588 provolvatur,
1006 523 1061 570 et
1085 530 1209 570 cum
1251 513 1487 585 singultu
1513 521 1566 567 et
1592 513 1792 582 gemitu
1817 525 1910 582 ge-

326 613 488 667 nibus
516 611 682 667 humo
717 607 1054 678 properando
1086 623 1116 661 a
1155 607 1366 662 cunctis
1407 607 1621 660 veniam
1667 605 1910 674 accipere

324 713 622 768 mereatur,
656 711 710 758 et
741 719 811 758 ne
842 702 971 756 talia
1000 702 1310 772 pmuitendo
1336 701 1476 756 ultra
1505 699 1826 764 committat,
1857 705 1912 752 et

325 805 450 866 post
494 795 609 850 haec
639 807 663 838 δ
689 795 966 850 osculatus
993 793 1060 847 ab
1086 793 1301 859 abbate,
1352 792 1406 846 in
1433 805 1532 846 suo
1565 791 1736 862 gradu
1769 788 1896 845 acci-

368 887 532 940 iatur.

325 902 532 957 piatur.

505 973 642 1048 ﬁll].
667 1004 738 1014 —
757 973 836 1027 Ex
874 988 1031 1028 uano
1073 971 1340 1027 Gnsconu
1380 971 1729 1026 NAZIANZENI.

399 1064 430 1104 δ
458 1063 595 1117 Eum
619 1061 708 1132 qui
733 1061 798 1115 de
817 1058 1078 1114 Corintho
1099 1059 1344 1130 peccavit
1367 1064 1675 1128 peccatum,
1700 1066 1721 1094 ο
1750 1053 1911 1124 quale

326 1171 432 1210 nec
479 1155 621 1208 inter
647 1159 865 1224 gentes,
897 1151 967 1206 ad
1013 1149 1385 1220 pmnitentiam
1429 1147 1628 1202 Paulus
1673 1146 1910 1214 suscepit

327 1247 381 1318 (Ι
403 1244 526 1300 Cor.
550 1243 604 1316 v)
633 1263 646 1298 :
673 1250 728 1299 et
762 1258 868 1296 non
910 1241 1082 1296 solum
1125 1239 1380 1308 suscepit,
1413 1252 1598 1292 verum
1643 1237 1808 1293 etiam
1854 1234 1909 1288 in

323 1353 391 1392 eo
429 1336 750 1392 charitatem
799 1330 1156 1388 conﬁrmavit.
1209 1328 1435 1397 Quando
1464 1327 1684 1397 quidem
1720 1339 1908 1380 emen-

323 1427 602 1482 dationem
627 1424 784 1488 vidit,
805 1430 859 1476 et
880 1436 1102 1477 causam
1144 1419 1268 1474 facti
1295 1417 1543 1488 exposuit
1578 1417 1765 1471 dicens
1791 1433 1804 1468 :
1831 1413 1910 1467 Ne

327 1519 474 1574 forte
521 1515 768 1586 ampliori
818 1514 1037 1569 tristitia
1083 1511 1461 1576 absorbeatur,
1501 1508 1596 1578 qui
1643 1505 1909 1575 ejusmodi

323 1617 430 1674 est,
456 1605 813 1676 correptionis
841 1603 1047 1658 scilicet
1075 1601 1352 1656 nimietate
1375 1606 1762 1670 praegravatus.

323 1717 353 1792 §
381 1717 470 1772 IV.
496 1747 565 1757 ——
588 1717 664 1771 Ex
700 1729 858 1771 uano
899 1727 1086 1852 ssu(cr|
1135 1710 1435 1853 Airicusrmr
1466 1725 1530 1764 ns
1573 1707 1906 1762 Pss'romnus

1009 1799 1125 1851 cap.
1229 1820 1242 1835 .

1009 1799 1125 1851 cap.
1169 1799 1242 1851 ι).

393 1877 529 1932 Cum
552 1875 829 1947 prmpositi
848 1873 914 1927 ad
937 1873 1039 1928 hoc
1056 1872 1186 1936 sint,
1202 1877 1263 1925 ut
1287 1870 1373 1924 his
1393 1869 1484 1938 qui
1507 1866 1738 1934 subjecti
1757 1873 1902 1934 sunt,

322 1967 610 2024 consulant
627 1985 639 2020 :
658 1982 757 2021 nec
773 1966 826 2019 in
853 1980 918 2020 eo
947 1962 1091 2032 quod
1115 1959 1594 2032 praesuntomnino
1616 1956 1906 2010 utilitatem

321 2075 478 2116 suam
503 2058 804 2121 attendant,
830 2055 924 2109 sed
951 2069 1138 2108 eorum
1171 2051 1367 2122 quibus
1397 2049 1727 2102 ministrant.
1755 2045 1908 2112 Quis-

319 2152 445 2225 quis
473 2159 652 2205 tamen
683 2147 1006 2219 praepositus
1034 2153 1141 2210 est,
1161 2143 1291 2197 utin
1315 2157 1381 2197 eo
1413 2141 1557 2212 quod
1586 2139 1906 2210 prazpositus

321 2253 426 2308 est,
447 2243 697 2315 gaudeat,
715 2241 976 2295 honorem
997 2250 1154 2292 suum
1177 2240 1405 2304 qua-rat,
1421 2239 1475 2287 et
1510 2229 1794 2286 commoda
1811 2242 1905 2282 sua

322 2336 439 2392 sola
481 2333 758 2404 respiciat,
797 2345 856 2386 se
902 2327 1099 2400 pascit,
1128 2340 1235 2380 non
1276 2338 1424 2378 oves.
1458 2320 1542 2376 Ad
1587 2322 1685 2375 hos
1729 2333 1907 2374 sermo

323 2427 578 2499 dirigitur
604 2444 616 2478 :
643 2423 825 2478 audite
856 2430 1114 2491 tanquam
1138 2431 1267 2474 oves
1295 2414 1392 2470 Dei
1415 2421 1469 2468 et
1496 2413 1696 2475 videte,
1721 2425 1908 2479 quem-

325 2519 616 2575 admodum
664 2531 762 2570 vos
813 2526 1033 2570 securos
1074 2508 1269 2564 fecerit
1301 2506 1471 2569 Deus,
1503 2502 1906 2574 qualescunque

324 2611 436 2665 sint
470 2609 563 2680 qui
590 2608 743 2663 vobis
763 2611 1024 2675 praesunt,
1059 2602 1113 2657 id
1135 2609 1219 2656 est
1247 2597 1648 2670 qualescunque
1674 2608 1860 2649 sumus
1889 2611 1902 2646 :

324 2702 495 2758 Vobis
542 2703 888 2756 securitatem
932 2699 1099 2765 dedit,
1135 2696 1226 2768 qui
1258 2695 1433 2767 pascit
1464 2691 1649 2747 lsracl.
1696 2689 1831 2744 Nam
1860 2688 1907 2743 si

325 2793 472 2848 Deus
504 2808 612 2848 non
648 2793 849 2848 deserit
873 2807 1003 2850 oves
1024 2805 1171 2856 suas,
1195 2797 1250 2844 et
1269 2787 1393 2842 mali
1424 2792 1672 2856 pastores
1695 2781 1907 2838 debitas

325 2898 520 2954 poenas
549 2883 718 2948 luent,
743 2891 798 2938 et
823 2897 952 2940 oves
977 2880 1243 2952 promissa
1271 2875 1589 2948 percipient.

836 2973 864 3046 ᾗ
893 2971 957 3027 ν.
990 2972 1124 3026 Item
1156 2969 1409 3042 ejusdem.

401 3067 430 3107 ἀ
460 3066 620 3122 Sanae
641 3072 697 3121 et
717 3079 914 3120 crassa:
947 3077 1078 3120 oves
1111 3073 1393 3131 perpauca:
1421 3065 1566 3122 sunt,
1598 3054 1654 3109 id
1682 3062 1786 3120 est,
1821 3068 1908 3108 so-

326 3157 453 3213 lidae
479 3156 534 3209 in
558 3156 678 3210 cibo
706 3153 971 3216 veritatis,
1018 3121 1232 3206 utentes
1273 3147 1489 3217 pascuis
1526 3147 1664 3202 bene
1695 3145 1760 3199 de
1786 3159 1907 3199 mu-
1935 3121 1980 3184 θ

327 3246 598 3316 ηενεβεί.
626 3244 731 3300 Sed
758 3242 886 3298 mali
917 3242 990 3296 illi
1018 3250 1266 3312 pastores
1289 3253 1394 3294 non
1422 3243 1658 3307 parcunt
1686 3234 1905 3289 talibus.

324 3336 526 3392 Parum
549 3345 653 3402 est,
675 3335 822 3406 quod
851 3333 968 3388 illas
993 3333 1326 3403 languentes,
1359 3336 1414 3384 et
1435 3327 1702 3392 infirmas,
1742 3334 1796 3380 et
1824 3342 1911 3387 er-

327 3436 538 3494 rantes,
560 3436 616 3481 et
637 3426 900 3496 perditas,
931 3440 1040 3479 non
1066 3431 1281 3488 curant,
1308 3422 1472 3476 etiam
1499 3421 1631 3475 istas
1660 3415 1830 3473 fortes
1857 3424 1913 3472 et

327 3519 561 3590 pingues
589 3527 806 3582 necant,
840 3524 1102 3587 quantum
1131 3515 1184 3570 in
1215 3515 1346 3584 ipsis
1381 3523 1484 3569 est.
1515 3513 1584 3567 Et
1613 3512 1691 3566 illi
1724 3512 1910 3566 vivunt

328 3610 400 3665 de
445 3609 820 3664 misericordia
843 3608 958 3673 Dei,
994 3606 1044 3680 [e
1061 3606 1268 3678 vivunt]
1317 3614 1497 3660 tamen
1541 3612 1800 3674 quantum
1844 3602 1913 3658 ad

328 3703 508 3758 malos
536 3711 784 3772 pastores
825 3702 1038 3766 attinet,
1072 3699 1347 3754 occidunt.
1377 3696 1676 3765 Quomodo,
1710 3693 1910 3764 inquis,

329 3793 630 3848 occidunt?
674 3791 814 3847 male
860 3789 1120 3856 vivendo,
1165 3789 1369 3843 malum
1419 3786 1723 3855 exemplum
1769 3797 1910 3853 prm—

329 3882 530 3938 bendo.
565 3880 659 3935 Sin
684 3880 887 3937 frustra
915 3879 1118 3940 dictum
1147 3886 1231 3933 est
1259 3891 1416 3932 servo
1445 3875 1542 3930 Dei
1571 3875 1834 3930 eminenti
1857 3872 1912 3927 in

330 3971 601 4026 membris
637 3970 836 4027 summi
870 3969 1107 4039 pastoris
1131 3987 1143 4022 :
1174 3969 1322 4024 circa
1339 3981 1530 4022 omnes
1559 3965 1788 4036 teipsum
1817 3965 1914 4018 bo-

331 4079 534 4118 norum
590 4078 814 4134 operum
867 4061 1048 4132 przebe
1096 4059 1426 4130 exemplum,
1475 4066 1531 4114 et
1578 4057 1752 4112 forma
1796 4064 1914 4110 esto

407 4211 432 4238 ιι
472 4197 754 4252 Osculatus
787 4199 850 4251 ab
881 4197 1082 4251 abbate.
1110 4196 1166 4250 In
1196 4197 1409 4252 sianum
1435 4195 1910 4252 reconciliationis.

406 4269 433 4308 ι)
476 4268 612 4320 Eum
637 4269 727 4337 qui
751 4269 806 4320 in
828 4265 1222 4332 Corintho,etc.
1252 4265 1378 4321 Haec
1407 4268 1677 4337 habentur
1706 4267 1758 4320 in
1792 4282 1916 4322 ora-

330 4339 485 4420 tione
513 4337 582 4420 ’ὀρ
626 4335 864 4420 ejusdem
897 4338 1092 4420 sancti
1111 4337 1305 4402 Patris,
1334 4352 1454 4420 qua:
1478 4335 1812 4420 inscribitur,
1834 4338 1916 4420 A‘d

331 4416 522 4461 sancta
543 4405 766 4461 lumina.
803 4405 909 4461 Sed
933 4408 1185 4475 quoniam
1211 4422 1332 4476 qua:
1359 4408 1448 4460 hic
1470 4407 1726 4468 citantur,
1754 4408 1914 4476 paulo

2011 508 2167 568 fortis
2222 514 2537 585 plerumque
2589 517 2880 587 prmposito
2927 533 3025 574 suo
3072 519 3211 573 male
3256 520 3488 585 viventi,
3537 521 3585 576 si

2011 606 2243 663 declinet
2267 609 2452 664 oculos
2483 624 2513 663 a
2549 610 2751 680 regulis
2781 609 3014 678 Domini,
3047 620 3099 666 et
3131 612 3362 668 intendit
3398 615 3448 667 in
3489 615 3589 669 ho-

2010 700 2235 765 minem,
2276 700 2462 770 incipit
2506 701 2684 756 dicere
2716 701 2770 754 in
2800 702 2963 758 corde
3008 717 3144 757 suo:
3173 703 3229 757 Si
3265 706 3587 774 praepositus

2011 807 2165 846 meus
2194 793 2272 846 sic
2301 791 2457 858 vivit,
2490 806 2589 867 ego
2615 792 2745 861 quid
2769 807 2908 857 sum,
2945 793 3036 864 qui
3065 808 3169 848 non
3198 792 3410 860 faciam,
3442 795 3587 864 quod

2013 880 2100 935 ille
2137 880 2308 936 facit?
2344 881 2365 919 ί
2397 882 2598 936 occidit
2641 897 2798 936 ovem
2845 881 3060 937 fortem.
3110 883 3229 938 Jam
3269 884 3336 938 de
3376 887 3588 943 caeteris

2011 970 2139 1039 quid
2170 968 2337 1024 facit:
2388 970 2479 1040 qui
2526 969 2676 1036 illud,
2706 971 2847 1040 quod
2877 988 2982 1026 non
3024 973 3137 1042 ipse
3172 973 3580 1043 fortificavcrat,

2009 1060 2106 1116 sed
2154 1059 2293 1113 forte
2340 1067 2433 1113 aut
2476 1061 2755 1114 robustum
2803 1060 3116 1127 invenerat,
3173 1064 3315 1118 male
3359 1065 3586 1121 vivendo

2009 1148 2303 1204 interficit?
2345 1148 2476 1203 Dico
2519 1149 2774 1204 charitati
2817 1158 3035 1215 vestrae,
3067 1152 3263 1206 iterum
3292 1154 3444 1219 dico;
3483 1156 3586 1209 etsi

2008 1255 2158 1305 oves,
2201 1240 2302 1294 etsi
2347 1239 2516 1295 fortes
2557 1249 2686 1295 sunt
2731 1243 2784 1295 in
2828 1243 2994 1296 verbo
3025 1242 3257 1308 Domini,
3308 1252 3362 1298 et
3402 1252 3588 1299 tenent

2011 1329 2158 1396 illud,
2205 1331 2350 1400 quod
2377 1331 2663 1384 audierunt
2694 1346 2724 1384 a
2750 1331 2979 1387 Domino
3026 1349 3162 1388 suo:
3195 1333 3325 1398 Quw
3374 1333 3579 1400 dicunt,

2009 1422 2196 1492 facile;
2216 1439 2333 1491 qua:
2354 1432 2527 1476 autem
2551 1421 2773 1491 faciunt,
2798 1422 2970 1491 facere
2993 1423 3148 1476 nolite
3165 1423 3380 1493 (Matth.
3400 1427 3584 1497 xxnn);

2011 1521 2192 1567 tamen
2223 1513 2315 1583 qui
2348 1513 2400 1566 in
2427 1522 2721 1582 conspectu
2760 1512 2938 1581 populi
2972 1512 3112 1567 male
3143 1513 3294 1578 vivit,
3324 1525 3587 1582 quantum

2008 1604 2063 1660 in
2095 1605 2186 1660 illo
2221 1614 2324 1671 cst,
2356 1619 2502 1670 eum,
2531 1620 2560 1658 a
2591 1620 2697 1674 quo
2730 1605 3045 1669 attenditur,
3086 1605 3302 1660 occidit.
3339 1605 3453 1659 Non
3483 1607 3586 1661 sibi

2007 1713 2138 1768 ergo
2177 1697 2506 1762 blandiatur,
2547 1698 2670 1766 quia
2717 1696 2807 1751 ille
2845 1713 2949 1750 non
2987 1706 3070 1752 est
3096 1706 3342 1754 mortuus
3368 1716 3381 1752 :
3412 1706 3466 1753 et
3499 1699 3587 1754 ille

2010 1788 2164 1853 vivit,
2193 1795 2248 1840 et
2280 1786 2368 1841 ille
2412 1787 2684 1842 homicida
2732 1797 2834 1841 est.
2887 1786 3166 1854 Quomodo
3206 1803 3327 1841 cum
3357 1788 3588 1844 lascivus

2009 1878 2171 1931 homo
2215 1875 2443 1930 intendit
2496 1876 2564 1929 ad
2614 1876 2896 1930 mulierem
2955 1877 3023 1930 ad
3077 1879 3585 1946 concupiscendum,

2008 1984 2136 2024 ecce
2178 1968 2266 2022 illa
2312 1975 2462 2022 casta
2505 1974 2606 2031 est,
2653 1975 2707 2020 et
2732 1968 3037 2021 moechatus
3080 1976 3163 2021 est
3198 1967 3336 2022 iste?
3377 1967 3588 2022 Domini

2008 2061 2154 2115 enim
2192 2076 2320 2114 vera
2360 2067 2415 2113 et
2450 2066 2634 2128 aperta
2685 2057 2954 2112 sententia
2979 2064 3100 2111 est:
3134 2056 3379 2127 Quisquis
3401 2057 3588 2111 viderit

2008 2151 2278 2206 mulierem
2303 2151 2372 2204 ad
2397 2149 2865 2221 concupiscendum
2891 2167 3028 2215 eam,
3051 2149 3170 2219 jam
3198 2150 3482 2204 moechatus
3511 2156 3588 2203 est

2008 2259 2124 2296 eam
2150 2243 2202 2296 in
2251 2241 2406 2295 corde
2451 2258 2545 2295 suo
2593 2239 2807 2312 (Matth.
2845 2239 2922 2310 v).
2961 2238 3077 2293 Non
3106 2239 3355 2309 pervenit
3379 2238 3444 2292 ad
3471 2237 3589 2307 ejus

2007 2331 2334 2395 cubiculum,
2383 2340 2437 2386 et
2472 2331 2525 2384 in
2569 2329 2815 2384 interiori
2857 2328 3104 2383 cubiculo
3154 2342 3252 2383 suo
3296 2327 3586 2381 volutatur.

2010 2423 2101 2479 Sic
2127 2422 2326 2488 omnis,
2357 2421 2450 2491 qui
2478 2421 2620 2475 male
2647 2419 2781 2473 vivit
2810 2420 2864 2474 in
2897 2427 3191 2488 conspectu
3229 2433 3440 2483 eorum,
3470 2417 3589 2486 qui-

2009 2514 2110 2569 bus
2155 2512 2480 2584 praepositus
2527 2519 2642 2576 est;
2685 2518 2949 2580 quantum
3001 2511 3056 2565 in
3107 2510 3223 2580 ipso
3262 2517 3365 2574 est,
3393 2507 3593 2564 occidit

2007 2614 2064 2660 et
2104 2603 2291 2660 fortes.
2338 2601 2439 2669 Qui
2479 2602 2744 2668 imitatur,
2776 2602 3042 2656 moritur:
3074 2602 3166 2671 qui
3191 2617 3297 2656 non
3324 2601 3588 2665 imitatur,

2007 2699 2161 2754 vivit.
2195 2697 2265 2751 Et
2291 2696 2429 2768 quod
2476 2711 2713 2749 crassum
2759 2703 2856 2759 est,
2894 2693 3090 2764 inquit,
3137 2692 3495 2762 interfecistis,
3539 2699 3590 2745 et

2009 2805 2125 2844 oves
2159 2804 2302 2841 meas
2344 2803 2447 2840 non
2484 2785 2696 2856 pascitis
2739 2783 2957 2856 (Ezech.
2985 2781 3193 2855 xxxrv).
3227 2784 3253 2822 ε
3279 2779 3400 2836 Jam
3435 2780 3590 2835 audi-

2009 2878 2131 2943 stis,
2172 2877 2302 2946 quid
2343 2875 2592 2946 diligant.
2635 2873 2787 2939 Quod
2826 2861 3154 2942 inﬁrmatam
3196 2880 3293 2938 est,
3334 2887 3438 2926 non
3471 2887 3592 2926 con-

2010 2972 2244 3043 fortastis
2267 2985 2285 3022 :
2316 2980 2364 3024 et
2412 2968 2552 3040 quod
2606 2967 2744 3022 male
2791 2965 2998 3031 habuit,
3034 2981 3136 3020 non
3165 2962 3588 3018 carroborastis:

2011 3079 2058 3123 et
2085 3069 2224 3140 quod
2256 3066 2566 3121 tribulatum
2599 3075 2675 3120 est
2704 3063 2779 3138 (id
2808 3072 2912 3131 est,
2943 3063 3088 3134 quod
3116 3061 3454 3118 confractum
3483 3059 3588 3135 est)

2013 3162 2041 3202 ιι
2070 3177 2174 3214 non
2205 3159 2491 3232 colligastis
2514 3175 2532 3213 :
2559 3168 2606 3213 et
2635 3157 2774 3229 quod
2801 3157 3034 3223 errabat,
3063 3171 3169 3208 non
3200 3155 3476 3209 revocastis
3498 3170 3517 3208 :
3544 3163 3594 3208 et

2010 3253 2151 3325 quod
2198 3253 2384 3323 periit,
2430 3269 2534 3306 non
2580 3250 2913 3322 inquisistis:
2953 3251 2969 3290 ί
3003 3258 3052 3303 ει
3098 3247 3238 3320 quod
3287 3248 3420 3318 forte
3468 3247 3592 3317 fuit,

2011 3344 2362 3415 coufregistis,
2407 3342 2422 3394 i
2477 3341 2845 3412 interfecistis,
2893 3340 3176 3394 occidistis.
3215 3339 3243 3378 ¹ι
3285 3338 3596 3392 lnﬁrmatur

2009 3437 2148 3500 ovis,
2180 3435 2237 3490 id
2276 3442 2377 3501 est,
2409 3433 2426 3472 ι
2460 3434 2734 3488 infirmum
2771 3432 3013 3501 corrigit,
3047 3441 3086 3469 ω
3116 3437 3177 3483 ιιι
3204 3428 3376 3498 possit
3400 3429 3593 3483 cedere

2012 3527 2400 3581 tentationibus
2437 3543 2450 3578 :
2493 3526 2737 3589 incauto,
2795 3531 2850 3578 et
2906 3523 3177 3591 imparato,
3217 3520 3594 3590 supervenerit

2012 3626 2199 3690 pastor
2234 3618 2528 3688 negligens.
2563 3616 2790 3683 Quando
2820 3613 2992 3669 credit
3021 3613 3163 3677 talis,
3189 3627 3296 3666 non
3323 3611 3399 3665 illi
3426 3611 3589 3664 dicit:

2016 3705 2146 3772 Fili,
2176 3707 2427 3762 accedens
2453 3707 2523 3761 ad
2546 3706 2843 3761 servitutem
2872 3703 2994 3770 Dei,
3024 3712 3104 3758 sta
3124 3704 3179 3756 in
3207 3702 3422 3773 justitia
3445 3712 3495 3756 et
3525 3703 3592 3756 ti-

2013 3816 2186 3864 more,
2240 3807 2287 3853 et
2333 3814 2575 3869 purpura
2628 3797 2862 3850 animam
2916 3804 3063 3850 tuam
3123 3794 3193 3848 ad
3252 3795 3592 3848 tentationem

2015 3888 2186 3961 (Eccl.
2219 3889 2302 3961 ιι).
2345 3889 2448 3955 Qui
2488 3888 2633 3942 enim
2678 3888 2781 3941 hoc
2818 3887 3082 3957 loquitur,
3127 3883 3402 3939 confortat
3442 3882 3593 3937 inflr-

2015 3995 2163 4034 mum
2194 3987 2249 4034 et
2276 3995 2344 4034 ex
2385 3979 2600 4033 inﬁrmo
2636 3977 2768 4032 facit
2809 3976 3027 4030 firmum
3054 3993 3066 4028 :
3095 3984 3154 4029 ut
3185 3990 3291 4029 non
3327 3973 3438 4040 ille,
3468 3988 3593 4028 cum

2016 4072 2326 4138 crediderit,
2378 4086 2634 4143 prospera
2679 4070 2839 4140 hujus
2880 4069 3062 4127 saeculi
3104 4075 3306 4139 speret.
3356 4065 3415 4121 Si
3447 4065 3593 4121 enim

2092 4201 2112 4242 ί
2149 4202 2351 4258 Occidit
2389 4221 2532 4258 ouem
2565 4203 2771 4273 fortem.
2818 4203 2877 4257 In
2916 4201 3077 4257 editis
3102 4199 3160 4257 S.
3189 4198 3476 4271 Augustini
3507 4213 3595 4255 se-

2017 4273 2201 4344 quitur
2230 4293 2242 4328 :
2275 4273 2335 4328 Si
2363 4275 2583 4344 fortem,
2596 4274 2790 4344 occidit
2816 4289 2980 4328 ovem.

2093 4346 2118 4384 ⁸
2145 4344 2270 4397 lam
2293 4337 2533 4398 audistis.
2561 4337 2670 4398 illic
2697 4344 2885 4412 incipit
2912 4348 3073 4409 caput
3097 4340 3166 4395 35
3195 4337 3436 4408 ejusdem
3467 4339 3594 4395 libri

2022 4413 2076 4468 in
2104 4413 2292 4468 editis:
2313 4413 2464 4479 Quod
2487 4412 2894 4467 contribulatum
2923 4422 3020 4465 est.

331 4478 496 4530 auter
517 4477 810 4553 _h3be'3m|‘
839 4476 893 4529 in
925 4465 1072 4553 ιὲειμι
1112 4465 1320 4553 cmico.
1363 4478 1607 4553 quedam
1638 4465 1916 4553 ειιξάεητρ-
1939 4465 1993 4525 D
2025 4465 2290 4538 ιι*
2317 4465 2815 4553 rara-gausapa
2841 4481 2898 4536 s.
2933 4479 3262 4553 αγριιίωρυηι
3291 4479 3448 4553 epist.
3479 4477 3587 4532 ὄις

328 4546 566 4616 petendo
585 4547 951 4615 proferemus:
972 4545 1026 4599 Si
1051 4546 1200 4614 prius
1223 4546 1492 4616 notaverit
1515 4546 1682 4616 lector
1708 4545 1765 4599 S.
1783 4545 1915 4601 Gre-

333 4615 565 4686 gorium
599 4631 759 4680 agere
800 4617 852 4668 in
902 4615 1235 4679 Novitianos,
1269 4615 1362 4683 qui
1407 4615 1780 4686 paenitentiam
1813 4617 1908 4670 mi-

332 4684 484 4758 nime
505 4685 859 4758 admittebant
885 4705 896 4740 :
921 4687 951 4746 ἦ
972 4685 1085 4740 οὖδέ
1107 4686 1425 4758 τελειωθάντρι
1446 4685 1579 4755 δέχῃ
1605 4684 1664 4740 δι’
1677 4688 1913 4758 «ianos;

335 4757 461 4811 ἔστι
502 4757 599 4831 γὰρ
641 4760 726 4813 καὶ
765 4765 855 4816 τῆς
900 4765 995 4831 σῆς
1031 4759 1289 4831 uxorein,
1320 4753 1434 4831 εὺᾷὲ
1478 4753 1579 4831 τόπᾹο⁸
1699 4753 1914 4831 Κορίνθῳ

331 4825 780 4900 παρανὸμῖήσαντα
806 4844 822 4891 ;
845 4830 1047 4900 Παῦλος
1093 4825 1147 4881 δέ
1195 4829 1275 4879 καὶ
1303 4825 1527 4900 ,ἀγάπην
1559 4825 1832 4898 ἐκύρωσὴο,
1860 4827 1914 4880 id

333 4894 441 4959 εει,
475 4913 493 4945 ι
521 4894 606 4949 vel
640 4910 813 4964 neque
853 4896 1080 4964 suscipis
1127 4894 1389 4963 sanguine
1431 4907 1530 4947 suo
1574 4894 1911 4950 consumma‘

337 4976 481 5035 tum,
505 4964 556 5019 id
584 4973 668 5020 est
695 4963 1013 5035 martyrem,
1053 4965 1106 5018 id
1133 4965 1278 5035 enim
1305 4971 1396 5035 est;
1427 4963 1591 5035 etiam
1621 4973 1724 5018 tua:
1767 4979 1917 5018 arro-

336 5034 765 5105 gantiaineque
791 5032 913 5105 eum
949 5035 1041 5104 qui
1066 5047 1125 5088 se
1153 5032 1401 5105 corinthi
1428 5034 1920 5105 scelere_contami-

337 5102 528 5158 navit?
552 5104 623 5158 At
641 5102 839 5159 Paulus
862 5102 1008 5158 circa
1030 5119 1155 5159 eum
1183 5103 1500 5156 charitatem
1521 5102 1876 5158 confirmavit.
1891 5125 1910 5156 ι

336 5175 553 5229 Caetera
578 5189 709 5228 vero
744 5174 833 5229 hic
859 5174 993 5228 satis
1019 5175 1123 5227 rite
1142 5173 1460 5241 procedunt.

414 5256 436 5282 ο
483 5243 653 5324 Quale
679 5260 770 5324 nec
800 5245 937 5297 inter
957 5239 1158 5324 gentes:
1184 5239 1444 5324 ᾔδεε-μευ
1471 5241 1765 5324 sunt_apud
1793 5258 1918 5297 san-

339 5313 855 5384 ctitanregorium,
890 5310 983 5368 sed
1009 5327 1077 5366 ex
1102 5312 1164 5384 ρ.
1195 5310 1349 5384 Pauli
1375 5317 1525 5364 textu
1553 5310 1751 5384 addita.

415 5381 702 5436 d'Sanw'et
729 5399 941 5446 crassw,
969 5393 1074 5437 etc.
1105 5381 1232 5435 Haec
1263 5381 1532 5434 habentur
1565 5382 1755 5436 eodem
1791 5382 1914 5436 libr.

341 5454 410 5506 de
431 5452 748 5523 Pastoribus
767 5467 884 5523 cap.
913 5451 1082 5523 4,Aliic
1108 5451 1273 5506 citata
1297 5449 1367 5504 ob
1393 5450 1482 5505 illa
1510 5449 1566 5504 S.
1610 5451 1917 5523 Benedicti:

346 5540 367 5572 ι
400 5521 622 5576 Noverit
650 5523 795 5576 enim
822 5521 880 5578 se
907 5521 1244 5577 infirmarum
1273 5535 1458 5574 curam
1485 5522 1786 5590 suscepisse
1812 5523 1923 5577 ani-

341 5608 578 5657 marum,
603 5611 622 5646 ι
651 5601 754 5648 etc.

423 5673 447 5700 ο
500 5661 682 5716 Vivum
726 5671 919 5715 tamen.
948 5665 1016 5717 τὸ
1053 5662 1226 5717 vivunt
1267 5657 1550 5724 redundat,
1593 5675 1694 5716 ncc
1737 5670 1821 5716 cst
1865 5663 1920 5717 in

344 5731 510 5788 editis
539 5731 596 5786 S.
629 5732 934 5804 Augustini.

2023 4573 2042 4606 ς
2070 4553 2224 4620 Quod
2255 4549 2672 4608 contribulatum
2701 4549 2802 4612 est.
2835 4567 2940 4604 non
2978 4549 3437 4620 consolatiestisr
3461 4567 3481 4599 ι

2260 4620 3088 4746 aut?<“.t:‘.i:.:a£:eg:3;-.
3107 4617 3594 4746 233?..2;.:§“8?J

2015 4694 2220 4748 stinum
2266 4686 2461 4763 legitur
2500 4711 2513 4745 :
2558 4686 2915 4763 Cornfecist'isg
2942 4705 3089 4763 non_:
3114 4686 3594 4763 Confregjstisuid

2015 4771 2119 4826 est,
2150 4753 2518 4824 interfécistis,
2547 4770 2607 4815 ut
2627 4753 2741 4829 ipse
2766 4753 3020 4829 explicat.
3048 4758 3107 4812 In
3131 4753 3290 4826 epist.
3309 4753 3383 4810 54
3410 4755 3471 4812 S.
3492 4753 3596 4826 Cy—

2016 4777 2119 4826 est,
2150 4777 2518 4824 mtertecnsus,
2547 4777 2607 4815 ut
2627 4777 2741 4829 ipse
2766 4777 2832 4814 ex
2877 4777 3019 4813 ucat.

2016 4833 2192 4902 priani
2223 4833 2456 4902 legitur:
2487 4830 2795 4902 Confecistis
2823 4777 3019 4902 gzbore.

2093 4894 2510 4984 idnteFfecistis.
2543 4894 2706 4971 Lege,
2742 4907 2802 4954 ut
2827 4899 2883 4953 in
2929 4897 3090 4952 editis
3113 4912 3127 4949 :
3151 4895 3219 4949 Id
3247 4903 3354 4960 est,
3383 4894 3597 4964 interfe-

2016 4983 2178 5026 ctstts.

2091 5043 2118 5081 ιι
2168 5041 2484 5110 Inﬁrmatur
2529 5041 2670 5106 ovis,
2712 5039 2767 5093 id
2799 5048 2896 5092 est.
2947 5036 3074 5091 Haec
3121 5049 3229 5090 non
3275 5042 3491 5089 exstant
3537 5034 3594 5089 in

2019 5111 2199 5168 editis.

2097 5180 2115 5220 ι
2151 5180 2433 5261 Inﬁrmum
2472 5179 2703 5261 corrigit.
2731 5177 2908 5261 (I‘Joc-us
2931 5181 3238 5261 corruptus,
3269 5173 3384 5243 lege
3429 5171 3595 5254 Inﬁr-

2021 5267 2164 5306 mum
2190 5243 2280 5304 cor
2294 5251 2458 5320 gerit:
2474 5251 2526 5305 in
2547 5243 2709 5305 editis
2731 5247 2788 5302 S.
2809 5248 3040 5319 August.
3069 5262 3082 5298 :
3104 5243 3386 5312 Infirmum
3407 5244 3595 5313 quippe

2022 5323 2256 5390 animum
2284 5321 2413 5390 gerit
2437 5321 2567 5390 ovis.

2093 5404 2132 5430 ω
2168 5389 2234 5444 Ut
2263 5380 2425 5460 p'ossit
2473 5389 2653 5443 cedere
2697 5384 3094 5460 tentationibus,
3147 5391 3252 5460 etc.
3303 5380 3429 5460 Haec
3475 5397 3597 5460 cor-

2022 5469 2179 5531 rupta
2228 5453 2374 5524 sunt,
2420 5468 2474 5531 et
2518 5460 2590 5514 ita
2631 5473 2699 5531 ex
2731 5457 2890 5511 editis
2934 5453 3288 5531 castiganda:
3322 5471 3340 5502 ι
3372 5453 3598 5531 Quando

2024 5522 2350 5585 tentationes
2365 5522 2370 5524 Ἴ
2385 5530 2487 5586 sibi
2521 5527 2832 5599 profuturas
2851 5522 3175 5599 non_ccedit.
3208 5522 3402 5576 Pastor
3420 5523 3597 5599 negli-

2024 5617 2184 5681 gcns,
2230 5601 2442 5668 quando
2468 5592 2544 5654 sic
2575 5597 2748 5654 credit
2793 5597 2916 5651 talis
2966 5595 3232 5657 infirmus,
3277 5609 3385 5648 non
3418 5592 3492 5648 illi
3517 5594 3601 5647 di-

2025 5679 2117 5736 cit,
2149 5691 2165 5723 ›
2199 5679 2303 5725 etc.
