  <div class='ocr_page' id='page_1' title='image "/cluster/home/n/w/nwhite01/storage/ocr_20150623/103/hvd.32044054759691/513.png"; bbox 0 0 3940 6196; ppageno 0'>
   <div class='ocr_carea' id='block_1_1' title="bbox 477 347 609 402">
    <p class='ocr_par' dir='ltr' id='par_1_1' title="bbox 477 347 609 402">
     <span class='ocr_line' id='line_1_1' title="bbox 477 347 609 402; baseline 0 -1"><span class='ocrx_word' id='word_1_1' title='bbox 477 347 609 402; x_wconf 66' lang='grc'><strong>1023</strong></span> 
     </span>
    </p>
   </div>
   <div class='ocr_carea' id='block_1_2' title="bbox 1496 326 2729 391">
    <p class='ocr_par' dir='ltr' id='par_1_2' title="bbox 1496 326 2729 391">
     <span class='ocr_line' id='line_1_2' title="bbox 1496 326 2729 391; baseline -0.006 -1"><span class='ocrx_word' id='word_1_2' title='bbox 1496 334 1555 390; x_wconf 88' lang='lat' dir='ltr'><strong>S.</strong></span> <span class='ocrx_word' id='word_1_3' title='bbox 1592 333 1952 391; x_wconf 77' lang='lat' dir='ltr'><strong>BENEDIC&#39;I‘I</strong></span> <span class='ocrx_word' id='word_1_4' title='bbox 1988 330 2275 387; x_wconf 78' lang='lat' dir='ltr'><strong>ABBATIS</strong></span> <span class='ocrx_word' id='word_1_5' title='bbox 2322 326 2729 385; x_wconf 75' lang='lat' dir='ltr'><strong>ANIANENSIS</strong></span> 
     </span>
    </p>
   </div>
   <div class='ocr_carea' id='block_1_3' title="bbox 3542 338 3648 396">
    <p class='ocr_par' dir='ltr' id='par_1_3' title="bbox 3542 338 3648 396">
     <span class='ocr_line' id='line_1_3' title="bbox 3542 338 3648 396; baseline 0.038 -4"><span class='ocrx_word' id='word_1_6' title='bbox 3542 338 3648 396; x_wconf 67' lang='grc'><strong>1016</strong></span> 
     </span>
    </p>
   </div>
   <div class='ocr_carea' id='block_1_4' title="bbox 469 438 3654 521">
    <p class='ocr_par' dir='ltr' id='par_1_4' title="bbox 469 438 3654 521">
     <span class='ocr_line' id='line_1_4' title="bbox 469 438 3654 521; baseline -0.002 -11"><span class='ocrx_word' id='word_1_7' title='bbox 469 456 660 511; x_wconf 89' lang='lat' dir='ltr'><strong>doctus</strong></span> <span class='ocrx_word' id='word_1_8' title='bbox 713 450 877 507; x_wconf 89' lang='lat' dir='ltr'><strong>fuerit</strong></span> <span class='ocrx_word' id='word_1_9' title='bbox 911 464 1133 521; x_wconf 86' lang='lat' dir='ltr'><strong>sperare</strong></span> <span class='ocrx_word' id='word_1_10' title='bbox 1176 463 1435 521; x_wconf 88' lang='lat' dir='ltr'><strong>prospera</strong></span> <span class='ocrx_word' id='word_1_11' title='bbox 1471 447 1674 511; x_wconf 81' lang='lat' dir='ltr'><strong>saeculi,</strong></span> <span class='ocrx_word' id='word_1_12' title='bbox 1703 458 1729 487; x_wconf 77' lang='grc' dir='ltr'>ι</span> <span class='ocrx_word' id='word_1_13' title='bbox 1761 447 1875 516; x_wconf 88' lang='lat' dir='ltr'><strong>ipsa</strong></span> <span class='ocrx_word' id='word_1_14' title='bbox 1906 460 2035 514; x_wconf 87' lang='lat' dir='ltr'><strong>pro-</strong></span> <span class='ocrx_word' id='word_1_15' title='bbox 2063 447 2115 506; x_wconf 78' lang='grc' dir='ltr'>Α</span> <span class='ocrx_word' id='word_1_16' title='bbox 2132 441 2263 513; x_wconf 89' lang='lat' dir='ltr'><strong>jugo</strong></span> <span class='ocrx_word' id='word_1_17' title='bbox 2291 440 2514 498; x_wconf 80' lang='lat' dir='ltr'><strong>Christi.</strong></span> <span class='ocrx_word' id='word_1_18' title='bbox 2547 439 2819 494; x_wconf 87' lang='lat' dir='ltr'><strong>Attendite</strong></span> <span class='ocrx_word' id='word_1_19' title='bbox 2850 438 2968 494; x_wconf 91' lang='lat' dir='ltr'><strong>illos</strong></span> <span class='ocrx_word' id='word_1_20' title='bbox 3004 439 3251 496; x_wconf 82' lang='lat' dir='ltr'><strong>homines</strong></span> <span class='ocrx_word' id='word_1_21' title='bbox 3288 442 3513 503; x_wconf 81' lang='lat' dir='ltr'><strong>volentes</strong></span> <span class='ocrx_word' id='word_1_22' title='bbox 3546 449 3654 507; x_wconf 86' lang='lat' dir='ltr'><strong>bene</strong></span> 
     </span>
    </p>
   </div>
   <div class='ocr_carea' id='block_1_5' title="bbox 464 536 2037 616">
    <p class='ocr_par' dir='ltr' id='par_1_5' title="bbox 464 536 2037 616">
     <span class='ocr_line' id='line_1_5' title="bbox 464 536 2037 616; baseline -0.007 -16"><span class='ocrx_word' id='word_1_23' title='bbox 464 546 723 616; x_wconf 77' lang='lat' dir='ltr'><strong>Speritate</strong></span> <span class='ocrx_word' id='word_1_24' title='bbox 746 541 1127 610; x_wconf 75' lang='lat' dir='ltr'><strong>corrumpitur,</strong></span> <span class='ocrx_word' id='word_1_25' title='bbox 1158 538 1665 609; x_wconf 76' lang='lat' dir='ltr'><strong>supervenientibus</strong></span> <span class='ocrx_word' id='word_1_26' title='bbox 1695 536 2037 592; x_wconf 85' lang='lat' dir='ltr'><strong>adversitati-</strong></span> 
     </span>
    </p>
   </div>
   <div class='ocr_carea' id='block_1_6' title="bbox 468 629 2037 700">
    <p class='ocr_par' dir='ltr' id='par_1_6' title="bbox 468 629 2037 700">
     <span class='ocr_line' id='line_1_6' title="bbox 468 629 2037 700; baseline -0.004 -9"><span class='ocrx_word' id='word_1_27' title='bbox 468 639 570 691; x_wconf 88' lang='lat' dir='ltr'><strong>bus</strong></span> <span class='ocrx_word' id='word_1_28' title='bbox 592 634 886 698; x_wconf 83' lang='lat' dir='ltr'><strong>sauciatur,</strong></span> <span class='ocrx_word' id='word_1_29' title='bbox 919 639 1013 686; x_wconf 91' lang='lat' dir='ltr'><strong>aut</strong></span> <span class='ocrx_word' id='word_1_30' title='bbox 1042 629 1290 686; x_wconf 79' lang='lat' dir='ltr'><strong>fortassis</strong></span> <span class='ocrx_word' id='word_1_31' title='bbox 1310 630 1688 700; x_wconf 74' lang='lat' dir='ltr'><strong>exstinguitur.</strong></span> <span class='ocrx_word' id='word_1_32' title='bbox 1714 631 1742 670; x_wconf 72' lang='grc' dir='ltr'><strong>ι»</strong></span> <span class='ocrx_word' id='word_1_33' title='bbox 1768 629 1883 684; x_wconf 86' lang='grc' dir='ltr'><strong>Νοη</strong></span> <span class='ocrx_word' id='word_1_34' title='bbox 1907 643 2037 699; x_wconf 87' lang='lat' dir='ltr'><strong>ergo</strong></span> 
     </span>
    </p>
   </div>
   <div class='ocr_carea' id='block_1_7' title="bbox 470 719 2036 791">
    <p class='ocr_par' dir='ltr' id='par_1_7' title="bbox 470 719 2036 791">
     <span class='ocr_line' id='line_1_7' title="bbox 470 719 2036 791; baseline -0.003 -13"><span class='ocrx_word' id='word_1_35' title='bbox 470 738 592 778; x_wconf 88' lang='lat' dir='ltr'><strong>cum</strong></span> <span class='ocrx_word' id='word_1_36' title='bbox 631 720 863 777; x_wconf 74' lang='lat' dir='ltr'><strong>aediﬁcat</strong></span> <span class='ocrx_word' id='word_1_37' title='bbox 902 736 1066 791; x_wconf 85' lang='lat' dir='ltr'><strong>super</strong></span> <span class='ocrx_word' id='word_1_38' title='bbox 1095 728 1303 790; x_wconf 84' lang='lat' dir='ltr'><strong>petram</strong></span> <span class='ocrx_word' id='word_1_39' title='bbox 1324 760 1339 786; x_wconf 93' lang='lat'><strong>,</strong></span> <span class='ocrx_word' id='word_1_40' title='bbox 1376 720 1467 789; x_wconf 89' lang='lat' dir='ltr'><strong>qui</strong></span> <span class='ocrx_word' id='word_1_41' title='bbox 1499 719 1579 775; x_wconf 91' lang='lat' dir='ltr'><strong>sic</strong></span> <span class='ocrx_word' id='word_1_42' title='bbox 1604 720 1856 783; x_wconf 70' lang='lat' dir='ltr'><strong>aediﬁcat,</strong></span> <span class='ocrx_word' id='word_1_43' title='bbox 1887 731 1910 758; x_wconf 79' lang='grc' dir='ltr'><strong><em>ο</em></strong></span> <span class='ocrx_word' id='word_1_44' title='bbox 1942 721 2036 775; x_wconf 91' lang='lat' dir='ltr'><strong>sed</strong></span> 
     </span>
    </p>
   </div>
   <div class='ocr_carea' id='block_1_8' title="bbox 468 807 2035 883">
    <p class='ocr_par' dir='ltr' id='par_1_8' title="bbox 468 807 2035 883">
     <span class='ocr_line' id='line_1_8' title="bbox 468 807 2035 883; baseline -0.001 -16"><span class='ocrx_word' id='word_1_45' title='bbox 468 825 631 881; x_wconf 87' lang='lat' dir='ltr'><strong>super</strong></span> <span class='ocrx_word' id='word_1_46' title='bbox 651 825 868 865; x_wconf 89' lang='lat' dir='ltr'><strong>arenam</strong></span> <span class='ocrx_word' id='word_1_47' title='bbox 887 812 1059 880; x_wconf 89' lang='lat' dir='ltr'><strong>ponit.</strong></span> <span class='ocrx_word' id='word_1_48' title='bbox 1087 807 1248 865; x_wconf 83' lang='lat' dir='ltr'><strong>Petra</strong></span> <span class='ocrx_word' id='word_1_49' title='bbox 1290 822 1465 865; x_wconf 88' lang='lat' dir='ltr'><strong>autem</strong></span> <span class='ocrx_word' id='word_1_50' title='bbox 1509 822 1621 866; x_wconf 85' lang='lat' dir='ltr'><strong>erat</strong></span> <span class='ocrx_word' id='word_1_51' title='bbox 1668 808 1909 865; x_wconf 73' lang='lat' dir='ltr'><strong>Christus</strong></span> <span class='ocrx_word' id='word_1_52' title='bbox 1950 812 2035 883; x_wconf 89' lang='grc'><strong>(11</strong></span> 
     </span>
    </p>
   </div>
   <div class='ocr_carea' id='block_1_9' title="bbox 468 896 2040 971">
    <p class='ocr_par' dir='ltr' id='par_1_9' title="bbox 468 896 2040 971">
     <span class='ocr_line' id='line_1_9' title="bbox 468 896 2040 971; baseline 0.001 -17"><span class='ocrx_word' id='word_1_53' title='bbox 468 896 591 954; x_wconf 88' lang='lat' dir='ltr'><strong>Cor.</strong></span> <span class='ocrx_word' id='word_1_54' title='bbox 637 900 713 971; x_wconf 77' lang='grc' dir='ltr'><strong>ι).</strong></span> <span class='ocrx_word' id='word_1_55' title='bbox 757 896 960 954; x_wconf 86' lang='lat' dir='ltr'><strong>Christi</strong></span> <span class='ocrx_word' id='word_1_56' title='bbox 999 898 1281 970; x_wconf 80' lang='lat' dir='ltr'><strong>passiones</strong></span> <span class='ocrx_word' id='word_1_57' title='bbox 1306 896 1333 937; x_wconf 74' lang='grc' dir='ltr'><em>δ</em></span> <span class='ocrx_word' id='word_1_58' title='bbox 1365 898 1659 965; x_wconf 72' lang='lat' dir='ltr'><strong>imitandae,</strong></span> <span class='ocrx_word' id='word_1_59' title='bbox 1691 916 1797 955; x_wconf 91' lang='lat' dir='ltr'><strong>non</strong></span> <span class='ocrx_word' id='word_1_60' title='bbox 1827 916 1857 955; x_wconf 92' lang='lat' dir='ltr'><strong>a</strong></span> <span class='ocrx_word' id='word_1_61' title='bbox 1884 900 2040 956; x_wconf 87' lang='lat' dir='ltr'><strong>Chri-</strong></span> 
     </span>
    </p>
   </div>
   <div class='ocr_carea' id='block_1_10' title="bbox 468 987 2033 1058">
    <p class='ocr_par' dir='ltr' id='par_1_10' title="bbox 468 987 2033 1058">
     <span class='ocr_line' id='line_1_10' title="bbox 468 987 2033 1058; baseline 0.003 -15"><span class='ocrx_word' id='word_1_62' title='bbox 468 987 658 1043; x_wconf 88' lang='lat' dir='ltr'><strong>stianis</strong></span> <span class='ocrx_word' id='word_1_63' title='bbox 696 987 902 1043; x_wconf 84' lang='lat' dir='ltr'><strong>deliciae</strong></span> <span class='ocrx_word' id='word_1_64' title='bbox 934 987 1335 1058; x_wconf 69' lang='lat' dir='ltr'><strong>conquirendae.</strong></span> <span class='ocrx_word' id='word_1_65' title='bbox 1378 988 1726 1044; x_wconf 86' lang='lat' dir='ltr'><strong>Confortatur</strong></span> <span class='ocrx_word' id='word_1_66' title='bbox 1768 989 2033 1055; x_wconf 75' lang='lat' dir='ltr'><strong>infirmus,</strong></span> 
     </span>
    </p>
   </div>
   <div class='ocr_carea' id='block_1_11' title="bbox 467 1077 2040 1150">
    <p class='ocr_par' dir='ltr' id='par_1_11' title="bbox 467 1077 2040 1150">
     <span class='ocr_line' id='line_1_11' title="bbox 467 1077 2040 1150; baseline 0.003 -16"><span class='ocrx_word' id='word_1_67' title='bbox 467 1094 592 1134; x_wconf 89' lang='lat' dir='ltr'><strong>cum</strong></span> <span class='ocrx_word' id='word_1_68' title='bbox 618 1078 669 1134; x_wconf 90' lang='lat' dir='ltr'><strong>ei</strong></span> <span class='ocrx_word' id='word_1_69' title='bbox 685 1079 917 1134; x_wconf 86' lang='lat' dir='ltr'><strong>dicitur:</strong></span> <span class='ocrx_word' id='word_1_70' title='bbox 950 1077 1119 1147; x_wconf 88' lang='lat' dir='ltr'><strong>Spera</strong></span> <span class='ocrx_word' id='word_1_71' title='bbox 1146 1079 1364 1148; x_wconf 83' lang='lat' dir='ltr'><strong>quidem</strong></span> <span class='ocrx_word' id='word_1_72' title='bbox 1393 1079 1723 1136; x_wconf 88' lang='lat' dir='ltr'><strong>tentationes</strong></span> <span class='ocrx_word' id='word_1_73' title='bbox 1753 1080 1913 1150; x_wconf 87' lang='lat' dir='ltr'><strong>hujus</strong></span> <span class='ocrx_word' id='word_1_74' title='bbox 1944 1098 2040 1138; x_wconf 71' lang='lat' dir='ltr'><strong>sae-</strong></span> 
     </span>
    </p>
   </div>
   <div class='ocr_carea' id='block_1_12' title="bbox 467 1168 2038 1233">
    <p class='ocr_par' dir='ltr' id='par_1_12' title="bbox 467 1168 2038 1233">
     <span class='ocr_line' id='line_1_12' title="bbox 467 1168 2038 1233; baseline 0.004 -9"><span class='ocrx_word' id='word_1_75' title='bbox 467 1169 597 1233; x_wconf 92' lang='lat' dir='ltr'><strong>culi,</strong></span> <span class='ocrx_word' id='word_1_76' title='bbox 629 1168 724 1225; x_wconf 89' lang='lat' dir='ltr'><strong>sed</strong></span> <span class='ocrx_word' id='word_1_77' title='bbox 749 1170 819 1226; x_wconf 87' lang='lat' dir='ltr'><strong>ab</strong></span> <span class='ocrx_word' id='word_1_78' title='bbox 842 1170 1092 1225; x_wconf 88' lang='lat' dir='ltr'><strong>omnibus</strong></span> <span class='ocrx_word' id='word_1_79' title='bbox 1132 1176 1185 1226; x_wconf 88' lang='lat' dir='ltr'><strong>te</strong></span> <span class='ocrx_word' id='word_1_80' title='bbox 1226 1179 1381 1226; x_wconf 88' lang='lat' dir='ltr'><strong>eruet</strong></span> <span class='ocrx_word' id='word_1_81' title='bbox 1428 1172 1570 1228; x_wconf 88' lang='lat' dir='ltr'><strong>Deus</strong></span> <span class='ocrx_word' id='word_1_82' title='bbox 1599 1190 1613 1226; x_wconf 91' lang='lat'>:</span> <span class='ocrx_word' id='word_1_83' title='bbox 1639 1174 1684 1229; x_wconf 92' lang='lat' dir='ltr'><strong>si</strong></span> <span class='ocrx_word' id='word_1_84' title='bbox 1714 1175 1783 1230; x_wconf 92' lang='lat' dir='ltr'><strong>ab</strong></span> <span class='ocrx_word' id='word_1_85' title='bbox 1812 1174 1902 1230; x_wconf 92' lang='lat' dir='ltr'><strong>illo</strong></span> <span class='ocrx_word' id='word_1_86' title='bbox 1929 1190 2038 1231; x_wconf 90' lang='lat' dir='ltr'><strong>non</strong></span> 
     </span>
    </p>
   </div>
   <div class='ocr_carea' id='block_1_13' title="bbox 468 1261 2040 1324">
    <p class='ocr_par' dir='ltr' id='par_1_13' title="bbox 468 1261 2040 1324">
     <span class='ocr_line' id='line_1_13' title="bbox 468 1261 2040 1324; baseline 0.005 -8"><span class='ocrx_word' id='word_1_87' title='bbox 468 1262 754 1317; x_wconf 80' lang='lat' dir='ltr'><strong>recesserit</strong></span> <span class='ocrx_word' id='word_1_88' title='bbox 804 1277 899 1317; x_wconf 88' lang='lat' dir='ltr'><strong>cor</strong></span> <span class='ocrx_word' id='word_1_89' title='bbox 947 1269 1119 1317; x_wconf 88' lang='lat' dir='ltr'><strong>tuum.</strong></span> <span class='ocrx_word' id='word_1_90' title='bbox 1171 1261 1307 1318; x_wconf 91' lang='lat' dir='ltr'><strong>Nam</strong></span> <span class='ocrx_word' id='word_1_91' title='bbox 1359 1264 1426 1320; x_wconf 93' lang='lat' dir='ltr'><strong>ad</strong></span> <span class='ocrx_word' id='word_1_92' title='bbox 1479 1264 1894 1322; x_wconf 90' lang='lat' dir='ltr'><strong>confortandum</strong></span> <span class='ocrx_word' id='word_1_93' title='bbox 1942 1283 2040 1324; x_wconf 89' lang='lat' dir='ltr'><strong>cor</strong></span> 
     </span>
    </p>
   </div>
   <div class='ocr_carea' id='block_1_14' title="bbox 404 1352 2039 1429">
    <p class='ocr_par' dir='ltr' id='par_1_14' title="bbox 404 1352 2039 1429">
     <span class='ocr_line' id='line_1_14' title="bbox 404 1352 2039 1429; baseline 0.005 -21"><span class='ocrx_word' id='word_1_94' title='bbox 404 1424 409 1427; x_wconf 89' lang='lat'>_</span> <span class='ocrx_word' id='word_1_95' title='bbox 469 1365 621 1408; x_wconf 90' lang='lat' dir='ltr'><strong>tuum</strong></span> <span class='ocrx_word' id='word_1_96' title='bbox 664 1353 810 1408; x_wconf 85' lang='lat' dir='ltr'><strong>venit</strong></span> <span class='ocrx_word' id='word_1_97' title='bbox 848 1352 937 1407; x_wconf 91' lang='lat' dir='ltr'><strong>ille</strong></span> <span class='ocrx_word' id='word_1_98' title='bbox 969 1356 1102 1423; x_wconf 88' lang='lat' dir='ltr'><strong>pati,</strong></span> <span class='ocrx_word' id='word_1_99' title='bbox 1149 1355 1300 1410; x_wconf 86' lang='lat' dir='ltr'><strong>venit</strong></span> <span class='ocrx_word' id='word_1_100' title='bbox 1342 1356 1431 1410; x_wconf 91' lang='lat' dir='ltr'><strong>ille</strong></span> <span class='ocrx_word' id='word_1_101' title='bbox 1461 1357 1619 1423; x_wconf 82' lang='lat' dir='ltr'><strong>mori,</strong></span> <span class='ocrx_word' id='word_1_102' title='bbox 1666 1358 1816 1414; x_wconf 83' lang='lat' dir='ltr'><strong>venit</strong></span> <span class='ocrx_word' id='word_1_103' title='bbox 1866 1361 2039 1429; x_wconf 85' lang='lat' dir='ltr'><strong>sputis</strong></span> 
     </span>
    </p>
   </div>
   <div class='ocr_carea' id='block_1_15' title="bbox 468 1443 2040 1520">
    <p class='ocr_par' dir='ltr' id='par_1_15' title="bbox 468 1443 2040 1520">
     <span class='ocr_line' id='line_1_15' title="bbox 468 1443 2040 1520; baseline 0.004 -22"><span class='ocrx_word' id='word_1_104' title='bbox 468 1443 673 1510; x_wconf 89' lang='lat' dir='ltr'><strong>illiniri,</strong></span> <span class='ocrx_word' id='word_1_105' title='bbox 702 1443 852 1498; x_wconf 80' lang='lat' dir='ltr'><strong>venit</strong></span> <span class='ocrx_word' id='word_1_106' title='bbox 886 1444 1055 1512; x_wconf 87' lang='lat' dir='ltr'><strong>spinis</strong></span> <span class='ocrx_word' id='word_1_107' title='bbox 1095 1447 1367 1511; x_wconf 89' lang='lat' dir='ltr'><strong>coronari,</strong></span> <span class='ocrx_word' id='word_1_108' title='bbox 1405 1447 1555 1503; x_wconf 82' lang='lat' dir='ltr'><strong>venit</strong></span> <span class='ocrx_word' id='word_1_109' title='bbox 1587 1459 1611 1487; x_wconf 75' lang='grc' dir='ltr'>θ</span> <span class='ocrx_word' id='word_1_110' title='bbox 1639 1449 1929 1520; x_wconf 89' lang='lat' dir='ltr'><strong>opprobria</strong></span> <span class='ocrx_word' id='word_1_111' title='bbox 1953 1451 2040 1505; x_wconf 77' lang='lat' dir='ltr'><strong>ri-</strong></span> 
     </span>
    </p>
   </div>
   <div class='ocr_carea' id='block_1_16' title="bbox 467 1534 2041 1608">
    <p class='ocr_par' dir='ltr' id='par_1_16' title="bbox 467 1534 2041 1608">
     <span class='ocr_line' id='line_1_16' title="bbox 467 1534 2041 1608; baseline 0.006 -23"><span class='ocrx_word' id='word_1_112' title='bbox 467 1549 615 1599; x_wconf 85' lang='lat' dir='ltr'><strong>vere,</strong></span> <span class='ocrx_word' id='word_1_113' title='bbox 644 1534 791 1587; x_wconf 84' lang='lat' dir='ltr'><strong>venit</strong></span> <span class='ocrx_word' id='word_1_114' title='bbox 826 1544 1100 1602; x_wconf 88' lang='lat' dir='ltr'><strong>postremo</strong></span> <span class='ocrx_word' id='word_1_115' title='bbox 1143 1535 1288 1607; x_wconf 91' lang='lat' dir='ltr'><strong>ligno</strong></span> <span class='ocrx_word' id='word_1_116' title='bbox 1328 1537 1544 1608; x_wconf 87' lang='lat' dir='ltr'><strong>conligi.</strong></span> <span class='ocrx_word' id='word_1_117' title='bbox 1594 1538 1785 1594; x_wconf 86' lang='lat' dir='ltr'><strong>Omnia</strong></span> <span class='ocrx_word' id='word_1_118' title='bbox 1813 1539 1927 1594; x_wconf 62' lang='lat' dir='ltr'><strong>haec</strong></span> <span class='ocrx_word' id='word_1_119' title='bbox 1952 1539 2041 1596; x_wconf 90' lang='lat' dir='ltr'><strong>ille</strong></span> 
     </span>
    </p>
   </div>
   <div class='ocr_carea' id='block_1_17' title="bbox 467 1624 1547 1697">
    <p class='ocr_par' dir='ltr' id='par_1_17' title="bbox 467 1624 1547 1697">
     <span class='ocr_line' id='line_1_17' title="bbox 467 1624 1547 1697; baseline 0.004 -19"><span class='ocrx_word' id='word_1_120' title='bbox 467 1639 565 1695; x_wconf 90' lang='lat' dir='ltr'><strong>pro</strong></span> <span class='ocrx_word' id='word_1_121' title='bbox 596 1631 679 1690; x_wconf 90' lang='lat' dir='ltr'><strong>te;</strong></span> <span class='ocrx_word' id='word_1_122' title='bbox 718 1630 775 1678; x_wconf 92' lang='lat' dir='ltr'><strong>tu</strong></span> <span class='ocrx_word' id='word_1_123' title='bbox 808 1624 943 1678; x_wconf 87' lang='lat' dir='ltr'><strong>nihil</strong></span> <span class='ocrx_word' id='word_1_124' title='bbox 965 1640 1063 1693; x_wconf 91' lang='lat' dir='ltr'><strong>pro</strong></span> <span class='ocrx_word' id='word_1_125' title='bbox 1093 1624 1203 1691; x_wconf 92' lang='lat' dir='ltr'><strong>illo,</strong></span> <span class='ocrx_word' id='word_1_126' title='bbox 1235 1628 1328 1683; x_wconf 90' lang='lat' dir='ltr'><strong>sed</strong></span> <span class='ocrx_word' id='word_1_127' title='bbox 1351 1643 1448 1697; x_wconf 93' lang='lat' dir='ltr'><strong>pro</strong></span> <span class='ocrx_word' id='word_1_128' title='bbox 1477 1638 1547 1684; x_wconf 91' lang='lat' dir='ltr'><strong>te.</strong></span> 
     </span>
    </p>
   </div>
   <div class='ocr_carea' id='block_1_18' title="bbox 911 1713 1591 1787">
    <p class='ocr_par' dir='ltr' id='par_1_18' title="bbox 911 1713 1591 1787">
     <span class='ocr_line' id='line_1_18' title="bbox 911 1713 1591 1787; baseline 0.006 -18"><span class='ocrx_word' id='word_1_129' title='bbox 911 1713 938 1786; x_wconf 83' lang='lat'>§</span> <span class='ocrx_word' id='word_1_130' title='bbox 970 1714 1055 1769; x_wconf 84' lang='lat' dir='ltr'><strong>Vl.</strong></span> <span class='ocrx_word' id='word_1_131' title='bbox 1082 1745 1155 1755; x_wconf 87' lang='lat'><strong>—-</strong></span> <span class='ocrx_word' id='word_1_132' title='bbox 1177 1714 1311 1769; x_wconf 91' lang='lat' dir='ltr'><strong>Item</strong></span> <span class='ocrx_word' id='word_1_133' title='bbox 1342 1717 1591 1787; x_wconf 83' lang='lat' dir='ltr'><strong>ejusdem.</strong></span> 
     </span>
    </p>
   </div>
   <div class='ocr_carea' id='block_1_19' title="bbox 553 1807 2034 1879">
    <p class='ocr_par' dir='ltr' id='par_1_19' title="bbox 553 1807 2034 1879">
     <span class='ocr_line' id='line_1_19' title="bbox 553 1807 2034 1879; baseline 0.002 -15"><span class='ocrx_word' id='word_1_134' title='bbox 553 1809 575 1850; x_wconf 71' lang='grc' dir='ltr'>ί</span> <span class='ocrx_word' id='word_1_135' title='bbox 603 1808 757 1876; x_wconf 85' lang='lat' dir='ltr'><strong>Quod</strong></span> <span class='ocrx_word' id='word_1_136' title='bbox 804 1807 1126 1877; x_wconf 77' lang='lat' dir='ltr'><strong>inﬁrmatam</strong></span> <span class='ocrx_word' id='word_1_137' title='bbox 1156 1818 1255 1874; x_wconf 84' lang='lat' dir='ltr'><strong>est,</strong></span> <span class='ocrx_word' id='word_1_138' title='bbox 1285 1810 1481 1878; x_wconf 85' lang='lat' dir='ltr'><strong>inquit,</strong></span> <span class='ocrx_word' id='word_1_139' title='bbox 1523 1828 1627 1865; x_wconf 80' lang='lat' dir='ltr'><strong>non</strong></span> <span class='ocrx_word' id='word_1_140' title='bbox 1676 1812 2034 1879; x_wconf 75' lang='lat' dir='ltr'><strong>confortastis.</strong></span> 
     </span>
    </p>
   </div>
   <div class='ocr_carea' id='block_1_20' title="bbox 468 1899 2039 1974">
    <p class='ocr_par' dir='ltr' id='par_1_20' title="bbox 468 1899 2039 1974">
     <span class='ocr_line' id='line_1_20' title="bbox 468 1899 2039 1974; baseline 0.003 -21"><span class='ocrx_word' id='word_1_141' title='bbox 468 1899 784 1956; x_wconf 80' lang='lat' dir='ltr'><strong>Pastoribus</strong></span> <span class='ocrx_word' id='word_1_142' title='bbox 819 1899 976 1954; x_wconf 90' lang='lat' dir='ltr'><strong>malis</strong></span> <span class='ocrx_word' id='word_1_143' title='bbox 1003 1900 1149 1965; x_wconf 89' lang='lat' dir='ltr'><strong>dicit,</strong></span> <span class='ocrx_word' id='word_1_144' title='bbox 1186 1901 1493 1969; x_wconf 84' lang='lat' dir='ltr'><strong>pastoribus</strong></span> <span class='ocrx_word' id='word_1_145' title='bbox 1529 1901 1699 1967; x_wconf 76' lang='lat' dir='ltr'><strong>falsis,</strong></span> <span class='ocrx_word' id='word_1_146' title='bbox 1729 1903 2039 1974; x_wconf 84' lang='lat' dir='ltr'><strong>pastoribus</strong></span> 
     </span>
    </p>
   </div>
   <div class='ocr_carea' id='block_1_21' title="bbox 471 1988 2041 2060">
    <p class='ocr_par' dir='ltr' id='par_1_21' title="bbox 471 1988 2041 2060">
     <span class='ocr_line' id='line_1_21' title="bbox 471 1988 2041 2060; baseline 0.001 -16"><span class='ocrx_word' id='word_1_147' title='bbox 471 2005 568 2044; x_wconf 89' lang='lat' dir='ltr'><strong>sua</strong></span> <span class='ocrx_word' id='word_1_148' title='bbox 608 1990 1005 2060; x_wconf 67' lang='lat' dir='ltr'><strong>quaerentibus,</strong></span> <span class='ocrx_word' id='word_1_149' title='bbox 1044 2005 1153 2045; x_wconf 87' lang='lat' dir='ltr'><strong>non</strong></span> <span class='ocrx_word' id='word_1_150' title='bbox 1192 2004 1311 2060; x_wconf 63' lang='lat' dir='ltr'><strong>quae</strong></span> <span class='ocrx_word' id='word_1_151' title='bbox 1337 1988 1465 2045; x_wconf 83' lang='lat' dir='ltr'><strong>Jesu</strong></span> <span class='ocrx_word' id='word_1_152' title='bbox 1494 1990 1695 2047; x_wconf 89' lang='lat' dir='ltr'><strong>Christi</strong></span> <span class='ocrx_word' id='word_1_153' title='bbox 1720 2011 1731 2045; x_wconf 92' lang='lat'>:</span> <span class='ocrx_word' id='word_1_154' title='bbox 1762 1994 1788 2032; x_wconf 75' lang='grc'><strong><em>⁸</em></strong></span> <span class='ocrx_word' id='word_1_155' title='bbox 1814 2001 1869 2047; x_wconf 90' lang='lat' dir='ltr'><strong>et</strong></span> <span class='ocrx_word' id='word_1_156' title='bbox 1891 2008 2041 2049; x_wconf 90' lang='lat' dir='ltr'><strong>com-</strong></span> 
     </span>
    </p>
   </div>
   <div class='ocr_carea' id='block_1_22' title="bbox 440 2079 2038 2155">
    <p class='ocr_par' dir='ltr' id='par_1_22' title="bbox 440 2079 2038 2155">
     <span class='ocr_line' id='line_1_22' title="bbox 440 2079 2038 2155; baseline 0.004 -22"><span class='ocrx_word' id='word_1_157' title='bbox 440 2150 443 2155; x_wconf 16' lang='grc' dir='ltr'>ί</span> <span class='ocrx_word' id='word_1_158' title='bbox 471 2080 632 2135; x_wconf 90' lang='lat' dir='ltr'><strong>modo</strong></span> <span class='ocrx_word' id='word_1_159' title='bbox 660 2079 796 2134; x_wconf 69' lang='lat' dir='ltr'><strong>lanae</strong></span> <span class='ocrx_word' id='word_1_160' title='bbox 834 2087 888 2135; x_wconf 90' lang='lat' dir='ltr'><strong>et</strong></span> <span class='ocrx_word' id='word_1_161' title='bbox 924 2079 1079 2134; x_wconf 91' lang='lat' dir='ltr'><strong>lactis</strong></span> <span class='ocrx_word' id='word_1_162' title='bbox 1120 2079 1498 2151; x_wconf 76' lang='lat' dir='ltr'><strong>gaudentibus,</strong></span> <span class='ocrx_word' id='word_1_163' title='bbox 1528 2098 1658 2139; x_wconf 84' lang='lat' dir='ltr'><strong>oves</strong></span> <span class='ocrx_word' id='word_1_164' title='bbox 1683 2083 1904 2138; x_wconf 89' lang='lat' dir='ltr'><strong>omnino</strong></span> <span class='ocrx_word' id='word_1_165' title='bbox 1932 2100 2038 2140; x_wconf 92' lang='lat' dir='ltr'><strong>non</strong></span> 
     </span>
    </p>
   </div>
   <div class='ocr_carea' id='block_1_23' title="bbox 474 2171 2041 2240">
    <p class='ocr_par' dir='ltr' id='par_1_23' title="bbox 474 2171 2041 2240">
     <span class='ocr_line' id='line_1_23' title="bbox 474 2171 2041 2240; baseline 0.003 -14"><span class='ocrx_word' id='word_1_166' title='bbox 474 2171 810 2236; x_wconf 84' lang='lat' dir='ltr'><strong>curantibus,</strong></span> <span class='ocrx_word' id='word_1_167' title='bbox 838 2180 893 2225; x_wconf 90' lang='lat' dir='ltr'><strong>et</strong></span> <span class='ocrx_word' id='word_1_168' title='bbox 917 2171 1060 2240; x_wconf 91' lang='lat' dir='ltr'><strong>quod</strong></span> <span class='ocrx_word' id='word_1_169' title='bbox 1095 2171 1232 2225; x_wconf 83' lang='lat' dir='ltr'><strong>male</strong></span> <span class='ocrx_word' id='word_1_170' title='bbox 1263 2172 1449 2226; x_wconf 85' lang='lat' dir='ltr'><strong>habuit</strong></span> <span class='ocrx_word' id='word_1_171' title='bbox 1490 2188 1599 2227; x_wconf 92' lang='lat' dir='ltr'><strong>non</strong></span> <span class='ocrx_word' id='word_1_172' title='bbox 1641 2175 2041 2230; x_wconf 86' lang='lat' dir='ltr'><strong>corroboranti-</strong></span> 
     </span>
    </p>
   </div>
   <div class='ocr_carea' id='block_1_24' title="bbox 471 2262 2038 2329">
    <p class='ocr_par' dir='ltr' id='par_1_24' title="bbox 471 2262 2038 2329">
     <span class='ocr_line' id='line_1_24' title="bbox 471 2262 2038 2329; baseline 0.001 -11"><span class='ocrx_word' id='word_1_173' title='bbox 471 2264 593 2329; x_wconf 87' lang='lat' dir='ltr'><strong>bus,</strong></span> <span class='ocrx_word' id='word_1_174' title='bbox 624 2263 654 2302; x_wconf 73' lang='grc' dir='ltr'>ιι</span> <span class='ocrx_word' id='word_1_175' title='bbox 695 2262 751 2317; x_wconf 89' lang='lat' dir='ltr'><strong>id</strong></span> <span class='ocrx_word' id='word_1_176' title='bbox 768 2269 874 2328; x_wconf 91' lang='lat' dir='ltr'><strong>est,</strong></span> <span class='ocrx_word' id='word_1_177' title='bbox 901 2262 1195 2329; x_wconf 87' lang='lat' dir='ltr'><strong>infirmum,</strong></span> <span class='ocrx_word' id='word_1_178' title='bbox 1237 2263 1289 2318; x_wconf 91' lang='lat' dir='ltr'><strong>id</strong></span> <span class='ocrx_word' id='word_1_179' title='bbox 1314 2271 1419 2328; x_wconf 90' lang='lat' dir='ltr'><strong>est,</strong></span> <span class='ocrx_word' id='word_1_180' title='bbox 1449 2279 1555 2319; x_wconf 91' lang='lat' dir='ltr'><strong>non</strong></span> <span class='ocrx_word' id='word_1_181' title='bbox 1582 2264 1814 2319; x_wconf 82' lang='lat' dir='ltr'><strong>ﬁrmum.</strong></span> <span class='ocrx_word' id='word_1_182' title='bbox 1854 2266 1869 2305; x_wconf 81' lang='grc' dir='ltr'>ί</span> <span class='ocrx_word' id='word_1_183' title='bbox 1904 2262 2038 2319; x_wconf 80' lang='lat' dir='ltr'><strong>Nam</strong></span> 
     </span>
    </p>
   </div>
   <div class='ocr_carea' id='block_1_25' title="bbox 476 2353 2043 2427">
    <p class='ocr_par' dir='ltr' id='par_1_25' title="bbox 476 2353 2043 2427">
     <span class='ocr_line' id='line_1_25' title="bbox 476 2353 2043 2427; baseline 0.001 -17"><span class='ocrx_word' id='word_1_184' title='bbox 476 2353 646 2427; x_wconf 89' lang='lat' dir='ltr'><strong>[cum]</strong></span> <span class='ocrx_word' id='word_1_185' title='bbox 678 2354 928 2410; x_wconf 88' lang='lat' dir='ltr'><strong>dicuntur</strong></span> <span class='ocrx_word' id='word_1_186' title='bbox 961 2353 1158 2409; x_wconf 84' lang='lat' dir='ltr'><strong>inﬁrmi</strong></span> <span class='ocrx_word' id='word_1_187' title='bbox 1189 2355 1352 2410; x_wconf 91' lang='lat' dir='ltr'><strong>etiam</strong></span> <span class='ocrx_word' id='word_1_188' title='bbox 1383 2364 1724 2426; x_wconf 64' lang='lat' dir='ltr'><strong>aegrotantes.</strong></span> <span class='ocrx_word' id='word_1_189' title='bbox 1766 2356 1870 2413; x_wconf 88' lang='lat' dir='ltr'><strong>Sed</strong></span> <span class='ocrx_word' id='word_1_190' title='bbox 1899 2358 2043 2413; x_wconf 90' lang='lat' dir='ltr'><strong>inter</strong></span> 
     </span>
    </p>
   </div>
   <div class='ocr_carea' id='block_1_26' title="bbox 471 2442 2040 2515">
    <p class='ocr_par' dir='ltr' id='par_1_26' title="bbox 471 2442 2040 2515">
     <span class='ocr_line' id='line_1_26' title="bbox 471 2442 2040 2515; baseline 0.004 -18"><span class='ocrx_word' id='word_1_191' title='bbox 471 2442 743 2497; x_wconf 81' lang='lat' dir='ltr'><strong>inﬁmum</strong></span> <span class='ocrx_word' id='word_1_192' title='bbox 782 2451 837 2498; x_wconf 90' lang='lat' dir='ltr'><strong>et</strong></span> <span class='ocrx_word' id='word_1_193' title='bbox 874 2452 1153 2515; x_wconf 73' lang='lat' dir='ltr'><strong>aegrotum,</strong></span> <span class='ocrx_word' id='word_1_194' title='bbox 1202 2443 1257 2498; x_wconf 93' lang='lat' dir='ltr'><strong>id</strong></span> <span class='ocrx_word' id='word_1_195' title='bbox 1284 2452 1387 2509; x_wconf 91' lang='lat' dir='ltr'><strong>est,</strong></span> <span class='ocrx_word' id='word_1_196' title='bbox 1427 2445 1569 2501; x_wconf 93' lang='lat' dir='ltr'><strong>male</strong></span> <span class='ocrx_word' id='word_1_197' title='bbox 1610 2447 1897 2502; x_wconf 86' lang='lat' dir='ltr'><strong>habentem</strong></span> <span class='ocrx_word' id='word_1_198' title='bbox 1938 2448 2040 2503; x_wconf 91' lang='lat' dir='ltr'><strong>hoc</strong></span> 
     </span>
    </p>
   </div>
   <div class='ocr_carea' id='block_1_27' title="bbox 472 2536 2042 2609">
    <p class='ocr_par' dir='ltr' id='par_1_27' title="bbox 472 2536 2042 2609">
     <span class='ocr_line' id='line_1_27' title="bbox 472 2536 2042 2609; baseline 0.003 -19"><span class='ocrx_word' id='word_1_199' title='bbox 472 2536 603 2592; x_wconf 88' lang='lat' dir='ltr'><strong>mihi</strong></span> <span class='ocrx_word' id='word_1_200' title='bbox 646 2536 856 2592; x_wconf 91' lang='lat' dir='ltr'><strong>videtur</strong></span> <span class='ocrx_word' id='word_1_201' title='bbox 896 2538 1179 2592; x_wconf 86' lang='lat' dir='ltr'><strong>interesse.</strong></span> <span class='ocrx_word' id='word_1_202' title='bbox 1224 2537 1438 2592; x_wconf 87' lang='lat' dir='ltr'><strong>Etenim</strong></span> <span class='ocrx_word' id='word_1_203' title='bbox 1492 2539 1615 2604; x_wconf 85' lang='lat' dir='ltr'><strong>ista,</strong></span> <span class='ocrx_word' id='word_1_204' title='bbox 1665 2538 1884 2606; x_wconf 80' lang='lat' dir='ltr'><strong>fratres,</strong></span> <span class='ocrx_word' id='word_1_205' title='bbox 1923 2554 2042 2609; x_wconf 84' lang='lat' dir='ltr'><strong>quae</strong></span> 
     </span>
    </p>
   </div>
   <div class='ocr_carea' id='block_1_28' title="bbox 470 2625 2043 2699">
    <p class='ocr_par' dir='ltr' id='par_1_28' title="bbox 470 2625 2043 2699">
     <span class='ocr_line' id='line_1_28' title="bbox 470 2625 2043 2699; baseline 0.003 -19"><span class='ocrx_word' id='word_1_206' title='bbox 470 2625 800 2696; x_wconf 89' lang='lat' dir='ltr'><strong>distinguere</strong></span> <span class='ocrx_word' id='word_1_207' title='bbox 852 2634 1122 2696; x_wconf 89' lang='lat' dir='ltr'><strong>utcunque</strong></span> <span class='ocrx_word' id='word_1_208' title='bbox 1160 2641 1440 2693; x_wconf 90' lang='lat' dir='ltr'><strong>conamur,</strong></span> <span class='ocrx_word' id='word_1_209' title='bbox 1478 2626 1619 2683; x_wconf 90' lang='lat' dir='ltr'><strong>forte</strong></span> <span class='ocrx_word' id='word_1_210' title='bbox 1651 2636 1705 2685; x_wconf 91' lang='lat' dir='ltr'><strong>et</strong></span> <span class='ocrx_word' id='word_1_211' title='bbox 1729 2644 1828 2684; x_wconf 90' lang='lat' dir='ltr'><strong>nos</strong></span> <span class='ocrx_word' id='word_1_212' title='bbox 1854 2644 2043 2699; x_wconf 91' lang='lat' dir='ltr'><strong>possu-</strong></span> 
     </span>
    </p>
   </div>
   <div class='ocr_carea' id='block_1_29' title="bbox 473 2717 2041 2791">
    <p class='ocr_par' dir='ltr' id='par_1_29' title="bbox 473 2717 2041 2791">
     <span class='ocr_line' id='line_1_29' title="bbox 473 2717 2041 2791; baseline 0.001 -18"><span class='ocrx_word' id='word_1_213' title='bbox 473 2731 595 2773; x_wconf 87' lang='lat' dir='ltr'><strong>mus</strong></span> <span class='ocrx_word' id='word_1_214' title='bbox 630 2717 833 2789; x_wconf 82' lang='lat' dir='ltr'><strong>majore</strong></span> <span class='ocrx_word' id='word_1_215' title='bbox 878 2717 1154 2788; x_wconf 84' lang='lat' dir='ltr'><strong>diligentia</strong></span> <span class='ocrx_word' id='word_1_216' title='bbox 1192 2718 1386 2774; x_wconf 90' lang='lat' dir='ltr'><strong>melius</strong></span> <span class='ocrx_word' id='word_1_217' title='bbox 1423 2719 1780 2791; x_wconf 86' lang='lat' dir='ltr'><strong>distinguere,</strong></span> <span class='ocrx_word' id='word_1_218' title='bbox 1817 2728 1872 2775; x_wconf 92' lang='lat' dir='ltr'><strong>et</strong></span> <span class='ocrx_word' id='word_1_219' title='bbox 1903 2718 2041 2774; x_wconf 88' lang='lat' dir='ltr'><strong>alius</strong></span> 
     </span>
    </p>
   </div>
   <div class='ocr_carea' id='block_1_30' title="bbox 468 2805 2090 2878">
    <p class='ocr_par' dir='ltr' id='par_1_30' title="bbox 468 2805 2090 2878">
     <span class='ocr_line' id='line_1_30' title="bbox 468 2805 2090 2878; baseline 0.001 -15"><span class='ocrx_word' id='word_1_220' title='bbox 468 2808 720 2878; x_wconf 88' lang='lat' dir='ltr'><strong>peritior,</strong></span> <span class='ocrx_word' id='word_1_221' title='bbox 743 2807 830 2863; x_wconf 82' lang='lat' dir='ltr'><strong>vel</strong></span> <span class='ocrx_word' id='word_1_222' title='bbox 854 2805 1056 2863; x_wconf 89' lang='lat' dir='ltr'><strong>lumine</strong></span> <span class='ocrx_word' id='word_1_223' title='bbox 1084 2808 1264 2864; x_wconf 88' lang='lat' dir='ltr'><strong>cordis</strong></span> <span class='ocrx_word' id='word_1_224' title='bbox 1288 2808 1515 2878; x_wconf 87' lang='lat' dir='ltr'><strong>plenior.</strong></span> <span class='ocrx_word' id='word_1_225' title='bbox 1548 2808 1767 2864; x_wconf 90' lang='lat' dir='ltr'><strong>Interim</strong></span> <span class='ocrx_word' id='word_1_226' title='bbox 1792 2823 1860 2864; x_wconf 91' lang='lat' dir='ltr'><strong>ne</strong></span> <span class='ocrx_word' id='word_1_227' title='bbox 1889 2807 2039 2864; x_wconf 89' lang='lat' dir='ltr'><strong>frau-</strong></span> <span class='ocrx_word' id='word_1_228' title='bbox 2082 2863 2090 2871; x_wconf 81' lang='grc'><strong><em>,</em></strong></span> 
     </span>
    </p>
   </div>
   <div class='ocr_carea' id='block_1_31' title="bbox 471 2899 2043 2971">
    <p class='ocr_par' dir='ltr' id='par_1_31' title="bbox 471 2899 2043 2971">
     <span class='ocr_line' id='line_1_31' title="bbox 471 2899 2043 2971; baseline -0.001 -15"><span class='ocrx_word' id='word_1_229' title='bbox 471 2901 694 2968; x_wconf 89' lang='lat' dir='ltr'><strong>demini,</strong></span> <span class='ocrx_word' id='word_1_230' title='bbox 727 2900 869 2971; x_wconf 89' lang='lat' dir='ltr'><strong>quod</strong></span> <span class='ocrx_word' id='word_1_231' title='bbox 898 2902 1092 2965; x_wconf 88' lang='lat' dir='ltr'><strong>sentio,</strong></span> <span class='ocrx_word' id='word_1_232' title='bbox 1118 2901 1328 2971; x_wconf 90' lang='lat' dir='ltr'><strong>loquor.</strong></span> <span class='ocrx_word' id='word_1_233' title='bbox 1353 2899 1572 2956; x_wconf 86' lang='lat' dir='ltr'><strong>lnfirmo</strong></span> <span class='ocrx_word' id='word_1_234' title='bbox 1600 2917 1669 2956; x_wconf 93' lang='lat' dir='ltr'><strong>ne</strong></span> <span class='ocrx_word' id='word_1_235' title='bbox 1692 2901 1900 2957; x_wconf 86' lang='lat' dir='ltr'><strong>accidat</strong></span> <span class='ocrx_word' id='word_1_236' title='bbox 1925 2909 2043 2957; x_wconf 90' lang='lat' dir='ltr'><strong>ten-</strong></span> 
     </span>
    </p>
   </div>
   <div class='ocr_carea' id='block_1_32' title="bbox 474 2988 2038 3061">
    <p class='ocr_par' dir='ltr' id='par_1_32' title="bbox 474 2988 2038 3061">
     <span class='ocr_line' id='line_1_32' title="bbox 474 2988 2038 3061; baseline 0.001 -18"><span class='ocrx_word' id='word_1_237' title='bbox 474 2990 627 3055; x_wconf 89' lang='lat' dir='ltr'><strong>tatio,</strong></span> <span class='ocrx_word' id='word_1_238' title='bbox 664 2998 719 3045; x_wconf 92' lang='lat' dir='ltr'><strong>et</strong></span> <span class='ocrx_word' id='word_1_239' title='bbox 745 3005 867 3044; x_wconf 90' lang='lat' dir='ltr'><strong>eum</strong></span> <span class='ocrx_word' id='word_1_240' title='bbox 902 2989 1130 3060; x_wconf 82' lang='lat' dir='ltr'><strong>frangat,</strong></span> <span class='ocrx_word' id='word_1_241' title='bbox 1166 2989 1463 3045; x_wconf 90' lang='lat' dir='ltr'><strong>timendum</strong></span> <span class='ocrx_word' id='word_1_242' title='bbox 1489 2997 1592 3044; x_wconf 90' lang='lat' dir='ltr'><strong>est.</strong></span> <span class='ocrx_word' id='word_1_243' title='bbox 1624 2988 1910 3061; x_wconf 88' lang='lat' dir='ltr'><strong>Languens</strong></span> <span class='ocrx_word' id='word_1_244' title='bbox 1938 3006 2038 3045; x_wconf 86' lang='lat' dir='ltr'><strong>au-</strong></span> 
     </span>
    </p>
   </div>
   <div class='ocr_carea' id='block_1_33' title="bbox 473 3080 2037 3152">
    <p class='ocr_par' dir='ltr' id='par_1_33' title="bbox 473 3080 2037 3152">
     <span class='ocr_line' id='line_1_33' title="bbox 473 3080 2037 3152; baseline 0.002 -17"><span class='ocrx_word' id='word_1_245' title='bbox 473 3089 584 3136; x_wconf 88' lang='lat' dir='ltr'><strong>tem</strong></span> <span class='ocrx_word' id='word_1_246' title='bbox 629 3080 742 3150; x_wconf 90' lang='lat' dir='ltr'><strong>jam</strong></span> <span class='ocrx_word' id='word_1_247' title='bbox 784 3080 1080 3150; x_wconf 89' lang='lat' dir='ltr'><strong>cupiditate</strong></span> <span class='ocrx_word' id='word_1_248' title='bbox 1122 3080 1300 3151; x_wconf 90' lang='lat' dir='ltr'><strong>aliqua</strong></span> <span class='ocrx_word' id='word_1_249' title='bbox 1347 3088 1593 3152; x_wconf 84' lang='lat' dir='ltr'><strong>aegrotat,</strong></span> <span class='ocrx_word' id='word_1_250' title='bbox 1643 3088 1697 3135; x_wconf 91' lang='lat' dir='ltr'><strong>et</strong></span> <span class='ocrx_word' id='word_1_251' title='bbox 1740 3080 2037 3152; x_wconf 89' lang='lat' dir='ltr'><strong>cupiditate</strong></span> 
     </span>
    </p>
   </div>
   <div class='ocr_carea' id='block_1_34' title="bbox 475 3158 2113 3243">
    <p class='ocr_par' dir='ltr' id='par_1_34' title="bbox 475 3158 2113 3243">
     <span class='ocr_line' id='line_1_34' title="bbox 475 3158 2113 3243; baseline 0.001 -16"><span class='ocrx_word' id='word_1_252' title='bbox 475 3173 655 3243; x_wconf 88' lang='lat' dir='ltr'><strong>aliqua</strong></span> <span class='ocrx_word' id='word_1_253' title='bbox 697 3172 987 3243; x_wconf 87' lang='lat' dir='ltr'><strong>impeditur</strong></span> <span class='ocrx_word' id='word_1_254' title='bbox 1027 3170 1095 3226; x_wconf 90' lang='lat' dir='ltr'><strong>ab</strong></span> <span class='ocrx_word' id='word_1_255' title='bbox 1132 3172 1383 3227; x_wconf 91' lang='lat' dir='ltr'><strong>intranda</strong></span> <span class='ocrx_word' id='word_1_256' title='bbox 1424 3172 1511 3226; x_wconf 87' lang='lat' dir='ltr'><strong>via</strong></span> <span class='ocrx_word' id='word_1_257' title='bbox 1552 3171 1666 3236; x_wconf 91' lang='lat' dir='ltr'><strong>Dei,</strong></span> <span class='ocrx_word' id='word_1_258' title='bbox 1700 3187 1731 3227; x_wconf 91' lang='lat' dir='ltr'><strong>a</strong></span> <span class='ocrx_word' id='word_1_259' title='bbox 1759 3173 2037 3229; x_wconf 89' lang='lat' dir='ltr'><strong>subeundo</strong></span> <span class='ocrx_word' id='word_1_260' title='bbox 2067 3158 2113 3221; x_wconf 82' lang='lat' dir='ltr'><strong>C</strong></span> 
     </span>
    </p>
   </div>
   <div class='ocr_carea' id='block_1_35' title="bbox 547 3279 2044 3354">
    <p class='ocr_par' dir='ltr' id='par_1_35' title="bbox 547 3279 2044 3354">
     <span class='ocr_line' id='line_1_35' title="bbox 547 3279 2044 3354; baseline 0.003 -20"><span class='ocrx_word' id='word_1_261' title='bbox 547 3294 575 3322; x_wconf 80' lang='grc' dir='ltr'>ι</span> <span class='ocrx_word' id='word_1_262' title='bbox 612 3279 735 3351; x_wconf 82' lang='lat' dir='ltr'><strong>Ipsa</strong></span> <span class='ocrx_word' id='word_1_263' title='bbox 762 3280 1105 3354; x_wconf 63' lang='lat' dir='ltr'><strong>prosperitate</strong></span> <span class='ocrx_word' id='word_1_264' title='bbox 1123 3282 1492 3354; x_wconf 69' lang='lat' dir='ltr'><strong>corrumpitur.</strong></span> <span class='ocrx_word' id='word_1_265' title='bbox 1522 3280 1803 3338; x_wconf 78' lang='lat' dir='ltr'><strong>Metuenda</strong></span> <span class='ocrx_word' id='word_1_266' title='bbox 1826 3297 2044 3354; x_wconf 85' lang='lat' dir='ltr'><strong>prospe-</strong></span> 
     </span>
    </p>
   </div>
   <div class='ocr_carea' id='block_1_36' title="bbox 476 3349 2043 3423">
    <p class='ocr_par' dir='ltr' id='par_1_36' title="bbox 476 3349 2043 3423">
     <span class='ocr_line' id='line_1_36' title="bbox 476 3349 2043 3423; baseline 0.002 -18"><span class='ocrx_word' id='word_1_267' title='bbox 476 3349 783 3423; x_wconf 70' lang='lat' dir='ltr'><strong>ritas,cu_m</strong></span> <span class='ocrx_word' id='word_1_268' title='bbox 807 3349 947 3423; x_wconf 70' lang='lat' dir='ltr'><strong>saepe</strong></span> <span class='ocrx_word' id='word_1_269' title='bbox 970 3349 1139 3423; x_wconf 80' lang='lat' dir='ltr'><strong>inilla</strong></span> <span class='ocrx_word' id='word_1_270' title='bbox 1164 3349 1340 3404; x_wconf 58' lang='lat' dir='ltr'><strong>homo&#39;</strong></span> <span class='ocrx_word' id='word_1_271' title='bbox 1356 3350 1473 3423; x_wconf 88' lang='lat' dir='ltr'><strong>sibi</strong></span> <span class='ocrx_word' id='word_1_272' title='bbox 1501 3366 1607 3406; x_wconf 91' lang='lat' dir='ltr'><strong>non</strong></span> <span class='ocrx_word' id='word_1_273' title='bbox 1649 3349 1872 3420; x_wconf 74' lang='lat' dir='ltr'><strong>metuat,</strong></span> <span class='ocrx_word' id='word_1_274' title='bbox 1915 3349 2043 3423; x_wconf 76' lang='lat' dir='ltr'><strong>quia</strong></span> 
     </span>
    </p>
   </div>
   <div class='ocr_carea' id='block_1_37' title="bbox 475 3420 2043 3491">
    <p class='ocr_par' dir='ltr' id='par_1_37' title="bbox 475 3420 2043 3491">
     <span class='ocr_line' id='line_1_37' title="bbox 475 3420 2043 3491; baseline 0.002 -16"><span class='ocrx_word' id='word_1_275' title='bbox 475 3421 641 3475; x_wconf 89' lang='lat' dir='ltr'><strong>nimio</strong></span> <span class='ocrx_word' id='word_1_276' title='bbox 683 3420 824 3491; x_wconf 88' lang='lat' dir='ltr'><strong>illius</strong></span> <span class='ocrx_word' id='word_1_277' title='bbox 855 3420 1179 3491; x_wconf 84' lang='lat' dir='ltr'><strong>splendore,</strong></span> <span class='ocrx_word' id='word_1_278' title='bbox 1207 3428 1272 3491; x_wconf 15' lang='lat' dir='ltr'><strong>iet</strong></span> <span class='ocrx_word' id='word_1_279' title='bbox 1296 3422 1512 3491; x_wconf 88' lang='lat' dir='ltr'><strong>propria</strong></span> <span class='ocrx_word' id='word_1_280' title='bbox 1543 3423 1838 3491; x_wconf 86' lang='lat' dir='ltr'><strong>cupiditate</strong></span> <span class='ocrx_word' id='word_1_281' title='bbox 1867 3420 2043 3479; x_wconf 66' lang='lat' dir='ltr'><strong>obcae-</strong></span> 
     </span>
    </p>
   </div>
   <div class='ocr_carea' id='block_1_38' title="bbox 473 3489 2044 3560">
    <p class='ocr_par' dir='ltr' id='par_1_38' title="bbox 473 3489 2044 3560">
     <span class='ocr_line' id='line_1_38' title="bbox 473 3489 2044 3560; baseline 0.001 -14"><span class='ocrx_word' id='word_1_282' title='bbox 473 3500 630 3546; x_wconf 88' lang='lat' dir='ltr'><strong>catus</strong></span> <span class='ocrx_word' id='word_1_283' title='bbox 663 3489 960 3559; x_wconf 89' lang='lat' dir='ltr'><strong>periculum</strong></span> <span class='ocrx_word' id='word_1_284' title='bbox 993 3505 1101 3544; x_wconf 91' lang='lat' dir='ltr'><strong>non</strong></span> <span class='ocrx_word' id='word_1_285' title='bbox 1126 3490 1297 3560; x_wconf 77' lang='lat' dir='ltr'><strong>videt,</strong></span> <span class='ocrx_word' id='word_1_286' title='bbox 1328 3489 1472 3560; x_wconf 80' lang='lat' dir='ltr'><strong>quod</strong></span> <span class='ocrx_word' id='word_1_287' title='bbox 1497 3491 1552 3546; x_wconf 92' lang='lat' dir='ltr'><strong>in</strong></span> <span class='ocrx_word' id='word_1_288' title='bbox 1576 3489 1690 3546; x_wconf 84' lang='lat' dir='ltr'><strong>sola</strong></span> <span class='ocrx_word' id='word_1_289' title='bbox 1714 3493 2044 3549; x_wconf 87' lang='lat' dir='ltr'><strong>adversitate</strong></span> 
     </span>
    </p>
   </div>
   <div class='ocr_carea' id='block_1_39' title="bbox 474 3559 2045 3631">
    <p class='ocr_par' dir='ltr' id='par_1_39' title="bbox 474 3559 2045 3631">
     <span class='ocr_line' id='line_1_39' title="bbox 474 3559 2045 3631; baseline 0.003 -16"><span class='ocrx_word' id='word_1_290' title='bbox 474 3562 713 3631; x_wconf 76' lang='lat' dir='ltr'><strong>positum</strong></span> <span class='ocrx_word' id='word_1_291' title='bbox 736 3575 854 3631; x_wconf 85' lang='lat' dir='ltr'><strong>esse</strong></span> <span class='ocrx_word' id='word_1_292' title='bbox 882 3561 1071 3615; x_wconf 89' lang='lat' dir='ltr'><strong>credit.</strong></span> <span class='ocrx_word' id='word_1_293' title='bbox 1107 3559 1259 3627; x_wconf 84' lang='lat' dir='ltr'><strong>Quod</strong></span> <span class='ocrx_word' id='word_1_294' title='bbox 1297 3559 1570 3631; x_wconf 88' lang='lat' dir='ltr'><strong>sapienter</strong></span> <span class='ocrx_word' id='word_1_295' title='bbox 1611 3562 1898 3618; x_wconf 89' lang='lat' dir='ltr'><strong>admodum</strong></span> <span class='ocrx_word' id='word_1_296' title='bbox 1944 3579 2045 3619; x_wconf 94' lang='lat' dir='ltr'><strong>nos</strong></span> 
     </span>
    </p>
   </div>
   <div class='ocr_carea' id='block_1_40' title="bbox 477 3629 2043 3701">
    <p class='ocr_par' dir='ltr' id='par_1_40' title="bbox 477 3629 2043 3701">
     <span class='ocr_line' id='line_1_40' title="bbox 477 3629 2043 3701; baseline 0.002 -16"><span class='ocrx_word' id='word_1_297' title='bbox 477 3629 633 3686; x_wconf 82' lang='lat' dir='ltr'><strong>docet</strong></span> <span class='ocrx_word' id='word_1_298' title='bbox 681 3629 740 3684; x_wconf 90' lang='lat' dir='ltr'><strong>S.</strong></span> <span class='ocrx_word' id='word_1_299' title='bbox 787 3630 1117 3701; x_wconf 57' lang='lat' dir='ltr'><strong>Augustinus</strong></span> <span class='ocrx_word' id='word_1_300' title='bbox 1160 3644 1324 3701; x_wconf 74' lang='lat' dir='ltr'><strong>serui.</strong></span> <span class='ocrx_word' id='word_1_301' title='bbox 1373 3630 1459 3695; x_wconf 76' lang='grc'><strong>15,</strong></span> <span class='ocrx_word' id='word_1_302' title='bbox 1500 3632 1564 3687; x_wconf 90' lang='lat' dir='ltr'><strong>de</strong></span> <span class='ocrx_word' id='word_1_303' title='bbox 1607 3633 1789 3688; x_wconf 91' lang='lat' dir='ltr'><strong>verbis</strong></span> <span class='ocrx_word' id='word_1_304' title='bbox 1830 3633 2043 3688; x_wconf 91' lang='lat' dir='ltr'><strong>Domini</strong></span> 
     </span>
    </p>
   </div>
   <div class='ocr_carea' id='block_1_41' title="bbox 476 3699 2043 3758">
    <p class='ocr_par' dir='ltr' id='par_1_41' title="bbox 476 3699 2043 3758">
     <span class='ocr_line' id='line_1_41' title="bbox 476 3699 2043 3758; baseline 0.001 -2"><span class='ocrx_word' id='word_1_305' title='bbox 476 3701 767 3756; x_wconf 89' lang='lat' dir='ltr'><strong>secundum</strong></span> <span class='ocrx_word' id='word_1_306' title='bbox 803 3699 1155 3755; x_wconf 52' lang='lat' dir='ltr'><strong>Ma&#39;tthzeum:</strong></span> <span class='ocrx_word' id='word_1_307' title='bbox 1191 3718 1209 3751; x_wconf 85' lang='grc'><strong>‹</strong></span> <span class='ocrx_word' id='word_1_308' title='bbox 1254 3699 1463 3756; x_wconf 89' lang='lat' dir='ltr'><strong>Putatis</strong></span> <span class='ocrx_word' id='word_1_309' title='bbox 1492 3709 1622 3756; x_wconf 89' lang='lat' dir='ltr'><strong>tunc</strong></span> <span class='ocrx_word' id='word_1_310' title='bbox 1663 3718 1783 3758; x_wconf 91' lang='lat' dir='ltr'><strong>esse</strong></span> <span class='ocrx_word' id='word_1_311' title='bbox 1822 3712 2043 3757; x_wconf 85' lang='lat' dir='ltr'><strong>ventum</strong></span> 
     </span>
    </p>
   </div>
   <div class='ocr_carea' id='block_1_42' title="bbox 477 3769 2040 3840">
    <p class='ocr_par' dir='ltr' id='par_1_42' title="bbox 477 3769 2040 3840">
     <span class='ocr_line' id='line_1_42' title="bbox 477 3769 2040 3840; baseline 0.001 -15"><span class='ocrx_word' id='word_1_312' title='bbox 477 3769 838 3833; x_wconf 87' lang='lat' dir='ltr'><strong>contrarium.</strong></span> <span class='ocrx_word' id='word_1_313' title='bbox 892 3770 1108 3838; x_wconf 88' lang='lat' dir='ltr'><strong>quando</strong></span> <span class='ocrx_word' id='word_1_314' title='bbox 1156 3780 1240 3826; x_wconf 89' lang='lat' dir='ltr'><strong>est</strong></span> <span class='ocrx_word' id='word_1_315' title='bbox 1284 3771 1444 3840; x_wconf 89' lang='lat' dir='ltr'><strong>hujus</strong></span> <span class='ocrx_word' id='word_1_316' title='bbox 1489 3771 1673 3827; x_wconf 84' lang='lat' dir='ltr'><strong>saeculi</strong></span> <span class='ocrx_word' id='word_1_317' title='bbox 1719 3772 2040 3828; x_wconf 88' lang='lat' dir='ltr'><strong>adversitas.</strong></span> 
     </span>
    </p>
   </div>
   <div class='ocr_carea' id='block_1_43' title="bbox 476 3840 2044 3910">
    <p class='ocr_par' dir='ltr' id='par_1_43' title="bbox 476 3840 2044 3910">
     <span class='ocr_line' id='line_1_43' title="bbox 476 3840 2044 3910; baseline 0.003 -16"><span class='ocrx_word' id='word_1_318' title='bbox 476 3840 703 3907; x_wconf 83' lang='lat' dir='ltr'><strong>Quando</strong></span> <span class='ocrx_word' id='word_1_319' title='bbox 745 3840 889 3893; x_wconf 91' lang='lat' dir='ltr'><strong>enim</strong></span> <span class='ocrx_word' id='word_1_320' title='bbox 930 3840 1090 3904; x_wconf 86' lang='lat' dir='ltr'><strong>bella,</strong></span> <span class='ocrx_word' id='word_1_321' title='bbox 1139 3842 1355 3910; x_wconf 86' lang='lat' dir='ltr'><strong>quando</strong></span> <span class='ocrx_word' id='word_1_322' title='bbox 1397 3841 1677 3908; x_wconf 87' lang='lat' dir='ltr'><strong>tumultus,</strong></span> <span class='ocrx_word' id='word_1_323' title='bbox 1719 3843 1936 3910; x_wconf 90' lang='lat' dir='ltr'><strong>quando</strong></span> <span class='ocrx_word' id='word_1_324' title='bbox 1959 3843 2044 3898; x_wconf 87' lang='lat' dir='ltr'><strong>fa-</strong></span> 
     </span>
    </p>
   </div>
   <div class='ocr_carea' id='block_1_44' title="bbox 479 3910 2041 3983">
    <p class='ocr_par' dir='ltr' id='par_1_44' title="bbox 479 3910 2041 3983">
     <span class='ocr_line' id='line_1_44' title="bbox 479 3910 2041 3983; baseline 0.003 -19"><span class='ocrx_word' id='word_1_325' title='bbox 479 3925 612 3983; x_wconf 86' lang='lat' dir='ltr'><strong>mes,</strong></span> <span class='ocrx_word' id='word_1_326' title='bbox 654 3911 872 3983; x_wconf 79' lang='lat' dir='ltr'><strong>quando</strong></span> <span class='ocrx_word' id='word_1_327' title='bbox 908 3910 1237 3983; x_wconf 80' lang='lat' dir='ltr'><strong>pestilentia,</strong></span> <span class='ocrx_word' id='word_1_328' title='bbox 1267 3911 1481 3983; x_wconf 85' lang='lat' dir='ltr'><strong>quando</strong></span> <span class='ocrx_word' id='word_1_329' title='bbox 1520 3913 1715 3983; x_wconf 85' lang='lat' dir='ltr'><strong>cuique</strong></span> <span class='ocrx_word' id='word_1_330' title='bbox 1738 3910 2041 3979; x_wconf 87' lang='lat' dir='ltr'><strong>hominum,</strong></span> 
     </span>
    </p>
   </div>
   <div class='ocr_carea' id='block_1_45' title="bbox 476 3979 2047 4052">
    <p class='ocr_par' dir='ltr' id='par_1_45' title="bbox 476 3979 2047 4052">
     <span class='ocr_line' id='line_1_45' title="bbox 476 3979 2047 4052; baseline 0.003 -18"><span class='ocrx_word' id='word_1_331' title='bbox 476 3982 641 4035; x_wconf 88' lang='lat' dir='ltr'><strong>etiam</strong></span> <span class='ocrx_word' id='word_1_332' title='bbox 667 3979 876 4049; x_wconf 80' lang='lat' dir='ltr'><strong>singulo</strong></span> <span class='ocrx_word' id='word_1_333' title='bbox 905 3979 1645 4052; x_wconf 55' lang='lat' dir='ltr'><strong>evenitprivata&#39;calamitas,</strong></span> <span class='ocrx_word' id='word_1_334' title='bbox 1677 3992 1806 4037; x_wconf 90' lang='lat' dir='ltr'><strong>tunc</strong></span> <span class='ocrx_word' id='word_1_335' title='bbox 1825 3992 2047 4052; x_wconf 86' lang='lat' dir='ltr'><strong>putatur</strong></span> 
     </span>
    </p>
   </div>
   <div class='ocr_carea' id='block_1_46' title="bbox 474 4050 2041 4118">
    <p class='ocr_par' dir='ltr' id='par_1_46' title="bbox 474 4050 2041 4118">
     <span class='ocr_line' id='line_1_46' title="bbox 474 4050 2041 4118; baseline 0.004 -16"><span class='ocrx_word' id='word_1_336' title='bbox 474 4060 670 4104; x_wconf 86' lang='lat' dir='ltr'><strong>ventus</strong></span> <span class='ocrx_word' id='word_1_337' title='bbox 735 4052 1033 4114; x_wconf 89' lang='lat' dir='ltr'><strong>adversus,</strong></span> <span class='ocrx_word' id='word_1_338' title='bbox 1091 4050 1164 4104; x_wconf 88' lang='lat' dir='ltr'><strong>ibi</strong></span> <span class='ocrx_word' id='word_1_339' title='bbox 1218 4058 1440 4118; x_wconf 89' lang='lat' dir='ltr'><strong>putatur</strong></span> <span class='ocrx_word' id='word_1_340' title='bbox 1493 4050 1842 4107; x_wconf 72' lang='lat' dir='ltr'><strong>invocandus</strong></span> <span class='ocrx_word' id='word_1_341' title='bbox 1882 4052 2041 4108; x_wconf 89' lang='lat' dir='ltr'><strong>Deus.</strong></span> 
     </span>
    </p>
   </div>
   <div class='ocr_carea' id='block_1_47' title="bbox 477 4118 2043 4189">
    <p class='ocr_par' dir='ltr' id='par_1_47' title="bbox 477 4118 2043 4189">
     <span class='ocr_line' id='line_1_47' title="bbox 477 4118 2043 4189; baseline 0.005 -19"><span class='ocrx_word' id='word_1_342' title='bbox 477 4118 701 4186; x_wconf 85' lang='lat' dir='ltr'><strong>Quando</strong></span> <span class='ocrx_word' id='word_1_343' title='bbox 733 4127 913 4173; x_wconf 88' lang='lat' dir='ltr'><strong>autem</strong></span> <span class='ocrx_word' id='word_1_344' title='bbox 945 4120 1227 4189; x_wconf 86' lang='lat' dir='ltr'><strong>temporali</strong></span> <span class='ocrx_word' id='word_1_345' title='bbox 1250 4120 1505 4174; x_wconf 80' lang='lat' dir='ltr'><strong>felicitate</strong></span> <span class='ocrx_word' id='word_1_346' title='bbox 1533 4122 1788 4178; x_wconf 68' lang='lat' dir='ltr'><strong>saeculum</strong></span> <span class='ocrx_word' id='word_1_347' title='bbox 1818 4123 2043 4188; x_wconf 83' lang='lat' dir='ltr'><strong>arridet,</strong></span> 
     </span>
    </p>
   </div>
   <div class='ocr_carea' id='block_1_48' title="bbox 477 4189 2046 4258">
    <p class='ocr_par' dir='ltr' id='par_1_48' title="bbox 477 4189 2046 4258">
     <span class='ocr_line' id='line_1_48' title="bbox 477 4189 2046 4258; baseline 0.004 -17"><span class='ocrx_word' id='word_1_348' title='bbox 477 4189 629 4258; x_wconf 87' lang='lat' dir='ltr'><strong>quasi</strong></span> <span class='ocrx_word' id='word_1_349' title='bbox 659 4203 763 4241; x_wconf 90' lang='lat' dir='ltr'><strong>non</strong></span> <span class='ocrx_word' id='word_1_350' title='bbox 788 4197 872 4242; x_wconf 89' lang='lat' dir='ltr'><strong>est</strong></span> <span class='ocrx_word' id='word_1_351' title='bbox 898 4196 1092 4243; x_wconf 86' lang='lat' dir='ltr'><strong>ventus</strong></span> <span class='ocrx_word' id='word_1_352' title='bbox 1120 4190 1446 4243; x_wconf 87' lang='lat' dir='ltr'><strong>contrarius.</strong></span> <span class='ocrx_word' id='word_1_353' title='bbox 1497 4190 1617 4245; x_wconf 85' lang='lat' dir='ltr'><strong>Noli</strong></span> <span class='ocrx_word' id='word_1_354' title='bbox 1655 4192 1782 4246; x_wconf 90' lang='lat' dir='ltr'><strong>hinc</strong></span> <span class='ocrx_word' id='word_1_355' title='bbox 1810 4192 2046 4247; x_wconf 86' lang='lat' dir='ltr'><strong>interro-</strong></span> 
     </span>
    </p>
   </div>
   <div class='ocr_carea' id='block_1_49' title="bbox 477 4258 2047 4330">
    <p class='ocr_par' dir='ltr' id='par_1_49' title="bbox 477 4258 2047 4330">
     <span class='ocr_line' id='line_1_49' title="bbox 477 4258 2047 4330; baseline 0.003 -18"><span class='ocrx_word' id='word_1_356' title='bbox 477 4259 899 4330; x_wconf 75' lang='lat' dir='ltr'><strong>garetemporis</strong></span> <span class='ocrx_word' id='word_1_357' title='bbox 933 4258 1424 4330; x_wconf 79' lang='lat' dir='ltr'><strong>tranquillitatem;</strong></span> <span class='ocrx_word' id='word_1_358' title='bbox 1467 4259 1738 4330; x_wconf 85' lang='lat' dir='ltr'><strong>interroga</strong></span> <span class='ocrx_word' id='word_1_359' title='bbox 1775 4262 1869 4316; x_wconf 92' lang='lat' dir='ltr'><strong>sed</strong></span> <span class='ocrx_word' id='word_1_360' title='bbox 1899 4270 2047 4316; x_wconf 89' lang='lat' dir='ltr'><strong>tuam</strong></span> 
     </span>
    </p>
   </div>
   <div class='ocr_carea' id='block_1_50' title="bbox 478 4327 2045 4397">
    <p class='ocr_par' dir='ltr' id='par_1_50' title="bbox 478 4327 2045 4397">
     <span class='ocr_line' id='line_1_50' title="bbox 478 4327 2045 4397; baseline 0.003 -15"><span class='ocrx_word' id='word_1_361' title='bbox 478 4327 820 4397; x_wconf 74' lang='lat' dir='ltr'><strong>cupiditatem</strong></span> <span class='ocrx_word' id='word_1_362' title='bbox 852 4346 864 4382; x_wconf 91' lang='lat'><strong>:</strong></span> <span class='ocrx_word' id='word_1_363' title='bbox 894 4329 1034 4392; x_wconf 86' lang='lat' dir='ltr'><strong>vide,</strong></span> <span class='ocrx_word' id='word_1_364' title='bbox 1083 4329 1128 4382; x_wconf 90' lang='lat' dir='ltr'><strong>si</strong></span> <span class='ocrx_word' id='word_1_365' title='bbox 1169 4328 1490 4397; x_wconf 88' lang='lat' dir='ltr'><strong>tranquillus</strong></span> <span class='ocrx_word' id='word_1_366' title='bbox 1524 4346 1584 4384; x_wconf 91' lang='lat' dir='ltr'><strong>es</strong></span> <span class='ocrx_word' id='word_1_367' title='bbox 1613 4327 1756 4384; x_wconf 54' lang='lat' dir='ltr'><strong>in&#39;te</strong></span> <span class='ocrx_word' id='word_1_368' title='bbox 1783 4349 1795 4384; x_wconf 94' lang='lat'>:</span> <span class='ocrx_word' id='word_1_369' title='bbox 1824 4332 1968 4392; x_wconf 85' lang='lat' dir='ltr'><strong>vide.</strong></span> <span class='ocrx_word' id='word_1_370' title='bbox 2001 4333 2045 4387; x_wconf 89' lang='lat' dir='ltr'><strong>si</strong></span> 
     </span>
    </p>
   </div>
   <div class='ocr_carea' id='block_1_51' title="bbox 476 4397 2046 4471">
    <p class='ocr_par' dir='ltr' id='par_1_51' title="bbox 476 4397 2046 4471">
     <span class='ocr_line' id='line_1_51' title="bbox 476 4397 2046 4471; baseline 0.001 -18"><span class='ocrx_word' id='word_1_371' title='bbox 476 4415 585 4471; x_wconf 87' lang='lat' dir='ltr'><strong>non</strong></span> <span class='ocrx_word' id='word_1_372' title='bbox 623 4405 674 4471; x_wconf 82' lang='lat' dir='ltr'><strong>te</strong></span> <span class='ocrx_word' id='word_1_373' title='bbox 710 4398 1192 4471; x_wconf 36' lang='lat' dir='ltr'><strong>subvertit‘ventus</strong></span> <span class='ocrx_word' id='word_1_374' title='bbox 1216 4397 1461 4471; x_wconf 79' lang='lat' dir='ltr'><strong>interior.</strong></span> <span class='ocrx_word' id='word_1_375' title='bbox 1500 4399 1802 4471; x_wconf 23' lang='lat' dir='ltr'><strong>Hocuvide,</strong></span> <span class='ocrx_word' id='word_1_376' title='bbox 1839 4415 2046 4471; x_wconf 79' lang='lat' dir='ltr'><strong>magna:</strong></span> 
     </span>
    </p>
   </div>
   <div class='ocr_carea' id='block_1_52' title="bbox 479 4465 2046 4534">
    <p class='ocr_par' dir='ltr' id='par_1_52' title="bbox 479 4465 2046 4534">
     <span class='ocr_line' id='line_1_52' title="bbox 479 4465 2046 4534; baseline 0.003 -14"><span class='ocrx_word' id='word_1_377' title='bbox 479 4468 695 4524; x_wconf 82' lang='lat' dir='ltr'><strong>virtutis</strong></span> <span class='ocrx_word' id='word_1_378' title='bbox 720 4475 803 4521; x_wconf 88' lang='lat' dir='ltr'><strong>est</strong></span> <span class='ocrx_word' id='word_1_379' title='bbox 829 4484 949 4522; x_wconf 92' lang='lat' dir='ltr'><strong>cum</strong></span> <span class='ocrx_word' id='word_1_380' title='bbox 973 4466 1229 4522; x_wconf 84' lang='lat' dir='ltr'><strong>felicitate</strong></span> <span class='ocrx_word' id='word_1_381' title='bbox 1256 4465 1478 4534; x_wconf 88' lang='lat' dir='ltr'><strong>luctari;</strong></span> <span class='ocrx_word' id='word_1_382' title='bbox 1512 4484 1580 4522; x_wconf 89' lang='lat' dir='ltr'><strong>ne</strong></span> <span class='ocrx_word' id='word_1_383' title='bbox 1595 4468 1802 4534; x_wconf 90' lang='lat' dir='ltr'><strong>illiciat,</strong></span> <span class='ocrx_word' id='word_1_384' title='bbox 1830 4485 1896 4524; x_wconf 90' lang='lat' dir='ltr'><strong>ne</strong></span> <span class='ocrx_word' id='word_1_385' title='bbox 1924 4465 2046 4525; x_wconf 73' lang='lat' dir='ltr'><strong>cor-</strong></span> 
     </span>
    </p>
   </div>
   <div class='ocr_carea' id='block_1_53' title="bbox 478 4535 2038 4610">
    <p class='ocr_par' dir='ltr' id='par_1_53' title="bbox 478 4535 2038 4610">
     <span class='ocr_line' id='line_1_53' title="bbox 478 4535 2038 4610; baseline 0.001 -18"><span class='ocrx_word' id='word_1_386' title='bbox 478 4548 712 4610; x_wconf 81' lang='lat' dir='ltr'><strong>rumpat,</strong></span> <span class='ocrx_word' id='word_1_387' title='bbox 737 4553 803 4592; x_wconf 87' lang='lat' dir='ltr'><strong>ne</strong></span> <span class='ocrx_word' id='word_1_388' title='bbox 825 4539 941 4607; x_wconf 90' lang='lat' dir='ltr'><strong>ipsa</strong></span> <span class='ocrx_word' id='word_1_389' title='bbox 968 4537 1245 4610; x_wconf 83' lang='lat' dir='ltr'><strong>subvertat</strong></span> <span class='ocrx_word' id='word_1_390' title='bbox 1268 4535 1517 4610; x_wconf 80' lang='lat' dir='ltr'><strong>felicitas.</strong></span> <span class='ocrx_word' id='word_1_391' title='bbox 1546 4540 1769 4610; x_wconf 74' lang='lat' dir='ltr'><strong>Magum,</strong></span> <span class='ocrx_word' id='word_1_392' title='bbox 1800 4541 2038 4610; x_wconf 90' lang='lat' dir='ltr'><strong>inquam,</strong></span> 
     </span>
    </p>
   </div>
   <div class='ocr_carea' id='block_1_54' title="bbox 478 4608 2045 4679">
    <p class='ocr_par' dir='ltr' id='par_1_54' title="bbox 478 4608 2045 4679">
     <span class='ocr_line' id='line_1_54' title="bbox 478 4608 2045 4679; baseline 0.003 -20"><span class='ocrx_word' id='word_1_393' title='bbox 478 4608 696 4679; x_wconf 78' lang='lat' dir='ltr'><strong>virtutis</strong></span> <span class='ocrx_word' id='word_1_394' title='bbox 720 4615 805 4661; x_wconf 88' lang='lat' dir='ltr'><strong>est</strong></span> <span class='ocrx_word' id='word_1_395' title='bbox 831 4624 952 4662; x_wconf 90' lang='lat' dir='ltr'><strong>cum</strong></span> <span class='ocrx_word' id='word_1_396' title='bbox 989 4608 1244 4679; x_wconf 82' lang='lat' dir='ltr'><strong>felicitate</strong></span> <span class='ocrx_word' id='word_1_397' title='bbox 1274 4608 1483 4679; x_wconf 86' lang='lat' dir='ltr'><strong>luctari,</strong></span> <span class='ocrx_word' id='word_1_398' title='bbox 1527 4608 1734 4679; x_wconf 75' lang='lat' dir='ltr'><strong>inagnte</strong></span> <span class='ocrx_word' id='word_1_399' title='bbox 1769 4608 2045 4666; x_wconf 82' lang='lat' dir='ltr'><strong>felicitatis</strong></span> 
     </span>
    </p>
   </div>
   <div class='ocr_carea' id='block_1_55' title="bbox 477 4677 2045 4801">
    <p class='ocr_par' dir='ltr' id='par_1_55' title="bbox 477 4677 2045 4801">
     <span class='ocr_line' id='line_1_55' title="bbox 477 4677 2045 4801; baseline 0.001 -69"><span class='ocrx_word' id='word_1_400' title='bbox 477 4688 617 4801; x_wconf 42' lang='lat' dir='ltr'><strong>est;</strong></span> <span class='ocrx_word' id='word_1_401' title='bbox 642 4678 896 4734; x_wconf 81' lang='lat' dir='ltr'><strong>felicitate</strong></span> <span class='ocrx_word' id='word_1_402' title='bbox 918 4693 1025 4733; x_wconf 91' lang='lat' dir='ltr'><strong>non</strong></span> <span class='ocrx_word' id='word_1_403' title='bbox 1056 4677 1216 4732; x_wconf 89' lang='lat' dir='ltr'><strong>vinci.</strong></span> <span class='ocrx_word' id='word_1_404' title='bbox 1242 4698 1260 4729; x_wconf 72' lang='grc' dir='ltr'><strong><em>ι</em></strong></span> <span class='ocrx_word' id='word_1_405' title='bbox 1299 4678 1395 4733; x_wconf 85' lang='lat' dir='ltr'><strong>His</strong></span> <span class='ocrx_word' id='word_1_406' title='bbox 1422 4677 1653 4749; x_wconf 78' lang='lat' dir='ltr'><strong>quadrat</strong></span> <span class='ocrx_word' id='word_1_407' title='bbox 1677 4679 1805 4735; x_wconf 91' lang='lat' dir='ltr'><strong>illud</strong></span> <span class='ocrx_word' id='word_1_408' title='bbox 1839 4679 2045 4751; x_wconf 82' lang='lat' dir='ltr'><strong>Virgilii</strong></span> 
     </span>
     <span class='ocr_line' id='line_1_56' title="bbox 480 4763 706 4801; baseline 0 0"><span class='ocrx_word' id='word_1_409' title='bbox 480 4765 515 4801; x_wconf 72' lang='grc' dir='ltr'><strong>χ</strong></span> <span class='ocrx_word' id='word_1_410' title='bbox 620 4763 706 4801; x_wconf 91' lang='lat' dir='ltr'><strong>n.:</strong></span> 
     </span>
    </p>
   </div>
   <div class='ocr_carea' id='block_1_56' title="bbox 480 4763 706 4803">
    <p class='ocr_par' dir='ltr' id='par_1_56' title="bbox 480 4763 706 4803">
     <span class='ocr_line' id='line_1_57' title="bbox 480 4763 706 4803; baseline -0.004 0"><span class='ocrx_word' id='word_1_411' title='bbox 480 4765 515 4803; x_wconf 77' lang='grc' dir='ltr'><strong>Χ</strong></span> <span class='ocrx_word' id='word_1_412' title='bbox 545 4763 706 4802; x_wconf 60' lang='lat' dir='ltr'><strong>mlh:</strong></span> 
     </span>
    </p>
   </div>
   <div class='ocr_carea' id='block_1_57' title="bbox 601 4840 1818 4905">
    <p class='ocr_par' dir='ltr' id='par_1_57' title="bbox 601 4840 1818 4905">
     <span class='ocr_line' id='line_1_58' title="bbox 601 4840 1818 4905; baseline 0.002 -16"><span class='ocrx_word' id='word_1_413' title='bbox 601 4840 778 4905; x_wconf 63' lang='lat' dir='ltr'><strong>ljescia</strong></span> <span class='ocrx_word' id='word_1_414' title='bbox 802 4853 939 4890; x_wconf 89' lang='lat' dir='ltr'><strong>mens</strong></span> <span class='ocrx_word' id='word_1_415' title='bbox 959 4840 1212 4905; x_wconf 79' lang='lat' dir='ltr'><strong>hominum</strong></span> <span class='ocrx_word' id='word_1_416' title='bbox 1229 4840 1329 4901; x_wconf 83' lang='lat' dir='ltr'><strong>fati,</strong></span> <span class='ocrx_word' id='word_1_417' title='bbox 1355 4843 1596 4905; x_wconf 77' lang='lat' dir='ltr'><strong>sortisque</strong></span> <span class='ocrx_word' id='word_1_418' title='bbox 1622 4841 1818 4905; x_wconf 63' lang='lat' dir='ltr'><strong>futura,</strong></span> 
     </span>
    </p>
   </div>
   <div class='ocr_carea' id='block_1_58' title="bbox 604 4901 1760 4964">
    <p class='ocr_par' dir='ltr' id='par_1_58' title="bbox 604 4901 1760 4964">
     <span class='ocr_line' id='line_1_59' title="bbox 604 4901 1760 4964; baseline 0.003 -15"><span class='ocrx_word' id='word_1_419' title='bbox 604 4901 663 4951; x_wconf 88' lang='lat' dir='ltr'><strong>Et</strong></span> <span class='ocrx_word' id='word_1_420' title='bbox 682 4914 882 4951; x_wconf 85' lang='lat' dir='ltr'><strong>scrvare</strong></span> <span class='ocrx_word' id='word_1_421' title='bbox 902 4901 1118 4964; x_wconf 90' lang='lat' dir='ltr'><strong>modum,</strong></span> <span class='ocrx_word' id='word_1_422' title='bbox 1143 4903 1293 4951; x_wconf 88' lang='lat' dir='ltr'><strong>rebus</strong></span> <span class='ocrx_word' id='word_1_423' title='bbox 1316 4903 1499 4953; x_wconf 81' lang='lat' dir='ltr'><strong>sublata</strong></span> <span class='ocrx_word' id='word_1_424' title='bbox 1516 4901 1760 4952; x_wconf 83' lang='lat' dir='ltr'><strong>secundis.</strong></span> 
     </span>
    </p>
   </div>
   <div class='ocr_carea' id='block_1_59' title="bbox 482 4983 2049 5056">
    <p class='ocr_par' dir='ltr' id='par_1_59' title="bbox 482 4983 2049 5056">
     <span class='ocr_line' id='line_1_60' title="bbox 482 4983 2049 5056; baseline -0.001 -17"><span class='ocrx_word' id='word_1_425' title='bbox 482 4986 547 5040; x_wconf 87' lang='lat' dir='ltr'><strong>Et</strong></span> <span class='ocrx_word' id='word_1_426' title='bbox 592 4984 649 5039; x_wconf 88' lang='lat' dir='ltr'><strong>S.</strong></span> <span class='ocrx_word' id='word_1_427' title='bbox 694 4984 894 5056; x_wconf 74' lang='lat' dir='ltr'><strong>Isidori</strong></span> <span class='ocrx_word' id='word_1_428' title='bbox 934 4983 1217 5056; x_wconf 69' lang='lat' dir='ltr'><strong>Pelusiotae</strong></span> <span class='ocrx_word' id='word_1_429' title='bbox 1251 4986 1373 5041; x_wconf 83' lang='lat' dir='ltr'><strong>libr.</strong></span> <span class='ocrx_word' id='word_1_430' title='bbox 1403 5003 1454 5051; x_wconf 92' lang='lat' dir='ltr'><strong>v,</strong></span> <span class='ocrx_word' id='word_1_431' title='bbox 1491 4987 1648 5056; x_wconf 84' lang='lat' dir='ltr'><strong>epist.</strong></span> <span class='ocrx_word' id='word_1_432' title='bbox 1679 4986 1824 5041; x_wconf 75' lang='lat'><strong>582:</strong></span> <span class='ocrx_word' id='word_1_433' title='bbox 1858 5005 1875 5036; x_wconf 74' lang='grc' dir='ltr'><strong>ε</strong></span> <span class='ocrx_word' id='word_1_434' title='bbox 1898 4985 2049 5040; x_wconf 86' lang='lat' dir='ltr'><strong>Multi</strong></span> 
     </span>
    </p>
   </div>
   <div class='ocr_carea' id='block_1_60' title="bbox 480 5053 2053 5123">
    <p class='ocr_par' dir='ltr' id='par_1_60' title="bbox 480 5053 2053 5123">
     <span class='ocr_line' id='line_1_61' title="bbox 480 5053 2053 5123; baseline 0 -12"><span class='ocrx_word' id='word_1_435' title='bbox 480 5057 662 5123; x_wconf 87' lang='lat' dir='ltr'><strong>itaque</strong></span> <span class='ocrx_word' id='word_1_436' title='bbox 701 5053 968 5108; x_wconf 83' lang='lat' dir='ltr'><strong>dillicilius</strong></span> <span class='ocrx_word' id='word_1_437' title='bbox 1004 5055 1314 5111; x_wconf 83' lang='lat' dir='ltr'><strong>existimant</strong></span> <span class='ocrx_word' id='word_1_438' title='bbox 1352 5072 1381 5109; x_wconf 89' lang='lat' dir='ltr'><strong>a</strong></span> <span class='ocrx_word' id='word_1_439' title='bbox 1421 5053 1579 5111; x_wconf 80' lang='lat' dir='ltr'><strong>rebus</strong></span> <span class='ocrx_word' id='word_1_440' title='bbox 1608 5057 1858 5112; x_wconf 84' lang='lat' dir='ltr'><strong>secundis</strong></span> <span class='ocrx_word' id='word_1_441' title='bbox 1880 5058 1934 5112; x_wconf 90' lang='lat' dir='ltr'><strong>in</strong></span> <span class='ocrx_word' id='word_1_442' title='bbox 1959 5057 2053 5111; x_wconf 89' lang='lat' dir='ltr'><strong>ad-</strong></span> 
     </span>
    </p>
   </div>
   <div class='ocr_carea' id='block_1_61' title="bbox 480 5124 2051 5199">
    <p class='ocr_par' dir='ltr' id='par_1_61' title="bbox 480 5124 2051 5199">
     <span class='ocr_line' id='line_1_62' title="bbox 480 5124 2051 5199; baseline 0.002 -20"><span class='ocrx_word' id='word_1_443' title='bbox 480 5139 667 5199; x_wconf 64' lang='lat' dir='ltr'><strong>versas</strong></span> <span class='ocrx_word' id='word_1_444' title='bbox 689 5197 697 5199; x_wconf 19' lang='grc' dir='ltr'><strong>Α</strong></span> <span class='ocrx_word' id='word_1_445' title='bbox 719 5124 1044 5199; x_wconf 84' lang='lat' dir='ltr'><strong>incidentem</strong></span> <span class='ocrx_word' id='word_1_446' title='bbox 1077 5125 1279 5180; x_wconf 84' lang='lat' dir='ltr'><strong>celsum</strong></span> <span class='ocrx_word' id='word_1_447' title='bbox 1300 5141 1525 5199; x_wconf 82' lang='lat' dir='ltr'><strong>servare</strong></span> <span class='ocrx_word' id='word_1_448' title='bbox 1552 5127 1789 5180; x_wconf 90' lang='lat' dir='ltr'><strong>animum</strong></span> <span class='ocrx_word' id='word_1_449' title='bbox 1816 5146 1829 5179; x_wconf 90' lang='lat'>:</span> <span class='ocrx_word' id='word_1_450' title='bbox 1856 5131 1983 5199; x_wconf 71' lang='grc' dir='ltr'><strong>ἐγὼ</strong></span> <span class='ocrx_word' id='word_1_451' title='bbox 1996 5126 2051 5182; x_wconf 71' lang='grc' dir='ltr'><strong>δὲ</strong></span> 
     </span>
    </p>
   </div>
   <div class='ocr_carea' id='block_1_62' title="bbox 480 5194 2051 5273">
    <p class='ocr_par' dir='ltr' id='par_1_62' title="bbox 480 5194 2051 5273">
     <span class='ocr_line' id='line_1_63' title="bbox 480 5194 2051 5273; baseline 0 -23"><span class='ocrx_word' id='word_1_452' title='bbox 480 5194 862 5273; x_wconf 50' lang='lat' dir='ltr'><strong>decucurrere»</strong></span> <span class='ocrx_word' id='word_1_453' title='bbox 892 5198 1108 5273; x_wconf 64' lang='grc' dir='ltr'><strong>ἠςγρῇμαι</strong></span> <span class='ocrx_word' id='word_1_454' title='bbox 1132 5199 1189 5273; x_wconf 58' lang='grc' dir='ltr'><strong>τὸ</strong></span> <span class='ocrx_word' id='word_1_455' title='bbox 1218 5199 1319 5254; x_wconf 80' lang='grc' dir='ltr'><strong>ἀπὸ</strong></span> <span class='ocrx_word' id='word_1_456' title='bbox 1342 5195 1767 5273; x_wconf 57' lang='grc' dir='ltr'><strong>ᾃυστςραγίαςμξς</strong></span> <span class='ocrx_word' id='word_1_457' title='bbox 1788 5194 2051 5273; x_wconf 61' lang='grc' dir='ltr'><strong>εὐημὲείαν</strong></span> 
     </span>
    </p>
   </div>
   <div class='ocr_carea' id='block_1_63' title="bbox 479 5263 2051 5387">
    <p class='ocr_par' dir='ltr' id='par_1_63' title="bbox 479 5263 2051 5387">
     <span class='ocr_line' id='line_1_64' title="bbox 479 5263 2051 5387; baseline -0.001 -67"><span class='ocrx_word' id='word_1_458' title='bbox 479 5263 829 5387; x_wconf 58' lang='grc' dir='ltr'><strong>ἀναδρᾝιίιόντᾳ</strong></span> <span class='ocrx_word' id='word_1_459' title='bbox 852 5263 1061 5335; x_wconf 48' lang='lat' dir='ltr'><strong>adiciat</strong></span> <span class='ocrx_word' id='word_1_460' title='bbox 1084 5268 1284 5349; x_wconf 72' lang='grc' dir='ltr'><strong>μέτριον</strong></span> <span class='ocrx_word' id='word_1_461' title='bbox 1311 5268 1369 5322; x_wconf 84' lang='grc' dir='ltr'><strong>τὸ</strong></span> <span class='ocrx_word' id='word_1_462' title='bbox 1396 5263 1650 5348; x_wconf 49' lang='lat' dir='ltr'><strong>ppéimpta!</strong></span> <span class='ocrx_word' id='word_1_463' title='bbox 1684 5266 1735 5319; x_wconf 84' lang='lat' dir='ltr'><strong>id</strong></span> <span class='ocrx_word' id='word_1_464' title='bbox 1759 5263 1916 5331; x_wconf 28' lang='lat' dir='ltr'><strong>estpt</strong></span> <span class='ocrx_word' id='word_1_465' title='bbox 1937 5263 2051 5347; x_wconf 69' lang='lat' dir='ltr'><strong>Ego</strong></span> 
     </span>
     <span class='ocr_line' id='line_1_65' title="bbox 482 5332 2051 5387; baseline 0.001 -2"><span class='ocrx_word' id='word_1_466' title='bbox 482 5348 611 5387; x_wconf 81' lang='lat' dir='ltr'><strong>vero</strong></span> <span class='ocrx_word' id='word_1_467' title='bbox 693 5332 1025 5387; x_wconf 72' lang='lat' dir='ltr'><strong>tilicrllimum</strong></span> <span class='ocrx_word' id='word_1_468' title='bbox 1074 5338 1312 5387; x_wconf 74' lang='lat' dir='ltr'><strong>arbitror</strong></span> <span class='ocrx_word' id='word_1_469' title='bbox 1360 5351 1481 5387; x_wconf 87' lang='lat' dir='ltr'><strong>cum</strong></span> <span class='ocrx_word' id='word_1_470' title='bbox 1500 5377 1514 5387; x_wconf 89' lang='lat'><strong>.</strong></span> <span class='ocrx_word' id='word_1_471' title='bbox 1552 5352 1644 5387; x_wconf 76' lang='lat' dir='ltr'><strong>aut</strong></span> <span class='ocrx_word' id='word_1_472' title='bbox 1693 5336 1760 5387; x_wconf 87' lang='lat' dir='ltr'><strong>ab</strong></span> <span class='ocrx_word' id='word_1_473' title='bbox 1811 5335 2051 5387; x_wconf 73' lang='lat' dir='ltr'><strong>adversm</strong></span> 
     </span>
    </p>
   </div>
   <div class='ocr_carea' id='block_1_64' title="bbox 482 5332 2056 5405">
    <p class='ocr_par' dir='ltr' id='par_1_64' title="bbox 482 5332 2056 5405">
     <span class='ocr_line' id='line_1_66' title="bbox 482 5332 2056 5405; baseline 0.004 -20"><span class='ocrx_word' id='word_1_474' title='bbox 482 5332 618 5388; x_wconf 69' lang='lat' dir='ltr'><strong>vero&quot;</strong></span> <span class='ocrx_word' id='word_1_475' title='bbox 655 5332 1025 5405; x_wconf 62' lang='lat' dir='ltr'><strong>difﬁcillimum</strong></span> <span class='ocrx_word' id='word_1_476' title='bbox 1074 5332 1312 5392; x_wconf 79' lang='lat' dir='ltr'><strong>arbitror</strong></span> <span class='ocrx_word' id='word_1_477' title='bbox 1360 5332 1514 5400; x_wconf 77' lang='lat' dir='ltr'><strong>cuin,</strong></span> <span class='ocrx_word' id='word_1_478' title='bbox 1552 5332 1644 5405; x_wconf 83' lang='lat' dir='ltr'><strong>qui</strong></span> <span class='ocrx_word' id='word_1_479' title='bbox 1693 5336 1760 5388; x_wconf 89' lang='lat' dir='ltr'><strong>ab</strong></span> <span class='ocrx_word' id='word_1_480' title='bbox 1811 5332 2056 5391; x_wconf 77' lang='lat' dir='ltr'><strong>adversis</strong></span> 
     </span>
    </p>
   </div>
   <div class='ocr_carea' id='block_1_65' title="bbox 484 5401 2053 5469">
    <p class='ocr_par' dir='ltr' id='par_1_65' title="bbox 484 5401 2053 5469">
     <span class='ocr_line' id='line_1_67' title="bbox 484 5401 2053 5469; baseline 0.001 -13"><span class='ocrx_word' id='word_1_481' title='bbox 484 5404 646 5459; x_wconf 86' lang='lat' dir='ltr'><strong>rebus</strong></span> <span class='ocrx_word' id='word_1_482' title='bbox 681 5401 749 5456; x_wconf 89' lang='lat' dir='ltr'><strong>ad</strong></span> <span class='ocrx_word' id='word_1_483' title='bbox 791 5405 1059 5461; x_wconf 89' lang='lat' dir='ltr'><strong>secundas</strong></span> <span class='ocrx_word' id='word_1_484' title='bbox 1079 5407 1242 5469; x_wconf 89' lang='lat' dir='ltr'><strong>redit,</strong></span> <span class='ocrx_word' id='word_1_485' title='bbox 1269 5401 1608 5460; x_wconf 82' lang='lat' dir='ltr'><strong>moderatum</strong></span> <span class='ocrx_word' id='word_1_486' title='bbox 1635 5406 1909 5460; x_wconf 87' lang='lat' dir='ltr'><strong>custodire</strong></span> <span class='ocrx_word' id='word_1_487' title='bbox 1933 5405 2053 5459; x_wconf 91' lang='lat' dir='ltr'><strong>ani-</strong></span> 
     </span>
    </p>
   </div>
   <div class='ocr_carea' id='block_1_66' title="bbox 485 5472 2054 5556">
    <p class='ocr_par' dir='ltr' id='par_1_66' title="bbox 485 5472 2054 5556">
     <span class='ocr_line' id='line_1_68' title="bbox 485 5472 2054 5556; baseline 0.002 -31"><span class='ocrx_word' id='word_1_488' title='bbox 485 5487 698 5556; x_wconf 47' lang='lat' dir='ltr'><strong>mum...</strong></span> <span class='ocrx_word' id='word_1_489' title='bbox 742 5473 810 5528; x_wconf 89' lang='lat' dir='ltr'><strong>Et</strong></span> <span class='ocrx_word' id='word_1_490' title='bbox 854 5472 1404 5556; x_wconf 57' lang='lat' dir='ltr'><strong>praeclareSalomon</strong></span> <span class='ocrx_word' id='word_1_491' title='bbox 1435 5476 1513 5529; x_wconf 90' lang='lat' dir='ltr'><strong>ait</strong></span> <span class='ocrx_word' id='word_1_492' title='bbox 1552 5475 1710 5556; x_wconf 72' lang='lat' dir='ltr'><strong>Prov.</strong></span> <span class='ocrx_word' id='word_1_493' title='bbox 1756 5474 2054 5556; x_wconf 54' lang='lat' dir='ltr'><strong>nduersio</strong></span> 
     </span>
    </p>
   </div>
   <div class='ocr_carea' id='block_1_67' title="bbox 484 5540 2053 5616">
    <p class='ocr_par' dir='ltr' id='par_1_67' title="bbox 484 5540 2053 5616">
     <span class='ocr_line' id='line_1_69' title="bbox 484 5540 2053 5616; baseline 0.003 -25"><span class='ocrx_word' id='word_1_494' title='bbox 484 5540 825 5616; x_wconf 64' lang='lat' dir='ltr'><strong>paruulorum</strong></span> <span class='ocrx_word' id='word_1_495' title='bbox 852 5540 1130 5616; x_wconf 64' lang='lat' dir='ltr'><strong>interﬁciat</strong></span> <span class='ocrx_word' id='word_1_496' title='bbox 1176 5563 1286 5609; x_wconf 87' lang='lat' dir='ltr'><strong>eos,</strong></span> <span class='ocrx_word' id='word_1_497' title='bbox 1332 5554 1378 5599; x_wconf 85' lang='lat' dir='ltr'><strong>et</strong></span> <span class='ocrx_word' id='word_1_498' title='bbox 1418 5546 1734 5616; x_wconf 56' lang='lat' dir='ltr'><strong>prosperitas</strong></span> <span class='ocrx_word' id='word_1_499' title='bbox 1775 5545 2053 5616; x_wconf 76' lang='lat' dir='ltr'><strong>stultorum</strong></span> 
     </span>
    </p>
   </div>
   <div class='ocr_carea' id='block_1_68' title="bbox 484 5610 2054 5735">
    <p class='ocr_par' dir='ltr' id='par_1_68' title="bbox 484 5610 2054 5735">
     <span class='ocr_line' id='line_1_70' title="bbox 484 5610 2054 5735; baseline 0.004 -74"><span class='ocrx_word' id='word_1_500' title='bbox 484 5610 659 5735; x_wconf 53' lang='lat' dir='ltr'><strong>perdet</strong></span> <span class='ocrx_word' id='word_1_501' title='bbox 682 5610 826 5694; x_wconf 54' lang='lat' dir='ltr'><strong>illos.</strong></span> <span class='ocrx_word' id='word_1_502' title='bbox 843 5610 1013 5680; x_wconf 84' lang='lat' dir='ltr'><strong>Quem</strong></span> <span class='ocrx_word' id='word_1_503' title='bbox 1034 5612 1210 5694; x_wconf 79' lang='lat' dir='ltr'><strong>locum</strong></span> <span class='ocrx_word' id='word_1_504' title='bbox 1230 5610 1505 5696; x_wconf 76' lang='lat' dir='ltr'><strong>exponens</strong></span> <span class='ocrx_word' id='word_1_505' title='bbox 1607 5613 1897 5684; x_wconf 88' lang='lat' dir='ltr'><strong>Gregorius</strong></span> <span class='ocrx_word' id='word_1_506' title='bbox 1918 5630 2054 5695; x_wconf 69' lang='lat' dir='ltr'><strong>papa</strong></span> 
     </span>
     <span class='ocr_line' id='line_1_71' title="bbox 524 5678 2049 5735; baseline 0.001 -2"><span class='ocrx_word' id='word_1_507' title='bbox 524 5678 670 5733; x_wconf 85' lang='lat' dir='ltr'><strong>omtl.</strong></span> <span class='ocrx_word' id='word_1_508' title='bbox 718 5680 784 5732; x_wconf 75' lang='lat'><strong>1‘2</strong></span> <span class='ocrx_word' id='word_1_509' title='bbox 814 5698 868 5735; x_wconf 85' lang='lat' dir='ltr'><strong>tn</strong></span> <span class='ocrx_word' id='word_1_510' title='bbox 897 5682 1231 5735; x_wconf 82' lang='lat' dir='ltr'><strong>Ezechielem</strong></span> <span class='ocrx_word' id='word_1_511' title='bbox 1257 5694 1527 5735; x_wconf 77' lang='lat' dir='ltr'><strong>sapienter</strong></span> <span class='ocrx_word' id='word_1_512' title='bbox 1562 5684 1849 5735; x_wconf 79' lang='lat' dir='ltr'><strong>admodum</strong></span> <span class='ocrx_word' id='word_1_513' title='bbox 1883 5685 2049 5735; x_wconf 79' lang='lat' dir='ltr'><strong>dicit:</strong></span> 
     </span>
    </p>
   </div>
   <div class='ocr_carea' id='block_1_69' title="bbox 524 5678 2049 5753">
    <p class='ocr_par' dir='ltr' id='par_1_69' title="bbox 524 5678 2049 5753">
     <span class='ocr_line' id='line_1_72' title="bbox 524 5678 2049 5753; baseline 0.002 -20"><span class='ocrx_word' id='word_1_514' title='bbox 524 5678 670 5753; x_wconf 73' lang='lat' dir='ltr'><strong>mni].</strong></span> <span class='ocrx_word' id='word_1_515' title='bbox 718 5680 784 5753; x_wconf 60' lang='lat'><strong>1‘2</strong></span> <span class='ocrx_word' id='word_1_516' title='bbox 814 5678 1231 5753; x_wconf 42' lang='lat' dir='ltr'><strong>in&#39;E_zechielem</strong></span> <span class='ocrx_word' id='word_1_517' title='bbox 1257 5678 1527 5753; x_wconf 75' lang='lat' dir='ltr'><strong>sapienter</strong></span> <span class='ocrx_word' id='word_1_518' title='bbox 1562 5678 1849 5738; x_wconf 73' lang='lat' dir='ltr'><strong>admodum</strong></span> <span class='ocrx_word' id='word_1_519' title='bbox 1883 5678 2049 5738; x_wconf 74' lang='lat' dir='ltr'><strong>dicit:</strong></span> 
     </span>
    </p>
   </div>
   <div class='ocr_carea' id='block_1_70' title="bbox 495 5749 2054 5823">
    <p class='ocr_par' dir='ltr' id='par_1_70' title="bbox 495 5749 2054 5823">
     <span class='ocr_line' id='line_1_73' title="bbox 495 5749 2054 5823; baseline 0.005 -22"><span class='ocrx_word' id='word_1_520' title='bbox 495 5749 635 5816; x_wconf 67' lang='lat' dir='ltr'><strong>«Qui</strong></span> <span class='ocrx_word' id='word_1_521' title='bbox 662 5749 805 5803; x_wconf 84' lang='lat' dir='ltr'><strong>enim</strong></span> <span class='ocrx_word' id='word_1_522' title='bbox 847 5765 877 5803; x_wconf 87' lang='lat' dir='ltr'><strong>a</strong></span> <span class='ocrx_word' id='word_1_523' title='bbox 921 5749 1031 5804; x_wconf 88' lang='lat' dir='ltr'><strong>Deo</strong></span> <span class='ocrx_word' id='word_1_524' title='bbox 1078 5749 1361 5819; x_wconf 76' lang='lat' dir='ltr'><strong>avertitur,</strong></span> <span class='ocrx_word' id='word_1_525' title='bbox 1402 5761 1457 5808; x_wconf 89' lang='lat' dir='ltr'><strong>et</strong></span> <span class='ocrx_word' id='word_1_526' title='bbox 1502 5763 1871 5823; x_wconf 81' lang='lat' dir='ltr'><strong>prosperatur,</strong></span> <span class='ocrx_word' id='word_1_527' title='bbox 1903 5760 2054 5809; x_wconf 88' lang='lat' dir='ltr'><strong>tanto</strong></span> 
     </span>
    </p>
   </div>
   <div class='ocr_carea' id='block_1_71' title="bbox 2137 527 3655 605">
    <p class='ocr_par' dir='ltr' id='par_1_71' title="bbox 2137 527 3655 605">
     <span class='ocr_line' id='line_1_74' title="bbox 2137 527 3655 605; baseline 0.001 -19"><span class='ocrx_word' id='word_1_528' title='bbox 2137 531 2345 597; x_wconf 87' lang='lat' dir='ltr'><strong>vivere,</strong></span> <span class='ocrx_word' id='word_1_529' title='bbox 2390 537 2445 585; x_wconf 92' lang='lat' dir='ltr'><strong>et</strong></span> <span class='ocrx_word' id='word_1_530' title='bbox 2484 529 2663 583; x_wconf 91' lang='lat' dir='ltr'><strong>minus</strong></span> <span class='ocrx_word' id='word_1_531' title='bbox 2707 527 2928 584; x_wconf 91' lang='lat' dir='ltr'><strong>idoneos</strong></span> <span class='ocrx_word' id='word_1_532' title='bbox 2977 529 3117 584; x_wconf 90' lang='lat' dir='ltr'><strong>mala</strong></span> <span class='ocrx_word' id='word_1_533' title='bbox 3164 532 3300 599; x_wconf 91' lang='lat' dir='ltr'><strong>pati,</strong></span> <span class='ocrx_word' id='word_1_534' title='bbox 3351 533 3481 588; x_wconf 88' lang='lat' dir='ltr'><strong>sicut</strong></span> <span class='ocrx_word' id='word_1_535' title='bbox 3520 540 3655 605; x_wconf 78' lang='lat' dir='ltr'><strong>pmti</strong></span> 
     </span>
    </p>
   </div>
   <div class='ocr_carea' id='block_1_72' title="bbox 2138 619 3659 683">
    <p class='ocr_par' dir='ltr' id='par_1_72' title="bbox 2138 619 3659 683">
     <span class='ocr_line' id='line_1_75' title="bbox 2138 619 3659 683; baseline 0.003 -5"><span class='ocrx_word' id='word_1_536' title='bbox 2138 631 2263 679; x_wconf 88' lang='lat' dir='ltr'><strong>sunt</strong></span> <span class='ocrx_word' id='word_1_537' title='bbox 2281 623 2418 677; x_wconf 92' lang='lat' dir='ltr'><strong>bona</strong></span> <span class='ocrx_word' id='word_1_538' title='bbox 2439 621 2634 676; x_wconf 87' lang='lat' dir='ltr'><strong>facere.</strong></span> <span class='ocrx_word' id='word_1_539' title='bbox 2659 619 2901 674; x_wconf 88' lang='lat' dir='ltr'><strong>Pertinet</strong></span> <span class='ocrx_word' id='word_1_540' title='bbox 2927 628 3107 675; x_wconf 89' lang='lat' dir='ltr'><strong>autem</strong></span> <span class='ocrx_word' id='word_1_541' title='bbox 3132 621 3200 676; x_wconf 90' lang='lat' dir='ltr'><strong>ad</strong></span> <span class='ocrx_word' id='word_1_542' title='bbox 3226 621 3505 681; x_wconf 86' lang='lat' dir='ltr'><strong>Christiani</strong></span> <span class='ocrx_word' id='word_1_543' title='bbox 3529 626 3659 683; x_wconf 80' lang='lat' dir='ltr'><strong>tinni-</strong></span> 
     </span>
    </p>
   </div>
   <div class='ocr_carea' id='block_1_73' title="bbox 2138 710 3659 781">
    <p class='ocr_par' dir='ltr' id='par_1_73' title="bbox 2138 710 3659 781">
     <span class='ocr_line' id='line_1_76' title="bbox 2138 710 3659 781; baseline 0.003 -14"><span class='ocrx_word' id='word_1_544' title='bbox 2138 720 2304 768; x_wconf 88' lang='lat' dir='ltr'><strong>tatem</strong></span> <span class='ocrx_word' id='word_1_545' title='bbox 2349 726 2455 766; x_wconf 92' lang='lat' dir='ltr'><strong>non</strong></span> <span class='ocrx_word' id='word_1_546' title='bbox 2502 710 2676 765; x_wconf 92' lang='lat' dir='ltr'><strong>solum</strong></span> <span class='ocrx_word' id='word_1_547' title='bbox 2732 710 2949 781; x_wconf 88' lang='lat' dir='ltr'><strong>cperari</strong></span> <span class='ocrx_word' id='word_1_548' title='bbox 2994 725 3114 779; x_wconf 71' lang='lat' dir='ltr'><strong>qua:</strong></span> <span class='ocrx_word' id='word_1_549' title='bbox 3158 711 3298 766; x_wconf 88' lang='lat' dir='ltr'><strong>bona</strong></span> <span class='ocrx_word' id='word_1_550' title='bbox 3339 723 3475 780; x_wconf 90' lang='lat' dir='ltr'><strong>sunt,</strong></span> <span class='ocrx_word' id='word_1_551' title='bbox 3516 717 3659 771; x_wconf 87' lang='lat' dir='ltr'><strong>sedet</strong></span> 
     </span>
    </p>
   </div>
   <div class='ocr_carea' id='block_1_74' title="bbox 2138 800 3659 872">
    <p class='ocr_par' dir='ltr' id='par_1_74' title="bbox 2138 800 3659 872">
     <span class='ocr_line' id='line_1_77' title="bbox 2138 800 3659 872; baseline 0.002 -13"><span class='ocrx_word' id='word_1_552' title='bbox 2138 804 2371 860; x_wconf 89' lang='lat' dir='ltr'><strong>tolerare</strong></span> <span class='ocrx_word' id='word_1_553' title='bbox 2423 817 2545 872; x_wconf 68' lang='lat' dir='ltr'><strong>qua:</strong></span> <span class='ocrx_word' id='word_1_554' title='bbox 2588 800 2725 855; x_wconf 90' lang='lat' dir='ltr'><strong>mala</strong></span> <span class='ocrx_word' id='word_1_555' title='bbox 2770 809 2918 855; x_wconf 85' lang='lat' dir='ltr'><strong>sunt.</strong></span> <span class='ocrx_word' id='word_1_556' title='bbox 2960 800 3059 867; x_wconf 86' lang='lat' dir='ltr'><strong>Qui</strong></span> <span class='ocrx_word' id='word_1_557' title='bbox 3108 810 3288 857; x_wconf 89' lang='lat' dir='ltr'><strong>autem</strong></span> <span class='ocrx_word' id='word_1_558' title='bbox 3331 805 3558 861; x_wconf 83' lang='lat' dir='ltr'><strong>videqu</strong></span> <span class='ocrx_word' id='word_1_559' title='bbox 3578 806 3659 862; x_wconf 86' lang='lat' dir='ltr'><strong>fer-</strong></span> 
     </span>
    </p>
   </div>
   <div class='ocr_carea' id='block_1_75' title="bbox 2136 892 3659 966">
    <p class='ocr_par' dir='ltr' id='par_1_75' title="bbox 2136 892 3659 966">
     <span class='ocr_line' id='line_1_78' title="bbox 2136 892 3659 966; baseline 0.003 -19"><span class='ocrx_word' id='word_1_560' title='bbox 2136 910 2265 949; x_wconf 87' lang='lat' dir='ltr'><strong>vere</strong></span> <span class='ocrx_word' id='word_1_561' title='bbox 2305 895 2360 948; x_wconf 91' lang='lat' dir='ltr'><strong>in</strong></span> <span class='ocrx_word' id='word_1_562' title='bbox 2403 892 2656 963; x_wconf 85' lang='lat' dir='ltr'><strong>operibus</strong></span> <span class='ocrx_word' id='word_1_563' title='bbox 2696 892 2874 958; x_wconf 90' lang='lat' dir='ltr'><strong>bonis,</strong></span> <span class='ocrx_word' id='word_1_564' title='bbox 2918 892 3013 947; x_wconf 87' lang='lat' dir='ltr'><strong>sed</strong></span> <span class='ocrx_word' id='word_1_565' title='bbox 3042 892 3385 950; x_wconf 88' lang='lat' dir='ltr'><strong>imminentes</strong></span> <span class='ocrx_word' id='word_1_566' title='bbox 3427 897 3659 966; x_wconf 87' lang='lat' dir='ltr'><strong>passiones</strong></span> 
     </span>
    </p>
   </div>
   <div class='ocr_carea' id='block_1_76' title="bbox 2138 982 3660 1055">
    <p class='ocr_par' dir='ltr' id='par_1_76' title="bbox 2138 982 3660 1055">
     <span class='ocr_line' id='line_1_79' title="bbox 2138 982 3660 1055; baseline 0.005 -16"><span class='ocrx_word' id='word_1_567' title='bbox 2138 983 2370 1039; x_wconf 89' lang='lat' dir='ltr'><strong>tolerare</strong></span> <span class='ocrx_word' id='word_1_568' title='bbox 2395 982 2535 1038; x_wconf 90' lang='lat' dir='ltr'><strong>nolle</strong></span> <span class='ocrx_word' id='word_1_569' title='bbox 2562 993 2654 1036; x_wconf 90' lang='lat' dir='ltr'><strong>aut</strong></span> <span class='ocrx_word' id='word_1_570' title='bbox 2684 999 2788 1038; x_wconf 88' lang='lat' dir='ltr'><strong>non</strong></span> <span class='ocrx_word' id='word_1_571' title='bbox 2817 999 2998 1054; x_wconf 89' lang='lat' dir='ltr'><strong>posse,</strong></span> <span class='ocrx_word' id='word_1_572' title='bbox 3030 983 3234 1039; x_wconf 86' lang='lat' dir='ltr'><strong>infirmi</strong></span> <span class='ocrx_word' id='word_1_573' title='bbox 3266 996 3403 1041; x_wconf 90' lang='lat' dir='ltr'><strong>sunt.</strong></span> <span class='ocrx_word' id='word_1_574' title='bbox 3442 987 3532 1055; x_wconf 84' lang='lat' dir='ltr'><strong>Qui</strong></span> <span class='ocrx_word' id='word_1_575' title='bbox 3557 1006 3660 1047; x_wconf 86' lang='lat' dir='ltr'><strong>vero</strong></span> 
     </span>
    </p>
   </div>
   <div class='ocr_carea' id='block_1_77' title="bbox 2138 1073 3661 1150">
    <p class='ocr_par' dir='ltr' id='par_1_77' title="bbox 2138 1073 3661 1150">
     <span class='ocr_line' id='line_1_80' title="bbox 2138 1073 3661 1150; baseline 0.005 -22"><span class='ocrx_word' id='word_1_576' title='bbox 2138 1074 2432 1145; x_wconf 89' lang='lat' dir='ltr'><strong>cupiditate</strong></span> <span class='ocrx_word' id='word_1_577' title='bbox 2457 1073 2632 1144; x_wconf 86' lang='lat' dir='ltr'><strong>aliqua</strong></span> <span class='ocrx_word' id='word_1_578' title='bbox 2670 1074 2810 1129; x_wconf 87' lang='lat' dir='ltr'><strong>mala</strong></span> <span class='ocrx_word' id='word_1_579' title='bbox 2846 1082 3118 1131; x_wconf 87' lang='lat' dir='ltr'><strong>amatores</strong></span> <span class='ocrx_word' id='word_1_580' title='bbox 3148 1076 3331 1132; x_wconf 90' lang='lat' dir='ltr'><strong>mundi</strong></span> <span class='ocrx_word' id='word_1_581' title='bbox 3357 1080 3422 1134; x_wconf 91' lang='lat' dir='ltr'><strong>ab</strong></span> <span class='ocrx_word' id='word_1_582' title='bbox 3448 1081 3564 1150; x_wconf 89' lang='lat' dir='ltr'><strong>ipsis</strong></span> <span class='ocrx_word' id='word_1_583' title='bbox 3588 1083 3661 1136; x_wconf 89' lang='lat' dir='ltr'><strong>ho-</strong></span> 
     </span>
    </p>
   </div>
   <div class='ocr_carea' id='block_1_78' title="bbox 2138 1164 3657 1238">
    <p class='ocr_par' dir='ltr' id='par_1_78' title="bbox 2138 1164 3657 1238">
     <span class='ocr_line' id='line_1_81' title="bbox 2138 1164 3657 1238; baseline 0.004 -18"><span class='ocrx_word' id='word_1_584' title='bbox 2138 1165 2227 1220; x_wconf 92' lang='lat' dir='ltr'><strong>nis</strong></span> <span class='ocrx_word' id='word_1_585' title='bbox 2254 1165 2506 1236; x_wconf 91' lang='lat' dir='ltr'><strong>operibus</strong></span> <span class='ocrx_word' id='word_1_586' title='bbox 2537 1172 2884 1231; x_wconf 89' lang='lat' dir='ltr'><strong>revocantur,</strong></span> <span class='ocrx_word' id='word_1_587' title='bbox 2926 1164 3163 1235; x_wconf 88' lang='lat' dir='ltr'><strong>languidi</strong></span> <span class='ocrx_word' id='word_1_588' title='bbox 3195 1176 3251 1221; x_wconf 92' lang='lat' dir='ltr'><strong>et</strong></span> <span class='ocrx_word' id='word_1_589' title='bbox 3282 1170 3455 1238; x_wconf 55' lang='grc' dir='ltr'><strong>κεῖοῑὶ</strong></span> <span class='ocrx_word' id='word_1_590' title='bbox 3475 1168 3657 1238; x_wconf 79' lang='lat' dir='ltr'><strong>jaceat:</strong></span> 
     </span>
    </p>
   </div>
   <div class='ocr_carea' id='block_1_79' title="bbox 2139 1255 3662 1328">
    <p class='ocr_par' dir='ltr' id='par_1_79' title="bbox 2139 1255 3662 1328">
     <span class='ocr_line' id='line_1_82' title="bbox 2139 1255 3662 1328; baseline 0.005 -18"><span class='ocrx_word' id='word_1_591' title='bbox 2139 1257 2338 1328; x_wconf 89' lang='lat' dir='ltr'><strong>quippe</strong></span> <span class='ocrx_word' id='word_1_592' title='bbox 2375 1258 2466 1327; x_wconf 94' lang='lat' dir='ltr'><strong>qui</strong></span> <span class='ocrx_word' id='word_1_593' title='bbox 2495 1256 2612 1327; x_wconf 84' lang='lat' dir='ltr'><strong>ipso</strong></span> <span class='ocrx_word' id='word_1_594' title='bbox 2641 1255 2900 1327; x_wconf 87' lang='lat' dir='ltr'><strong>languore</strong></span> <span class='ocrx_word' id='word_1_595' title='bbox 2939 1265 3195 1328; x_wconf 87' lang='lat' dir='ltr'><strong>tanquam</strong></span> <span class='ocrx_word' id='word_1_596' title='bbox 3219 1259 3335 1315; x_wconf 91' lang='lat' dir='ltr'><strong>sine</strong></span> <span class='ocrx_word' id='word_1_597' title='bbox 3359 1261 3473 1317; x_wconf 89' lang='lat' dir='ltr'><strong>ullis</strong></span> <span class='ocrx_word' id='word_1_598' title='bbox 3496 1263 3662 1319; x_wconf 81' lang='lat' dir='ltr'><strong>viribus</strong></span> 
     </span>
    </p>
   </div>
   <div class='ocr_carea' id='block_1_80' title="bbox 2138 1346 2931 1417">
    <p class='ocr_par' dir='ltr' id='par_1_80' title="bbox 2138 1346 2931 1417">
     <span class='ocr_line' id='line_1_83' title="bbox 2138 1346 2931 1417; baseline -0.001 -16"><span class='ocrx_word' id='word_1_599' title='bbox 2138 1346 2272 1401; x_wconf 90' lang='lat' dir='ltr'><strong>nihil</strong></span> <span class='ocrx_word' id='word_1_600' title='bbox 2294 1346 2418 1401; x_wconf 83' lang='lat' dir='ltr'><strong>boni</strong></span> <span class='ocrx_word' id='word_1_601' title='bbox 2444 1354 2670 1416; x_wconf 90' lang='lat' dir='ltr'><strong>possunt</strong></span> <span class='ocrx_word' id='word_1_602' title='bbox 2697 1347 2931 1417; x_wconf 88' lang='lat' dir='ltr'><strong>operari.</strong></span> 
     </span>
    </p>
   </div>
   <div class='ocr_carea' id='block_1_81' title="bbox 2618 1433 3233 1507">
    <p class='ocr_par' dir='ltr' id='par_1_81' title="bbox 2618 1433 3233 1507">
     <span class='ocr_line' id='line_1_84' title="bbox 2618 1433 3233 1507; baseline 0.002 -16"><span class='ocrx_word' id='word_1_603' title='bbox 2618 1433 2646 1507; x_wconf 86' lang='lat'><strong>§</strong></span> <span class='ocrx_word' id='word_1_604' title='bbox 2674 1434 2781 1491; x_wconf 80' lang='lat' dir='ltr'><strong>VII.</strong></span> <span class='ocrx_word' id='word_1_605' title='bbox 2814 1435 2949 1490; x_wconf 85' lang='lat' dir='ltr'><strong>Item</strong></span> <span class='ocrx_word' id='word_1_606' title='bbox 2975 1436 3233 1504; x_wconf 75' lang='lat' dir='ltr'><strong>ejusdem.</strong></span> 
     </span>
    </p>
   </div>
   <div class='ocr_carea' id='block_1_82' title="bbox 2213 1522 3661 1600">
    <p class='ocr_par' dir='ltr' id='par_1_82' title="bbox 2213 1522 3661 1600">
     <span class='ocr_line' id='line_1_85' title="bbox 2213 1522 3661 1600; baseline 0.01 -27"><span class='ocrx_word' id='word_1_607' title='bbox 2213 1529 2229 1571; x_wconf 74' lang='grc' dir='ltr'><strong><em>ι</em></strong></span> <span class='ocrx_word' id='word_1_608' title='bbox 2265 1523 2381 1578; x_wconf 87' lang='lat' dir='ltr'><strong>Non</strong></span> <span class='ocrx_word' id='word_1_609' title='bbox 2427 1522 2626 1579; x_wconf 85' lang='lat' dir='ltr'><strong>frustra</strong></span> <span class='ocrx_word' id='word_1_610' title='bbox 2676 1541 2806 1597; x_wconf 85' lang='lat' dir='ltr'><strong>ergo</strong></span> <span class='ocrx_word' id='word_1_611' title='bbox 2841 1542 2962 1580; x_wconf 91' lang='lat' dir='ltr'><strong>cum</strong></span> <span class='ocrx_word' id='word_1_612' title='bbox 2986 1541 3105 1595; x_wconf 78' lang='lat' dir='ltr'><strong>jam</strong></span> <span class='ocrx_word' id='word_1_613' title='bbox 3141 1527 3363 1584; x_wconf 77' lang='lat' dir='ltr'><strong>dixisset</strong></span> <span class='ocrx_word' id='word_1_614' title='bbox 3402 1534 3617 1600; x_wconf 88' lang='lat' dir='ltr'><strong>superius</strong></span> <span class='ocrx_word' id='word_1_615' title='bbox 3651 1554 3661 1587; x_wconf 89' lang='lat'>:</span> 
     </span>
    </p>
   </div>
   <div class='ocr_carea' id='block_1_83' title="bbox 2142 1614 3661 1687">
    <p class='ocr_par' dir='ltr' id='par_1_83' title="bbox 2142 1614 3661 1687">
     <span class='ocr_line' id='line_1_86' title="bbox 2142 1614 3661 1687; baseline 0.005 -17"><span class='ocrx_word' id='word_1_616' title='bbox 2142 1614 2297 1681; x_wconf 87' lang='lat' dir='ltr'><strong>Quod</strong></span> <span class='ocrx_word' id='word_1_617' title='bbox 2320 1632 2555 1671; x_wconf 86' lang='lat' dir='ltr'><strong>crassum</strong></span> <span class='ocrx_word' id='word_1_618' title='bbox 2579 1626 2674 1682; x_wconf 88' lang='lat' dir='ltr'><strong>est,</strong></span> <span class='ocrx_word' id='word_1_619' title='bbox 2699 1618 3055 1687; x_wconf 76' lang='lat' dir='ltr'><strong>interfecistis.</strong></span> <span class='ocrx_word' id='word_1_620' title='bbox 3083 1618 3182 1674; x_wconf 84' lang='lat' dir='ltr'><strong>Hic</strong></span> <span class='ocrx_word' id='word_1_621' title='bbox 3217 1620 3408 1675; x_wconf 91' lang='lat' dir='ltr'><strong>iterum</strong></span> <span class='ocrx_word' id='word_1_622' title='bbox 3434 1622 3482 1676; x_wconf 92' lang='lat' dir='ltr'><strong>in</strong></span> <span class='ocrx_word' id='word_1_623' title='bbox 3520 1626 3661 1679; x_wconf 80' lang='lat' dir='ltr'><strong>novis-</strong></span> 
     </span>
    </p>
   </div>
   <div class='ocr_carea' id='block_1_84' title="bbox 2140 1705 3666 1783">
    <p class='ocr_par' dir='ltr' id='par_1_84' title="bbox 2140 1705 3666 1783">
     <span class='ocr_line' id='line_1_87' title="bbox 2140 1705 3666 1783; baseline 0.005 -22"><span class='ocrx_word' id='word_1_624' title='bbox 2140 1706 2281 1761; x_wconf 85' lang='lat' dir='ltr'><strong>simo</strong></span> <span class='ocrx_word' id='word_1_625' title='bbox 2311 1707 2525 1777; x_wconf 61' lang='lat' dir='ltr'><strong>posuit:</strong></span> <span class='ocrx_word' id='word_1_626' title='bbox 2546 1705 2614 1760; x_wconf 83' lang='lat' dir='ltr'><strong>Et</strong></span> <span class='ocrx_word' id='word_1_627' title='bbox 2641 1708 2779 1778; x_wconf 81' lang='lat' dir='ltr'><strong>quod</strong></span> <span class='ocrx_word' id='word_1_628' title='bbox 2805 1707 2939 1775; x_wconf 80' lang='lat' dir='ltr'><strong>forte</strong></span> <span class='ocrx_word' id='word_1_629' title='bbox 2958 1706 3086 1778; x_wconf 78' lang='lat' dir='ltr'><strong>fuit,</strong></span> <span class='ocrx_word' id='word_1_630' title='bbox 3116 1711 3455 1780; x_wconf 74' lang='lat' dir='ltr'><strong>confregistis.</strong></span> <span class='ocrx_word' id='word_1_631' title='bbox 3481 1712 3581 1783; x_wconf 86' lang='lat' dir='ltr'><strong>Ipsa</strong></span> <span class='ocrx_word' id='word_1_632' title='bbox 3601 1725 3666 1769; x_wconf 56' lang='lat' dir='ltr'><strong>at</strong></span> 
     </span>
    </p>
   </div>
   <div class='ocr_carea' id='block_1_85' title="bbox 2069 1791 3664 1872">
    <p class='ocr_par' dir='ltr' id='par_1_85' title="bbox 2069 1791 3664 1872">
     <span class='ocr_line' id='line_1_88' title="bbox 2069 1791 3664 1872; baseline 0.003 -22"><span class='ocrx_word' id='word_1_633' title='bbox 2069 1791 2116 1850; x_wconf 91' lang='lat' dir='ltr'><strong>B</strong></span> <span class='ocrx_word' id='word_1_634' title='bbox 2142 1795 2288 1850; x_wconf 91' lang='lat' dir='ltr'><strong>enim</strong></span> <span class='ocrx_word' id='word_1_635' title='bbox 2335 1795 2565 1867; x_wconf 91' lang='lat' dir='ltr'><strong>repetita</strong></span> <span class='ocrx_word' id='word_1_636' title='bbox 2594 1796 2877 1861; x_wconf 87' lang='lat' dir='ltr'><strong>sententia,</strong></span> <span class='ocrx_word' id='word_1_637' title='bbox 2912 1796 3016 1851; x_wconf 88' lang='lat' dir='ltr'><strong>nisi</strong></span> <span class='ocrx_word' id='word_1_638' title='bbox 3048 1797 3175 1869; x_wconf 91' lang='lat' dir='ltr'><strong>quia</strong></span> <span class='ocrx_word' id='word_1_639' title='bbox 3207 1814 3272 1854; x_wconf 79' lang='lat' dir='ltr'><strong>ex</strong></span> <span class='ocrx_word' id='word_1_640' title='bbox 3301 1800 3382 1856; x_wconf 92' lang='lat' dir='ltr'><strong>his</strong></span> <span class='ocrx_word' id='word_1_641' title='bbox 3408 1818 3515 1871; x_wconf 78' lang='lat' dir='ltr'><strong>qua:</strong></span> <span class='ocrx_word' id='word_1_642' title='bbox 3535 1817 3664 1872; x_wconf 79' lang='lat' dir='ltr'><strong>supra</strong></span> 
     </span>
    </p>
   </div>
   <div class='ocr_carea' id='block_1_86' title="bbox 2138 1889 3666 1969">
    <p class='ocr_par' dir='ltr' id='par_1_86' title="bbox 2138 1889 3666 1969">
     <span class='ocr_line' id='line_1_89' title="bbox 2138 1889 3666 1969; baseline 0.004 -23"><span class='ocrx_word' id='word_1_643' title='bbox 2138 1889 2277 1946; x_wconf 81' lang='lat' dir='ltr'><strong>dixit</strong></span> <span class='ocrx_word' id='word_1_644' title='bbox 2299 1896 2423 1943; x_wconf 86' lang='lat' dir='ltr'><strong>nata</strong></span> <span class='ocrx_word' id='word_1_645' title='bbox 2452 1898 2552 1945; x_wconf 90' lang='lat' dir='ltr'><strong>est.</strong></span> <span class='ocrx_word' id='word_1_646' title='bbox 2580 1890 2735 1957; x_wconf 83' lang='lat' dir='ltr'><strong>Quod</strong></span> <span class='ocrx_word' id='word_1_647' title='bbox 2756 1891 2990 1956; x_wconf 86' lang='lat' dir='ltr'><strong>errabat,</strong></span> <span class='ocrx_word' id='word_1_648' title='bbox 3017 1910 3125 1947; x_wconf 84' lang='lat' dir='ltr'><strong>non</strong></span> <span class='ocrx_word' id='word_1_649' title='bbox 3149 1899 3418 1951; x_wconf 70' lang='lat' dir='ltr'><strong>revocastis</strong></span> <span class='ocrx_word' id='word_1_650' title='bbox 3449 1914 3465 1951; x_wconf 91' lang='lat'><strong><em>:</em></strong></span> <span class='ocrx_word' id='word_1_651' title='bbox 3490 1908 3533 1951; x_wconf 90' lang='lat' dir='ltr'><strong>et</strong></span> <span class='ocrx_word' id='word_1_652' title='bbox 3557 1898 3666 1969; x_wconf 87' lang='lat' dir='ltr'><strong>quod</strong></span> 
     </span>
    </p>
   </div>
   <div class='ocr_carea' id='block_1_87' title="bbox 2135 1982 3664 2059">
    <p class='ocr_par' dir='ltr' id='par_1_87' title="bbox 2135 1982 3664 2059">
     <span class='ocr_line' id='line_1_90' title="bbox 2135 1982 3664 2059; baseline 0.007 -25"><span class='ocrx_word' id='word_1_653' title='bbox 2135 1982 2383 2052; x_wconf 82' lang='lat' dir='ltr'><strong>perierat,</strong></span> <span class='ocrx_word' id='word_1_654' title='bbox 2405 1999 2509 2037; x_wconf 82' lang='lat' dir='ltr'><strong>non</strong></span> <span class='ocrx_word' id='word_1_655' title='bbox 2533 1983 2815 2053; x_wconf 78' lang='lat' dir='ltr'><strong>qua’sistt&#39;s.</strong></span> <span class='ocrx_word' id='word_1_656' title='bbox 2849 1982 2961 2039; x_wconf 84' lang='lat' dir='ltr'><strong>Hoc</strong></span> <span class='ocrx_word' id='word_1_657' title='bbox 2988 1983 3255 2051; x_wconf 87' lang='lat' dir='ltr'><strong>faciendo,</strong></span> <span class='ocrx_word' id='word_1_658' title='bbox 3289 1986 3432 2053; x_wconf 84' lang='lat' dir='ltr'><strong>Quod</strong></span> <span class='ocrx_word' id='word_1_659' title='bbox 3458 1989 3574 2059; x_wconf 79' lang='lat' dir='ltr'><strong>forte</strong></span> <span class='ocrx_word' id='word_1_660' title='bbox 3591 2000 3664 2053; x_wconf 75' lang='lat' dir='ltr'><strong>est.</strong></span> 
     </span>
    </p>
   </div>
   <div class='ocr_carea' id='block_1_88' title="bbox 2137 2072 3667 2148">
    <p class='ocr_par' dir='ltr' id='par_1_88' title="bbox 2137 2072 3667 2148">
     <span class='ocr_line' id='line_1_91' title="bbox 2137 2072 3667 2148; baseline 0.007 -24"><span class='ocrx_word' id='word_1_661' title='bbox 2137 2072 2491 2141; x_wconf 81' lang='lat' dir='ltr'><strong>interfecistis.</strong></span> <span class='ocrx_word' id='word_1_662' title='bbox 2532 2073 2559 2113; x_wconf 65' lang='grc' dir='ltr'>ι</span> <span class='ocrx_word' id='word_1_663' title='bbox 2605 2073 2840 2129; x_wconf 86' lang='lat' dir='ltr'><strong>Proinde</strong></span> <span class='ocrx_word' id='word_1_664' title='bbox 2890 2076 3013 2130; x_wconf 85' lang='lat' dir='ltr'><strong>audi</strong></span> <span class='ocrx_word' id='word_1_665' title='bbox 3046 2077 3181 2146; x_wconf 83' lang='lat' dir='ltr'><strong>quid</strong></span> <span class='ocrx_word' id='word_1_666' title='bbox 3208 2088 3454 2148; x_wconf 85' lang='lat' dir='ltr'><strong>sequatur</strong></span> <span class='ocrx_word' id='word_1_667' title='bbox 3492 2081 3549 2134; x_wconf 88' lang='lat' dir='ltr'><strong>de</strong></span> <span class='ocrx_word' id='word_1_668' title='bbox 3588 2082 3667 2135; x_wconf 84' lang='lat' dir='ltr'><strong>ista</strong></span> 
     </span>
    </p>
   </div>
   <div class='ocr_carea' id='block_1_89' title="bbox 2137 2160 3666 2239">
    <p class='ocr_par' dir='ltr' id='par_1_89' title="bbox 2137 2160 3666 2239">
     <span class='ocr_line' id='line_1_92' title="bbox 2137 2160 3666 2239; baseline 0.006 -25"><span class='ocrx_word' id='word_1_669' title='bbox 2137 2160 2465 2233; x_wconf 87' lang='lat' dir='ltr'><strong>negligentia</strong></span> <span class='ocrx_word' id='word_1_670' title='bbox 2508 2162 2795 2230; x_wconf 88' lang='lat' dir='ltr'><strong>malorum,</strong></span> <span class='ocrx_word' id='word_1_671' title='bbox 2853 2164 2962 2219; x_wconf 90' lang='lat' dir='ltr'><strong>imo</strong></span> <span class='ocrx_word' id='word_1_672' title='bbox 3001 2163 3264 2222; x_wconf 83' lang='lat' dir='ltr'><strong>falsorum</strong></span> <span class='ocrx_word' id='word_1_673' title='bbox 3302 2178 3552 2239; x_wconf 87' lang='lat' dir='ltr'><strong>pastorum</strong></span> <span class='ocrx_word' id='word_1_674' title='bbox 3580 2189 3589 2224; x_wconf 87' lang='lat'><strong>:</strong></span> <span class='ocrx_word' id='word_1_675' title='bbox 3613 2170 3666 2225; x_wconf 88' lang='lat' dir='ltr'><strong>Et</strong></span> 
     </span>
    </p>
   </div>
   <div class='ocr_carea' id='block_1_90' title="bbox 2138 2252 3667 2328">
    <p class='ocr_par' dir='ltr' id='par_1_90' title="bbox 2138 2252 3667 2328">
     <span class='ocr_line' id='line_1_93' title="bbox 2138 2252 3667 2328; baseline 0.005 -22"><span class='ocrx_word' id='word_1_676' title='bbox 2138 2252 2387 2324; x_wconf 73' lang='lat' dir='ltr'><strong>dispersa:</strong></span> <span class='ocrx_word' id='word_1_677' title='bbox 2407 2264 2528 2308; x_wconf 83' lang='lat' dir='ltr'><strong>sunt</strong></span> <span class='ocrx_word' id='word_1_678' title='bbox 2548 2271 2665 2310; x_wconf 83' lang='lat' dir='ltr'><strong>oues</strong></span> <span class='ocrx_word' id='word_1_679' title='bbox 2694 2273 2844 2322; x_wconf 59' lang='lat' dir='ltr'><strong>meat,</strong></span> <span class='ocrx_word' id='word_1_680' title='bbox 2874 2266 2924 2311; x_wconf 82' lang='lat' dir='ltr'><strong>et</strong></span> <span class='ocrx_word' id='word_1_681' title='bbox 2964 2258 3126 2328; x_wconf 74' lang='lat' dir='ltr'><strong>facta:</strong></span> <span class='ocrx_word' id='word_1_682' title='bbox 3154 2270 3272 2314; x_wconf 84' lang='lat' dir='ltr'><strong>sunt</strong></span> <span class='ocrx_word' id='word_1_683' title='bbox 3299 2260 3351 2314; x_wconf 84' lang='lat' dir='ltr'><strong>in</strong></span> <span class='ocrx_word' id='word_1_684' title='bbox 3372 2271 3667 2316; x_wconf 69' lang='lat' dir='ltr'><strong>comesturam</strong></span> 
     </span>
    </p>
   </div>
   <div class='ocr_carea' id='block_1_91' title="bbox 2141 2342 3667 2421">
    <p class='ocr_par' dir='ltr' id='par_1_91' title="bbox 2141 2342 3667 2421">
     <span class='ocr_line' id='line_1_94' title="bbox 2141 2342 3667 2421; baseline 0.007 -24"><span class='ocrx_word' id='word_1_685' title='bbox 2141 2342 2380 2397; x_wconf 86' lang='lat' dir='ltr'><strong>omnibus</strong></span> <span class='ocrx_word' id='word_1_686' title='bbox 2419 2344 2595 2398; x_wconf 80' lang='lat' dir='ltr'><strong>bestiis</strong></span> <span class='ocrx_word' id='word_1_687' title='bbox 2632 2346 2767 2416; x_wconf 85' lang='lat' dir='ltr'><strong>agri.</strong></span> <span class='ocrx_word' id='word_1_688' title='bbox 2815 2346 3095 2403; x_wconf 86' lang='lat' dir='ltr'><strong>Furantur</strong></span> <span class='ocrx_word' id='word_1_689' title='bbox 3134 2348 3245 2421; x_wconf 92' lang='lat' dir='ltr'><strong>lupi</strong></span> <span class='ocrx_word' id='word_1_690' title='bbox 3274 2351 3580 2419; x_wconf 88' lang='lat' dir='ltr'><strong>insidiantes,</strong></span> <span class='ocrx_word' id='word_1_691' title='bbox 3603 2369 3667 2408; x_wconf 80' lang='lat' dir='ltr'><strong>ra-</strong></span> 
     </span>
    </p>
   </div>
   <div class='ocr_carea' id='block_1_92' title="bbox 2139 2431 3670 2514">
    <p class='ocr_par' dir='ltr' id='par_1_92' title="bbox 2139 2431 3670 2514">
     <span class='ocr_line' id='line_1_95' title="bbox 2139 2431 3670 2514; baseline 0.008 -29"><span class='ocrx_word' id='word_1_692' title='bbox 2139 2431 2295 2503; x_wconf 91' lang='lat' dir='ltr'><strong>piunt</strong></span> <span class='ocrx_word' id='word_1_693' title='bbox 2324 2431 2509 2489; x_wconf 90' lang='lat' dir='ltr'><strong>leones</strong></span> <span class='ocrx_word' id='word_1_694' title='bbox 2541 2432 2856 2501; x_wconf 88' lang='lat' dir='ltr'><strong>frementes,</strong></span> <span class='ocrx_word' id='word_1_695' title='bbox 2890 2436 2907 2476; x_wconf 74' lang='lat'><strong>1</strong></span> <span class='ocrx_word' id='word_1_696' title='bbox 2950 2454 3078 2494; x_wconf 90' lang='lat' dir='ltr'><strong>cum</strong></span> <span class='ocrx_word' id='word_1_697' title='bbox 3126 2456 3260 2497; x_wconf 91' lang='lat' dir='ltr'><strong>oves</strong></span> <span class='ocrx_word' id='word_1_698' title='bbox 3297 2443 3554 2498; x_wconf 72' lang='lat' dir='ltr'><strong>adhaerent</strong></span> <span class='ocrx_word' id='word_1_699' title='bbox 3575 2458 3670 2514; x_wconf 80' lang='lat' dir='ltr'><strong>pas-</strong></span> 
     </span>
    </p>
   </div>
   <div class='ocr_carea' id='block_1_93' title="bbox 2142 2522 3668 2603">
    <p class='ocr_par' dir='ltr' id='par_1_93' title="bbox 2142 2522 3668 2603">
     <span class='ocr_line' id='line_1_96' title="bbox 2142 2522 3668 2603; baseline 0.007 -27"><span class='ocrx_word' id='word_1_700' title='bbox 2142 2522 2265 2586; x_wconf 89' lang='lat' dir='ltr'><strong>tori,</strong></span> <span class='ocrx_word' id='word_1_701' title='bbox 2286 2539 2410 2578; x_wconf 89' lang='lat' dir='ltr'><strong>nam</strong></span> <span class='ocrx_word' id='word_1_702' title='bbox 2433 2538 2671 2594; x_wconf 67' lang='lat' dir='ltr'><strong>pmsens</strong></span> <span class='ocrx_word' id='word_1_703' title='bbox 2687 2533 2772 2581; x_wconf 85' lang='lat' dir='ltr'><strong>est</strong></span> <span class='ocrx_word' id='word_1_704' title='bbox 2791 2536 2997 2597; x_wconf 89' lang='lat' dir='ltr'><strong>pastor,</strong></span> <span class='ocrx_word' id='word_1_705' title='bbox 3015 2528 3115 2584; x_wconf 90' lang='lat' dir='ltr'><strong>sed</strong></span> <span class='ocrx_word' id='word_1_706' title='bbox 3139 2530 3280 2586; x_wconf 89' lang='lat' dir='ltr'><strong>male</strong></span> <span class='ocrx_word' id='word_1_707' title='bbox 3304 2531 3559 2603; x_wconf 88' lang='lat' dir='ltr'><strong>agentibus</strong></span> <span class='ocrx_word' id='word_1_708' title='bbox 3585 2547 3668 2586; x_wconf 89' lang='lat' dir='ltr'><strong>non</strong></span> 
     </span>
    </p>
   </div>
   <div class='ocr_carea' id='block_1_94' title="bbox 2140 2615 3665 2694">
    <p class='ocr_par' dir='ltr' id='par_1_94' title="bbox 2140 2615 3665 2694">
     <span class='ocr_line' id='line_1_97' title="bbox 2140 2615 3665 2694; baseline 0.006 -27"><span class='ocrx_word' id='word_1_709' title='bbox 2140 2620 2225 2668; x_wconf 90' lang='lat' dir='ltr'><strong>est</strong></span> <span class='ocrx_word' id='word_1_710' title='bbox 2238 2620 2452 2684; x_wconf 85' lang='lat' dir='ltr'><strong>pastor.</strong></span> <span class='ocrx_word' id='word_1_711' title='bbox 2485 2615 2555 2669; x_wconf 87' lang='lat' dir='ltr'><strong>Et</strong></span> <span class='ocrx_word' id='word_1_712' title='bbox 2583 2616 2850 2673; x_wconf 64' lang='lat' dir='ltr'><strong>inhaerent</strong></span> <span class='ocrx_word' id='word_1_713' title='bbox 2879 2621 3215 2688; x_wconf 87' lang='lat' dir='ltr'><strong>pastoribus,</strong></span> <span class='ocrx_word' id='word_1_714' title='bbox 3243 2633 3282 2661; x_wconf 84' lang='grc' dir='ltr'><strong>ιιι</strong></span> <span class='ocrx_word' id='word_1_715' title='bbox 3309 2620 3453 2694; x_wconf 82' lang='grc' dir='ltr'><strong>[ηοη]</strong></span> <span class='ocrx_word' id='word_1_716' title='bbox 3476 2623 3665 2692; x_wconf 85' lang='lat' dir='ltr'><strong>pastori-</strong></span> 
     </span>
    </p>
   </div>
   <div class='ocr_carea' id='block_1_95' title="bbox 2138 2703 3669 2787">
    <p class='ocr_par' dir='ltr' id='par_1_95' title="bbox 2138 2703 3669 2787">
     <span class='ocr_line' id='line_1_98' title="bbox 2138 2703 3669 2787; baseline 0.006 -31"><span class='ocrx_word' id='word_1_717' title='bbox 2138 2703 2241 2757; x_wconf 92' lang='lat' dir='ltr'><strong>bus</strong></span> <span class='ocrx_word' id='word_1_718' title='bbox 2271 2704 2499 2774; x_wconf 87' lang='lat' dir='ltr'><strong>seipsos,</strong></span> <span class='ocrx_word' id='word_1_719' title='bbox 2534 2722 2641 2761; x_wconf 93' lang='lat' dir='ltr'><strong>non</strong></span> <span class='ocrx_word' id='word_1_720' title='bbox 2667 2722 2797 2787; x_wconf 77' lang='lat' dir='ltr'><strong>oves</strong></span> <span class='ocrx_word' id='word_1_721' title='bbox 2826 2710 3201 2778; x_wconf 88' lang='lat' dir='ltr'><strong>pascentibus.</strong></span> <span class='ocrx_word' id='word_1_722' title='bbox 3234 2712 3299 2766; x_wconf 88' lang='lat' dir='ltr'><strong>Et</strong></span> <span class='ocrx_word' id='word_1_723' title='bbox 3323 2711 3521 2766; x_wconf 87' lang='lat' dir='ltr'><strong>lethalis</strong></span> <span class='ocrx_word' id='word_1_724' title='bbox 3545 2726 3669 2767; x_wconf 87' lang='lat' dir='ltr'><strong>error</strong></span> 
     </span>
    </p>
   </div>
   <div class='ocr_carea' id='block_1_96' title="bbox 2142 2794 3667 2871">
    <p class='ocr_par' dir='ltr' id='par_1_96' title="bbox 2142 2794 3667 2871">
     <span class='ocr_line' id='line_1_99' title="bbox 2142 2794 3667 2871; baseline 0.005 -24"><span class='ocrx_word' id='word_1_725' title='bbox 2142 2794 2513 2863; x_wconf 88' lang='lat' dir='ltr'><strong>consequitur.</strong></span> <span class='ocrx_word' id='word_1_726' title='bbox 2549 2795 2692 2850; x_wconf 86' lang='lat' dir='ltr'><strong>Eunt</strong></span> <span class='ocrx_word' id='word_1_727' title='bbox 2719 2797 2775 2852; x_wconf 90' lang='lat' dir='ltr'><strong>in</strong></span> <span class='ocrx_word' id='word_1_728' title='bbox 2801 2797 3008 2863; x_wconf 79' lang='lat' dir='ltr'><strong>bestias</strong></span> <span class='ocrx_word' id='word_1_729' title='bbox 3041 2800 3413 2871; x_wconf 70' lang='lat' dir='ltr'><strong>depraedantes</strong></span> <span class='ocrx_word' id='word_1_730' title='bbox 3445 2818 3515 2866; x_wconf 91' lang='lat' dir='ltr'><strong>se,</strong></span> <span class='ocrx_word' id='word_1_731' title='bbox 3551 2803 3667 2856; x_wconf 86' lang='lat' dir='ltr'><strong>etde</strong></span> 
     </span>
    </p>
   </div>
   <div class='ocr_carea' id='block_1_97' title="bbox 2142 2883 3669 2963">
    <p class='ocr_par' dir='ltr' id='par_1_97' title="bbox 2142 2883 3669 2963">
     <span class='ocr_line' id='line_1_100' title="bbox 2142 2883 3669 2963; baseline 0.005 -26"><span class='ocrx_word' id='word_1_732' title='bbox 2142 2883 2357 2940; x_wconf 91' lang='lat' dir='ltr'><strong>illorum</strong></span> <span class='ocrx_word' id='word_1_733' title='bbox 2387 2895 2563 2943; x_wconf 90' lang='lat' dir='ltr'><strong>morte</strong></span> <span class='ocrx_word' id='word_1_734' title='bbox 2585 2904 2644 2944; x_wconf 89' lang='lat' dir='ltr'><strong>se</strong></span> <span class='ocrx_word' id='word_1_735' title='bbox 2682 2890 2881 2945; x_wconf 88' lang='lat' dir='ltr'><strong>satiare</strong></span> <span class='ocrx_word' id='word_1_736' title='bbox 2906 2893 3213 2963; x_wconf 89' lang='lat' dir='ltr'><strong>cupientes.</strong></span> <span class='ocrx_word' id='word_1_737' title='bbox 3244 2894 3397 2949; x_wconf 89' lang='lat' dir='ltr'><strong>Tales</strong></span> <span class='ocrx_word' id='word_1_738' title='bbox 3418 2894 3544 2949; x_wconf 89' lang='lat' dir='ltr'><strong>enim</strong></span> <span class='ocrx_word' id='word_1_739' title='bbox 3570 2900 3669 2948; x_wconf 87' lang='lat' dir='ltr'><strong>sunt</strong></span> 
     </span>
    </p>
   </div>
   <div class='ocr_carea' id='block_1_98' title="bbox 2141 2975 3669 3053">
    <p class='ocr_par' dir='ltr' id='par_1_98' title="bbox 2141 2975 3669 3053">
     <span class='ocr_line' id='line_1_101' title="bbox 2141 2975 3669 3053; baseline 0.006 -25"><span class='ocrx_word' id='word_1_740' title='bbox 2141 2975 2234 3045; x_wconf 91' lang='lat' dir='ltr'><strong>qui</strong></span> <span class='ocrx_word' id='word_1_741' title='bbox 2261 2977 2500 3047; x_wconf 90' lang='lat' dir='ltr'><strong>gaudent</strong></span> <span class='ocrx_word' id='word_1_742' title='bbox 2537 2978 2604 3034; x_wconf 92' lang='lat' dir='ltr'><strong>de</strong></span> <span class='ocrx_word' id='word_1_743' title='bbox 2629 2981 2910 3036; x_wconf 90' lang='lat' dir='ltr'><strong>erroribus</strong></span> <span class='ocrx_word' id='word_1_744' title='bbox 2942 2981 3177 3049; x_wconf 89' lang='lat' dir='ltr'><strong>alienis;</strong></span> <span class='ocrx_word' id='word_1_745' title='bbox 3209 2983 3391 3039; x_wconf 62' lang='lat' dir='ltr'><strong>bestia</strong></span> <span class='ocrx_word' id='word_1_746' title='bbox 3410 2992 3523 3038; x_wconf 87' lang='lat' dir='ltr'><strong>sunt</strong></span> <span class='ocrx_word' id='word_1_747' title='bbox 3538 2991 3669 3053; x_wconf 67' lang='lat' dir='ltr'><strong>pasta:</strong></span> 
     </span>
    </p>
   </div>
   <div class='ocr_carea' id='block_1_99' title="bbox 2145 3066 2504 3122">
    <p class='ocr_par' dir='ltr' id='par_1_99' title="bbox 2145 3066 2504 3122">
     <span class='ocr_line' id='line_1_102' title="bbox 2145 3066 2504 3122; baseline 0.006 -2"><span class='ocrx_word' id='word_1_748' title='bbox 2145 3075 2175 3103; x_wconf 80' lang='grc' dir='ltr'><strong>ιι</strong></span> <span class='ocrx_word' id='word_1_749' title='bbox 2208 3066 2504 3122; x_wconf 87' lang='lat' dir='ltr'><strong>montibus.</strong></span> 
     </span>
    </p>
   </div>
   <div class='ocr_carea' id='block_1_100' title="bbox 2141 3176 3660 3259">
    <p class='ocr_par' dir='ltr' id='par_1_100' title="bbox 2141 3176 3660 3259">
     <span class='ocr_line' id='line_1_103' title="bbox 2141 3176 3660 3259; baseline 0.001 -27"><span class='ocrx_word' id='word_1_750' title='bbox 2141 3176 2436 3259; x_wconf 75' lang='lat' dir='ltr'><strong>perditioni</strong></span> <span class='ocrx_word' id='word_1_751' title='bbox 2447 3178 2517 3259; x_wconf 67' lang='lat' dir='ltr'><strong>lit</strong></span> <span class='ocrx_word' id='word_1_752' title='bbox 2549 3180 2848 3249; x_wconf 79' lang='lat' dir='ltr'><strong>proximus,</strong></span> <span class='ocrx_word' id='word_1_753' title='bbox 2873 3190 3080 3252; x_wconf 89' lang='lat' dir='ltr'><strong>quanto</strong></span> <span class='ocrx_word' id='word_1_754' title='bbox 3109 3199 3140 3239; x_wconf 90' lang='lat' dir='ltr'><strong>a</strong></span> <span class='ocrx_word' id='word_1_755' title='bbox 3169 3184 3285 3241; x_wconf 87' lang='lat' dir='ltr'><strong>zelo</strong></span> <span class='ocrx_word' id='word_1_756' title='bbox 3305 3184 3571 3255; x_wconf 56' lang='lat' dir='ltr'><strong>disciplina!</strong></span> <span class='ocrx_word' id='word_1_757' title='bbox 3596 3183 3660 3236; x_wconf 89' lang='lat' dir='ltr'><strong>in-</strong></span> 
     </span>
    </p>
   </div>
   <div class='ocr_carea' id='block_1_101' title="bbox 2143 3248 2617 3305">
    <p class='ocr_par' dir='ltr' id='par_1_101' title="bbox 2143 3248 2617 3305">
     <span class='ocr_line' id='line_1_104' title="bbox 2143 3248 2617 3305; baseline 0.006 -6"><span class='ocrx_word' id='word_1_758' title='bbox 2143 3248 2361 3302; x_wconf 89' lang='lat' dir='ltr'><strong>venitur</strong></span> <span class='ocrx_word' id='word_1_759' title='bbox 2389 3248 2617 3305; x_wconf 83' lang='lat' dir='ltr'><strong>alienus.</strong></span> 
     </span>
    </p>
   </div>
   <div class='ocr_carea' id='block_1_102' title="bbox 2211 3316 3667 3390">
    <p class='ocr_par' dir='ltr' id='par_1_102' title="bbox 2211 3316 3667 3390">
     <span class='ocr_line' id='line_1_105' title="bbox 2211 3316 3667 3390; baseline 0.003 -19"><span class='ocrx_word' id='word_1_760' title='bbox 2211 3316 2241 3356; x_wconf 72' lang='grc' dir='ltr'><strong>ιι</strong></span> <span class='ocrx_word' id='word_1_761' title='bbox 2263 3316 2388 3390; x_wconf 60' lang='lat' dir='ltr'><strong>Non</strong></span> <span class='ocrx_word' id='word_1_762' title='bbox 2408 3335 2529 3390; x_wconf 77' lang='lat' dir='ltr'><strong>ergo</strong></span> <span class='ocrx_word' id='word_1_763' title='bbox 2559 3335 2677 3373; x_wconf 87' lang='lat' dir='ltr'><strong>cum</strong></span> <span class='ocrx_word' id='word_1_764' title='bbox 2708 3319 2958 3390; x_wconf 69' lang='lat' dir='ltr'><strong>wdiﬁcat.</strong></span> <span class='ocrx_word' id='word_1_765' title='bbox 2984 3323 3051 3379; x_wconf 78' lang='grc' dir='ltr'><strong>τὸ</strong></span> <span class='ocrx_word' id='word_1_766' title='bbox 3084 3340 3206 3377; x_wconf 86' lang='lat' dir='ltr'><strong>cum</strong></span> <span class='ocrx_word' id='word_1_767' title='bbox 3244 3323 3511 3386; x_wconf 87' lang='lat' dir='ltr'><strong>redundat,</strong></span> <span class='ocrx_word' id='word_1_768' title='bbox 3547 3319 3667 3390; x_wconf 77' lang='lat' dir='ltr'><strong>etle—</strong></span> 
     </span>
    </p>
   </div>
   <div class='ocr_carea' id='block_1_103' title="bbox 2143 3337 3665 3467">
    <p class='ocr_par' dir='ltr' id='par_1_103' title="bbox 2143 3337 3665 3467">
     <span class='ocr_line' id='line_1_106' title="bbox 2214 3337 3665 3390; baseline 0.001 -19"><span class='ocrx_word' id='word_1_769' title='bbox 2214 3337 2241 3356; x_wconf 82' lang='grc' dir='ltr'><strong><em>υ</em></strong></span> <span class='ocrx_word' id='word_1_770' title='bbox 2264 3337 2388 3372; x_wconf 78' lang='lat' dir='ltr'><strong>non</strong></span> <span class='ocrx_word' id='word_1_771' title='bbox 2408 3337 2465 3372; x_wconf 86' lang='lat' dir='ltr'><strong>er</strong></span> <span class='ocrx_word' id='word_1_772' title='bbox 2499 3337 2529 3372; x_wconf 92' lang='grc' dir='ltr'><em>ο</em></span> <span class='ocrx_word' id='word_1_773' title='bbox 2559 3337 2677 3373; x_wconf 89' lang='lat' dir='ltr'><strong>cum</strong></span> <span class='ocrx_word' id='word_1_774' title='bbox 2708 3337 2958 3390; x_wconf 71' lang='lat' dir='ltr'><strong>tratpcat.</strong></span> <span class='ocrx_word' id='word_1_775' title='bbox 2984 3337 3051 3379; x_wconf 70' lang='grc' dir='ltr'><strong>τό</strong></span> <span class='ocrx_word' id='word_1_776' title='bbox 3084 3340 3206 3377; x_wconf 86' lang='lat' dir='ltr'><strong>cum</strong></span> <span class='ocrx_word' id='word_1_777' title='bbox 3244 3337 3511 3386; x_wconf 81' lang='lat' dir='ltr'><strong>redundat,</strong></span> <span class='ocrx_word' id='word_1_778' title='bbox 3547 3337 3593 3376; x_wconf 87' lang='lat' dir='ltr'><strong>et</strong></span> <span class='ocrx_word' id='word_1_779' title='bbox 3612 3337 3665 3373; x_wconf 80' lang='lat' dir='ltr'><strong>te—</strong></span> 
     </span>
     <span class='ocr_line' id='line_1_107' title="bbox 2143 3337 3665 3467; baseline -0.02 3"><span class='ocrx_word' id='word_1_780' title='bbox 2143 3384 2409 3467; x_wconf 47' lang='lat' dir='ltr'><strong>“ENV</strong></span> <span class='ocrx_word' id='word_1_781' title='bbox 2441 3337 2567 3467; x_wconf 75' lang='grc' dir='ltr'><strong>θη</strong></span> <span class='ocrx_word' id='word_1_782' title='bbox 2613 3406 2748 3467; x_wconf 60' lang='lat'><strong>€790.</strong></span> <span class='ocrx_word' id='word_1_783' title='bbox 2771 3390 3021 3467; x_wconf 63' lang='lat' dir='ltr'><strong>a’diﬁCM_</strong></span> <span class='ocrx_word' id='word_1_784' title='bbox 3041 3409 3208 3463; x_wconf 70' lang='lat' dir='ltr'><strong>super</strong></span> <span class='ocrx_word' id='word_1_785' title='bbox 3243 3404 3461 3467; x_wconf 76' lang='lat' dir='ltr'><strong>petram,</strong></span> <span class='ocrx_word' id='word_1_786' title='bbox 3495 3391 3572 3463; x_wconf 80' lang='lat' dir='ltr'><strong>qui</strong></span> <span class='ocrx_word' id='word_1_787' title='bbox 3606 3388 3665 3441; x_wconf 80' lang='lat' dir='ltr'><strong>sic</strong></span> 
     </span>
    </p>
   </div>
   <div class='ocr_carea' id='block_1_104' title="bbox 2143 3455 3666 3533">
    <p class='ocr_par' dir='ltr' id='par_1_104' title="bbox 2143 3455 3666 3533">
     <span class='ocr_line' id='line_1_108' title="bbox 2143 3455 3666 3533; baseline 0.009 -26"><span class='ocrx_word' id='word_1_788' title='bbox 2143 3455 2391 3533; x_wconf 61' lang='lat' dir='ltr'><strong>aedificat.</strong></span> <span class='ocrx_word' id='word_1_789' title='bbox 2446 3457 2553 3511; x_wconf 83' lang='lat' dir='ltr'><strong>Aut</strong></span> <span class='ocrx_word' id='word_1_790' title='bbox 2601 3459 2645 3513; x_wconf 88' lang='lat' dir='ltr'><strong>si</strong></span> <span class='ocrx_word' id='word_1_791' title='bbox 2673 3455 2898 3533; x_wconf 36' lang='lat' dir='ltr'><strong>&#39;placet;</strong></span> <span class='ocrx_word' id='word_1_792' title='bbox 2923 3455 3167 3517; x_wconf 77' lang='lat' dir='ltr'><strong>retinere</strong></span> <span class='ocrx_word' id='word_1_793' title='bbox 3211 3455 3666 3533; x_wconf 36' lang='lat' dir='ltr'><strong>particulamuqﬂm.</strong></span> 
     </span>
    </p>
   </div>
   <div class='ocr_carea' id='block_1_105' title="bbox 2144 3523 3666 3613">
    <p class='ocr_par' dir='ltr' id='par_1_105' title="bbox 2144 3523 3666 3613">
     <span class='ocr_line' id='line_1_109' title="bbox 2144 3523 3666 3613; baseline 0.006 -35"><span class='ocrx_word' id='word_1_794' title='bbox 2144 3523 2305 3607; x_wconf 34' lang='lat' dir='ltr'><strong>legen</strong></span> <span class='ocrx_word' id='word_1_795' title='bbox 2327 3542 2590 3613; x_wconf 46' lang='lat' dir='ltr'><strong>nonnergo</strong></span> <span class='ocrx_word' id='word_1_796' title='bbox 2617 3523 2734 3613; x_wconf 66' lang='lat' dir='ltr'><strong>cum</strong></span> <span class='ocrx_word' id='word_1_797' title='bbox 2760 3528 2986 3613; x_wconf 64' lang='lat' dir='ltr'><strong>a’diﬁcat</strong></span> <span class='ocrx_word' id='word_1_798' title='bbox 3029 3523 3426 3613; x_wconf 47' lang='lat' dir='ltr'><strong>supeﬁ&#39;petrpm</strong></span> <span class='ocrx_word' id='word_1_799' title='bbox 3463 3526 3666 3613; x_wconf 49' lang='lat' dir='ltr'><strong>adiget&quot;.</strong></span> 
     </span>
    </p>
   </div>
   <div class='ocr_carea' id='block_1_106' title="bbox 2142 3594 3665 3667">
    <p class='ocr_par' dir='ltr' id='par_1_106' title="bbox 2142 3594 3665 3667">
     <span class='ocr_line' id='line_1_110' title="bbox 2142 3594 3665 3667; baseline 0.002 -19"><span class='ocrx_word' id='word_1_800' title='bbox 2142 3594 2233 3666; x_wconf 84' lang='lat' dir='ltr'><strong>qui</strong></span> <span class='ocrx_word' id='word_1_801' title='bbox 2259 3595 2335 3649; x_wconf 84' lang='lat' dir='ltr'><strong>sic</strong></span> <span class='ocrx_word' id='word_1_802' title='bbox 2360 3594 2607 3664; x_wconf 61' lang='lat' dir='ltr'><strong>aediﬁcat.</strong></span> <span class='ocrx_word' id='word_1_803' title='bbox 2648 3597 2708 3651; x_wconf 91' lang='lat' dir='ltr'><strong>In</strong></span> <span class='ocrx_word' id='word_1_804' title='bbox 2748 3594 3077 3667; x_wconf 84' lang='lat' dir='ltr'><strong>quibusdam</strong></span> <span class='ocrx_word' id='word_1_805' title='bbox 3098 3594 3433 3656; x_wconf 56' lang='lat' dir='ltr'><strong>&#39;editionibus</strong></span> <span class='ocrx_word' id='word_1_806' title='bbox 3475 3594 3665 3667; x_wconf 83' lang='lat' dir='ltr'><strong>legitur;</strong></span> 
     </span>
    </p>
   </div>
   <div class='ocr_carea' id='block_1_107' title="bbox 2144 3680 2555 3720">
    <p class='ocr_par' dir='ltr' id='par_1_107' title="bbox 2144 3680 2555 3720">
     <span class='ocr_line' id='line_1_111' title="bbox 2144 3680 2555 3720; baseline -0.002 0"><span class='ocrx_word' id='word_1_807' title='bbox 2144 3681 2263 3720; x_wconf 84' lang='lat' dir='ltr'><strong>eum</strong></span> <span class='ocrx_word' id='word_1_808' title='bbox 2292 3680 2391 3720; x_wconf 84' lang='lat' dir='ltr'><strong>DI‘O</strong></span> <span class='ocrx_word' id='word_1_809' title='bbox 2416 3682 2555 3719; x_wconf 86' lang='lat' dir='ltr'><strong>cum.</strong></span> 
     </span>
    </p>
   </div>
   <div class='ocr_carea' id='block_1_108' title="bbox 2217 3735 3665 3817">
    <p class='ocr_par' dir='ltr' id='par_1_108' title="bbox 2217 3735 3665 3817">
     <span class='ocr_line' id='line_1_112' title="bbox 2217 3735 3665 3817; baseline -0.013 -9"><span class='ocrx_word' id='word_1_810' title='bbox 2217 3735 2377 3817; x_wconf 71' lang='lat' dir='ltr'><strong>_°,Sed</strong></span> <span class='ocrx_word' id='word_1_811' title='bbox 2392 3752 2560 3817; x_wconf 51' lang='grc' dir='ltr'><em>ξηροί</em></span> <span class='ocrx_word' id='word_1_812' title='bbox 2595 3754 2812 3817; x_wconf 63' lang='lat' dir='ltr'><strong>“fenum</strong></span> <span class='ocrx_word' id='word_1_813' title='bbox 2859 3741 3023 3810; x_wconf 85' lang='lat' dir='ltr'><strong>ponit.</strong></span> <span class='ocrx_word' id='word_1_814' title='bbox 3082 3740 3318 3797; x_wconf 82' lang='lat' dir='ltr'><strong>Verbum</strong></span> <span class='ocrx_word' id='word_1_815' title='bbox 3347 3760 3360 3796; x_wconf 92' lang='lat'><strong>:</strong></span> <span class='ocrx_word' id='word_1_816' title='bbox 3391 3739 3550 3804; x_wconf 81' lang='lat' dir='ltr'><strong>Ponit,</strong></span> <span class='ocrx_word' id='word_1_817' title='bbox 3583 3751 3665 3791; x_wconf 87' lang='lat' dir='ltr'><strong>non</strong></span> 
     </span>
    </p>
   </div>
   <div class='ocr_carea' id='block_1_109' title="bbox 2146 3805 2752 3878">
    <p class='ocr_par' dir='ltr' id='par_1_109' title="bbox 2146 3805 2752 3878">
     <span class='ocr_line' id='line_1_113' title="bbox 2146 3805 2752 3878; baseline 0.003 -18"><span class='ocrx_word' id='word_1_818' title='bbox 2146 3812 2239 3878; x_wconf 88' lang='lat' dir='ltr'><strong>est_</strong></span> <span class='ocrx_word' id='word_1_819' title='bbox 2258 3805 2309 3878; x_wconf 75' lang='lat' dir='ltr'><strong>in</strong></span> <span class='ocrx_word' id='word_1_820' title='bbox 2341 3805 2503 3878; x_wconf 83' lang='lat' dir='ltr'><strong>editis</strong></span> <span class='ocrx_word' id='word_1_821' title='bbox 2528 3805 2584 3860; x_wconf 91' lang='lat' dir='ltr'><strong>S.</strong></span> <span class='ocrx_word' id='word_1_822' title='bbox 2599 3806 2752 3878; x_wconf 80' lang='lat' dir='ltr'><strong>_Aug.</strong></span> 
     </span>
    </p>
   </div>
   <div class='ocr_carea' id='block_1_110' title="bbox 2214 3873 3324 3936">
    <p class='ocr_par' dir='ltr' id='par_1_110' title="bbox 2214 3873 3324 3936">
     <span class='ocr_line' id='line_1_114' title="bbox 2214 3873 3324 3936; baseline 0.005 -9"><span class='ocrx_word' id='word_1_823' title='bbox 2214 3873 2242 3913; x_wconf 71' lang='grc' dir='ltr'><em>δ</em></span> <span class='ocrx_word' id='word_1_824' title='bbox 2268 3873 2571 3928; x_wconf 69' lang='grc' dir='ltr'><em>Ιηιίιαηάτυ.</em></span> <span class='ocrx_word' id='word_1_825' title='bbox 2598 3876 2653 3929; x_wconf 88' lang='lat' dir='ltr'><strong>In</strong></span> <span class='ocrx_word' id='word_1_826' title='bbox 2675 3873 2837 3932; x_wconf 80' lang='lat' dir='ltr'><strong>editis</strong></span> <span class='ocrx_word' id='word_1_827' title='bbox 2861 3878 3079 3933; x_wconf 89' lang='lat' dir='ltr'><strong>additur</strong></span> <span class='ocrx_word' id='word_1_828' title='bbox 3106 3882 3166 3936; x_wconf 81' lang='grc' dir='ltr'>τὸ</span> <span class='ocrx_word' id='word_1_829' title='bbox 3187 3889 3324 3934; x_wconf 84' lang='lat' dir='ltr'><strong>sunt.</strong></span> 
     </span>
    </p>
   </div>
   <div class='ocr_carea' id='block_1_111' title="bbox 2211 3943 3668 4029">
    <p class='ocr_par' dir='ltr' id='par_1_111' title="bbox 2211 3943 3668 4029">
     <span class='ocr_line' id='line_1_115' title="bbox 2211 3943 3668 4029; baseline 0.003 -33"><span class='ocrx_word' id='word_1_830' title='bbox 2211 3943 2767 4029; x_wconf 46' lang='lat' dir='ltr'><strong>&#39;OOpprobrialviuere.</strong></span> <span class='ocrx_word' id='word_1_831' title='bbox 2818 3947 3015 4013; x_wconf 82' lang='lat' dir='ltr'><strong>Vivere,</strong></span> <span class='ocrx_word' id='word_1_832' title='bbox 3061 3950 3169 4005; x_wconf 80' lang='lat' dir='ltr'><strong>hoc</strong></span> <span class='ocrx_word' id='word_1_833' title='bbox 3213 3950 3328 4029; x_wconf 77' lang='lat' dir='ltr'><strong>loco</strong></span> <span class='ocrx_word' id='word_1_834' title='bbox 3347 3947 3668 4029; x_wconf 42' lang='lat' dir='ltr'><strong>puniatur‘pro</strong></span> 
     </span>
    </p>
   </div>
   <div class='ocr_carea' id='block_1_112' title="bbox 2147 4013 3665 4084">
    <p class='ocr_par' dir='ltr' id='par_1_112' title="bbox 2147 4013 3665 4084">
     <span class='ocr_line' id='line_1_116' title="bbox 2147 4013 3665 4084; baseline -0.001 -17"><span class='ocrx_word' id='word_1_835' title='bbox 2147 4014 2339 4084; x_wconf 70' lang='lat' dir='ltr'><strong>bibere,</strong></span> <span class='ocrx_word' id='word_1_836' title='bbox 2369 4031 2396 4067; x_wconf 87' lang='grc' dir='ltr'><strong><em>υ</em></strong></span> <span class='ocrx_word' id='word_1_837' title='bbox 2421 4028 2519 4084; x_wconf 85' lang='lat' dir='ltr'><strong>pro</strong></span> <span class='ocrx_word' id='word_1_838' title='bbox 2555 4013 2606 4079; x_wconf 90' lang='lat' dir='ltr'><strong>b,</strong></span> <span class='ocrx_word' id='word_1_839' title='bbox 2641 4017 2944 4073; x_wconf 81' lang='lat' dir='ltr'><strong>Vasconum</strong></span> <span class='ocrx_word' id='word_1_840' title='bbox 2985 4034 3173 4084; x_wconf 86' lang='lat' dir='ltr'><strong>more;</strong></span> <span class='ocrx_word' id='word_1_841' title='bbox 3218 4020 3270 4073; x_wconf 84' lang='lat' dir='ltr'><strong>in</strong></span> <span class='ocrx_word' id='word_1_842' title='bbox 3299 4013 3451 4074; x_wconf 88' lang='lat' dir='ltr'><strong>editis</strong></span> <span class='ocrx_word' id='word_1_843' title='bbox 3472 4015 3506 4070; x_wconf 92' lang='lat' dir='ltr'><strong>S</strong></span> <span class='ocrx_word' id='word_1_844' title='bbox 3555 4013 3665 4084; x_wconf 83' lang='lat' dir='ltr'><strong>Aug.</strong></span> 
     </span>
    </p>
   </div>
   <div class='ocr_carea' id='block_1_113' title="bbox 2147 4082 3668 4158">
    <p class='ocr_par' dir='ltr' id='par_1_113' title="bbox 2147 4082 3668 4158">
     <span class='ocr_line' id='line_1_117' title="bbox 2147 4082 3668 4158; baseline -0.001 -21"><span class='ocrx_word' id='word_1_845' title='bbox 2147 4082 2568 4158; x_wconf 66' lang='lat' dir='ltr'><strong>legituraudire.</strong></span> <span class='ocrx_word' id='word_1_846' title='bbox 2595 4083 2701 4158; x_wconf 86' lang='lat' dir='ltr'><strong>Sed</strong></span> <span class='ocrx_word' id='word_1_847' title='bbox 2726 4096 2863 4158; x_wconf 84' lang='lat' dir='ltr'><strong>puto</strong></span> <span class='ocrx_word' id='word_1_848' title='bbox 2881 4082 3170 4158; x_wconf 80' lang='lat' dir='ltr'><strong>legendum</strong></span> <span class='ocrx_word' id='word_1_849' title='bbox 3197 4084 3529 4158; x_wconf 55' lang='lat' dir='ltr'><strong>biberalllud</strong></span> <span class='ocrx_word' id='word_1_850' title='bbox 3552 4082 3668 4158; x_wconf 74' lang='lat' dir='ltr'><strong>enim</strong></span> 
     </span>
    </p>
   </div>
   <div class='ocr_carea' id='block_1_114' title="bbox 2147 4152 3664 4226">
    <p class='ocr_par' dir='ltr' id='par_1_114' title="bbox 2147 4152 3664 4226">
     <span class='ocr_line' id='line_1_118' title="bbox 2147 4152 3664 4226; baseline -0.001 -17"><span class='ocrx_word' id='word_1_851' title='bbox 2147 4152 2551 4226; x_wconf 29' lang='lat' dir='ltr'><strong>ro&#39;audire‘non</strong></span> <span class='ocrx_word' id='word_1_852' title='bbox 2573 4156 2707 4226; x_wconf 83' lang='lat' dir='ltr'><strong>satis</strong></span> <span class='ocrx_word' id='word_1_853' title='bbox 2727 4152 3020 4226; x_wconf 66' lang='lat' dir='ltr'><strong>significat.</strong></span> <span class='ocrx_word' id='word_1_854' title='bbox 3051 4158 3113 4212; x_wconf 92' lang='lat' dir='ltr'><strong>In</strong></span> <span class='ocrx_word' id='word_1_855' title='bbox 3141 4157 3432 4214; x_wconf 88' lang='lat' dir='ltr'><strong>Concordia</strong></span> <span class='ocrx_word' id='word_1_856' title='bbox 3455 4152 3664 4209; x_wconf 72' lang='lat' dir='ltr'><strong>Vindoci-</strong></span> 
     </span>
    </p>
   </div>
   <div class='ocr_carea' id='block_1_115' title="bbox 2147 4222 2893 4291">
    <p class='ocr_par' dir='ltr' id='par_1_115' title="bbox 2147 4222 2893 4291">
     <span class='ocr_line' id='line_1_119' title="bbox 2147 4222 2893 4291; baseline 0.005 -14"><span class='ocrx_word' id='word_1_857' title='bbox 2147 4222 2302 4277; x_wconf 85' lang='lat' dir='ltr'><strong>uensi</strong></span> <span class='ocrx_word' id='word_1_858' title='bbox 2333 4222 2527 4291; x_wconf 85' lang='lat' dir='ltr'><strong>legitur</strong></span> <span class='ocrx_word' id='word_1_859' title='bbox 2552 4241 2567 4279; x_wconf 90' lang='lat'><strong>:</strong></span> <span class='ocrx_word' id='word_1_860' title='bbox 2599 4222 2893 4281; x_wconf 61' lang='lat' dir='ltr'><strong>Sustinére.</strong></span> 
     </span>
    </p>
   </div>
   <div class='ocr_carea' id='block_1_116' title="bbox 2220 4289 3665 4365">
    <p class='ocr_par' dir='ltr' id='par_1_116' title="bbox 2220 4289 3665 4365">
     <span class='ocr_line' id='line_1_120' title="bbox 2220 4289 3665 4365; baseline -0.002 -20"><span class='ocrx_word' id='word_1_861' title='bbox 2220 4291 2239 4331; x_wconf 71' lang='grc' dir='ltr'>ί</span> <span class='ocrx_word' id='word_1_862' title='bbox 2272 4289 2425 4365; x_wconf 78' lang='lat' dir='ltr'><strong>Quod</strong></span> <span class='ocrx_word' id='word_1_863' title='bbox 2460 4293 2788 4365; x_wconf 76' lang='lat' dir='ltr'><strong>iuﬁnuatum</strong></span> <span class='ocrx_word' id='word_1_864' title='bbox 2815 4306 2908 4360; x_wconf 85' lang='lat' dir='ltr'><strong>est,</strong></span> <span class='ocrx_word' id='word_1_865' title='bbox 2933 4304 3040 4359; x_wconf 90' lang='lat' dir='ltr'><strong>etc,</strong></span> <span class='ocrx_word' id='word_1_866' title='bbox 3081 4295 3324 4352; x_wconf 83' lang='lat' dir='ltr'><strong>Habetur</strong></span> <span class='ocrx_word' id='word_1_867' title='bbox 3352 4293 3483 4365; x_wconf 84' lang='lat' dir='ltr'><strong>apud</strong></span> <span class='ocrx_word' id='word_1_868' title='bbox 3504 4290 3553 4347; x_wconf 88' lang='lat' dir='ltr'><strong>S.</strong></span> <span class='ocrx_word' id='word_1_869' title='bbox 3578 4289 3665 4343; x_wconf 79' lang='lat' dir='ltr'><strong>Au-</strong></span> 
     </span>
    </p>
   </div>
   <div class='ocr_carea' id='block_1_117' title="bbox 2149 4362 3634 4436">
    <p class='ocr_par' dir='ltr' id='par_1_117' title="bbox 2149 4362 3634 4436">
     <span class='ocr_line' id='line_1_121' title="bbox 2149 4362 3634 4436; baseline 0.01 -24"><span class='ocrx_word' id='word_1_870' title='bbox 2149 4363 2445 4436; x_wconf 72' lang='lat' dir='ltr'><strong>gustiuum,</strong></span> <span class='ocrx_word' id='word_1_871' title='bbox 2463 4362 2705 4436; x_wconf 83' lang='lat' dir='ltr'><strong>ejusdem</strong></span> <span class='ocrx_word' id='word_1_872' title='bbox 2737 4364 2858 4436; x_wconf 78' lang='lat' dir='ltr'><strong>libri</strong></span> <span class='ocrx_word' id='word_1_873' title='bbox 2887 4382 3006 4436; x_wconf 88' lang='lat' dir='ltr'><strong>cap.</strong></span> <span class='ocrx_word' id='word_1_874' title='bbox 3032 4365 3086 4419; x_wconf 88' lang='lat'><strong>6.</strong></span> <span class='ocrx_word' id='word_1_875' title='bbox 3382 4362 3415 4436; x_wconf 51' lang='grc' dir='ltr'><strong>ί</strong></span> <span class='ocrx_word' id='word_1_876' title='bbox 3572 4434 3576 4436; x_wconf 19' lang='grc' dir='ltr'><em>Α</em></span> <span class='ocrx_word' id='word_1_877' title='bbox 3626 4426 3634 4436; x_wconf 83' lang='grc'><em>,</em></span> 
     </span>
    </p>
   </div>
   <div class='ocr_carea' id='block_1_118' title="bbox 2070 4429 3666 4555">
    <p class='ocr_par' dir='ltr' id='par_1_118' title="bbox 2070 4429 3666 4555">
     <span class='ocr_line' id='line_1_122' title="bbox 2070 4429 3666 4555; baseline -0.008 -66"><span class='ocrx_word' id='word_1_878' title='bbox 2070 4495 2123 4555; x_wconf 80' lang='lat' dir='ltr'><strong>D</strong></span> <span class='ocrx_word' id='word_1_879' title='bbox 2154 4429 2274 4554; x_wconf 41' lang='grc' dir='ltr'><strong>ἀἱ</strong></span> <span class='ocrx_word' id='word_1_880' title='bbox 2298 4429 2366 4484; x_wconf 83' lang='lat' dir='ltr'><strong>Et</strong></span> <span class='ocrx_word' id='word_1_881' title='bbox 2420 4429 2712 4486; x_wconf 83' lang='lat' dir='ltr'><strong>commoda.</strong></span> <span class='ocrx_word' id='word_1_882' title='bbox 2789 4429 2993 4505; x_wconf 59' lang='lat' dir='ltr'><strong>Lege&#39;:</strong></span> <span class='ocrx_word' id='word_1_883' title='bbox 3048 4435 3135 4489; x_wconf 79' lang='lat' dir='ltr'><strong>Ea:</strong></span> <span class='ocrx_word' id='word_1_884' title='bbox 3184 4434 3489 4496; x_wconf 85' lang='lat' dir='ltr'><strong>commodo,</strong></span> <span class='ocrx_word' id='word_1_885' title='bbox 3532 4434 3582 4483; x_wconf 89' lang='lat' dir='ltr'><strong>ut</strong></span> <span class='ocrx_word' id='word_1_886' title='bbox 3624 4429 3666 4478; x_wconf 91' lang='lat' dir='ltr'><strong>in</strong></span> 
     </span>
     <span class='ocr_line' id='line_1_123' title="bbox 2147 4514 2327 4554; baseline 0 0"><span class='ocrx_word' id='word_1_887' title='bbox 2147 4514 2179 4554; x_wconf 90' lang='lat' dir='ltr'><strong>e</strong></span> <span class='ocrx_word' id='word_1_888' title='bbox 2218 4517 2233 4554; x_wconf 86' lang='grc' dir='ltr'>ι</span> <span class='ocrx_word' id='word_1_889' title='bbox 2263 4517 2327 4554; x_wconf 88' lang='lat' dir='ltr'><strong>IS.</strong></span> 
     </span>
    </p>
   </div>
   <div class='ocr_carea' id='block_1_119' title="bbox 2147 4501 2327 4554">
    <p class='ocr_par' dir='ltr' id='par_1_119' title="bbox 2147 4501 2327 4554">
     <span class='ocr_line' id='line_1_124' title="bbox 2147 4501 2327 4554; baseline 0 0"><span class='ocrx_word' id='word_1_890' title='bbox 2147 4501 2327 4554; x_wconf 82' lang='lat' dir='ltr'><strong>editis.</strong></span> 
     </span>
    </p>
   </div>
   <div class='ocr_carea' id='block_1_120' title="bbox 2215 4562 3665 4642">
    <p class='ocr_par' dir='ltr' id='par_1_120' title="bbox 2215 4562 3665 4642">
     <span class='ocr_line' id='line_1_125' title="bbox 2215 4562 3665 4642; baseline -0.001 -19"><span class='ocrx_word' id='word_1_891' title='bbox 2215 4570 2242 4610; x_wconf 77' lang='grc' dir='ltr'><strong>ιι</strong></span> <span class='ocrx_word' id='word_1_892' title='bbox 2275 4569 2343 4624; x_wconf 92' lang='lat' dir='ltr'><strong>Id</strong></span> <span class='ocrx_word' id='word_1_893' title='bbox 2369 4582 2445 4625; x_wconf 86' lang='lat' dir='ltr'><strong>est</strong></span> <span class='ocrx_word' id='word_1_894' title='bbox 2472 4570 2756 4640; x_wconf 83' lang='lat' dir='ltr'><strong>inﬁrmum,</strong></span> <span class='ocrx_word' id='word_1_895' title='bbox 2783 4573 2837 4626; x_wconf 87' lang='lat' dir='ltr'><strong>id</strong></span> <span class='ocrx_word' id='word_1_896' title='bbox 2865 4583 2940 4628; x_wconf 81' lang='lat' dir='ltr'><strong>est</strong></span> <span class='ocrx_word' id='word_1_897' title='bbox 2977 4590 3080 4628; x_wconf 86' lang='lat' dir='ltr'><strong>non</strong></span> <span class='ocrx_word' id='word_1_898' title='bbox 3108 4574 3337 4642; x_wconf 82' lang='lat' dir='ltr'><strong>ﬁrmum.</strong></span> <span class='ocrx_word' id='word_1_899' title='bbox 3364 4572 3594 4629; x_wconf 85' lang='lat' dir='ltr'><strong>Primum,</strong></span> <span class='ocrx_word' id='word_1_900' title='bbox 3614 4562 3665 4617; x_wconf 74' lang='grc' dir='ltr'>Μ</span> 
     </span>
    </p>
   </div>
   <div class='ocr_carea' id='block_1_121' title="bbox 2145 4642 3623 4715">
    <p class='ocr_par' dir='ltr' id='par_1_121' title="bbox 2145 4642 3623 4715">
     <span class='ocr_line' id='line_1_126' title="bbox 2145 4642 3623 4715; baseline 0.013 -22"><span class='ocrx_word' id='word_1_901' title='bbox 2145 4648 2244 4715; x_wconf 83' lang='lat' dir='ltr'><strong>est,</strong></span> <span class='ocrx_word' id='word_1_902' title='bbox 2266 4642 2508 4715; x_wconf 70' lang='lat' dir='ltr'><strong>abestab</strong></span> <span class='ocrx_word' id='word_1_903' title='bbox 2532 4643 2767 4715; x_wconf 75' lang='lat' dir='ltr'><strong>excusis.</strong></span> <span class='ocrx_word' id='word_1_904' title='bbox 2946 4712 2958 4715; x_wconf 89' lang='lat'>_</span> <span class='ocrx_word' id='word_1_905' title='bbox 3058 4712 3068 4715; x_wconf 28' lang='grc' dir='ltr'><strong>Α</strong></span> <span class='ocrx_word' id='word_1_906' title='bbox 3430 4710 3440 4715; x_wconf 90' lang='lat'><em>_</em></span> 
     </span>
    </p>
   </div>
   <div class='ocr_carea' id='block_1_122' title="bbox 2224 4706 3661 4775">
    <p class='ocr_par' dir='ltr' id='par_1_122' title="bbox 2224 4706 3661 4775">
     <span class='ocr_line' id='line_1_127' title="bbox 2224 4706 3661 4775; baseline 0.002 -14"><span class='ocrx_word' id='word_1_907' title='bbox 2224 4713 2240 4751; x_wconf 86' lang='lat' dir='ltr'><strong>i</strong></span> <span class='ocrx_word' id='word_1_908' title='bbox 2274 4709 2414 4764; x_wconf 85' lang='lat' dir='ltr'><strong>Nam</strong></span> <span class='ocrx_word' id='word_1_909' title='bbox 2456 4727 2592 4763; x_wconf 84' lang='lat' dir='ltr'><strong>cum.</strong></span> <span class='ocrx_word' id='word_1_910' title='bbox 2620 4713 2687 4767; x_wconf 84' lang='grc' dir='ltr'><strong>Τό</strong></span> <span class='ocrx_word' id='word_1_911' title='bbox 2719 4728 2836 4764; x_wconf 89' lang='lat' dir='ltr'><strong>cum</strong></span> <span class='ocrx_word' id='word_1_912' title='bbox 2868 4712 3152 4775; x_wconf 89' lang='lat' dir='ltr'><strong>redundat,</strong></span> <span class='ocrx_word' id='word_1_913' title='bbox 3183 4727 3281 4767; x_wconf 88' lang='lat' dir='ltr'><strong>nec</strong></span> <span class='ocrx_word' id='word_1_914' title='bbox 3314 4719 3393 4766; x_wconf 88' lang='lat' dir='ltr'><strong>est</strong></span> <span class='ocrx_word' id='word_1_915' title='bbox 3428 4710 3476 4763; x_wconf 90' lang='lat' dir='ltr'><strong>in</strong></span> <span class='ocrx_word' id='word_1_916' title='bbox 3519 4706 3661 4775; x_wconf 71' lang='lat' dir='ltr'><strong>etﬁlis~</strong></span> 
     </span>
    </p>
   </div>
   <div class='ocr_carea' id='block_1_123' title="bbox 2223 4774 3662 4849">
    <p class='ocr_par' dir='ltr' id='par_1_123' title="bbox 2223 4774 3662 4849">
     <span class='ocr_line' id='line_1_128' title="bbox 2223 4774 3662 4849; baseline -0.003 -18"><span class='ocrx_word' id='word_1_917' title='bbox 2223 4780 2236 4828; x_wconf 84' lang='lat' dir='ltr'><strong>i</strong></span> <span class='ocrx_word' id='word_1_918' title='bbox 2287 4778 2408 4849; x_wconf 81' lang='lat' dir='ltr'><strong>Non</strong></span> <span class='ocrx_word' id='word_1_919' title='bbox 2431 4779 2630 4849; x_wconf 77' lang='lat' dir='ltr'><strong>frustra</strong></span> <span class='ocrx_word' id='word_1_920' title='bbox 2650 4797 2791 4849; x_wconf 83' lang='lat' dir='ltr'><strong>ergo,</strong></span> <span class='ocrx_word' id='word_1_921' title='bbox 2823 4791 2930 4837; x_wconf 87' lang='lat' dir='ltr'><strong>etc.</strong></span> <span class='ocrx_word' id='word_1_922' title='bbox 2963 4783 3087 4837; x_wconf 64' lang='lat' dir='ltr'><strong>Haec</strong></span> <span class='ocrx_word' id='word_1_923' title='bbox 3113 4774 3282 4844; x_wconf 80' lang='lat' dir='ltr'><strong>usque</strong></span> <span class='ocrx_word' id='word_1_924' title='bbox 3306 4781 3371 4834; x_wconf 85' lang='lat' dir='ltr'><strong>ad</strong></span> <span class='ocrx_word' id='word_1_925' title='bbox 3394 4774 3662 4849; x_wconf 61' lang='lat' dir='ltr'><strong>illa_vetjba:</strong></span> 
     </span>
    </p>
   </div>
   <div class='ocr_carea' id='block_1_124' title="bbox 2150 4842 3664 4923">
    <p class='ocr_par' dir='ltr' id='par_1_124' title="bbox 2150 4842 3664 4923">
     <span class='ocr_line' id='line_1_129' title="bbox 2150 4842 3664 4923; baseline -0.004 -21"><span class='ocrx_word' id='word_1_926' title='bbox 2150 4847 2386 4923; x_wconf 60' lang='lat' dir='ltr'><strong>Proiude</strong></span> <span class='ocrx_word' id='word_1_927' title='bbox 2423 4842 2556 4923; x_wconf 51' lang='lat' dir='ltr'><strong>audi</strong></span> <span class='ocrx_word' id='word_1_928' title='bbox 2597 4842 2756 4923; x_wconf 77' lang='lat' dir='ltr'><strong>quid_</strong></span> <span class='ocrx_word' id='word_1_929' title='bbox 2773 4842 3029 4923; x_wconf 74' lang='lat' dir='ltr'><strong>sequitur,</strong></span> <span class='ocrx_word' id='word_1_930' title='bbox 3056 4842 3271 4907; x_wconf 79' lang='lat' dir='ltr'><strong>exstant</strong></span> <span class='ocrx_word' id='word_1_931' title='bbox 3297 4850 3429 4919; x_wconf 86' lang='lat' dir='ltr'><strong>apud</strong></span> <span class='ocrx_word' id='word_1_932' title='bbox 3467 4845 3518 4900; x_wconf 87' lang='lat' dir='ltr'><strong>S.</strong></span> <span class='ocrx_word' id='word_1_933' title='bbox 3557 4842 3664 4910; x_wconf 65' lang='lat' dir='ltr'><strong>Aug.</strong></span> 
     </span>
    </p>
   </div>
   <div class='ocr_carea' id='block_1_125' title="bbox 2150 4918 2777 4989">
    <p class='ocr_par' dir='ltr' id='par_1_125' title="bbox 2150 4918 2777 4989">
     <span class='ocr_line' id='line_1_130' title="bbox 2150 4918 2777 4989; baseline -0.002 -16"><span class='ocrx_word' id='word_1_934' title='bbox 2150 4918 2390 4989; x_wconf 74' lang='lat' dir='ltr'><strong>ejusdem</strong></span> <span class='ocrx_word' id='word_1_935' title='bbox 2421 4919 2544 4989; x_wconf 86' lang='lat' dir='ltr'><strong>libri</strong></span> <span class='ocrx_word' id='word_1_936' title='bbox 2570 4934 2691 4989; x_wconf 83' lang='lat' dir='ltr'><strong>cap.</strong></span> <span class='ocrx_word' id='word_1_937' title='bbox 2725 4919 2777 4973; x_wconf 88' lang='lat'><strong>7.</strong></span> 
     </span>
    </p>
   </div>
   <div class='ocr_carea' id='block_1_126' title="bbox 2223 4979 3665 5061">
    <p class='ocr_par' dir='ltr' id='par_1_126' title="bbox 2223 4979 3665 5061">
     <span class='ocr_line' id='line_1_131' title="bbox 2223 4979 3665 5061; baseline -0.012 -13"><span class='ocrx_word' id='word_1_938' title='bbox 2223 4988 2249 5061; x_wconf 59' lang='grc' dir='ltr'>ξι</span> <span class='ocrx_word' id='word_1_939' title='bbox 2278 4986 2516 5061; x_wconf 71' lang='lat' dir='ltr'><strong>Proinde</strong></span> <span class='ocrx_word' id='word_1_940' title='bbox 2538 4979 2664 5061; x_wconf 82' lang='lat' dir='ltr'><strong>audi</strong></span> <span class='ocrx_word' id='word_1_941' title='bbox 2684 4988 2808 5061; x_wconf 71' lang='lat' dir='ltr'><strong>quid</strong></span> <span class='ocrx_word' id='word_1_942' title='bbox 2836 4992 3085 5061; x_wconf 73' lang='lat' dir='ltr'><strong>sequitur.</strong></span> <span class='ocrx_word' id='word_1_943' title='bbox 3113 4990 3238 5045; x_wconf 59' lang='lat' dir='ltr'><strong>Haec</strong></span> <span class='ocrx_word' id='word_1_944' title='bbox 3259 5001 3424 5058; x_wconf 86' lang='lat' dir='ltr'><strong>usque</strong></span> <span class='ocrx_word' id='word_1_945' title='bbox 3446 4984 3507 5039; x_wconf 89' lang='lat' dir='ltr'><strong>ad</strong></span> <span class='ocrx_word' id='word_1_946' title='bbox 3535 4979 3665 5035; x_wconf 73' lang='lat' dir='ltr'><strong>finem</strong></span> 
     </span>
    </p>
   </div>
   <div class='ocr_carea' id='block_1_127' title="bbox 2152 5057 3538 5131">
    <p class='ocr_par' dir='ltr' id='par_1_127' title="bbox 2152 5057 3538 5131">
     <span class='ocr_line' id='line_1_132' title="bbox 2152 5057 3538 5131; baseline 0.009 -20"><span class='ocrx_word' id='word_1_947' title='bbox 2152 5058 2420 5131; x_wconf 68' lang='lat' dir='ltr'><strong>habentur</strong></span> <span class='ocrx_word' id='word_1_948' title='bbox 2444 5057 2599 5112; x_wconf 92' lang='lat' dir='ltr'><strong>initio</strong></span> <span class='ocrx_word' id='word_1_949' title='bbox 2627 5057 2745 5131; x_wconf 75' lang='lat' dir='ltr'><strong>cap.</strong></span> <span class='ocrx_word' id='word_1_950' title='bbox 2775 5059 2827 5112; x_wconf 91' lang='lat'><strong>8.</strong></span> <span class='ocrx_word' id='word_1_951' title='bbox 2903 5057 2912 5061; x_wconf 69' lang='grc'>⁷</span> <span class='ocrx_word' id='word_1_952' title='bbox 3064 5128 3132 5131; x_wconf 17' lang='grc' dir='ltr'><em>γ,</em></span> <span class='ocrx_word' id='word_1_953' title='bbox 3224 5130 3229 5131; x_wconf 16' lang='grc' dir='ltr'><em>γ</em></span> <span class='ocrx_word' id='word_1_954' title='bbox 3310 5057 3350 5131; x_wconf 57' lang='grc' dir='ltr'><em>ς</em></span> <span class='ocrx_word' id='word_1_955' title='bbox 3512 5120 3538 5131; x_wconf 82' lang='grc'><em>,,</em></span> 
     </span>
    </p>
   </div>
   <div class='ocr_carea' id='block_1_128' title="bbox 2229 5120 3665 5199">
    <p class='ocr_par' dir='ltr' id='par_1_128' title="bbox 2229 5120 3665 5199">
     <span class='ocr_line' id='line_1_133' title="bbox 2229 5120 3665 5199; baseline -0.005 -18"><span class='ocrx_word' id='word_1_956' title='bbox 2229 5126 2255 5199; x_wconf 21' lang='grc' dir='ltr'><strong>ιλ</strong></span> <span class='ocrx_word' id='word_1_957' title='bbox 2292 5125 2423 5199; x_wconf 70' lang='lat' dir='ltr'><strong>cum</strong></span> <span class='ocrx_word' id='word_1_958' title='bbox 2444 5143 2558 5199; x_wconf 77' lang='lat' dir='ltr'><strong>oves</strong></span> <span class='ocrx_word' id='word_1_959' title='bbox 2580 5120 2846 5199; x_wconf 46' lang='lat' dir='ltr'><strong>adiit-preat</strong></span> <span class='ocrx_word' id='word_1_960' title='bbox 2874 5130 3091 5199; x_wconf 79' lang='lat' dir='ltr'><strong>pastori.</strong></span> <span class='ocrx_word' id='word_1_961' title='bbox 3114 5128 3189 5199; x_wconf 68' lang='lat' dir='ltr'><strong>Ita</strong></span> <span class='ocrx_word' id='word_1_962' title='bbox 3217 5130 3271 5183; x_wconf 89' lang='lat' dir='ltr'><strong>in</strong></span> <span class='ocrx_word' id='word_1_963' title='bbox 3297 5120 3569 5199; x_wconf 74' lang='lat' dir='ltr'><strong>Concordia</strong></span> <span class='ocrx_word' id='word_1_964' title='bbox 3593 5130 3665 5199; x_wconf 63' lang='grc' dir='ltr'><strong>θοή</strong></span> 
     </span>
    </p>
   </div>
   <div class='ocr_carea' id='block_1_129' title="bbox 2152 5191 3663 5258">
    <p class='ocr_par' dir='ltr' id='par_1_129' title="bbox 2152 5191 3663 5258">
     <span class='ocr_line' id='line_1_134' title="bbox 2152 5191 3663 5258; baseline -0.007 -6"><span class='ocrx_word' id='word_1_965' title='bbox 2152 5197 2289 5252; x_wconf 90' lang='lat' dir='ltr'><strong>dicis</strong></span> <span class='ocrx_word' id='word_1_966' title='bbox 2340 5194 2770 5251; x_wconf 83' lang='lat' dir='ltr'><strong>Vindocinensis.</strong></span> <span class='ocrx_word' id='word_1_967' title='bbox 2816 5191 2884 5251; x_wconf 66' lang='lat' dir='ltr'><strong>In&#39;</strong></span> <span class='ocrx_word' id='word_1_968' title='bbox 2916 5198 3131 5254; x_wconf 82' lang='lat' dir='ltr'><strong>excusis</strong></span> <span class='ocrx_word' id='word_1_969' title='bbox 3168 5197 3380 5258; x_wconf 72' lang='lat' dir='ltr'><strong>legitur,</strong></span> <span class='ocrx_word' id='word_1_970' title='bbox 3425 5191 3540 5245; x_wconf 86' lang='lat' dir='ltr'><strong>Cum</strong></span> <span class='ocrx_word' id='word_1_971' title='bbox 3573 5198 3663 5238; x_wconf 73' lang='lat' dir='ltr'><strong>om</strong></span> 
     </span>
    </p>
   </div>
   <div class='ocr_carea' id='block_1_130' title="bbox 2155 5265 3663 5337">
    <p class='ocr_par' dir='ltr' id='par_1_130' title="bbox 2155 5265 3663 5337">
     <span class='ocr_line' id='line_1_135' title="bbox 2155 5265 3663 5337; baseline -0.007 -17"><span class='ocrx_word' id='word_1_972' title='bbox 2155 5283 2258 5321; x_wconf 84' lang='lat' dir='ltr'><strong>non</strong></span> <span class='ocrx_word' id='word_1_973' title='bbox 2292 5265 2488 5319; x_wconf 78' lang='lat' dir='ltr'><strong>luerent</strong></span> <span class='ocrx_word' id='word_1_974' title='bbox 2531 5267 2748 5336; x_wconf 84' lang='lat' dir='ltr'><strong>pastori.</strong></span> <span class='ocrx_word' id='word_1_975' title='bbox 2792 5266 2898 5337; x_wconf 72' lang='lat' dir='ltr'><strong>Sed</strong></span> <span class='ocrx_word' id='word_1_976' title='bbox 2928 5268 3141 5337; x_wconf 89' lang='lat' dir='ltr'><strong>negatio</strong></span> <span class='ocrx_word' id='word_1_977' title='bbox 3170 5265 3378 5321; x_wconf 81' lang='lat' dir='ltr'><strong>videtur</strong></span> <span class='ocrx_word' id='word_1_978' title='bbox 3401 5267 3663 5337; x_wconf 58' lang='lat' dir='ltr'><strong>expuugglt:</strong></span> 
     </span>
    </p>
   </div>
   <div class='ocr_carea' id='block_1_131' title="bbox 2156 5317 3660 5406">
    <p class='ocr_par' dir='ltr' id='par_1_131' title="bbox 2156 5317 3660 5406">
     <span class='ocr_line' id='line_1_136' title="bbox 2156 5317 3660 5406; baseline -0.005 -14"><span class='ocrx_word' id='word_1_979' title='bbox 2156 5317 2261 5406; x_wconf 54' lang='lat' dir='ltr'><strong>ita,</strong></span> <span class='ocrx_word' id='word_1_980' title='bbox 2274 5317 2395 5389; x_wconf 69' lang='lat' dir='ltr'><strong>cuin</strong></span> <span class='ocrx_word' id='word_1_981' title='bbox 2414 5317 2418 5318; x_wconf 53' lang='grc'><strong><em>⁷</em></strong></span> <span class='ocrx_word' id='word_1_982' title='bbox 2437 5317 2695 5406; x_wconf 49' lang='lat' dir='ltr'><strong>sequatur</strong></span> <span class='ocrx_word' id='word_1_983' title='bbox 2718 5317 2747 5389; x_wconf 58' lang='grc' dir='ltr'><em>ξ’</em></span> <span class='ocrx_word' id='word_1_984' title='bbox 2781 5317 3192 5406; x_wconf 49' lang='lat' dir='ltr'><strong>nimietas</strong></span> <span class='ocrx_word' id='word_1_985' title='bbox 3208 5317 3310 5389; x_wconf 70' lang='grc' dir='ltr'><strong>’ἔεῖ</strong></span> <span class='ocrx_word' id='word_1_986' title='bbox 3325 5317 3498 5403; x_wconf 57' lang='lat' dir='ltr'><strong>pauo}</strong></span> <span class='ocrx_word' id='word_1_987' title='bbox 3533 5317 3660 5406; x_wconf 55' lang='grc' dir='ltr'><strong>τξδιᾷ</strong></span> 
     </span>
    </p>
   </div>
   <div class='ocr_carea' id='block_1_132' title="bbox 2157 5392 3657 5474">
    <p class='ocr_par' dir='ltr' id='par_1_132' title="bbox 2157 5392 3657 5474">
     <span class='ocr_line' id='line_1_137' title="bbox 2157 5392 3657 5474; baseline -0.008 -14"><span class='ocrx_word' id='word_1_988' title='bbox 2157 5392 2292 5460; x_wconf 72' lang='lat' dir='ltr'><strong>male</strong></span> <span class='ocrx_word' id='word_1_989' title='bbox 2312 5392 2581 5474; x_wconf 67' lang='lat' dir='ltr'><strong>agentibus</strong></span> <span class='ocrx_word' id='word_1_990' title='bbox 2604 5420 2709 5458; x_wconf 85' lang='lat' dir='ltr'><strong>non</strong></span> <span class='ocrx_word' id='word_1_991' title='bbox 2729 5413 2804 5474; x_wconf 85' lang='lat' dir='ltr'><strong>est</strong></span> <span class='ocrx_word' id='word_1_992' title='bbox 2825 5392 3026 5474; x_wconf 78' lang='lat' dir='ltr'><strong>pastor,</strong></span> <span class='ocrx_word' id='word_1_993' title='bbox 3050 5416 3096 5459; x_wconf 91' lang='lat' dir='ltr'><strong>et</strong></span> <span class='ocrx_word' id='word_1_994' title='bbox 3116 5392 3364 5458; x_wconf 72' lang='lat' dir='ltr'><strong>inhrererit</strong></span> <span class='ocrx_word' id='word_1_995' title='bbox 3390 5392 3657 5474; x_wconf 56' lang='lat' dir='ltr'><strong>pastoribqu</strong></span> 
     </span>
    </p>
   </div>
   <div class='ocr_carea' id='block_1_133' title="bbox 2229 5471 3659 5544">
    <p class='ocr_par' dir='ltr' id='par_1_133' title="bbox 2229 5471 3659 5544">
     <span class='ocr_line' id='line_1_138' title="bbox 2229 5471 3659 5544; baseline -0.008 -15"><span class='ocrx_word' id='word_1_996' title='bbox 2229 5485 2269 5513; x_wconf 75' lang='grc' dir='ltr'>ω</span> <span class='ocrx_word' id='word_1_997' title='bbox 2297 5471 2419 5528; x_wconf 79' lang='lat' dir='ltr'><strong>Non</strong></span> <span class='ocrx_word' id='word_1_998' title='bbox 2445 5473 2761 5544; x_wconf 73' lang='lat' dir='ltr'><strong>pastoribus.</strong></span> <span class='ocrx_word' id='word_1_999' title='bbox 2793 5471 3064 5530; x_wconf 78' lang='lat' dir='ltr'><strong>Particula</strong></span> <span class='ocrx_word' id='word_1_1000' title='bbox 3089 5474 3330 5544; x_wconf 80' lang='lat' dir='ltr'><strong>negativa</strong></span> <span class='ocrx_word' id='word_1_1001' title='bbox 3355 5471 3659 5539; x_wconf 67' lang='lat' dir='ltr'><strong>expungenda</strong></span> 
     </span>
    </p>
   </div>
   <div class='ocr_carea' id='block_1_134' title="bbox 2156 5542 2779 5605">
    <p class='ocr_par' dir='ltr' id='par_1_134' title="bbox 2156 5542 2779 5605">
     <span class='ocr_line' id='line_1_139' title="bbox 2156 5542 2779 5605; baseline -0.003 -7"><span class='ocrx_word' id='word_1_1002' title='bbox 2156 5551 2261 5605; x_wconf 89' lang='lat' dir='ltr'><strong>est,</strong></span> <span class='ocrx_word' id='word_1_1003' title='bbox 2289 5559 2389 5596; x_wconf 87' lang='lat' dir='ltr'><strong>nec</strong></span> <span class='ocrx_word' id='word_1_1004' title='bbox 2413 5550 2494 5596; x_wconf 91' lang='lat' dir='ltr'><strong>est</strong></span> <span class='ocrx_word' id='word_1_1005' title='bbox 2527 5542 2582 5596; x_wconf 91' lang='lat' dir='ltr'><strong>in</strong></span> <span class='ocrx_word' id='word_1_1006' title='bbox 2604 5543 2779 5598; x_wconf 90' lang='lat' dir='ltr'><strong>editis.</strong></span> 
     </span>
    </p>
   </div>
   <div class='ocr_carea' id='block_1_135' title="bbox 2230 5601 3653 5687">
    <p class='ocr_par' dir='ltr' id='par_1_135' title="bbox 2230 5601 3653 5687">
     <span class='ocr_line' id='line_1_140' title="bbox 2230 5601 3653 5687; baseline 0.017 -26"><span class='ocrx_word' id='word_1_1007' title='bbox 2230 5601 2257 5651; x_wconf 64' lang='lat' dir='ltr'><strong>Ii</strong></span> <span class='ocrx_word' id='word_1_1008' title='bbox 2281 5611 2564 5687; x_wconf 48' lang='lat' dir='ltr'><strong>ﬂantibus.</strong></span> <span class='ocrx_word' id='word_1_1009' title='bbox 2594 5612 2652 5687; x_wconf 81' lang='lat' dir='ltr'><strong>In</strong></span> <span class='ocrx_word' id='word_1_1010' title='bbox 2680 5615 2800 5687; x_wconf 76' lang='lat' dir='ltr'><strong>cod.</strong></span> <span class='ocrx_word' id='word_1_1011' title='bbox 2840 5614 2998 5670; x_wconf 76' lang='lat' dir='ltr'><strong>Vind.</strong></span> <span class='ocrx_word' id='word_1_1012' title='bbox 3028 5601 3653 5687; x_wconf 52' lang='grc' dir='ltr'><strong>ἰεεὶῑρτϋηρνζξθωε</strong></span> 
     </span>
    </p>
   </div>
   <div class='ocr_carea' id='block_1_136' title="bbox 2160 5676 3661 5753">
    <p class='ocr_par' dir='ltr' id='par_1_136' title="bbox 2160 5676 3661 5753">
     <span class='ocr_line' id='line_1_141' title="bbox 2160 5676 3661 5753; baseline -0.013 -17"><span class='ocrx_word' id='word_1_1013' title='bbox 2160 5682 2213 5736; x_wconf 91' lang='lat' dir='ltr'><strong>iu</strong></span> <span class='ocrx_word' id='word_1_1014' title='bbox 2243 5680 2422 5753; x_wconf 83' lang='lat' dir='ltr'><strong>editis,</strong></span> <span class='ocrx_word' id='word_1_1015' title='bbox 2455 5682 2711 5753; x_wconf 73' lang='lat' dir='ltr'><strong>morsibus</strong></span> <span class='ocrx_word' id='word_1_1016' title='bbox 2745 5676 3118 5753; x_wconf 53' lang='lat' dir='ltr'><strong>dispersorum.</strong></span> <span class='ocrx_word' id='word_1_1017' title='bbox 3149 5682 3258 5736; x_wconf 86' lang='lat' dir='ltr'><strong>Sed</strong></span> <span class='ocrx_word' id='word_1_1018' title='bbox 3282 5682 3337 5734; x_wconf 78' lang='grc' dir='ltr'><strong>τὸ</strong></span> <span class='ocrx_word' id='word_1_1019' title='bbox 3361 5676 3661 5753; x_wconf 50' lang='lat' dir='ltr'><strong>dispertitum</strong></span> 
     </span>
    </p>
   </div>
   <div class='ocr_carea' id='block_1_137' title="bbox 2158 5748 3574 5823">
    <p class='ocr_par' dir='ltr' id='par_1_137' title="bbox 2158 5748 3574 5823">
     <span class='ocr_line' id='line_1_142' title="bbox 2158 5748 3574 5823; baseline -0.011 -15"><span class='ocrx_word' id='word_1_1020' title='bbox 2158 5751 2460 5821; x_wconf 80' lang='lat' dir='ltr'><strong>exscriptor</strong></span> <span class='ocrx_word' id='word_1_1021' title='bbox 2487 5751 2687 5819; x_wconf 85' lang='lat' dir='ltr'><strong>omisit,</strong></span> <span class='ocrx_word' id='word_1_1022' title='bbox 2720 5748 2863 5823; x_wconf 82' lang='lat' dir='ltr'><strong>quod</strong></span> <span class='ocrx_word' id='word_1_1023' title='bbox 2901 5764 3079 5810; x_wconf 87' lang='lat' dir='ltr'><strong>tamen</strong></span> <span class='ocrx_word' id='word_1_1024' title='bbox 3108 5748 3466 5810; x_wconf 67' lang='lat' dir='ltr'><strong>necessarium</strong></span> <span class='ocrx_word' id='word_1_1025' title='bbox 3485 5748 3574 5794; x_wconf 78' lang='lat' dir='ltr'><strong>est-</strong></span> 
     </span>
    </p>
   </div>
  </div>
