3940 6196
329 367 462 425 109.7

1313 350 1369 406 S.
1410 345 1770 404 BENEDICTI
1809 337 2096 396 ABBATIS
2130 331 2535 392 ANIANENSIS

3413 321 3552 376 {09.3

327 482 562 542 tenuerit
585 490 824 537 manum,
855 472 899 526 si
925 467 1162 525 oraverit
1188 480 1308 520 cum
1336 463 1426 518 illo
1446 463 1534 532 qui
1557 470 1639 515 est
1669 462 1736 515 ab
1773 473 1891 513 ora-
1915 465 1966 524 Α
1994 447 2272 542 recundat,
2303 460 2429 500 cum
2468 451 2618 497 reatu
2640 441 2809 510 culpa:
2845 437 3039 492 faciem
3083 434 3285 490 diaboli
3329 434 3559 489 interius

328 575 477 628 tione
498 579 817 637 suspensus;
847 561 890 614 si
921 558 1150 626 aliquem
1174 561 1461 624 parentum
1491 549 1572 605 vel
1599 549 1893 603 amicorum

329 635 670 718 smcularium
697 661 787 706 aut
816 647 1032 710 viderit,
1057 653 1148 698 aut
1167 643 1468 698 collocutus
1497 641 1576 694 eis
1598 637 1758 692 fuerit
1777 635 1896 690 sine

331 765 427 807 suo
454 746 694 807 seniore;
727 746 773 796 si
811 737 1089 810 epistolam
1144 732 1408 802 cujusque
1456 727 1777 799 susceperit,
1807 731 1898 778 aut

330 837 628 896 rescribere
673 833 789 887 sine
820 845 918 884 suo
954 828 1147 881 abbate
1178 821 1487 878 tentaverit.
1520 820 1579 874 In
1611 819 1698 874 his
1729 815 1900 872 omni-

331 931 432 984 bus
471 935 525 980 et
571 924 658 978 bis
697 920 960 976 similibus
1008 915 1291 986 pmnitenti
1337 920 1392 968 et
1429 927 1612 966 coram
1651 909 1899 964 omnibus

331 1013 652 1086 supplicanti
681 1010 836 1065 venia
863 1022 968 1062 non
997 1007 1291 1074 denegetur
1315 1020 1328 1056 :
1351 1001 1718 1058 contemnenti
1750 1015 1898 1064 vero,

334 1117 390 1163 et
409 1109 525 1162 hsce
544 1103 726 1158 omnia
749 1116 848 1170 pro
873 1097 1041 1152 nihilo
1077 1095 1295 1150 ducenti
1325 1107 1351 1135 ι
1381 1091 1639 1164 spiritalis
1668 1090 1901 1146 vindicta

333 1193 660 1252 omnimodis
687 1192 1009 1258 imponatur.

504 1283 531 1353 ᾗ
568 1281 651 1335 Ill.
681 1308 753 1319 —
781 1279 856 1332 Ex
887 1277 1102 1331 Rasum
1133 1289 1393 1330 cumsuam
1421 1269 1573 1344 (cap.
1608 1269 1730 1344 16).

410 1370 757 1443 Negligcntite
784 1367 960 1435 culpa,
987 1381 1092 1434 qua
1125 1379 1220 1434 per
1245 1363 1439 1417 mullos
1466 1375 1624 1416 casus
1645 1361 1697 1413 in
1726 1358 1907 1414 multis

340 1463 688 1531 delinquitur,
715 1459 925 1512 abbatis
962 1456 1168 1526 judicio
1194 1453 1466 1524 pensanda
1493 1459 1574 1505 est
1592 1489 1607 1515 ,
1642 1450 1696 1504 id
1723 1459 1826 1513 est,
1853 1449 1908 1501 in

339 1552 649 1614 refectorio,
681 1551 734 1603 in
757 1547 1022 1616 coquina;
1057 1546 1084 1585 ι)
1117 1545 1170 1598 in
1199 1542 1534 1607 dormitorio,
1559 1540 1644 1595 vel
1669 1537 1911 1609 qualibet

345 1644 577 1699 utilitate
604 1647 696 1694 aut
726 1638 965 1709 fregerit,
995 1643 1088 1690 aut
1113 1634 1429 1705 perdiderit,
1453 1639 1545 1686 aut
1578 1629 1911 1701 negligenter

342 1734 628 1798 dimiserit,
645 1731 824 1784 omnia
850 1728 1142 1784 secundum
1163 1740 1317 1778 suum
1339 1721 1612 1777 modulum
1639 1729 1764 1774 sunt
1785 1732 1913 1788 pen-

1993 535 2267 591 recondat.

1993 645 2023 720 ς
2055 646 2143 702 IV.
2174 674 2247 685 —
2280 643 2361 699 Ex
2393 642 2613 699 Rscuu
2640 658 2671 696 Α
2701 641 2921 696 Denuo
2957 653 3231 695 couscra
3263 637 3413 710 (cap.
3445 637 3559 711 26).

2063 758 2092 799 (ι
2123 757 2436 825 Quicunque
2479 753 2546 809 de
2588 751 2866 815 fratribus,
2896 750 2984 806 cui
3033 748 3338 806 sollicitudo
3384 748 3567 817 coqui-

1996 851 2159 906 nandi
2177 848 2262 904 vel
2290 844 2630 902 ministrandi
2654 844 2939 899 commissa
2962 849 3064 908 est,
3084 839 3402 910 quantulum
3431 837 3567 908 quid

1997 940 2266 1003 effuderit,
2321 948 2346 976 ο
2383 936 2627 990 oratione
2681 934 2738 988 in
2785 931 3014 988 ecclesia
3067 936 3191 1000 post
3240 928 3567 998 completum

1999 1044 2238 1091 cursum,
2267 1026 2340 1080 ita
2360 1033 2421 1079 ut
2447 1023 2641 1077 fratres
2667 1036 2766 1092 pro
2807 1033 2872 1075 eo
2909 1026 3085 1083 orent,
3131 1016 3421 1084 emendare
3449 1023 3564 1070 sta-

2002 1119 2189 1174 tuitur.
2219 1114 2478 1170 Similiter
2504 1111 2784 1182 pmniteat,
2811 1110 2903 1179 qui
2942 1107 3332 1163 humiliationis
3376 1107 3430 1161 in
3482 1121 3573 1175 sy-

2003 1209 2150 1273 naxi,
2172 1206 2227 1262 id
2254 1213 2340 1260 est
2365 1218 2550 1267 cursu,
2567 1201 2764 1256 oblitus
2794 1200 2973 1254 fuerit.
3000 1200 3125 1256 Haec
3148 1208 3232 1253 est
3266 1197 3570 1252 humiliatio

2004 1301 2060 1356 in
2109 1297 2338 1353 ecclesia
2375 1294 2394 1334 ί
2436 1301 2559 1365 post
2611 1293 2771 1346 ﬁnem
2823 1292 3081 1361 cujusque
3128 1290 3340 1359 psalmi.
3399 1289 3572 1344 Simili

2005 1391 2165 1446 modo
2205 1389 2234 1428 ε
2290 1385 2382 1455 qui
2415 1383 2710 1454 perdiderit
2735 1381 2923 1447 micas,
2953 1379 3196 1436 oratione
3243 1380 3297 1433 in
3346 1378 3574 1434 ecclesia

2007 1479 2282 1538 emendari
2309 1484 2554 1548 cogatur.
2585 1474 2663 1528 Ita
2707 1483 2884 1528 tamen
2924 1473 3037 1528 haec
3061 1487 3226 1542 parva
3257 1472 3575 1540 pmnitentia

2008 1573 2035 1612 δ
2056 1572 2344 1642 judieetur,
2377 1568 2422 1622 si
2461 1579 2684 1635 parvum
2727 1563 2856 1632 quid
2902 1562 3168 1617 eﬂ'uderit.
3206 1563 3223 1602 ι
3255 1560 3407 1628 Quod
3435 1562 3480 1614 si
3511 1576 3577 1614 ex

2009 1660 2328 1732 negligentia
2352 1657 2437 1711 vel
2459 1655 2730 1710 oblivione
2750 1667 2842 1707 seu
2871 1652 3296 1722 transgressione
3319 1651 3572 1704 securita-

2013 1753 2084 1806 tis
2113 1759 2221 1804 tam
2250 1749 2305 1802 in
2351 1745 2598 1815 liquidis,
2629 1758 2792 1813 quam
2841 1743 2894 1795 in
2939 1741 3107 1795 aridis
3153 1739 3383 1810 amplius
3423 1740 3581 1793 solito

345 1825 534 1888 sanda’
563 1831 615 1877 et
640 1821 792 1890 juxta
834 1827 1072 1912 mta‘em’
1103 1815 1187 1912 vi”
1231 1823 1495 1912 ‘ﬁnéra‘f‘:
1531 1811 1626 1912 vel,
1663 1808 1909 1912 éc'tnem’
1940 1813 1986 1872 Β
2013 1840 2328 1912 perdiderit,
2359 1808 2517 1907 longa
2564 1808 2720 1890 venia
2766 1833 2820 1887 in
2865 1830 3116 1896 ecclesia,
3140 1808 3265 1884 dum
3297 1830 3579 1884 duodecim

345 1917 430 1972 vel
463 1914 694 1977 virilem,
717 1919 842 1966 sunt
875 1907 1212 1978 corrigenda.
1249 1905 1384 1971 Quia
1412 1904 1458 1956 si
1483 1903 1537 1956 in
1561 1900 1796 1955 minimis
1819 1914 1913 1953 ne-

347 2005 601 2078 gligentia
631 2002 884 2056 vitiorum
932 2013 1039 2052 non
1083 1995 1389 2063 corrigitur,
1428 2007 1581 2046 mens
1628 1990 1812 2044 vitiata
1858 1989 1913 2041 in

349 2098 649 2154 minoribus
671 2093 862 2164 culpis,
887 2091 942 2146 in
969 2087 1175 2157 majora
1201 2088 1460 2141 dilabitur
1483 2084 1695 2138 delicta.
1721 2081 1778 2136 Si
1810 2079 1917 2134 fra-

349 2200 436 2246 ter
463 2189 554 2260 qui
594 2189 648 2240 iu
679 2187 764 2241 his
787 2184 1004 2240 casibus
1033 2181 1198 2235 fuerit
1226 2179 1490 2247 dilapsus,
1522 2176 1704 2230 statim
1734 2173 1917 2228 abbati

351 2282 439 2336 vel
467 2279 758 2351 praeposito
777 2289 967 2346 puram
1017 2272 1226 2327 dederit
1259 2267 1671 2328 confessionem,
1695 2275 1749 2320 et
1774 2279 1921 2319 com-

353 2382 566 2443 pertum
621 2369 783 2424 fuerit
829 2381 934 2422 non
961 2379 1070 2420 suae
1101 2361 1394 2417 voluntatis
1424 2360 1591 2413 fuisse
1619 2359 1762 2426 quod
1793 2369 1920 2410 casu

357 2463 578 2527 accidit,
607 2461 709 2516 hoc
739 2455 1108 2513 tantummodo
1145 2451 1408 2514 suﬂiciat;
1457 2457 1516 2502 ut
1541 2449 1643 2502 hoc
1665 2446 1806 2516 quod
1831 2446 1922 2500 de-

354 2555 515 2625 liquit
544 2563 597 2609 et
623 2549 970 2623 perpetravit,
999 2545 1044 2602 si
1069 2544 1240 2614 possit
1280 2541 1417 2603 ﬁeri,
1444 2555 1550 2593 non
1599 2538 1825 2607 deneget
1869 2541 1926 2588 et

358 2646 608 2701 emendet
633 2659 756 2698 cum
777 2643 947 2696 venia:
973 2638 1362 2694 satisfactione.
1393 2633 1450 2688 Si
1491 2647 1622 2688 vero
1668 2645 1777 2686 non
1827 2625 1925 2682 sua

359 2735 722 2800 confessione,
739 2733 834 2789 sed
862 2731 1087 2786 alterius
1112 2728 1417 2800 proditione
1442 2723 1713 2794 cognitum
1741 2719 1924 2783 fuerit,

357 2835 520 2897 prout
541 2825 710 2895 culpa:
736 2822 1047 2894 magnitudo
1075 2804 1400 2890 poposcerit,
1429 2813 1760 2885 paenitentia:
1789 2810 1922 2866 sub-

351 2916 577 2984 jaeebit,
605 2915 730 2984 quia
778 2912 988 2982 culpam
1033 2925 1132 2982 per
1177 2924 1365 2979 puram
1396 2905 1789 2962 confessionem
1818 2916 1928 2955 non

364 3005 744 3060 manifestavit.
774 3014 796 3042 ε
831 3002 890 3056 Si
913 3016 1044 3057 vero
1069 3010 1125 3054 et
1149 2997 1442 3066 majoribus
1475 2995 1666 3064 culpis,
1693 2992 1834 3062 quod
1863 2991 1930 3046 ad

366 3097 558 3150 anima:
586 3092 843 3161 majorem
876 3091 1145 3162 pertineat
1169 3087 1593 3148 damnationem,
1622 3085 1726 3139 hoc
1756 3097 1933 3138 secre-

367 3187 474 3240 tius
493 3199 592 3255 per
615 3199 803 3254 puram
830 3181 1219 3237 confessionem
1256 3179 1440 3234 volens
1478 3192 1577 3232 suo
1626 3174 1933 3230 manifestet

369 3277 552 3333 abbati
583 3294 598 3331 :
627 3289 696 3330 ne
729 3274 857 3328 dum
881 3281 1068 3344 tepore
1097 3271 1262 3326 animi
1285 3271 1514 3341 culpane
1545 3269 1797 3338 detegere
1837 3281 1930 3320 ve-

444 3440 470 3468 ι
497 3423 767 3496 Spiritalis
817 3422 1062 3496 vindicta.
1103 3420 1442 3496 L_e_gendu_m,
1470 3417 1782 3496 corporalis,
1806 3433 1933 3496 non,

444 3440 470 3468 ⁸
497 3439 767 3496 opimam
817 3439 1062 3480 vindicta.
1103 3439 1178 3477 Le
1215 3439 1442 3484 enuum,
1470 3439 1778 3489 corporalis,
1807 3439 1933 3480 non,

369 3495 642 3566 spiritalis,
676 3510 800 3549 nam
830 3493 1117 3566 Cassianus
1143 3439 1236 3566 lig.
1264 3507 1315 3544 tv
1345 3491 1644 3566 lns_t.,_cap.
1663 3487 1774 3566 _16,
1793 3487 1938 3566 unde

371 3557 486 3620 haec
520 3557 729 3633 sumpta
755 3571 899 3632 sunt,
927 3562 1071 3617 leves
1099 3562 1283 3633 culpas
1310 3559 1541 3630 spiritali
1589 3557 1935 3633 animadger-

373 3578 486 3620 haec
520 3578 729 3633 sumpta
755 3578 899 3632 sunt,
927 3578 1071 3617 leves
1099 3578 1182 3616 CUI
1223 3578 1283 3615 as
1310 3578 1541 3630 sptrltau
1589 3578 1935 3611 antlnauver-

373 3635 543 3699 sione,
574 3635 677 3688 hoc
704 3643 806 3697 est,
833 3633 1046 3702 publica
1079 3578 1390 3686 conﬁtsione
1407 3670 1421 3694 ,
1444 3627 1728 3702 emendari
1750 3627 1938 3702 solitas

371 3706 466 3765 ait,
489 3695 760 3774 graviores
792 3695 922 3774 vero
934 3709 988 3774 et
1007 3709 1370 3774 contemptum
1391 3696 1655 3774 corporali
1683 3695 1936 3774 vindicta.

445 3773 474 3814 δ
491 3767 569 3826 Ἰη
593 3772 919 3826 dormitorio.
946 3769 1109 3840 Lege,
1126 3770 1186 3824 Si
1208 3767 1325 3840 quis
1355 3769 1409 3822 in
1432 3767 1760 3840 dormitorio.

449 3852 472 3880 ε
510 3840 570 3896 Si
594 3858 710 3896 vero
731 3850 778 3894 et
812 3833 1103 3909 majoribus
1130 3833 1327 3907 culpis,
1351 3846 1460 3909 etc.
1515 3835 1640 3909 Haec
1683 3833 1938 3909 mendosa

374 3911 610 3982 quidem.
640 3911 733 3982 sed
776 3911 852 3982 ita
892 3901 1228 3982 restituenda
1249 3922 1316 3960 ex
1346 3906 1659 3982 Smaragdo.
1719 3901 1775 3956 Si
1823 3918 1941 3982 vero

375 3972 440 4034 ἐκ
462 3980 748 4048 majoribus
769 3979 954 4048 culpis,
981 3979 1120 4049 quod
1159 3977 1228 4030 ad
1275 3977 1463 4049 anima:
1491 3972 1743 4049 majorem
1786 3972 1945 4042 perti-

377 4058 496 4102 neat
533 4043 1203 4118 damnationemLaliquam
1224 4044 1537 4099 commiserit
1565 4043 1748 4112 frater,
1775 4055 1944 4095 secre-

381 4120 485 4171 tius
513 4134 604 4186 per
629 4133 814 4185 puram
841 4117 1234 4186 confessionem,
1267 4121 1371 4168 etc.

445 4182 826 4265 dn'Quicunque.
848 4185 911 4265 de
942 4182 1208 4265 [ratribus
1229 4192 1380 4264 ,.etc.
1424 4182 1549 4236 ilmc
1583 4186 1794 4265 sumpta
1823 4185 1948 4265 sunt

378 4269 447 4308 ex
467 4247 828 4308 Paenitentiali
856 4253 913 4307 S.
945 4247 1282 4315 Columbani,
1311 4268 1373 4306 ex
1411 4267 1518 4321 quo
1573 4258 1628 4304 et
1669 4247 1944 4321 nonnullis

380 4331 691 4447 sapatorulm
718 4321 938 4376 Patrum
976 4321 1194 4394 Regulis
1215 4322 1304 4376 hic
1343 4316 1579 4375 Donatus
1607 4334 1760 4374 suam
1784 4316 1942 4372 colle-

380 4409 434 4447 tn
530 4407 625 4447 ραι]
652 4407 757 4446 am.

380 4407 459 4464 gtt
485 4407 757 4464 negatam.

2013 1930 2249 2000 psalmos
2277 1925 2289 1976 i
2322 1927 2388 1980 ad
2415 1925 2782 1980 duodecimam
2809 1930 3029 1985 canunt,
3054 1926 3356 1989 prostratus
3377 1919 3581 1972 nullum

2014 2020 2318 2074 membrum
2345 2029 2566 2070 movens
2583 2012 2868 2083 paeniteat.
2901 2013 2926 2050 ¹ι
2965 2011 3030 2064 Et
3053 2010 3145 2080 qui
3173 2024 3279 2064 non
3312 2009 3584 2064 custodie-

2017 2110 2090 2163 rit
2111 2108 2356 2164 ordinem
2381 2106 2448 2160 ad
2465 2103 2808 2167 sacrificium,
2826 2117 2920 2157 sex
2943 2099 3383 2171 percussionibus
3408 2113 3588 2154 emen-

2017 2200 2192 2255 detur.

2163 2308 2191 2382 §
2230 2309 2294 2364 V.
2321 2308 2493 2362 ——Ex
2536 2306 2758 2363 Rscuu
2809 2305 3148 2360 Taenarus:
3177 2303 3327 2376 (cap.
3361 2304 3447 2374 8).

2097 2420 2117 2460 1
2159 2420 2260 2488 Qui
2299 2420 2684 2491 cogitationum
2735 2416 3163 2487 impugnatioues
3203 2413 3589 2481 consolationis

2023 2525 2136 2566 suae
2162 2523 2326 2564 causa
2348 2507 2611 2564 secretius
2647 2505 2954 2569 confitetur,
2981 2520 3086 2559 non
3116 2511 3329 2573 oportet
3355 2518 3477 2556 eum
3500 2502 3590 2554 de-

2024 2600 2180 2670 spici,
2210 2613 2309 2652 nee
2349 2598 2470 2652 aliis
2518 2595 2800 2666 publicari,
2835 2593 2929 2648 sed
2969 2601 3228 2662 quantum
3260 2593 3313 2644 in
3353 2591 3470 2660 ipso
3515 2597 3601 2644 est

2025 2687 2218 2743 blanda
2247 2685 2625 2742 exhortatione
2650 2683 2838 2738 foveri.
2868 2683 2969 2750 Qui
2997 2683 3118 2736 aliis
3170 2693 3384 2736 secreta
3429 2682 3600 2734 medi-

2029 2779 2232 2833 tatione
2267 2777 2622 2849 psallentibus
2666 2777 3108 2832 inconvenienter
3150 2775 3319 2829 fuerit
3364 2773 3597 2838 loeutus,

2029 2879 2307 2941 arguatur.
2335 2881 2373 2909 ω
2389 2869 2447 2924 ιιι
2477 2883 2796 2938 quocunque
2816 2883 2947 2939 ergo
2968 2884 3133 2938 opere
3154 2877 3247 2923 aut
3263 2869 3602 2924 meditaban-

2031 2968 2118 3015 tur
2139 2975 2260 3030 qua:
2299 2967 2484 3014 saneta
2520 2966 2666 3024 sunt,
2697 2967 2788 3013 aut
2819 2967 2967 3014 certe
2993 2958 3246 3014 silebant.

2036 3091 2065 3164 ς
2104 3091 2188 3148 Vl.
2231 3121 2303 3132 —
2339 3091 2508 3147 Dtcrs
2535 3101 2799 3164 e_sanc'rr
2817 3090 2977 3164 Bson:
3001 3090 3313 3164 (Comment.
3345 3093 3401 3146 in
3428 3107 3543 3159 cap.
3571 3105 3605 3143 ν

2553 3161 2721 3232 Epist.
2767 3161 2830 3215 D.
2863 3161 3092 3232 Jacobi).

2107 3268 2165 3325 Si
2189 3270 2242 3324 in
2277 3267 2526 3340 peccatis
2561 3270 2653 3335 sit,
2694 3268 3032 3324 dimittentur
3068 3270 3141 3324 ei.
3191 3268 3345 3324 Multi
3389 3279 3609 3339 propter

2036 3432 2281 3479 notatum
2316 3433 2418 3480 est.
2834 3462 2854 3469 -ν

2113 3495 2139 3534 ιι
2183 3495 2247 3564 Et
2275 3495 2363 3564 qui
2390 3510 2494 3547 non
2514 3492 2840 3564 custodierit,
2863 3501 2970 3548 etc.
3008 3491 3152 3564 Idem
3186 3492 3606 3564 Pamitentialis.

2042 3563 2176 3635 (qui)
2204 3562 2452 3617 Ordinem
2479 3562 2728 3635 sacriﬁcii
2774 3579 2878 3617 non
2921 3563 3224 3616 custodierit
3266 3563 3337 3616 ad
3389 3563 3614 3627 olferen-

2043 3633 2300 3701 dum,lsex
2321 3633 2754 3701 percussionibus.
3137 3700 3140 3701 ν
3173 3640 3203 3653 θ

2120 3701 2144 3771 ιᾉ
2173 3699 2275 3766 Qui
2297 3699 2825 3771 cogitationumpetc.
2860 3701 2985 3755 Haec
3021 3700 3374 3771 proferuntur
3400 3703 3469 3755 ob
3520 3700 3612 3753 illa

2046 3770 2104 3827 S.
2129 3769 2402 3825 Benedicti
2444 3771 2650 3824 verba:
2691 3770 2750 3823 Si
2790 3773 2980 3840 animis
3007 3769 3125 3824 vero
3169 3772 3367 3840 peccati
3423 3787 3607 3834 causa,

2045 3850 2175 3904 etc.,
2209 3848 2268 3892 ut
2295 3848 2350 3894 et
2371 3853 2602 3908 sequens
2622 3839 2932 3908 capitulum.

2118 3923 2156 3948 ω
2184 3909 2251 3986 In
2272 3923 2725 3986 quocu_n_quenergo
2757 3916 3059 3986 operm-etei.
3090 3910 3166 3963 Ex
3199 3909 3401 3980 Regula
3430 3908 3615 3986 Sapa-

2047 3975 2502 4048 cbomii,'art.35
2529 3992 2542 4030 :
2575 3975 2860 4046 Operantes
2880 3978 3007 4032 nihil
3029 3975 3311 4048 loquantur
3338 3978 3613 4041 saculare,

2047 4049 2137 4103 sed
2181 4057 2273 4101 aut
2305 4047 2763 4116 meditenturiquw
2791 4057 2973 4100 sancta
3016 4047 3158 4113 sunt,
3185 4057 3277 4100 aut
3321 4058 3457 4101 certe
3493 4048 3617 4101 sile—

2051 4117 2196 4174 bunt.
2230 4116 2473 4170 Meditari
2502 4116 2602 4170 hoc
2627 4115 2746 4170 luco
2769 4124 2853 4170 est
2876 4126 3113 4171 cantare.

2121 4195 2150 4224 ιι
2187 4186 2372 4255 Sancti
2401 4184 2577 4238 Bedaz.
2608 4184 2744 4239 Nota
2773 4185 2969 4239 Bedam
2996 4201 3102 4240 non
3129 4185 3218 4241 hic
3238 4184 3501 4255 appellari
3526 4201 3620 4239 ve-

2049 4254 2366 4320 nerahilem,
2395 4255 2488 4308 sed
2509 4263 2773 4324 sanctum.
2801 4255 2882 4309 Ab
2915 4255 3140 4309 Alcuino
3189 4256 3242 4308 in
3273 4253 3515 4324 epistola
3533 4255 3620 4324 _ad

2055 4324 2308 4379 Virenses
2331 4324 2685 4404 monachoset
2707 4323 2830 4376 alibi
2845 4324 3142 4447 apglellatur
3164 4322 3417 4403 Magister
3439 4322 3618 4385 Beda;

2055 4409 2081 4447 a
2114 4393 2450 4447 Santzallensx
2483 4409 2536 4446 ιιι
2571 4391 2689 4446 Vita
2714 4391 2890 4447 Caroli
2970 4394 3117 4447 aeni.
3142 4393 3517 4447 doctissimus:
3549 4395 3618 4446 ab

2051 4409 2084 4464 a_
2114 4392 2536 4464 Sangallensijn
2571 4391 2689 4446 Vita
2714 4391 2893 4464 Caroli
2917 4391 3117 4464 Magni,
3142 4391 3620 4464 doetissimusiab

457 4473 481 4500 ο
515 4446 782 4532 oratione.
827 4460 904 4532 Ita
937 4461 1006 4532 fin
1035 4457 1400 4532 Plenitentiali
1441 4458 1625 4512 citato.
1680 4456 1747 4510 Et
1787 4454 1949 4526 paulo
1973 4446 2028 4506 D
2052 4446 2424 4518 adsumam
2453 4461 2677 4532 Chr-om,
2699 4446 3116 4532 presbyteris,
3141 4446 3445 4532 (inillelmq
3486 4446 3619 4532 ﬁgi-

382 4539 506 4602 post
522 4550 544 4602 _:
573 4530 822 4584 Oratione
841 4531 894 4584 in
922 4529 1162 4602 (Ecclesia
1189 4528 1464 4602 emendare
1484 4535 1718 4602 cogatur.

467 4601 486 4640 ἲ
510 4600 637 4654 Post
661 4601 816 4670 ﬁnem
845 4601 1095 4670 cujusque
1120 4598 1337 4668 psalmi,
1357 4597 1489 4652 Cum
1509 4595 1780 4670 submissa
1820 4607 1952 4647 voce

384 4679 570 4725 oratur
600 4686 629 4722 a
655 4664 1089 4738 fratribus'jnita
1120 4664 1460 4738 sanctionem
1509 4664 1749 4738 Magistri
1787 4677 1950 4738 supra

385 4756 417 4792 a
449 4740 602 4792 nobis
645 4732 984 4806 explicatam,
1009 4753 1171 4807 quam
1219 4737 1306 4790 hic
1350 4736 1497 4790 locus
1536 4732 1868 4796 mirandum’
1895 4732 1951 4786 in

387 4809 602 4862 modum
629 4809 878 4861 illustrat.

463 4881 487 4948 β
513 4878 614 4942 Qui
641 4877 920 4948 perdiderit
943 4878 1121 4948 micas.
1147 4874 1304 4948 Circa
1353 4875 1614 4948 micarum
1663 4872 1735 4948 in_
1761 4884 1950 4948 mensa

388 4941 755 5017 eollcCtionem
777 4946 930 5002 valde
952 4947 1183 5017 religiosi
1210 4945 1507 5017 (dimittere
1528 4941 1796 4997 monachi.
1816 4941 1949 4998 Vide

389 5015 647 5070 Joannem
673 5017 990 5071 monachum
1016 5013 1076 5070 in
1095 5017 1213 5070 Vita
1237 5014 1292 5069 S.
1323 5013 1540 5069 Odonis.

461 5087 491 5126 ιι
529 5085 822 5139 Iudicatur.
851 5086 908 5140 In
945 5086 1140 5140 PtBnit.
1176 5104 1187 5138 :
1222 5085 1290 5138 Ei
1310 5085 1601 5154 judicetur.

467 5157 485 5194 ί
520 5156 672 5225 Quod
697 5157 742 5207 si
769 5171 832 5210 ea:
861 5155 1168 5225 negligentia
1199 5163 1290 5225 aut
1310 5147 1723 5225 'oblivioue,_etc.
1745 5147 1804 5225 in
1830 5148 1955 5225 Pte—

393 5218 653 5294 nitentiali
681 5225 844 5280 citato
865 5218 1116 5294 corrupte
1135 5223 1329 5293 legitur
1355 5240 1366 5275 :
1396 5221 1547 5287 Quod
1577 5223 1622 5274 si
1644 5218 1954 5294 negligentia

397 5302 488 5346 aut
519 5293 844 5356 oblivionem,
874 5311 964 5348 seu
1013 5288 1474 5362 transgressionem
1521 5288 1794 5362 securitas.
1846 5288 1953 5342 Sed

398 5362 676 5430 legendum
703 5381 716 5416 :
748 5362 900 5429 Quod
927 5364 972 5417 si
1000 5378 1064 5416 ex
1092 5359 1400 5431 negligentia
1438 5369 1528 5414 aut
1557 5359 1832 5431 oblivione,
1852 5365 1954 5431 _aut

397 5426 823 5501 transgressionis
868 5426 1651 5501 securitate:Transgressionis
1692 5426 1954 5501 securitas

400 5509 483 5554 est
508 5497 629 5554 cum
649 5503 772 5571 quis
792 5502 945 5556 facile
973 5497 1387 5570 transgreditur,
1400 5501 1524 5568 quia
1550 5499 1616 5552 de
1641 5497 1956 5567 impunitate

401 5581 623 5624 securus
650 5581 750 5625 est.

477 5647 491 5686 ι
524 5637 604 5690 Ad
625 5640 1003 5708 duodecimam.
1021 5637 1078 5692 ld
1093 5646 1196 5702 est,
1215 5638 1282 5691 ad
1302 5639 1546 5708 synaxim
1564 5635 1951 5708 vespertinam,

397 5706 463 5772 in
497 5720 602 5776 qua
637 5706 762 5760 olim
802 5708 1132 5762 canebantur
1170 5706 1449 5762 duodecim
1472 5707 1691 5777 psalmi,
1717 5715 1773 5759 ut
1796 5722 1955 5776 supra

2052 4533 2412 4612 meshuriensi
2438 4532 2504 4585 de
2517 4529 2713 4612 .Ges-tis’
2731 4529 2915 4612 regum
2934 4532 3166 4612 .Angliaa,
3189 4529 3487 4612 “Florentio
3525 4530 3622 4584 Vi-

2054 4602 2348 4670 gorniensi,
2371 4599 2601 4671 Henrico
2625 4599 3086 4671 Hunctidoniensi,
3111 4601 3420 4671 etARogerio
3445 4600 3622 4671 Bone-

2053 4669 2175 4725 dem
2201 4671 2398 4724 dicitur
2423 4669 2561 4740 Beda
2588 4671 2703 4723 sine
2731 4669 3000 4738 adjuncto.
3032 4670 3114 4724 Ab
3159 4669 3438 4740 Hayinone
3492 4669 3622 4740 HaL

2052 4740 2397 4800 berstatensi,
2424 4738 2839 4794 Commentariis
2867 4740 2920 4792 in
2957 4754 3076 4808 cap.
3110 4755 3169 4792 ιιι
3197 4738 3266 4793 ad
3297 4739 3462 4804 Phil.,
3489 4739 3619 4792 bea-

2053 4816 2142 4862 tus
2169 4808 2313 4862 Beda
2343 4807 2680 4877 iudigitatur.
2733 4809 2811 4862 Ex
2853 4807 3049 4876 quibus
3081 4817 3230 4878 patet
3285 4808 3623 4862 Venerabilis

2055 4877 2468 4959 appellationem
2497 4879 2850 4959 recentiorem
2890 4892 3017 4959 esse
3069 4893 3230 4959 quam
3278 4879 3626 4957 existimave-

2056 4946 2194 5002 ritiis
2239 4948 2332 5016 qui
2371 4947 2469 5001 hos
2514 4947 2568 5000 in
2613 4946 2764 5000 Pauli
2806 4946 3546 5016 Epistolas’Commcntarios
3592 4962 3624 4998 a

2056 4963 2194 5002 l‘tlllS
2229 4963 2332 5070 lqui
2372 4963 2469 5001 nos
2514 4963 2568 5000 ιιι
2613 4963 2764 5000 rauu
2806 4963 3072 5016 nptstmas
3111 4963 3546 5002 commentarios
3592 4963 3624 4998 a

2054 5018 2210 5088 nobis
2277 5016 2510 5088 aymoni,
2544 5018 2623 5088 ab;
2642 5017 2762 5088 aliis
2796 5017 3043 5088 Remigio
3063 5016 3523 5088 Autissiodurensi
3550 5025 3628 5088 at-

2055 5086 2295 5156 tributos
2314 5085 2535 5156 ascribit
2593 5085 2650 5140 S.
2717 5086 2963 5156 Remigio
3016 5086 3306 5156 Rhemensi
3353 5087 3624 5156 anchiepi-e

2055 5170 2236 5225 scopo.
2267 5153 2572 5210 Refutando
2599 5156 2775 5209 locum
2798 5153 3024 5211 citatum
3044 5171 3110 5210 ex
3143 5155 3306 5220 Beda,
3339 5165 3454 5210 tum
3479 5155 3625 5221 quod

2055 5225 2124 5294 ab
2142 5225 2394 5294 omnibus
2422 5240 2587 5294 prope
2612 5226 2924 5294 auctoribus
2953 5226 3115 5280 etiam
3138 5225 3294 5280 Beda:
3328 5225 3626 5293 aequalibus

2056 5292 2171 5363 ipse
2199 5293 2340 5348 Beda
2370 5292 2690 5348 venerabilis
2717 5293 3017 5363 appelletur
3067 5295 3232 5364 (quod
3283 5292 3466 5348 tamen
3517 5307 3622 5364 non

2054 5364 2288 5486 Erobat),
2319 5372 2429 5444 tum
2459 5364 2600 5432 quod
2625 5364 2774 5418 locus
2799 5363 2998 5420 citatus
3022 5363 3086 5418 cs
3110 5363 3532 5445 Commentario
3568 5363 3622 5414 in

2101 5442 2227 5486 mst.
2245 5433 2310 5486 ad
2327 5433 2462 5486 Phil.
2480 5433 2619 5486 anud
2644 5433 2843 5486 Bedam
2867 5450 2972 5486 non
2998 5441 3174 5486 exstet
3201 5449 3214 5486 :
3241 5450 3295 5486 ιιι
3317 5447 3424 5486 duo
3447 5443 3622 5486 tamen

2101 5434 2227 5501 pist.
2245 5433 2310 5487 ad
2327 5433 2462 5487 Phil.
2480 5433 2619 5502 apud
2644 5433 2843 5487 Bedam
2867 5450 2972 5488 non
2998 5441 3174 5488 exstet
3201 5449 3214 5486 :
3241 5434 3295 5487 in
3317 5447 3424 5502 quo
3447 5443 3622 5502 tamen

2055 5503 2313 5572 memoria
2331 5501 2734 5572 lapsusvidctur
2749 5520 2762 5568 ;
2780 5518 2900 5556 nam
2917 5505 3005 5557 hic
3018 5503 3187 5566 locus,
3203 5503 3270 5557 de
3283 5501 3623 5572 quoqnaestio

2055 5580 2139 5625 est
2163 5587 2176 5624 :
2209 5590 2227 5622 ι
2264 5569 2460 5626 Beatus
2480 5571 2620 5626 Beda
2649 5573 2860 5627 loeutus
2888 5573 2942 5626 in
2962 5573 3192 5640 quodam
3219 5569 3334 5626 loco
3371 5569 3437 5625 de
3465 5569 3625 5640 dictis

2055 5640 2312 5708 Apostoli,
2330 5643 2418 5695 ubi
2439 5643 2541 5696 ait:
2564 5641 2960 5711 Unusquisquis
2982 5639 3035 5695 in
3067 5657 3165 5696 suo
3185 5657 3343 5711 sensu
3364 5639 3623 5711 abundet,

2057 5717 2186 5776 etc.,
2239 5730 2257 5764 ι
2314 5711 2541 5767 habetur
2584 5710 2954 5782 apud’Bedam
2996 5712 3050 5765 in
3097 5711 3214 5766 libr.
3259 5710 3624 5776 Quzestionum
