3940 6196
300 344 442 400 ιυεθ

1183 339 1568 395 CONCORDlA
1606 325 2062 394 REGULARUM.
2100 370 2168 379 —
2205 340 2352 396 CAP.
2393 341 2651 398 XXXVII.

3388 348 3526 403 1050

299 469 522 530 peccata
555 456 607 510 in
639 455 817 510 anima
856 452 995 508 facta
1031 451 1342 509 infirmitate
1394 463 1486 508 aut
1537 463 1710 510 morte
1753 455 1864 524 ple-
1891 451 1941 513 Α
1969 451 2097 505 mini
2123 469 2246 522 ergo
2267 453 2574 506 alterutrum
2596 461 2806 521 peccata
2826 462 3014 519 vestra,
3037 463 3086 508 et
3119 466 3263 511 orate
3283 475 3376 528 pro
3398 462 3528 519 invi-

298 548 525 606 ctuntur
576 548 839 617 corporis.
895 546 1048 602 Unde
1095 547 1382 617 Apostolus
1433 547 1745 612 Corinthiis,
1771 549 1862 618 qui

299 654 500 708 corpus
529 637 742 692 Domini
774 636 988 708 indigne
1023 638 1302 705 percipere
1336 647 1494 692 erant
1519 638 1682 702 soliti,
1725 639 1800 691 ait
1845 655 1860 693 :

301 727 434 781 Ideo
454 727 590 781 inter
613 742 698 780 vos
727 723 879 778 mufti
912 725 1130 794 inﬁrmi,
1150 735 1198 778 et
1222 724 1495 779 imbecilles
1521 735 1658 790 sunt,
1680 735 1726 780 et
1748 726 1865 779 dor-

299 816 470 868 miunt
496 813 646 868 multi
668 813 720 885 (1
743 812 865 868 Cor.
898 815 996 886 ιι).
1030 813 1087 868 Si
1127 828 1256 884 ergo
1296 813 1497 869 infirmi
1547 815 1602 868 in
1631 816 1864 885 peccatis

295 909 428 972 sint,
460 917 514 962 et
542 907 655 961 btec
684 907 1014 977 presbyteris
1043 907 1097 960 in
1128 907 1358 962 ecclesia
1385 905 1620 962 confessi
1641 905 1861 972 fuerint,

297 1013 363 1052 ac
395 997 633 1068 perfecto
657 997 818 1052 corde
846 1011 910 1052 ea
951 998 1256 1068 relinquere
1276 1008 1437 1066 atque
1461 998 1749 1052 emendare
1778 1013 1864 1051 sa-

209 1100 224 1110 δ
297 1088 554 1158 tegerint,
579 1087 914 1142 dimittentur
941 1087 1039 1142 eis.
1068 1087 1251 1156 Neque
1297 1087 1441 1141 enim
1491 1087 1608 1141 sine
1649 1085 1863 1141 confes-

297 1178 451 1231 sione
473 1175 858 1230 emendationis
883 1183 1101 1244 peecata
1123 1184 1326 1245 queunt
1354 1174 1552 1230 dimitti
1587 1193 1598 1226 :
1638 1170 1862 1242 Conﬁte-

334 1321 389 1357 u.
418 1305 472 1358 5.
513 1303 700 1372 Itaque
721 1318 826 1356 non
872 1311 956 1372 est
998 1303 1069 1356 ibi
1114 1301 1394 1372 legendum
1425 1320 1438 1356 :
1471 1300 1666 1354 Beatus
1698 1299 1864 1354 Bene-

332 1376 489 1438 ictuc,
521 1371 638 1441 pro,
681 1371 872 1425 Beatus
896 1371 1071 1432 Beda,
1102 1381 1162 1441 ut
1178 1371 1295 1441 vult
1324 1373 1463 1425 idem
1501 1379 1710 1434 auctor,
1738 1386 1862 1424 cum

294 1445 464 1496 etiam
491 1439 604 1507 hinc
625 1441 788 1494 verba
817 1441 870 1493 in
897 1441 1094 1507 Regula
1117 1439 1173 1493 8.
1199 1440 1469 1494 Benedicti
1495 1455 1600 1493 non
1627 1446 1859 1493 exstent.

294 1510 562 1565 Praeterea
588 1550 602 1574 ,
631 1518 690 1562 ut
719 1509 890 1562 fusius
924 1511 1143 1578 probem
1185 1510 1282 1563 hos
1313 1508 1733 1578 commentarios
1754 1523 1861 1562 non

292 1596 418 1634 esse
446 1579 502 1634 8.
534 1579 760 1648 Remigii
783 1576 1100 1648 Rhemensis
1127 1579 1382 1648 episcopi,
1411 1579 1465 1631 in
1497 1578 1684 1632 iisdem
1705 1576 1862 1632 Com-

295 1648 580 1703 mentariis
625 1649 680 1701 in
701 1647 825 1716 cap.
869 1663 908 1700 ιι
943 1647 1112 1716 Epist.
1145 1647 1186 1700 ll
1221 1647 1286 1700 ad
1329 1647 1450 1701 Cor.
1494 1649 1692 1702 citatur
1728 1648 1864 1701 alter

292 1719 446 1797 iocus
492 1716 1011 1797 Redai,‘ubiue_tiam
1058 1717 1246 1797 beatus
1291 1716 1733 1797 appellatummln
1760 1717 1863 1797 hoc

1963 557 2092 605 cem,
2127 553 2180 595 nt
2214 543 2485 596 salvemini
2511 542 2652 612 (Jac.
2679 541 2753 612 v).
2793 542 2849 594 In
2883 543 2984 596 hac
3033 555 3212 599 autem
3264 552 3527 604 sententia

1963 630 2050 685 illa
2067 632 2224 686 debet
2245 647 2364 686 esse
2391 631 2665 694 discretio,
2681 643 2704 670 ³
2720 638 2780 684 ιιι
2803 631 3114 700 quotidiana
3139 632 3382 704 leviaque
3404 653 3532 706 pec-

1963 727 2081 774 cata
2126 721 2442 775 alterutrum
2487 720 2848 789 coaequalibus
2893 720 3268 788 eonﬁteamur,
3310 739 3526 780 eorum-

1963 829 2067 883 que
2112 815 2426 884 quotidiana
2474 815 2758 870 credamus
2791 816 3037 870 oratione
3083 817 3301 872 salvari.
3362 819 3536 876 Porro.

1962 904 2229 972 gravioris
2255 904 2416 973 lepras
2443 904 2834 959 immunditiam
2871 904 3026 972 juxta
3060 904 3230 979 legem
3265 912 3531 966 sacerdoti

1962 993 2304 1059 pandamus,
2353 1004 2514 1062 atque
2559 993 2624 1046 ad
2683 992 2799 1060 ejus
2854 996 3136 1049 arbitrium
3201 1000 3434 1068 qualiter
3476 1010 3533 1055 et

1961 1091 2166 1152 quanto
2189 1091 2429 1153 tempore
2443 1083 2688 1151 jusserit,
2713 1085 3001 1153 puriﬁcare
3022 1101 3293 1143 curemus.

1963 1317 2078 1371 hmc
2115 1316 2437 1390 explanatio
2461 1316 2514 1370 in
2557 1315 2826 1390 Epistolas
2861 1316 3011 1390 Pauli
3049 1317 3104 1372 8.
3140 1318 3383 1390 Remigio
3418 1321 3531 1390 epi-
3567 1335 3572 1346 λ

1963 1400 2127 1454 scopo
2151 1384 2440 1440 Rhemensi
2471 1384 2801 1448 attribuitur,
2833 1389 2927 1441 sed
2963 1389 3012 1440 id
3043 1403 3142 1442 nos
3175 1384 3394 1443 minime
3419 1384 3531 1443 nio-

1961 1462 2072 1517 vet,
2116 1469 2238 1509 cum
2287 1470 2442 1526 error
2486 1456 2559 1526 ab
2597 1455 2784 1524 ignaro
2818 1457 3152 1526 exscriptore
3181 1459 3249 1510 ad
3298 1467 3527 1514 eaiteros

1961 1539 2182 1595 manare
2213 1525 2495 1595 potuerit.
2529 1524 2753 1590 Quidam
2801 1524 3083 1580 ediderunt
3118 1527 3220 1580 hoc
3257 1542 3391 1595 opus
3429 1531 3530 1583 sub

1963 1593 2182 1647 nomine
2212 1593 2440 1662 Remigii
2469 1593 2954 1648 A‘ntissiodorensis
2994 1593 3310 1650 auctoritate
3333 1596 3533 1652 Trille-

1963 1662 2079 1727 mii,
2111 1672 2171 1715 ut
2196 1663 2296 1730 ipsi
2327 1662 2722 1724 existimabant,
2758 1662 2893 1717 fulti.
2935 1663 3085 1729 Quod
3126 1672 3301 1718 tamen
3334 1664 3527 1721 falsum

1965 1739 2068 1802 est.
2099 1730 2238 1802 Nam
2249 1745 2370 1802 cum
2401 1731 2714 1785 Trittemius
2742 1730 2844 1785 libr
2887 1735 2952 1788 de
2977 1733 3337 1802 Scriptoribus
3359 1735 3553 1789 eccle-~

294 1787 455 1871 Bedee
497 1787 615 1840 loco
664 1785 984 1871 describiiur
1017 1787 1260 1871 quaedam
1316 1785 1492 1866 imago
1534 1800 1562 1838 a
1599 1785 1859 1839 Cbidonio

1966 1800 2201 1871 siasticis
2227 1798 2371 1871 illius
2395 1814 2556 1868 Opera
2591 1809 2853 1871 recenset,
2890 1785 3531 1871 ἱείιιιέιὶιᾙέεῐέὲριξιῆᾱ-

291 1857 586 1925 Anglorum
612 1855 867 1925 episcopo
904 1856 1072 1908 Roma
1103 1855 1294 1925 allata,
1325 1855 1377 1908 in
1421 1869 1527 1923 qua
1556 1869 1856 1925 repraeseng-

294 1924 443 2004 Eatur
473 1924 538 2004 8.-
561 1925 711 2004 Pauli
754 1924 1056 2004 flagellatio.
1097 1924 1239 2004 Idem
1277 1924 1424 1978 locus
1454 1925 1683 2004 habetur
1717 1924 1858 2004 apud

294 1994 498 2049 Bedam
525 1995 580 2048 in
608 1994 797 2048 eodem
819 1992 940 2047 libr.
967 1992 1354 2058 Quzeationum,
1387 2009 1481 2062 qu:
1509 1993 1858 2062 2.7Prmtcrea

293 2064 431 2117 citat
458 2065 648 2117 horum
674 2063 1191 2117 Commentariorum
1221 2061 1420 2116 auctor
1451 2061 1508 2115 S.
1543 2061 1857 2130 Gregorium

292 2148 514 2202 papam,
537 2133 628 2202 qui
654 2140 776 2202 post
798 2141 1027 2186 mortem
1047 2132 1103 2185 8.
1129 2131 1356 2200 Remigii
1377 2130 1575 2202 ﬂoruit,
1600 2139 1659 2202 ιιι
1679 2131 1860 2202 videre

292 2199 384 2256 esi
404 2203 474 2256 ad
499 2199 675 2256 cfvni
704 2203 772 2257 ad
797 2203 954 2255 Rom.
993 2219 1011 2252 ι
1043 2201 1193 2268 Quod
1218 2199 1406 2255 beatus
1422 2199 1710 2269 Gregorius
1738 2199 1860 2253 aliis

293 2273 499 2336 verbis,
528 2271 620 2326 sed
652 2271 838 2326 eodem
873 2287 1032 2327 sensu
1063 2274 1136 2325 ita
1157 2271 1376 2338 exponit
1402 2269 1588 2324 dicens
1619 2286 1630 2320 :
1665 2269 1856 2332 Habet,

294 2342 493 2411 inquit,
546 2342 706 2395 homo
741 2357 860 2397 esse
887 2357 1009 2396 cum
1033 2341 1318 2411 lapidibus,
1341 2340 1521 2392 vivere
1547 2354 1670 2392 cum
1696 2338 1858 2411 arbo-

293 2407 470 2475 ribus,
521 2411 720 2465 sentire
765 2427 888 2466 eum
926 2407 1266 2474 animalibus,
1297 2417 1430 2473 etc.,
1488 2426 1507 2459 ›
1541 2407 1859 2476 quaeverba

291 2481 562 2550 habentur
598 2481 737 2550 apud
777 2479 833 2535 S.
875 2480 1193 2550 Gregorium
1234 2493 1445 2550 papam,
1479 2475 1625 2550 hom.
1656 2475 1861 2550 29._Ad

291 2565 416 2617 cap.
448 2565 483 2602 ιι
515 2545 684 2618 Epist.
718 2548 736 2601 Ι
771 2551 836 2603 ad
875 2545 1250 2618 Timotheumi
1284 2565 1302 2598 ι
1340 2545 1646 2618 Salvabitur
1667 2545 1860 2599 mulier

225 2635 232 2640 ·
292 2635 394 2687 per
429 2617 656 2672 filiorum
693 2620 1109 2686 generationem,
1138 2617 1191 2670 id
1219 2625 1321 2679 est,
1351 2631 1458 2687 per
1496 2617 1634 2687 bona
1666 2629 1856 2687 cpera,

284 2684 338 2741 si
364 2688 614 2742 habuerit
659 2684 998 2752 charitatem,
1049 2686 1492 2749 misericordiam,
1526 2684 1860 2754 hospitalita-g

292 2767 427 2820 tem,
459 2766 760 2825 caeteraque
782 2759 929 2821 talia,
961 2770 1080 2826 qua:
1106 2757 1291 2809 beatus
1315 2754 1606 2826 Gregorius
1629 2753 1859 2826 intelligi

291 2827 406 2878 vult
430 2842 525 2894 per
548 2822 875 2890 ﬁlios.¢Qum
897 2822 1162 2880 habentur
1184 2826 1308 2894 libr.
1330 2840 1407 2877 χιι
1430 2822 1614 2876 Mora].
1635 2823 1689 2876 in
1711 2822 1856 2894 Job.,

289 2911 414 2965 cap.
431 2893 504 2965 ξι.
532 2895 742 2949 Citatur
766 2897 926 2950 etiam
959 2896 1078 2948 aliis
1104 2893 1334 2965 ingloqis.
1361 2893 1556 2965 ln__ea‘p.
1585 2905 1674 2965 xiv
1698 2893 1856 2965 epist.

292 2981 307 3016 ι
341 2957 409 3018 ᾱᾱ
439 2957 746 3020 Corinthios
771 2966 968 3018 citatur
998 2965 1114 3018 Vita
1143 2961 1199 3016 8.
1239 2961 1457 3017 Cmsarii
1480 2957 1808 3016 Arelatensis
1841 2978 1854 3013 :

298 3052 316 3082 ι
359 3034 451 3088 Sic
491 3036 623 3089 etin
657 3036 774 3089 Vita
817 3034 873 3088 8.
915 3033 1130 3088 Εωεειὶἰ
1168 3032 1498 3086 Arelatensis
1523 3031 1760 3100 episcopi
1782 3031 1860 3084 le-

289 3104 438 3173 gitur
475 3105 616 3174 quod
661 3103 894 3174 Spiritus
945 3111 1164 3174 sanctus
1190 3104 1272 3174 ita
1297 3099 1599 3174 sermonem
1635 3099 1753 3174 ejus
1780 3101 1861 3153 di—

291 3170 574 3242 sponebat,
619 3181 680 3227 ut
702 3170 952 3227 'omnium
983 3172 1340 3226 conscientias
1377 3170 1554 3242 verbis
1580 3171 1692 3242 suis
1725 3185 1855 3224 con--

292 3240 526 3308 clueret,
552 3244 704 3312 quasi
735 3244 834 3298 sibi
866 3258 960 3297 eas
986 3257 1174 3297 omnes
1199 3241 1469 3312 auditores
1498 3240 1857 3312 iudicassent,

291 3319 389 3364 aut
415 3326 526 3380 prae
569 3309 821 3366 inanibus
851 3313 1072 3366 haberet
1114 3311 1375 3380 scriptas.
1415 3328 1447 3380 ι
1484 3309 1616 3376 Quae
1653 3309 1707 3362 in
1744 3312 1862 3380 ejus

292 3379 431 3452 Vita
446 3382 646 3452 scripta
679 3397 708 3435 a
748 3382 1036 3452 Cypriano,
1063 3381 1155 3452 lib.
1185 3395 1226 3445 ι,
1261 3379 1671 3452 sichabentur:
1707 3396 1725 3428 ‹
1760 3379 1862 3432 Ha-

292 3449 414 3503 buit
438 3447 706 3518 peculiare
729 3447 814 3505 vir
830 3447 1076 3514 sanctus,
1114 3451 1223 3503 Deo
1256 3450 1311 3503 id
1352 3451 1404 3503 in
1433 3447 1524 3502 illo
1562 3455 1773 3518 agente,
1803 3457 1862 3502 ut

293 3519 423 3590 dum
450 3535 576 3590 suas
613 3521 915 3590 quibusque
940 3519 1330 3590 admonitiones
1360 3526 1722 3590 proponeret,
1754 3519 1862 3570 sin-

291 3587 436 3659 gulis
460 3587 692 3659 ipsorum
715 3587 885 3643 vitam
913 3603 1128 3643 omnem
1158 3589 1228 3642 ob
1255 3587 1440 3659 oculos
1469 3594 1730 3640 statueret
1757 3604 1769 3638 :
1802 3596 1862 3641 ut

291 3658 386 3725 qui
421 3658 544 3712 eum
577 3659 841 3720 audirent.
882 3674 986 3713 non
1028 3659 1198 3711 solum
1221 3658 1459 3710 cordium
1481 3664 1856 3719 scrutatorem,

291 3726 392 3798 sed
411 3727 576 3782 etiam
597 3744 708 3783 sua:
733 3728 1127 3798 quodammodo
1137 3725 1496 3798 conscientiae
1515 3733 1706 3778 testem
1730 3741 1859 3798 eon-

293 3795 597 3850 ﬁterentur.
649 3816 668 3850 ι
717 3794 846 3864 Quae
875 3798 1090 3864 quidem
1136 3795 1258 3851 Vita
1287 3809 1556 3864 nunquam
1596 3795 1769 3862 potuit
1802 3794 1857 3848 in

290 3865 544 3919 notitiam
569 3863 755 3922 venire
781 3865 839 3922 S.
885 3863 1111 3935 Remigii
1147 3863 1381 3933 episcopi
1401 3863 1732 3935 Rhemensis
1766 3864 1858 3933 qui

291 3947 439 3988 anno
485 3935 590 3990 5‘55
637 3951 741 3990 non
783 3945 902 3990 erat
934 3933 1160 4004 amplius
1191 3936 1329 4004 inter
1361 3933 1537 3996 vivos,
1585 3939 1857 4004 utnotum

292 4011 382 4057 est
407 4019 474 4059 ex
523 4005 750 4060 concilio
793 4001 1123 4060 Arvernensi
1171 4003 1358 4058 eodem
1405 4018 1546 4056 anno
1585 4001 1857 4056 celebrato

222 4090 225 4091 ν
291 4071 357 4142 P.
392 4073 453 4127 C.
495 4073 701 4128 Paulini
728 4073 990 4142 junioris,
1036 4075 1136 4128 hoc
1169 4081 1282 4136 est,
1313 4072 1532 4142 censule
1569 4071 1858 4142 Belissario

287 4141 446 4211 juxta
468 4142 670 4198 Chron.
698 4141 851 4198 Marii
867 4184 882 4208 ,
905 4144 990 4199 cui
1017 4143 1308 4198 subscribit
1330 4141 1545 4195 Flavius
1576 4141 1858 4211 episcopus

292 4209 617 4267 Rhemensis
654 4228 931 4269 successor
958 4212 1219 4274 Romani,
1249 4211 1343 4282 qui
1371 4211 1428 4264 8.
1459 4209 1703 4280 Remigio
1733 4209 1856 4266 suc-

293 4282 465 4334 cessit
492 4300 504 4334 :
535 4298 657 4336 cum
685 4283 744 4338 S.
765 4282 1030 4338 Caesarius
1050 4281 1379 4336 Arelatensis
1406 4295 1550 4336 nono
1574 4288 1694 4349 post
1715 4295 1857 4336 anno

293 4349 512 4421 obierit,
531 4366 722 4421 nempe
733 4361 854 4421 post
877 4351 1210 4421 consulatum
1227 4350 1408 4406 Basilii
1430 4366 1574 4406 anno
1596 4351 1853 4421 secundo,

291 4426 356 4490 ut
381 4420 586 4474 clarum
606 4418 690 4476 est
715 4418 780 4475 ex
806 4421 963 4490 epist.
991 4420 1169 4490 Vigilii
1191 4435 1357 4490 papae
1370 4421 1442 4490 ad
1466 4420 1769 4474 Auxanium
1794 4418 1851 4473 8.

289 4468 921 4546 Masinissae;
929 4468 1169 4544 Επιὶῖῐῖ
1187 4468 1854 4544 ΚΞῘ.”ΝῙ›ἶὲῐιῖιῖιῖ.”ἰῐὲἷυῖιί
1880 4468 1934 4528 D

286 4555 354 4629 If.
386 4557 448 4612 C.
478 4558 659 4613 Basilii
682 4561 753 4629 7V.
786 4559 846 4615 C.
885 4561 939 4614 in
979 4574 1084 4627 qua
1123 4559 1436 4629 gratulatur_
1467 4558 1516 4612 ei
1547 4559 1614 4629 de
1641 4558 1858 4629 ordin_a-

292 4625 440 4682 tione
462 4642 580 4694 sua,
612 4628 896 4697 differtque
917 4625 1070 4682 usum
1094 4625 1238 4696 pallii
1265 4627 1442 4695 quoad
1467 4627 1752 4681 certiorem
1779 4626 1859 4681 fe-

289 4697 433 4764 cerit
480 4697 884 4764 imperatorem.
934 4698 1002 4750 Et
1048 4712 1113 4750 ex
1159 4698 1245 4751 his
1288 4704 1435 4764 patet
1474 4710 1626 4750 error
1669 4710 1857 4750 eorum

289 4762 476 4835 (lf‘lod.
507 4762 597 4819 lib.
627 4783 684 4830 ιι,
703 4785 818 4835 cap.
837 4767 888 4835 1)
916 4767 1006 4835 qui
1036 4762 1366 4832 rejiciuntS.
1395 4765 1622 4834 Remigii
1651 4766 1856 4820 obitum

289 4832 357 4904 ad
408 4849 618 4904 annum
677 4832 799 4891 548.
869 4832 1200 4904 Praecipuum
1259 4832 1860 4903 contrariaivopiuionis

289 4901 698 4960 fundamentum
723 4914 824 4969 est,
871 4906 994 4975 quia
1027 4901 1080 4959 in
1119 4904 1386 4959 nonnullis
1414 4901 1685 4958 codicibus
1725 4919 1854 4958 mss.

1961 1870 2126 1924 tionis
2154 1885 2247 1939 seu
2278 1867 2803 1923 Commentariorum
2835 1874 2886 1925 in
2926 1870 3071 1925 Pauli
3101 1867 3362 1939 Epistolas
3385 1889 3536 1927 men-

1961 1939 2185 2009 iioncm.
2214 1936 2400 2009 itaque
2435 1953 2596 1992 verus
2624 1939 2780 2009 hujus
2812 1936 3201 2009 explanationis
3234 1949 3421 1996 auctor
3447 1951 3534 1995 est
3671 1973 3674 1976 ~
3715 1945 3748 1961 “

1960 2006 2178 2080 Haymo
2214 2006 2664 2080 Halberstatensis
2694 2006 3008 2080 episcopus,
3031 2078 3038 2080 Α
3059 2009 3215 2080 eique
3261 2011 3361 2064 hoc
3399 2021 3546 2080 opus

1959 2077 2208 2146 attribuit
2253 2076 2568 2146 Trittemius
2612 2076 2756 2131 libro
2797 2079 2863 2132 de
2926 2076 3288 2146 Scriptoribus
3349 2076 3531 2134 Eccle-

1959 2145 2200 2226 siasticis
2220 2185 2234 2206 ,
2279 2144 2433 2226 cujus
2452 2146 2564 2226 ‘hoc
2584 2146 2751 2226 ponii
2770 2147 3020 2226 initiqm;
3048 2144 3092 2226 ξι
3119 2144 3377 2226 Corinthe
3405 2149 3529 2226 eiri-

1959 2223 2061 2267 tate
2104 2215 2374 2281 metmpoli
2431 2215 2662 2268 Achaia.
2712 2215 2862 2281 Quod
2912 2217 3140 2270 habetur
3194 2216 3249 2269 in
3296 2218 3531 2272 editione

1959 2281 2661 2354 ejusdemﬁxplanationis,
2707 2299 2831 2354 qua:
2877 2286 3075 2354 prodiit
3114 2285 3337 2339 Parisiis
3386 2302 3530 2339 anno

1963 2350 2176 2424 Domini
2210 2351 2346 2424 1550
2392 2353 2492 2424 sub
2522 2350 2743 2424 nomine
2789 2350 3027 2424 ejuSdem
3059 2353 3351 2424 liaymonis
3399 2355 3528 2409 Hal-

1959 2419 2312 2474 berstatensis
2341 2439 2352 2473 :
2379 2428 2432 2474 et
2459 2421 2512 2474 in
2546 2423 2733 2476 codice
2764 2419 2865 2477 ms.
2897 2423 3025 2478 bibl.
3057 2419 3401 2477 Coi'beiensis
3431 2426 3530 2478 hu-

1951 2487 2187 2562 iusmodi
2207 2488 2589 2544 Commentarii
2613 2499 2837 2562 exstant
2853 2493 2952 2545 sub
2977 2493 3192 2545 nomine
3221 2493 3530 2562 liaymonis.

1960 2557 2076 2629 Nec
2098 2568 2468 2629 nos_moratur
2508 2559 2650 2628 quod
2682 2560 2769 2614 hic
2799 2561 3037 2629 Haymo,
3076 2575 3195 2614 cum
3217 2557 3388 2629 fuerit
3421 2577 3538 2615 mo-

1960 2628 2166 2698 nachus
2199 2625 2629 2698 Benedictinust
2659 2625 3159 2698 citando'Regnlam
3207 2628 3263 2681 S.
3311 2629 3536 2684 Benedi-

1959 2697 2053 2759 cti,
2072 2713 2178 2749 non
2203 2697 2430 2764 appellet
2456 2713 2580 2752 eum
2608 2697 2823 2752 Patrem
2853 2715 2866 2751 :
2891 2697 3014 2751 nam
3039 2698 3142 2752 ista
3167 2713 3273 2751 non
3299 2698 3373 2750 ita
3400 2700 3531 2752 olim

1959 2765 2273 2837 scrupulose
2307 2767 2750 2832 observabantur,
2792 2776 2852 2820 ut
2899 2767 3072 2821 hodie.
3129 2765 3343 2819 Similes
3386 2767 3532 2837 obje-

1959 2835 2169 2904 ctionies
2188 2837 2564 2903 praetermitto,
2600 2851 2718 2904 qua:
2736 2837 2932 2890 nullius
2962 2844 3089 2890 sunt
3121 2837 3398 2904 momenti.

2030 2917 2056 2944 ει
2093 2903 2171 2976 Ut
2193 2905 2500 2976 quotidiana
2538 2903 2769 2975 leviaque
2814 2915 3024 2976 peccata
3077 2903 3388 2976 alterutrum
3437 2921 3531 2957 co-

1959 2973 2634 3045 wqualiliusponﬁteamur,
2680 2973 2782 3029 etc.
2814 2973 3071 3045 Eamdem
3114 2973 3416 3045 doctrinam
3449 2989 3535 3027 se-

1960 3042 2144 3112 quitur
2167 3042 2476 3112 Radulpbus
2495 3043 2704 3098 Ardens
2729 3053 2918 3099 auctor
2945 3044 3076 3099 satis
3095 3043 3368 3111 antiquus,
3397 3058 3529 3112 con-

1961 3110 2133 3182 cione,
2166 3110 2470 3182 iniLit‘ania
2515 3113 2714 3182 Majore
2746 3132 2758 3167 :
2798 3133 2816 3165 ι
2850 3113 2947 3169 Cui
2973 3115 3132 3168 debet
3157 3110 3273 3166 fieri
3317 3110 3532 3182 confes-7

1966 3183 2080 3236 sio?
2107 3181 2387 3236 Confessio
2409 3181 2766 3237 crimin’alium
2794 3185 2952 3238 debet
2977 3183 3090 3237 fieri
3117 3182 3410 3245 sacerdoti,
3438 3181 3534 3250 qui

1965 3252 2111 3324 solus
2140 3252 2300 3324 habet
2329 3261 2650 3324 potestatem
2675 3253 2872 3324 ligandi
2899 3261 3061 3324 atque
3085 3251 3356 3324 solvendi:
3396 3251 3538 3304 sicut

1964 3329 2018 3375 et
2062 3321 2224 3389 leprae
2265 3319 2528 3387 judicium
2579 3319 3123 3377 solis‘sacerdotibus
3169 3323 3222 3373 in
3265 3320 3380 3389 lege
3419 3329 3539 3373 erat

1965 3389 2334 3445 commissum.
2354 3390 2634 3444 Confessio
2666 3407 2794 3444 vero
2821 3392 3109 3445 venialium
3137 3389 3454 3442 alterutrum
3479 3397 3535 3441 et

1964 3459 2184 3513 cuilibet
2210 3461 2372 3512 etiam
2400 3460 2591 3513 minori
2623 3469 2798 3528 potest
2825 3459 2940 3512 ﬁeri
2976 3479 2988 3514 :
3018 3459 3289 3528 quoniam
3312 3465 3533 3526 propter

1961 3528 2189 3582 venialia
2229 3543 2333 3581 non
2370 3525 2652 3598 separatur
2691 3530 2853 3583 homo
2881 3543 2909 3580 a
2944 3525 3074 3590 Deo,
3107 3526 3209 3579 nisi
3239 3525 3380 3598 ultra
3406 3525 3531 3598 ino-

1964 3599 2088 3650 dum
2133 3612 2228 3665 per
2259 3594 2518 3650 incuriam
2549 3599 2801 3656 excedat.
2840 3598 2976 3651 sicut
3013 3611 3111 3649 nec
3138 3608 3234 3664 per
3273 3594 3531 3665 scabiem,

1961 3666 2044 3736 vel
2069 3663 2429 3734 impetiginem
2454 3667 2647 3734 aliquis
2670 3668 2720 3720 in
2751 3666 2863 3734 lege
2895 3666 3244 3736 separal:at_ur
3267 3679 3297 3716 a
3318 3663 3533 3736 castris.

1962 3735 2050 3788 Fit
2077 3733 2264 3788 autem
2283 3737 2396 3788 haec
2417 3733 2704 3794 confessio,
2737 3733 2841 3788 non
2871 3733 3013 3802 quod
3040 3734 3208 3802 possit
3234 3747 3266 3802 ra
3299 3733 3534 3800 peccatis

1963 3804 2262 3867 absolvere,
2287 3804 2379 3857 sed
2397 3805 2520 3872 quia
2544 3813 2763 3873 propter
2787 3801 3060 3873 propriam
3079 3801 3530 3873 humiliationem,

1961 3880 2017 3926 et
2060 3870 2431 3942 peccatorum_
2452 3870 2758 3926 nostrorum
2787 3870 3202 3942 accusationem
3225 3910 3238 3933 ,
3269 3878 3324 3922 et
3352 3870 3535 3942 fratris

1961 3939 2261 4011 oraiionem
2301 3941 2626 4011 mundamur
2653 3958 2683 3995 a
2710 3942 2964 4011 peccatis.
3001 3941 3150 3996 Unde
3179 3947 3233 3993 et
3265 3953 3373 4011 non
3400 3939 3537 4011 dici-

1962 4026 2143 4080 mus:
2187 4009 2302 4080 Ego
2357 4010 2564 4064 dimitto
2615 4008 2724 4065 tibi
2751 4021 2959 4080 peccata
3008 4020 3136 4080 (ua;
3186 4010 3279 4062 sed
3309 4008 3538 4080 dicimus

1961 4079 2200 4133 orando:
2223 4077 2536 4133 Misereatur
2559 4081 2635 4133 tui
2655 4077 2974 4143 omnipotens
3000 4078 3164 4143 Deus,
3182 4085 3288 4132 etc.
3315 4077 3536 4142 Quando

1961 4149 2121 4203 debet
2158 4147 2276 4202 fieri
2313 4149 2578 4203 confessio
2607 4151 2756 4203 haec?
2794 4147 2951 4204 Omrii
3003 4159 3242 4216 tempore
3283 4162 3389 4216 quo
3429 4159 3527 4216 nos

1959 4232 2210 4289 peccasse
2259 4219 2652 4289 cognoscimus.
2722 4217 2846 4274 Sive
2909 4219 3053 4272 enim
3102 4215 3270 4289 domi,
3302 4215 3428 4289 sive
3473 4215 3529 4268 in

1959 4285 2125 4357 agro,
2171 4287 2282 4341 sive
2325 4285 2378 4340 in
2406 4289 2494 4340 via
2542 4303 2851 4357 peccavero.
2903 4289 3069 4343 debeo
3117 4287 3296 4342 statim
3349 4285 3530 4357 dicere

1960 4354 2138 4419 fratri,
2172 4358 2262 4425 qui
2304 4374 2513 4411 mecum
2538 4354 2620 4412 est
2649 4376 2662 4411 :
2694 4356 2934 4420 Peccavi,
2972 4375 3064 4411 ora
3095 4372 3188 4425 pro
3228 4371 3328 4425 me.
3359 4354 3460 4425 Qui
3489 4354 3535 4406 si

1960 4439 2066 4479 non
2097 4423 2292 4489 aderit,
2332 4428 2502 4482 debeo
2547 4426 2790 4481 conﬁteri
2831 4426 2940 4479 Deo
2964 4465 2977 4486 ,
3025 4423 3213 4480 dicens
3243 4440 3254 4474 :
3288 4423 3532 4483 Domine,

1959 4496 2196 4563 peccavi,
2221 4498 2478 4550 miserere
2504 4497 2662 4550 mei.»
2703 4496 2826 4549 Haec
2857 4496 2944 4548 il-le
2963 4494 3116 4563 juxta
3145 4506 3300 4563 usum
3339 4499 3540 4563 tempo-

1961 4559 2056 4627 ris,
2101 4579 2209 4632 quo
2238 4567 2470 4620 vivebat.
2501 4565 2606 4618 Sed
2633 4573 2693 4618 ut
2735 4578 2920 4618 verum
2953 4559 3142 4623 fatear,
3181 4562 3327 4614 locus
3358 4559 3446 4611 ille
3476 4560 3534 4609 8.

1959 4632 2148 4687 Jacobi
2182 4653 2193 4686 :
2224 4633 2553 4702 Conﬁtemini
2579 4649 2702 4704 ergo
2741 4633 3049 4704 alterutrum
3092 4636 3305 4704 peccaui
3345 4637 3534 4687 vestra,

1961 4711 2186 4775 nonest
2227 4697 2606 4775 inteliigendus
2637 4697 2711 4757 'de
2751 4703 3038 4775 ejus_m9di
3074 4697 3539 4775 confessioneye-

1961 4772 2215 4835 nialium;
2253 4773 2344 4826 sed
2369 4770 2468 4826 hoc
2492 4773 2610 4826 loco
2643 4780 2828 4826 monet
2860 4771 2916 4825 8.
2946 4770 3174 4825 .lacobns
3205 4782 3320 4830 eos,
3349 4770 3439 4833 qui
3475 4778 3534 4835 se

1962 4849 2147 4894 mutuo
2197 4833 2454 4903 laeserint,
2504 4850 2564 4893 ut
2603 4843 2831 4895 invicem
2877 4839 3309 4896 reconcilientur,
3363 4833 3533 4886 conﬁ-

1962 4917 2136 4965 tentes
2156 4925 2214 4965 se
2226 4909 2449 4965 fratrem
2471 4910 2689 4974 laesisse,
2706 4910 3002 4963 et.invicem
3019 4908 3236 4973 veniam
3243 4902 3530 4973 postulent.

293 5039 3526 5066 Μ

1539 5129 1872 5207 CAPUT
1945 5128 2332 5204 XXXVII.
2423 5167 2428 5174 ο

989 5271 1074 5326 DE
1109 5270 1218 5324 HIS
1255 5267 1371 5335 QUI
1407 5263 1677 5320 SIEPIUS
1715 5259 2057 5317 CORREPTI
2097 5259 2231 5314 NON
2269 5257 2829 5315 EMENDAVERINT.

517 5452 545 5526 ᾗ
576 5452 617 5506 I.
649 5481 721 5492 -—
758 5451 836 5505 Ex
867 5450 1084 5504 REGULA
1113 5462 1297 5502 SANCTI
1337 5445 1649 5499 Bassareu.

365 5542 466 5599 ιΒὶ
495 5544 618 5613 quis
647 5542 813 5596 frater
842 5546 1124 5608 correptus
1153 5535 1462 5604 frequenter
1498 5549 1598 5603 pro
1627 5533 1866 5604 qualibet

365 5671 395 5699 ι
415 5655 474 5710 Si
494 5655 814 5726 quis‘frajer:
846 5650 1015 5726 iiujus
1037 5649 1226 5726 capitis
1248 5645 1490 5726 meminit
1513 5644 1570 5699 S.
1602 5643 1870 5700 Fructuo-

286 5744 382 5784 sus
413 5716 554 5798 apud
583 5716 646 5778 ll.
688 5716 982 5787 Canisium,
1017 5728 1057 5773 t.
1093 5719 1152 5786 V,
1186 5717 1308 5770 Ant.
1345 5716 1488 5769 Lect.

1965 5441 2154 5510 culpa,
2195 5440 2240 5493 si
2286 5439 2448 5493 etiam
2477 5435 2976 5491 cxcommunicatus
3009 5445 3114 5486 non
3146 5429 3532 5496 emendaverit,

1967 5533 2149 5588 acrior
2185 5531 2234 5585 ei
2259 5528 2479 5584 accedat
2516 5529 2543 5568 δ
2575 5527 2843 5595 correptio
2881 5543 2895 5579 ε
2928 5523 2979 5577 id
3015 5531 3119 5587 est,
3165 5530 3223 5576 ut
3252 5522 3535 5575 verberum

2039 5642 2069 5682 ιι
2084 5640 2368 5710 Correptio.
2391 5639 2464 5694 ita
2488 5641 2629 5709 apud
2651 5634 3200 5707 Smaragdum.Vulgo
3219 5651 3230 5687 :
3246 5631 3534 5687 Corrcctio.
