3940 6196
471 343 603 400 1031

469 456 708 513 vindicta
738 467 792 505 III
813 461 936 502 eum
962 441 1234 514 procedat.
1265 437 1418 505 Quod
1442 435 1489 490 si
1510 448 1536 476 α
1570 449 1670 489 nec
1699 434 1773 487 ita
1796 444 2042 487 corrcxe-
2072 432 2121 490 Α

471 550 562 612 rit,
604 553 696 600 aut
724 541 892 604 forte,
921 534 1062 607 quod
1090 534 1271 597 ausit,
1320 532 1372 586 in
1404 529 1654 599 superbia
1686 527 1857 581 elatus
1882 525 2044 580 etiam

474 634 758 691 defendere
778 627 1008 684 voluerit
1034 639 1199 695 Opera
1226 637 1345 685 sua,
1379 629 1506 674 tunc
1520 619 1686 672 abbas
1714 617 1877 669 faciat
1905 612 2047 683 quod

475 728 689 797 sapiens
714 722 973 776 medicus.
1005 718 1032 757 ι»
1063 717 1120 772 Si
1151 713 1400 767 exhibuit
1428 711 1687 773 fomenta,
1712 708 1757 762 si
1780 713 2050 776 unguenta

475 793 946 874 exbortationum,
993 807 1042 862 si
1079 802 1434 859 medicamina
1467 799 1869 870 Scripturarum
1919 793 2052 850 divi-

477 923 668 962 narum
687 947 701 970 ,
733 905 777 959 si
803 904 870 957 ad
892 901 1138 955 ultimum
1163 897 1432 950 ustionem
1457 887 2050 952 excommunicationis,

476 998 561 1053 vel
589 997 772 1068 plagas
795 993 978 1061 virgae,
1011 988 1172 1042 etiam
1200 986 1245 1040 si
1276 984 1472 1038 viderit
1498 982 1628 1036 nihil
1663 996 1813 1035 suam
1847 993 2055 1048 praeva-

478 1088 592 1142 lere
629 1083 950 1138 industriam
989 1097 1000 1130 :
1035 1077 1287 1131 adhibeat
1331 1073 1519 1137 etiam,
1567 1072 1708 1140 quod
1738 1070 1915 1140 majus
1950 1075 2053 1132 est,

479 1192 632 1233 suam
662 1182 716 1228 et
744 1171 982 1226 omnium
1017 1167 1244 1220 fratrum
1287 1178 1385 1233 pro
1420 1178 1483 1216 eo
1512 1161 1828 1221 orationem,
1860 1169 1919 1211 ut
1949 1158 2056 1211 Do-

481 1268 678 1326 minus,
716 1262 807 1331 qui
842 1259 1021 1314 omnia
1055 1265 1250 1326 potest,
1278 1262 1530 1321 operetur
1555 1251 1780 1304 salutem
1805 1249 1948 1303 circa
1980 1248 2060 1300 in-

483 1356 696 1411 firmum
728 1352 968 1405 fratrem.
1000 1345 1151 1412 Quod
1179 1345 1222 1398 si
1258 1343 1483 1412 nccjisto
1509 1340 1668 1395 modo
1697 1348 1918 1394 sanatus
1943 1337 2058 1392 fue-

484 1445 573 1506 rit,
628 1452 753 1494 tunc
797 1439 912 1508 jam
959 1449 982 1476 ο
1016 1443 1200 1490 utatur
1236 1433 1402 1486 abbas
1443 1431 1587 1485 ferro
1617 1429 1952 1492 abscisionis,
1999 1435 2062 1482 ut

483 1539 558 1592 ait
583 1533 869 1604 Apostolus
901 1549 914 1586 :
948 1530 974 1569 ἀ
998 1529 1213 1598 Auferte
1235 1526 1433 1581 malum
1469 1541 1533 1578 ea:
1572 1524 1708 1578 vobis
1741 1523 1804 1594 (Ι
1835 1522 1958 1576 Cor.
1985 1520 2058 1592 v).

480 1627 545 1680 Et
589 1627 782 1679 iterum
823 1641 836 1675 :
877 1619 1150 1690 Inﬁdelis,
1187 1618 1232 1670 si
1278 1616 1531 1679 discedit,
1588 1613 1820 1667 discedat
1854 1612 1904 1683 (Ι
1935 1611 2059 1666 Cor.

484 1713 719 1785 vn).eNe
742 1727 848 1766 una
872 1709 988 1765 cvis
1010 1706 1250 1761 morbida
1277 1712 1444 1758 totum
1472 1717 1688 1773 gregem
1712 1701 2060 1756 contaminet.

833 1806 861 1877 ς
890 1805 950 1858 ιι.
975 1801 1141 1855 ——Ex
1181 1800 1401 1853 Rasum
1437 1797 1692 1851 MACARII.

561 1901 580 1941 ἲ
610 1901 710 1968 Qui
727 1899 923 1966 saepius
943 1893 1256 1962 corripitur,
1272 1905 1376 1943 non
1395 1904 1453 1944 se
1466 1889 1852 1951 emendaverit,
1869 1888 2066 1950 novis-

484 1994 658 2050 simus
689 1993 712 2030 ε
742 1989 796 2042 in
831 1986 1022 2040 ordine
1069 1991 1213 2036 stare
1254 1979 1529 2047 jubeatur.
1566 1978 1667 2050 Qui
1698 1984 1720 2016 υ
1755 1992 1813 2032 se
1852 1993 1952 2032 nec
1987 1979 2066 2031 sic

486 2082 704 2152 quidem
752 2072 1155 2135 emendaverit,
1202 2071 1216 2109 ί
1254 2077 1550 2122 extraneus
1593 2067 1878 2130 habeatur,
1925 2067 2068 2121 sicut

485 2172 617 2228 dicit
645 2167 906 2222 Dominus
931 2179 944 2217 :
968 2162 1075 2216 iSit
1108 2160 1248 2214 vobis
1274 2158 1405 2212 sicut
1428 2158 1662 2212 ethnicus
1691 2168 1739 2212 et
1758 2159 2066 2229 publicanus

488 2263 707 2336 (Matth.
731 2257 910 2329 xviii).

566 2383 592 2412 ι
625 2370 736 2424 Nec
759 2370 834 2422 ita
878 2364 1180 2422 correxerit.
1218 2361 1295 2417 Ita
1337 2361 1391 2416 in
1431 2376 1560 2416 mss.
1588 2359 1645 2415 S.
1672 2360 1854 2416 Germ.
1882 2375 1990 2415 ma.
2017 2368 2073 2416 et

490 2443 548 2496 S.
574 2440 724 2504 Far.,
749 2446 909 2505 atque
932 2436 1095 2490 etiam
1125 2433 1263 2502 apud
1286 2432 1351 2505 _S.
1383 2433 1740 2505 Duristanum.

558 2511 587 2550 ι)
621 2510 680 2564 Si
711 2499 943 2563 exhibuit
981 2499 1232 2574 fomenta,
1269 2502 1424 2574 Apud
1455 2500 1810 2574 Smaragdurn
1843 2520 1855 2554 :
1889 2499 1950 2556 Si
1982 2517 2072 2555 ex-

487 2581 655 2634 hibuit
695 2571 1026 2632 curationum
1067 2571 1332 2642 fomenta;
1357 2573 1618 2628 Fomenta
1650 2571 2070 2638 medicamenta,

489 2647 851 2720 inqui§_Kero.

566 2709 589 2759 ἒ
639 2717 833 2772 Utatur
877 2714 1036 2770 abbas
1062 2712 1203 2838 ἔξπο
1227 2712 1580 2768 abscissionis.
1619 2711 1697 2766 Ita
1732 2709 1936 2780 placuit
1963 2711 2076 2782 pri-

566 2805 600 2838 .s
627 2789 705 2838 rei
727 2786 1039 2838 monasticre
1108 2785 1333 2838 atribus.
1356 2791 1433 2838 ut.
1458 2784 1550 2838 aui
1577 2782 1725 2837 nulla
1749 2789 1867 2835 arte
1892 2797 2075 2836 emen-

491 2790 600 2847 scis
627 2789 705 2844 rei
727 2786 1039 2842 monasticre
1062 2782 1333 2848 Patribus,
1356 2791 1433 2853 ut,
1458 2784 1550 2853 qui
1577 2782 1725 2837 nulla
1749 2789 2075 2853 ar_te_emen-

489 2861 609 2915 dari
639 2865 884 2928 possunt,
923 2871 954 2910 e
981 2849 1633 2928 _monast_erio_ejiciantur
1661 2871 1686 2928 εΔ
1706 2860 1766 2907 ut
1878 2851 2075 2928 Basilio

493 2923 686 2984 interr.
727 2926 796 2980 44
827 2925 1156 2995 Regularum
1182 2923 1432 2978 Brevium
1459 2940 1473 2976 :
1500 2927 1616 2979 Ἐὰν
1663 2923 1868 2995 impium
1896 2925 2076 2979 ἀναισ-

492 3005 652 3059 θητῶν
671 3039 686 3062 ,
721 2992 1082 3054 ἀποκοπᾶσθω
1099 3033 1114 3056 ,
1247 2997 1327 3067 Διινὸ
1353 2996 1581 3067 οεᾳηπός
1604 2999 1696 3067 κοεί
1715 2992 2078 3067 διεφθαρμένον

495 3070 645 3141 μέλος
680 3071 782 3129 ἀπὸ
801 3072 892 3141 τοῦ
909 3069 1178 3141 ,σ-ὡματος.
1209 3063 1262 3117 id
1282 3071 1385 3141 est,
1411 3064 1454 3117 si
1477 3077 1607 3141 vero
1628 3062 1745 3116 sine
1767 3062 1935 3116 sensu
1954 3078 2079 3131 per-

1468 323 1526 375 S.
1569 317 1929 377 BENEDICTI
1971 313 2260 371 ABBATIS
2296 305 2704 367 ANIANENSIS

2089 1790 2136 1848 B

3573 301 3706 359 1052

2594 415 2622 489 §
2652 415 2735 468 III.
2756 441 2824 454 -—
2846 412 2979 467 Item
3017 413 3272 482 ejusdem.

2219 555 2299 610 Ex
2324 551 2562 624 qualibet
2601 563 2765 604 causa
2807 545 2898 616 qui
2938 543 3246 613 peccaverit
3285 541 3474 606 frater,
3505 539 3573 594 ab
3595 554 3715 594 ora-

2149 650 2296 704 tione
2331 646 2710 716 suspendatur,
2747 648 2803 693 et
2827 637 3045 708 jejuniis
3081 635 3458 704 distringatur.
3491 632 3642 699 Quod
3675 632 3716 687 si

2151 752 2331 792 coram
2361 734 2615 791 omnibus
2641 738 2946 800 prostratus
2979 726 3193 780 veniam
3233 723 3617 794 postulaverit,
3648 722 3721 776 di-

2154 830 2401 886 mittatur
2429 827 2499 882 ei.
2524 825 2658 879 Nam
2690 823 2734 877 si
2763 822 2816 875 in
2855 835 2952 874 sua
2993 829 3344 888 perseverare
3371 813 3599 867 voluerit
3637 828 3722 867 ne.

2154 920 2326 992 quitia
2370 927 2427 972 et
2477 914 2762 984 superbia,
2804 919 2860 966 et
2904 911 3088 964 dicat:
3117 905 3221 960 llic
3249 921 3350 976 ego
3396 905 3590 962 durare
3626 919 3722 958 non

2156 1025 2396 1083 possum,
2427 1006 2522 1062 sed
2552 1004 2815 1074 accipiam
2841 1002 2868 1041 ιί
2891 999 3130 1055 casulam
3159 1011 3333 1050 meam
3354 1036 3368 1060 ,
3400 1004 3462 1049 ut
3496 1010 3610 1050 eam
3638 994 3724 1048 ubi

2157 1101 2387 1156 voluerit
2412 1097 2692 1152 Dominus.
2724 1093 2826 1161 Qui
2852 1094 2920 1147 de
2943 1091 3206 1144 fratribus
3234 1090 3338 1143 hoc
3371 1102 3495 1142 eum
3537 1087 3726 1140 dixisse

2159 1195 2310 1264 prius
2329 1190 2580 1252 audierit,
2599 1189 2799 1241 referat
2821 1184 3107 1254 prmposito
3129 1190 3182 1235 et
3195 1181 3512 1251 prmpositus
3533 1179 3726 1233 abbati.

2160 1283 2344 1340 Abbas
2382 1296 2566 1336 coram
2613 1279 2865 1332 omnibus
2912 1275 3172 1329 fratribus
3215 1273 3480 1336 resideat,
3518 1279 3573 1325 et
3612 1285 3729 1325 eum

2161 1374 2403 1430 exhiberi
2426 1373 2634 1442 jubeat,
2664 1379 2719 1422 et
2743 1368 2910 1438 virgis
2938 1373 3218 1436 purgetur,
3250 1371 3307 1418 et
3341 1363 3516 1416 oratio
3539 1361 3656 1422 fiat;
3682 1369 3730 1413 et

2164 1468 2242 1523 sic
2271 1466 2338 1520 ad
2365 1462 2795 1518 communionem
2822 1457 3137 1527 recipiatur,
3163 1463 3222 1508 ut
3253 1454 3299 1508 si
3329 1453 3450 1522 quis
3475 1466 3602 1507 sane
3633 1466 3730 1504 non

2170 1558 2491 1614 emendatur
2535 1554 2781 1608 doctrina
2803 1592 2817 1615 ,
2842 1550 3007 1620 virgis
3039 1555 3320 1617 uurgetur.
3348 1543 3503 1611 Quod
3541 1544 3586 1598 si
3615 1558 3732 1596 casu

2165 1650 2288 1720 quis
2331 1649 2497 1701 frater
2541 1644 2689 1700 exire
2733 1641 2996 1704 voluerit,
3044 1637 3179 1692 nihil
3224 1637 3436 1706 penitus
3479 1634 3730 1702 accipiat,

2173 1739 2188 1779 ι
2222 1741 2324 1794 nisi
2359 1740 2413 1792 in
2453 1736 2796 1792 notatissimo
2824 1732 3181 1794 vestimento,
3223 1739 3278 1783 et
3317 1734 3471 1782 extra
3510 1740 3733 1780 commu-

2167 1835 2382 1888 nionem
2435 1827 2666 1884 inlidelis
2713 1824 2974 1879 discedat.
3020 1821 3156 1875 Nam
3207 1820 3376 1889 quieti
3433 1829 3489 1874 et
3536 1817 3732 1887 pacifici

2167 1923 2443 1979 excelsum
2471 1919 2734 1987 diripiunt
2758 1929 2983 1984 regnum
3002 1953 3015 1973 ,
3045 1920 3100 1967 et
3126 1911 3222 1965 filii
3252 1917 3632 1981 computantur
3657 1909 3735 1961 Al-

2169 2013 2384 2077 tissimi,
2408 2019 2462 2066 et
2482 2009 2748 2080 pretiosas
2772 2005 3184 2074 splendidasque
3201 2004 3470 2072 accipient
3488 2016 3730 2056 coronas:

2171 2108 2263 2162 filii
2295 2113 2476 2160 autem
2507 2101 2857 2157 tenebrarum
2881 2097 2937 2152 in
2961 2097 3234 2152 exteriora
3258 2096 3415 2149 ibunt
3440 2102 3726 2149 tormenta.

2173 2198 2345 2268 Super
2367 2211 2519 2268 quem
2553 2191 2911 2264 requiescam?
2937 2190 3064 2245 dicit
3096 2189 3374 2255 Dominus,
3415 2189 3518 2242 nisi
3540 2199 3734 2256 Insuper

2171 2377 2280 2426 uiro
2315 2371 2516 2441 furioso
2549 2382 2568 2422 :
2603 2385 2672 2441 ne
2706 2368 2841 2436 forte
2873 2366 3048 2441 discas
3072 2364 3284 2441 semitas
3317 2362 3465 2431 ejus,
3483 2370 3545 2441 hci
3577 2375 3736 2440 sumas

2171 2429 2482 2497 scandalum
2523 2429 2717 2493 animai
2739 2448 2863 2490 tum.
2898 2436 2962 2490 Et
2988 2435 3165 2505 -paulo
3195 2443 3317 2505 post
3340 2429 3362 2487 ἐ
3411 2451 3431 2483 σ
3481 2431 3573 2505 Sic
3609 2429 3736 2505 enim

2171 2513 2336 2566 verba
2378 2511 2751 2582 proximorum
2797 2501 3064 2561 audiendo
3107 2501 3348 2582 quotidie
3395 2501 3733 2582 sumimus‘in

2174 2571 2398 2645 mente;
2421 2581 2561 2636 sic‘ut
2598 2578 2774 2633 ﬂando
2809 2586 2972 2646 atque
3011 2571 3329 2646 respirando
3365 2588 3552 2646 aerem
3587 2571 3737 2625 trahi.

2173 2667 2296 2706 mus
2317 2642 2579 2720 corpore;
2603 2658 2659 2704 et
2679 2649 2818 2703 sicut
2848 2642 3020 2701 malus
3044 2642 3138 2720 aer
3159 2645 3377 2720 assiduo
3393 2642 3528 2720 flatu
3551 2650 3740 2720 tractus

2175 2721 2348 2778 inficit
2393 2712 2615 2789 corpus,
2659 2720 2734 2789 ita
2761 2731 3016 2788 perversa
3062 2715 3267 2789 locutio
3313 2713 3532 2789 assidue
3575 2712 3741 2789 audita

2175 2783 2568 2848 infirmantium
2589 2783 3040 2849 i'nficit’animum,
3063 2797 3122 2840 ut
3144 2783 3743 2840 tabescatdelectatione

2175 2861 2331 2933 pravi
2356 2861 2534 2932 operis
2555 2859 2756 2915 assidui
2780 2857 3061 2927 iniquitate
3089 2855 3376 2911 sermonis.
3417 2873 3436 2906 ι

2254 2932 2274 2970 f
2307 2929 2412 2980 Οιιί
2441 2931 2653 2980 ςαιυίαε.
2681 2938 2788 2980 etc.
2815 2927 2929 2980 Hoc
2958 2936 3118 2980 caput
3147 2941 3253 2980 non
3295 2933 3474 2979 exstat
3517 2923 3575 2978 in
3612 2921 3655 2976 Β

2179 2929 2195 2933 “
2254 2932 2274 2970 ί
2307 2929 2412 2996 Qui
2441 2931 2654 3000 strpius,
2681 2938 2788 2982 etc.
2815 2929 2929 2981 Hoc
2958 2936 3118 3050 capiut
3147 2941 3253 2980 non
3295 2933 3474 2979 exstat
3517 2929 3575 2978 in
3614 2929 3735 2991 Reg.

2179 3017 2284 3057 ms.
2316 3000 2651 3070 Serapionis,
2678 2997 3004 3070 Paphnutii,
3049 2995 3274 3070 _acarii,
3316 3003 3424 3070 etc.
3464 2995 3588 3048 cod.
3612 2993 3743 3070 Ijlor.

2255 3075 2280 3113 ε
2312 3069 2379 3124 1η
2406 3064 2609 3124 ordine.
2633 3069 2688 3124 Id
2709 3064 2811 3131 est,
2837 3068 2893 3120 in
2921 3065 3098 3121 cilicio
3125 3066 3329 3130 divino,
3360 3066 3415 3118 in
3436 3079 3604 3134 opere
3619 3064 3706 3117 Dei
3730 3076 3744 3115 :

495 3132 1087 3221 inaneahebgicidaflgr
1109 3142 1166 3221 ‘1}
1196 3132 1553 3221 ρυρεῖίξυιιξςξ
1573 3139 2080 3221 cggrgptfﬂmem-
2106 3148 2150 3210 C
2182 3157 2306 3197 nam
2347 3141 2484 3221 ordo
2517 3149 2616 3221 _est
2666 3137 2899 3219 ofﬁcium
2939 3137 3178 3221 divi'purn
3200 3176 3215 3200 ,
3246 3132 3745 3221 cursus,;s’ynle§S.

499 3208 656 3260 brum
687 3220 718 3258 a
746 3219 1006 3272 corpore;
1035 3201 1093 3256 S.
1124 3199 1424 3272 Augustino
1451 3216 1573 3270 cap.
1589 3200 1670 3272 35
1690 3199 1907 3272 Regula}
1935 3217 2075 3272 suae;

499 3216 656 3260 brum
687 3220 718 3258 a
746 3219 840 3258 cor
877 3219 1006 3265 ore;
1035 3216 1093 3256 δ.
1124 3216 1424 3272 Augusunu
1451 3216 1573 3270 cap.
1599 3216 1670 3254 κο
1691 3216 1768 3255 ne
1845 3216 1907 3254 ne
1935 3217 2075 3266 suae;

494 3275 556 3330 S.
584 3274 790 3328 Isidoro
829 3219 1135 3352 gelusioge,
1169 3273 1293 3352 libr.
1322 3271 1364 3334 I,
1396 3272 1553 3350 epist.
1587 3269 1715 3333 518,
1743 3216 1896 3324 amari
1943 3270 2080 3352 Fru-

499 3355 691 3413 ctuoso
720 3357 840 3413 cap.
869 3342 903 3397 8
943 3341 1150 3413 :ﬂrEt,
1191 3341 1236 3394 si
1279 3354 1350 3413 se_
1380 3341 1653 3413 corripere
1679 3355 1787 3394 non
1822 3341 2081 3413 pera-iise-

497 3415 626 3475 rint,
663 3409 810 3469 foras
849 3409 1224 3481 projiciantur.
1266 3429 1285 3462 ι
1334 3409 2081 3481 Ler_ineusibus_ex_Eusebio

495 3483 806 3548 Gallicauo,
839 3476 1035 3537 Homil.
1062 3481 1096 3535 5
1129 3480 1197 3534 ad
1238 3479 1534 3534 monachos
1567 3497 1580 3534 :
1623 3497 1641 3529 ‹
1679 3476 1786 3535 Illis
1828 3479 1960 3549 ipsis
1989 3481 2082 3549 qui

496 3555 720 3625 gravius
776 3553 922 3625 apud
965 3567 1064 3606 nos
1111 3550 1468 3625 delinquunt,_
1507 3549 1708 3625 nullam
1764 3550 2077 3625 tristiorem,

498 3621 701 3678 nullam
744 3621 1080 3678 acerbiorem
1124 3635 1411 3691 possumus
1455 3621 1707 3691 invenire
1735 3621 2078 3684 sententiam,

497 3709 662 3818 quam
690 3703 750 3748 ut
780 3709 810 3747 a
835 3707 1078 3772 corpore.
1103 3689 1537 3772 congregationis
1566 3689 1763 3746 abscisi
1809 3690 1924 3745 sine
1951 3705 2083 3760 pace

535 3763 818 3818 iscedant:
854 3781 875 3814 ι
906 3770 1252 3816 εεηοιιεειιηο
1291 3761 1353 3815 Ρ.
1397 3759 1462 3814 Ν.
1497 3759 1716 3816 Urbano
1753 3760 1882 3818 VIII.
1913 3775 2083 3818 nuper

535 3763 818 3828 iscedant;
854 3781 875 3814 ι
906 3759 1252 3816 sanctissimo
1291 3761 1353 3815 P.
1397 3759 1462 3814 N.
1497 3759 1716 3831 Urbano
1753 3759 2084 3831 Vlll,_nuper

501 3833 567 3912 de
592 3831 762 3912 liuius.
790 3832 933 3912 modi
964 3831 1409 3912 incorrigibilium
1449 3830 1764 3912 expulsione
1784 3829 1939 3912 bulla
1969 3829 2085 3912 edi-

496 3911 570 3956 ta.
610 3898 678 3956 Idi
728 3901 958 3970 denique
997 3898 1196 3971 placuit
1240 3898 1586 3971 Patribusjn
1627 3901 1731 3955 hac
1781 3898 2083 3971 Concordia

495 3973 708 4036 citatis,
747 3969 975 4041 excepto
997 3969 1112 4026 'uno
1153 3970 1211 4041 S.
1245 3970 1450 4026 Isidoro
1495 3969 1822 4040 Hispalensi,
1852 3971 1946 4039 qui
1973 3985 2082 4041 non

497 4042 613 4096 vult
637 4040 940 4110 hujusmodi
964 4040 1259 4095 monachos
1286 4041 1408 4108 cjici
1438 4041 1792 4104 monasterio,
1817 4054 1886 4093 ne
1911 4041 1993 4094 eis
2015 4040 2084 4094 ad

500 4111 858 4180 perditionem
907 4109 1122 4180 licentia
1179 4118 1380 4180 pateat.
1434 4111 1548 4166 Imo
1592 4119 1648 4164 et
1692 4111 1860 4165 abbas
1906 4117 2086 4179 potest

501 4179 627 4248 ejici
647 4181 977 4234 monasterio
992 4179 1150 4247 juxta
1173 4179 1382 4234 sextam
1398 4181 1684 4245 svnodum,
1707 4195 1828 4250 cap.
1852 4181 1938 4234 12.

573 4249 603 4288 ἀ
634 4248 851 4318 Auferte
894 4249 1090 4302 malum
1118 4265 1183 4303 ea:
1235 4250 1399 4304 vobis.
1428 4239 1490 4304 lu
1526 4251 1798 4305 communi
1834 4250 2085 4306 versione

503 4318 742 4388 additur,
766 4319 918 4388 ipsis.

577 4399 601 4428 ο
626 4387 710 4443 Ne
739 4387 845 4442 una
866 4388 979 4442 ovis
1004 4388 1265 4455 morbida,
1281 4397 1390 4444 etc.
1421 4389 1575 4456 Quod
1596 4405 1695 4444 usu
1719 4391 1908 4446 venire
1923 4391 2078 4456 solet,

2183 3228 2318 3280 opus
2347 3211 2442 3265 Dei
2473 3229 2486 3263 :
2517 3210 2665 3264 hora:
2705 3208 3001 3280 canonich
3031 3206 3278 3269 Ruﬁnus,
3311 3220 3433 3274 cap.
3479 3205 3551 3280 5_6
3588 3206 3650 3259 de
3675 3206 3749 3258 lu-

2183 3275 2387 3337 siitutis
2411 3281 2800 3335 monachorum
2827 3297 2840 3331 ς
2877 3296 2895 3328 ι
2936 3278 3001 3331 Et
3035 3292 3142 3332 non
3170 3285 3427 3331 occurrat
3457 3275 3646 3330 adesse
3669 3289 3748 3326 or-

2184 3351 2304 3433 dini
2337 3350 2698 3433 psallentium:
2733 3347 2852 3433 us...
2875 3348 3234 3433 Iiieronymtis
3267 3347 3322 3400 in
3351 3344 3748 3433 e‘pistradﬂDe'b

2184 3413 2515 3476 medriadem
2545 3421 2611 3474 de
2640 3418 2947 3489 virginitate
2976 3413 3280 3489 servanda;
3316 3434 3346 3489 ί
3373 3413 3582 3489 _Praater
3617 3413 3746 3489 psal-

2186 3506 2400 3545 morum
2425 3498 2478 3544 et
2503 3485 2766 3544 orationis
2805 3490 3050 3544 ordinem
3074 3528 3088 3552 ,
3115 3486 3263 3556 quod
3291 3486 3552 3556 tibiihora
3580 3485 3739 3542 tertia.

2184 3569 2290 3615 etc.
2324 3580 2343 3612 ι
2377 3559 2676 3614 Concilium
2706 3558 3056 3613 Narbonense
3082 3555 3204 3612 can.
3234 3556 3271 3610 2
3299 3571 3313 3608 :
3345 3575 3364 3606 ι
3399 3555 3516 3610 Hoc
3545 3568 3742 3624 quoque

2185 3631 2466 3685 deﬁnitum
2502 3639 2607 3692 est,
2637 3637 2697 3684 ut
2727 3630 2780 3684 in
2808 3628 3105 3698 psallendis
3126 3627 3409 3698 ordinibus
3447 3640 3546 3698 per
3573 3641 3741 3698 queui-

2225 3715 2291 3754 ue
2329 3700 2594 3770 psalmum
2626 3693 3052 3770 gloria—dicatur
3088 3693 3603 3770 omnippteuti'Deo.
3636 3693 3737 3770 s_

2225 3716 2291 3754 ue
2329 3716 2594 3770 psalmum
2626 3716 2797 3770 gloria
2836 3716 3052 3754 dicatur
3088 3716 3446 3766 omnipotenti
3472 3716 3599 3751 ueo.
3636 3716 3653 3746 ι
3688 3716 3734 3746 δ.

2183 3716 2478 3840 Gregorius
2504 3769 2834 3840 Turonensis
2855 3769 2921 3840 de
2940 3769 3122 3824 Gloria
3143 3765 3548 3840 Goltfessorum,
3572 3781 3617 3840 ς.
3647 3765 3734 3818 57:

2191 3859 2210 3892 ι
2249 3835 2350 3906 Qui
2379 3854 2502 3894 cum
2532 3840 2675 3908 apud
2712 3839 2846 3893 alios
2870 3837 3026 3906 juxta
3067 3838 3283 3908 regulas
3310 3835 3738 3892 monasteriorum

2185 3910 2360 3964 ordini
2401 3917 2457 3964 et
2481 3909 2698 3964 lectioni
2740 3910 3032 3964 insisteret.
3077 3929 3095 3962 ι

2253 3979 2906 4104 ἓΝοῦιβῖιεπιεηάαυσνὶι.
2933 3979 3111 4050 Lege:
3139 3977 3207 4032 Et
3236 3994 3340 4032 non
3363 3993 3441 4044 se,
3467 3984 3597 4044 etc,
3618 3973 3740 4030 utin

2289 4065 2358 4104 rc.
2442 4065 2496 4102 in
2541 4087 2554 4101 .

2185 4065 2358 4106 COUIC.
2403 4065 2430 4104 ν
2442 4065 2554 4102 mu.

2230 4123 2237 4131 '
2263 4123 2279 4162 ί
2323 4119 2644 4174 Extraneus.
2677 4118 2734 4173 Id
2758 4126 2864 4185 est,
2895 4118 3419 4178 excommunicatus.

2258 4191 2273 4240 i
2310 4187 2390 4244 Sit
2431 4188 2590 4243 vobis.
2635 4188 2693 4243 In
2722 4182 2972 4245 versione
2999 4189 3270 4245 communi
3297 4205 3313 4242 :
3345 4187 3426 4242 Sit
3462 4186 3586 4250 tibi,
3615 4182 3740 4240 utin

2186 4269 2336 4316 textu
2362 4255 2573 4314 Graeco.
2597 4258 2702 4314 Sed
2730 4273 2827 4314 suo
2854 4261 3022 4315 textui
3049 4258 3424 4314 accommodat
3450 4257 3625 4311 locum
3645 4253 3744 4308 lla-

2185 4331 2384 4400 carius,
2414 4330 2568 4400 quasi
2600 4329 2713 4384 suis
2737 4329 2995 4385 fratribus
3019 4330 3350 4400 loqueretur.

2263 4401 2290 4440 ιι
2317 4395 2567 4470 Gasulam
2587 4415 2775 4470 meum.
2810 4418 2828 4450 ι
2855 4400 3050 4455 Casula
3078 4395 3275 4470 (inquit
3294 4398 3355 4470 S.
3379 4395 3742 4470 Isidoruslibr.

497 4457 1393 4558 ῗξηίθξίῖ¹²3¹ἒὲ¹ἔῗὲθηιεξδξλ3⁸
1410 4459 1865 4558 ηΤξέηὲΨΡείΞὲΞ
1889 4462 2079 4558 Ξῖξῖηὶίν
2105 4498 2159 4558 D
2186 4487 2302 4558 “’5:
2325 4469 2532 4539 θτίείη·
2560 4482 2677 4538 θειο-
2706 4469 2823 4540 ²⁴)ν
2849 4479 2934 4558 θεέ
2957 4457 3128 4525 "esas
3152 4457 3443 4558 έ¹¹ἒ¹³¹¹ἱ¹¹²ν
3481 4482 3578 4537 Pe”
3597 4466 3743 4558 dim"

499 4529 715 4614 cap.‘77:
757 4527 1048 4614 «.Serpunt
1063 4529 1208 4614 enim
1237 4531 1384 4614 vitia,
1407 4541 1463 4586 et
1488 4527 1875 4614 inproximum‘
1892 4547 2080 4614 quem-

498 4598 605 4672 quis
633 4598 966 4672 transiliunt,
999 4607 1054 4653 et
1077 4607 1332 4655 contactu
1364 4598 1581 4656 nocent:
1608 4600 1795 4672 Itaque
1824 4610 1884 4656 ut
1909 4598 1965 4656 in
1988 4617 2080 4672 pe-

501 4668 738 4741 stilentia
765 4669 1204 4741 cavendumdest,
1234 4685 1304 4725 ne
1335 4668 1733 4740 corruptisjam
1763 4668 2083 4741 corporibus

499 4748 555 4793 et
593 4739 792 4811 morbo
837 4736 1187 4811 flagrantibus
1251 4736 1589 4811 assideant-ius
1621 4736 1636 4794 Ξ
1675 4743 1802 4811 quia
1841 4736 2082 4811 pericula

501 4810 782 4863 trahemus
817 4824 832 4872 ;
893 4806 1207 4880 afﬂatuque,
1246 4810 1364 4880 ipso
1417 4806 1801 4867 laborabimus.
1841 4806 2081 4866 'lnitium

500 4879 675 4935 morbi
705 4887 790 4934 est
807 4878 968 4950 aegris
980 4893 1113 4933 sana
1141 4878 1391 4935 miscere.
1423 4901 1442 4934 ι
1471 4881 1538 4935 Et
1558 4880 1856 4948 iuvenalis,
1874 4880 2039 4937 Sat.2
2063 4899 2076 4936 :

687 5002 725 5033 ._
770 5007 795 5033 ._
921 5005 947 5033 ί.
1012 4968 1162 5033 Dedit
1182 4970 1303 5033 hanc
1320 4972 1549 5033 contagio
1568 4971 1727 5021 labem

687 5029 748 5096 Et
767 5031 898 5096 dabit
917 5032 964 5096 in
991 5031 1186 5096 plures:
1207 5032 1334 5080 sicut
1356 5029 1492 5096 grex'
1505 5041 1633 5083 totus
1656 5037 1703 5083 tu
1721 5033 1854 5096 agris

693 5091 844 5157 μυίης
865 5091 1031 5140 scabie
1050 5093 1268 5157 cadit,_et
1291 5091 1538 5154 porrigine
1558 5099 1713 5157 porci,

690 5151 892 5215 Uvaque
915 5161 1174 5214 conspecta
1197 5151 1402 5202 livorem
1424 5151 1572 5204 ducit‘
1587 5155 1648 5203 ab
1673 5151 1783 5206 u'va.

500 5234 566 5288 Et
592 5233 850 5305 praeclare
889 5233 944 5305 S.
989 5233 1282 5304 Gregorius
1309 5250 1473 5305 papa,
1510 5238 1731 5292 bomilia
1771 5237 1804 5292 9
1851 5238 1904 5292 in
1949 5238 2078 5293 Eze-

500 5303 730 5386 chielem
760 5318 775 5357 :
815 5322 834 5356 ι
869 5303 1158 5386 Unumnest
1186 5320 1285 5374 pro
1312 5303 1420 5386 qui)
1459 5303 1804 5386 dehet_vitari
1840 5309 2078 5386 societas

501 5374 766 5446 malorum
785 5391 805 5446 ;ﬁ
832 5390 921 5440 ne,
955 5373 1003 5446 si
1038 5373 1402 5446 forte_'corrigi
1431 5394 1536 5433 non
1567 5377 1764 5443 valent,
1800 5380 1866 5433 ad
1896 5380 2076 5432 imita-

502 5445 705 5518 tionem
727 5445 809 5498 sui
836 5455 891 5500 et
926 5443 1058 5498 alios
1090 5443 1421 5518 trahantfet
1442 5463 1563 5518 cum
1601 5449 1702 5518 ipsi
1739 5465 1769 5505 a
1793 5464 1890 5504 sua
1923 5449 2078 5502 mali-

503 5514 575 5566 tia
605 5529 709 5567 non
741 5523 1033 5588 mutantur,
1061 5529 1155 5588 eos
1181 5515 1272 5588 qui
1300 5517 1401 5588 sibi
1423 5514 1696 5586 conjuncti
1728 5520 1927 5573 fuerint
1955 5534 2076 5588 per-

506 5592 737 5657 vertant.
776 5583 930 5657 Unde
961 5582 1157 5657 Paulus
1183 5582 1293 5638 ait:
1319 5582 1669 5657 Corrumpunt
1705 5590 1865 5643 bonos
1904 5582 2073 5644 mores

501 5651 758 5723 colloquia
795 5652 956 5705 mala.
995 5653 1060 5705 Et
1106 5654 1244 5707 sicut
1296 5671 1392 5723 per
1437 5651 1777 5714 Salomonem
1819 5659 2014 5712 dicitur
2055 5677 2067 5711 :

512 5720 633 5774 Noli
661 5736 769 5774 esse
803 5723 999 5775 amicus
1033 5723 1228 5775 homini
1256 5720 1531 5794 iracundo,
1565 5743 1656 5783 nec
1690 5727 1920 5783 ambules
1952 5745 2070 5783 cum

2185 4541 2461 4594 nutionem
2509 4555 2539 4593 a
2583 4553 2740 4604 casa;
2781 4539 2926 4608 quod
2977 4549 3147 4595 totum
3205 4539 3744 4608 hominemﬁtegat.‘r_

2185 4610 2310 4664 Fuit
2335 4611 2452 4664 haec
2475 4609 2602 4664 olim
2629 4603 3016 4664 monachorum
3040 4609 3226 4664 vestis.
3250 4609 3383 4662 Acta
3406 4607 3467 4662 S.
3495 4603 3744 4675 Fulgentii

2185 4680 2502 4749 Ruspensis.
2539 4697 2557 4729 ι
2590 4677 2840 4733 Casulam
2868 4681 3182 4749 pretiosam,
3205 4679 3290 4732 vel
3321 4677 3542 4746 superbi
3567 4674 3744 4749 coloris

2186 4745 2428 4817 ipse'non
2453 4749 2661 4812 habuit,
2687 4763 2787 4804 nec
2814 4745 3108 4805 monachos
3137 4763 3263 4803 suos
3291 4745 3496 4802 habere
3513 4745 3692 4802 voluit.
3723 4763 3738 4794 ι

2185 4821 2310 4874 Fuit
2335 4819 2499 4872 etiam
2526 4832 2803 4873 servorum
2831 4820 3203 4874 indumentum
3224 4837 3236 4871 :
3257 4818 3555 4886 Procopius
3576 4817 3688 4870 libr.
3711 4827 3742 4864 ιι

2185 4890 2252 4944 de
2271 4889 2419 4944 bello
2437 4888 2728 4943 Vandalico
2754 4907 2766 4942 :
2799 4909 2816 4941 ι
2851 4890 3068 4944 Vestem
3095 4889 3311 4943 indutus
3331 4903 3510 4956 neque
3532 4888 3743 4955 impera-

2188 4961 2406 5023 toriam,
2434 4972 2608 5029 neque
2641 4958 2730 5012 alii
2760 4962 2877 5014 viro
2914 4960 3133 5013 militari
3165 4959 3386 5013 omnino
3431 4957 3744 5029 convenien-

2187 5038 2316 5104 tem,
2348 5030 2470 5083 ἀλλὰ
2497 5026 2656 5103 dabis;
2679 5029 2707 5087 ἧ
2736 5029 2910 5103 ἰδιώτῃ
2939 5033 3238 5104 παντάπασι
3263 5032 3486 5104 πρέπον,
3509 5026 3743 5104 καεοῦὶσν

2186 5102 2308 5154 αὐτό
2425 5097 2649 5154 Λατίνωᾶρ
2672 5109 2805 5173 φωνῇ
2827 5097 3038 5173 ualebat
3058 5097 3315 5173 Ῥωμαῖοις
3333 5100 3386 5152 id
3407 5110 3494 5152 est
3508 5117 3563 5173 ,_t
3588 5097 3740 5173 Servo

2186 5177 2278 5222 aut
2309 5165 2396 5223 vil'i
2429 5165 2918 5237 personm'om'nino
2943 5165 3624 5232 convenientem,casulam
3654 5165 3739 5218 La-

2187 5239 2297 5292 tina
2327 5255 2459 5292 voce
2482 5239 2666 5292 dicunt
2705 5238 2951 5294 Romani.
2983 5259 3001 5293 ι

2262 5307 2280 5346 1
2317 5307 2437 5362 Nisi
2468 5310 2522 5361 in
2557 5309 2881 5363 notatissimo
2914 5311 3229 5363 vestimento.
3258 5307 3315 5362 Id
3337 5315 3452 5371 est,
3482 5304 3736 5367 saeculari,

2183 5393 2290 5449 quo
2315 5379 2677 5449 distinguatur
2705 5380 2980 5449 transfuga
3020 5381 3106 5434 ille
3133 5395 3164 5432 a
3195 5380 3494 5449 monachis.

2257 5461 2294 5487 ω
2318 5447 2486 5518 Super
2505 5447 2751 5518 immitem
2773 5459 2821 5502 et
2839 5447 3090 5517 quietum.
3108 5450 3185 5503 Ita
3201 5449 3341 5518 apud
3357 5448 3412 5501 S.
3431 5447 3737 5518 Cyprianum

2182 5533 2266 5588 ep.
2304 5515 2808 5581 I8,'et.Cassianum
2845 5515 2965 5574 coll.
2991 5520 3078 5582 12,
3101 5515 3306 5588 οθρξὸ,
3338 5534 3404 5571 ex
3434 5515 3736 5586 Septuagin-

2182 5587 2236 5661 μὶ
2263 5603 2277 5641 :
2315 5593 2550 5661 τᾳπεινὸν
2578 5592 2661 5661 nui
2686 5591 2913 5661 ἥσυχον,
2948 5591 2998 5644 id
3024 5599 3128 5654 est,
3159 5587 3405 5661 humilem
3427 5599 3473 5641 et
3498 5587 3731 5661 quietum.

2181 5658 2237 5712 In
2271 5657 2494 5780 Julgala
2529 5657 2766 5714 editione
2793 5653 2833 5713 '2'
2855 5653 2936 5713 Ad
2979 5653 3352 5730 pauperculam
3391 5667 3440 5710 et
3475 5653 3732 5711 contritum

2181 5744 2269 5780 cor
2307 5744 2355 5780 e.

2180 5744 2355 5783 εοναε.
