3940 6196
326 311 471 370 i035

323 426 581 484 humilem
626 432 675 479 et
725 422 958 495 quietum
1008 429 1057 476 et
1102 427 1407 474 trementem
1456 433 1720 472 sermones
1768 430 1909 470 meos
1939 420 1992 479 Α

324 514 488 588 (isai.
523 514 695 583 1.xv1).

326 632 355 699 ς
376 629 467 685 iV.
488 658 562 669 -
580 626 658 681 Ex
682 625 904 682 Recuu
930 638 1117 678 SANCTI
1144 620 1343 678 [Sinoni
1368 634 1602 674 EPISCOPI
1638 619 1775 690 (cap.
1804 612 1914 669 Ml.

401 745 461 800 Si
505 740 702 812 aliquis
742 738 1245 795 excommunicatus
1293 736 1349 789 in
1392 734 1569 804 prima
1614 726 1915 799 interroga-

328 838 479 894 tione
509 831 826 904 querelosus
846 828 932 884 vel
967 841 1313 884 murmurans
1342 821 1687 895 apparuerit,
1712 828 1767 875 et
1795 834 1922 875 suas

328 922 634 980 sententias
672 917 907 989 superbe
946 916 1031 972 vel
1074 916 1385 985 importune
1430 909 1820 974 vindicaverit,
1867 914 1925 962 et

329 1016 437 1072 hoc
484 1011 669 1068 senior
712 1007 1061 1064 manifestum
1102 1020 1226 1060 esse
1267 1002 1614 1075 cognoverit,
1655 1014 1828 1071 usque
1867 999 1924 1053 in

331 1106 479 1164 diem
509 1100 730 1158 tertium
750 1104 969 1153 maneat
988 1093 1488 1151 excommunicatus
1513 1109 1525 1144 :
1556 1090 1633 1145 ita
1657 1097 1716 1143 ut
1743 1086 1923 1142 nullus

332 1211 461 1251 cum
482 1209 548 1249 eo
578 1191 850 1262 loquatur.
873 1173 1008 1243 Cum
1033 1185 1196 1241 tertio
1223 1198 1354 1239 vero
1380 1183 1466 1238 die
1494 1181 1566 1235 ita
1596 1177 1923 1243 sciscitatus,

333 1286 474 1342 etin
514 1281 768 1353 superbia
812 1293 974 1348 quam
1011 1276 1283 1341 diximus,
1321 1272 1485 1328 fuerit
1517 1270 1925 1342 deprehensus,

333 1389 621 1449 quousque
665 1368 938 1442 ergastulo
991 1373 1302 1422 coarctatus
1352 1369 1701 1435 perseveret,
1755 1360 1928 1415 donec

333 1481 557 1524 omnem
606 1461 973 1533 arrogantiam
1003 1456 1273 1527 superbiae
1312 1456 1563 1526 deneget.
1599 1452 1755 1520 Quod
1793 1451 1840 1507 si
1872 1451 1928 1505 in

338 1560 484 1617 malo
518 1568 874 1629 perseverans
907 1549 1287 1623 perduraverit
1333 1556 1390 1604 et
1432 1562 1607 1620 prona
1650 1546 1930 1601 voluntate

334 1647 718 1722 paenitentiam
748 1659 910 1717 agere
937 1642 1193 1708 noluerit,
1224 1649 1281 1696 et
1309 1654 1450 1709 saepe
1472 1653 1538 1694 ac
1563 1653 1708 1708 stepe
1739 1643 1930 1692 contu-

338 1759 467 1811 max
500 1744 874 1795 murmurator
896 1734 1078 1805 patulo
1111 1740 1300 1788 contra
1335 1730 1579 1786 seniores
1607 1727 1695 1783 vel
1732 1725 1931 1781 fratres

339 1838 396 1893 in
419 1834 562 1890 facie
591 1829 917 1904 perstiterit,
951 1834 1157 1882 etcum
1199 1822 1517 1894 propinquis
1555 1836 1614 1876 se
1655 1820 1932 1875 vindicare

341 1924 629 1983 maluerit:
658 1922 713 1976 in
742 1918 1034 1975 collatione
1061 1915 1324 1971 deductus
1357 1921 1591 1968 exuatur
1620 1908 1936 1965 monasterii

340 2016 607 2080 vestibus,
638 2020 695 2069 et
723 2011 998 2076 induatur,
1024 2022 1160 2078 quas
1181 2005 1309 2061 olim
1340 2004 1679 2067 adduxerat,
1704 1999 1935 2057 saecula-

342 2112 499 2167 ribus
516 2149 534 2177 ,
562 2114 620 2164 et
651 2120 776 2162 cum
802 2101 1136 2159 confusionis
1174 2106 1304 2154 nota
1331 2113 1363 2152 a
1398 2094 1730 2152 monasterio
1756 2091 1939 2162 expel-

344 2202 492 2257 latur
522 2214 538 2253 :
568 2204 629 2253 ut
670 2195 855 2253 caeteri
900 2192 1278 2256 emendentur,
1325 2187 1455 2245 dum
1507 2186 1736 2242 fortasse
1791 2182 1940 2238 solus

348 2294 446 2351 tali
475 2290 820 2361 correptione
847 2286 937 2341 ille
967 2283 1289 2354 delinquens
1320 2278 1633 2350 corrigitur.

349 2408 469 2484 εν.
490 2436 563 2448 -—
585 2404 665 2460 Ex
689 2402 912 2459 iiscum
940 2412 1128 2455 SANC'I'i
1154 2396 1357 2451 BASiLli
1387 2405 1626 2447 EPISCOPI
1656 2388 1794 2460 (cap.
1823 2386 1938 2456 28).

427 2519 693 2588 Interrog.
721 2526 747 2556 ι
777 2512 921 2583 Erga
951 2525 1075 2566 eum
1107 2507 1201 2579 qui
1236 2520 1337 2577 pro
1370 2509 1597 2575 peccato
1626 2515 1736 2557 non
1768 2498 1942 2588 pumi-

1116 276 1119 279 “
1178 300 1568 361 consonum
1605 296 2064 357 REGULARUM.
2103 325 2173 337 -
2212 295 2365 352 (λιιι).
2407 293 2668 364 xxxvu.

3456 296 3475 348 l
3488 296 3593 352 03.5

2310 409 2338 483 ᾗ
2367 409 2477 466 Vil.
2502 440 2571 450 —
2593 408 2727 464 Item
2757 408 2987 479 ejusdem
3015 407 3152 479 (cap.
3181 406 3293 478 75).

2092 502 2353 573 Interrog.
2380 501 2406 539 ιι
2434 501 2491 557 Si
2517 501 2639 571 quis
2660 499 2824 556 habet
2842 499 3059 569 aliquod
3076 498 3287 565 vitium,
3311 499 3456 569 quod
3480 514 3603 555 eor—

2021 594 2199 666 rigere
2226 608 2335 649 non
2363 599 2564 663 potest,
2596 601 2651 647 et
2688 592 3002 662 frequenter
3031 588 3047 629 ί
3073 596 3312 654 notatur,
3338 596 3395 643 et
3422 589 3476 643 in
3506 604 3603 660 pe-

2014 683 2104 752 jus
2148 684 2396 754 prolicit,
2436 684 2483 738 si
2520 697 2643 738 eum
2675 679 2949 753 expediti
3003 679 3420 735 intermitti?——
3447 678 3603 750 Resp.

2023 772 2092 829 Et
2113 776 2217 830 hoc
2246 774 2373 830 alibi
2403 773 2518 843 jam
2550 774 2815 840 diximus,
2860 772 2988 843 quia
3028 779 3245 842 oportet
3287 779 3615 841 peccantem.

2023 864 2300 934 corripere
2350 864 2621 933 patienter
2673 862 2969 918 secundum
3025 877 3182 929 cum,
3232 860 3393 931 quem
3443 875 3607 931 supra

2024 959 2385 1024 ostendimus,
2404 958 2622 1013 modum
2638 972 2669 1011 a
2682 955 2913 1012 Domino
2934 955 3171 1026 positum
3190 954 3406 1025 (Matth.
3426 952 3607 1026 xvm).

2024 1048 2181 1118 Quod
2225 1049 2270 1103 si
2312 1063 2422 1103 non
2463 1047 2661 1103 sufﬁcit
2681 1047 2731 1102 ei
2762 1046 2830 1101 ad
2861 1045 3325 1109 emendationem,
3354 1045 3496 1100 sicut
3534 1042 3612 1098 illi

2025 1138 2329 1204 Corinthio,
2364 1137 2661 1209 objurgatio
2683 1137 2794 1191 htrc
2822 1151 2939 1208 qua:
2964 1135 3025 1204 fit
3050 1152 3083 1188 a
3104 1133 3344 1204 pluribus
3373 1131 3458 1204 (II
3485 1131 3609 1187 Cor.

2028 1226 2116 1302 ιι),
2149 1228 2311 1284 sicuti
2338 1226 2560 1299 gentilis
2588 1225 2657 1281 de
2706 1225 2917 1295 reliquo
2967 1232 3024 1279 et
3062 1222 3387 1294 publicanus
3423 1221 3615 1279 haberi

2027 1321 2204 1382 debet,
2238 1320 2331 1390 qui
2362 1319 2628 1390 ejusmodi
2655 1325 2739 1373 est
2766 1316 2982 1391 (Matth.
3015 1315 3090 1388 v).
3123 1314 3260 1383 Quia
3286 1314 3335 1368 ei
3367 1329 3614 1385 parcere,

2028 1424 2191 1480 quem
2232 1408 2493 1464 Dominus
2536 1406 2939 1471 condemnavit,
2978 1404 3002 1445 Ιι
3028 1403 3163 1459 velle
3183 1400 3466 1461 tuum‘non
3503 1412 3616 1469 est;

2028 1503 2264 1558 maxime
2292 1517 2415 1556 cum
2438 1501 2701 1556 Dominus
2725 1498 2906 1553 dicat:
2938 1496 3076 1564 Quia
3104 1496 3309 1566 expedit
3334 1497 3621 1567 unicuique

2031 1604 2087 1648 ut
2116 1609 2281 1648 unum
2309 1592 2539 1659 oculum,
2566 1601 2657 1646 aut
2682 1607 2846 1645 unum
2870 1590 3052 1659 pedem
3078 1588 3265 1660 perdat
3288 1629 3303 1654 ,
3331 1597 3378 1642 et
3420 1589 3496 1642 ita
3538 1589 3622 1643 in-

2033 1692 2131 1738 tret
2155 1684 2213 1737 in
2237 1699 2474 1754 regnum,
2500 1697 2682 1754 quam,
2706 1680 2831 1734 dum
2851 1681 3020 1751 parcit
3048 1680 3140 1734 uni
3162 1696 3226 1734 ea:
3249 1679 3330 1734 his
3352 1679 3619 1744 membris,
3710 1669 3720 1677 ’

1960 1773 2006 1832 Β
2034 1783 2200 1828 totum
2224 1789 2412 1844 corpus
2436 1773 2677 1826 mittatur
2697 1772 2751 1826 in
2771 1771 3060 1842 gehennam
3074 1772 3212 1842 ignis
3227 1785 3245 1823 :
3262 1771 3445 1826 ibierit
3466 1772 3622 1841 ﬂetus

2036 1871 2086 1917 et
2107 1862 2311 1917 stridor
2334 1862 2570 1916 dentium
2602 1860 2818 1933 (Matth.
2841 1859 3019 1932 xvm).
3047 1860 3156 1916 Sed
3173 1869 3231 1916 et
3248 1860 3538 1931 Apostolus
3556 1861 3626 1916 de

2038 1953 2170 2023 ipsis
2201 1959 2435 2007 testatur
2462 1951 2649 2007 dicens
2679 1969 2690 2004 :
2718 1950 2862 2025 Quia
2897 1952 3161 2005 modicum
3198 1952 3511 2021 fermentum
3548 1962 3629 2007 to-

2038 2054 2146 2098 tam
2169 2059 2402 2098 massam
2423 2043 2714 2105 corrumpit
2745 2040 2888 2113 (Gal.
2923 2041 3027 2113 ιιι).

2110 2133 2489 2206 §Vili.—-Ex
2524 2134 2744 2191 iiscum
2782 2149 2972 2191 SANCTI
3016 2134 3216 2191 [Sinoni
3258 2135 3397 2208 (cap.
3440 2136 3552 2210 16).

2116 2222 2134 2262 1
2173 2222 2275 2290 Qui
2304 2222 2456 2295 gravi
2483 2223 2618 2279 vitio
2638 2238 2781 2293 saepe
2801 2225 3305 2280 excommunicatus
3330 2225 3636 2297 neglexerit

2040 2317 2350 2384 emendare,
2374 2316 2562 2371 tandiu
2578 2328 2618 2356 ω
2633 2316 2968 2372 damnationi
2986 2316 3287 2386 subjaceat,
3306 2328 3332 2355 η
3351 2334 3636 2390 quousque

2042 2409 2173 2464 vitia
2203 2408 2388 2465 inolita
2414 2410 2649 2480 deponat
2683 2427 2695 2462 :
2722 2417 2785 2464 ut
2808 2423 2970 2480 quem
3012 2409 3177 2465 semel
3211 2409 3359 2464 illata
3388 2411 3636 2466 animad-

2042 2499 2222 2556 versio
2235 2515 2344 2556 non
2361 2499 2624 2566 coercuit,
2645 2498 2900 2570 frequens
2924 2500 3189 2556 severitas
3210 2509 3431 2559 censeat
3444 2517 3636 2558 emen-

352 2619 467 2675 tet,
495 2605 731 2678 qualiter
753 2614 877 2658 esse
900 2594 1451 2663 debemus?——Resp.
1482 2591 1637 2647 Sicut
1680 2587 1946 2678 Dominus
2046 2591 2302 2646 dandum.
2368 2589 2627 2659 Quamvis
2670 2591 3039 2662 frequentium
3076 2593 3638 2667 gravissimorumque

353 2682 827 2773 praecepit‘dicens
856 2706 872 2745 :
902 2689 983 2746 Sit
1014 2688 1106 2743 tibi
1131 2686 1267 2742 sicut
1289 2681 1500 2757 gentilis
1543 2690 1593 2735 et
1630 2677 1944 2750 publicanus
2046 2679 2303 2736 vitiorum
2321 2680 2651 2753 voraginisit
2675 2681 2903 2752 quisque
2927 2680 3240 2749 immersus,
3267 2690 3292 2719 ο
3323 2698 3431 2739 non
3459 2693 3545 2740 est
3558 2695 3639 2740 ta-

357 2767 578 2869 (Matth.
609 2787 785 2862 xviii).
814 2785 968 2842 Sicut
1003 2780 1297 2869 Apostolus
1332 2775 1519 2833 docuit
1547 2773 1772 2869 dicens:
1801 2767 1944 2824 Sub-
2048 2786 2173 2827 men
2199 2787 2229 2826 a
2261 2774 2595 2829 monasterio
2620 2771 3005 2844 projiciendus,
3030 2774 3128 2829 sed
3144 2774 3300 2845 juxta
3322 2776 3636 2847 qualitatem

357 2858 553 2941 irahite
598 2897 688 2936 vos
735 2858 799 2933 ab
843 2874 984 2931 omni
1030 2873 1196 2943 fratre
1220 2869 1249 2910 ιι
1283 2866 1512 2938 inquiete
1552 2858 1856 2917 ambulante
1897 2865 1948 2911 et
2050 2863 2234 2920 delicti
2261 2865 2591 2922 coercendus
2616 2875 2700 2921 est
2730 2883 2744 2919 :
2776 2880 2845 2920 ne
2877 2865 3017 2922 forte
3042 2867 3134 2937 qui
3163 2877 3378 2939 poterat
3397 2886 3494 2940 per
3520 2870 3639 2926 diu-

358 2990 467 3030 non
494 2969 781 3027 secundum
808 2965 1147 3020 traditionem
1165 2999 1180 3025 ,
1208 2970 1230 2998 ο
1263 2972 1421 3029 quam
1450 2950 1769 3041 tradidimus
1804 2945 1949 3005 vobis

2057 2964 2268 3013 turnam
2289 2957 2688 3029 paenitudinem
2721 2957 3021 3025 emendari,
3054 2958 3183 3015 dum
3208 2959 3517 3031 projicitur,
3544 2978 3640 3018 ore

358 3061 450 3136 (II
482 3062 662 3117 Thess.
688 3057 795 3131 ιιι).

665 3170 693 3246 §
720 3169 808 3227 Vi.
840 3198 909 3212 —-
933 3166 1071 3222 Item
1098 3164 1330 3237 ejusdem
1362 3161 1501 3237 (cap,
1534 3159 1644 3234 77).

435 3289 700 3357 Interrog.
725 3284 753 3324 ἀ
777 3282 932 3352 Quod
968 3282 1016 3337 si
1041 3280 1395 3337 contristatur
1420 3275 1540 3341 ille,
1571 3274 1669 3358 qui
1700 3284 1723 3312 ο
1751 3271 1954 3328 excita-

362 3394 488 3445 tur;
521 3385 618 3432 aut
639 3375 805 3447 etiam
835 3372 881 3428 si
908 3370 1183 3434 irascitur,
1213 3367 1344 3437 quid
1361 3366 1555 3437 dignus
1576 3362 1781 3418 est?—
1796 3359 1950 3430 Resp.

361 3470 589 3530 Interim
618 3462 1081 3532 excommunicari
1104 3460 1286 3526 debet,
1311 3467 1369 3513 et
1390 3472 1500 3512 non
1531 3456 1551 3495 ί
1586 3454 1919 3511 manducare
1937 3492 1951 3516 ,

364 3565 414 3622 si
450 3561 593 3617 forte
613 3562 965 3628 compunctus
991 3550 1236 3623 agnoscit
1256 3547 1475 3618 quantis
1500 3534 1557 3601 et
1585 3543 1838 3615 qualibus
1857 3540 1955 3597 bo-

366 3656 456 3711 nis
484 3650 834 3721 semetipsum
857 3643 1176 3715 insipienter
1202 3638 1509 3703 defraudet,
1552 3644 1610 3691 et
1634 3635 1710 3689 ita
1732 3646 1958 3691 conver-

366 3760 466 3801 sus
493 3742 718 3811 recipiat
744 3737 973 3809 gratiam
1002 3734 1142 3804 ejus,
1177 3730 1270 3801 qui
1299 3729 1473 3785 dixit:
1501 3725 1705 3781 Memor
1730 3725 1810 3796 fui
1833 3724 1953 3790 Dei,

366 3845 422 3895 et
474 3835 763 3891 delectatus
800 3846 917 3885 sum
974 3825 1147 3901 (Psal.
1189 3822 1396 3897 Lxxw).
1429 3821 1583 3891 Quod
1622 3820 1668 3877 si
1709 3834 1959 3891 perman-

363 3926 509 3985 serit
536 3925 591 3979 in
618 3920 847 3978 stultitia
873 3934 981 3975 non
1017 3916 1321 3987 intelligens
1340 3914 1574 3986 gratiam
1595 3952 1610 3979 ,
1647 3911 1960 3968 abscidatur

364 4031 633 4088 tanquam
654 4012 1017 4086 putrefactum
1042 4009 1344 4065 membrum
1365 4023 1397 4062 a
1412 4021 1659 4077 corpore.
1683 4004 1957 4075 Scriptum

369 4119 461 4168 est
486 4108 633 4164 enim
660 4124 673 4160 :
700 4104 841 4170 Quia
869 4101 1076 4172 expedit
1127 4108 1185 4154 ut
1220 4107 1395 4170 pereat
1437 4114 1601 4152 unum
1642 4097 1957 4160 membrum,

372 4206 401 4246 Β
431 4210 482 4256 et
509 4216 616 4254 non
657 4211 808 4252 omne
846 4210 1035 4264 corpus
1079 4201 1228 4246 tuum
1278 4191 1521 4244 mittatur
1564 4190 1620 4244 in
1669 4189 1958 4261 gehennam

369 4295 595 4372 (Matth.
623 4292 697 4367 v).

2052 3046 2255 3103 diaboli
2281 3050 2593 3105 devoretur.

1977 3123 2021 3184 (ἶ
2089 3140 2117 3215 §
2154 3141 2246 3197 1X.
2275 3173 2348 3183 —-—
2373 3143 2453 3199 Ex
2482 3141 2702 3200 iiscum
2738 3158 2924 3199 ssnon
2965 3142 3269 3201 Faucruosi
3309 3144 3448 3219 (cap.
3482 3146 3602 3219 .15).

2133 3221 2442 3297 Clamosum
2481 3236 2535 3292 in
2583 3236 2858 3293 locutione
2900 3237 3227 3293 monachum
3275 3246 3369 3293 aut
3420 3239 3639 3296 iracun-

2054 3339 2206 3402 dum,
2233 3331 2603 3396 ridiculosum,
2640 3331 3093 3386 subsannatorem
3119 3328 3234 3385 sive
3276 3331 3638 3389 detractorem

2055 3440 2176 3482 esse
2209 3439 2319 3480 non
2348 3423 2525 3487 decet,
2564 3428 2670 3475 etc.
2699 3430 2729 3470 ιι

2353 3530 2381 3603 §
2416 3529 2486 3584 Χ.
2519 3559 2591 3569 -
2627 3528 2708 3584 Ex
2745 3528 2966 3584 iiscum
3005 3527 3327 3585 Ontsuuu.

2127 3648 2185 3703 Si
2216 3644 2379 3711 fuerit
2408 3643 2605 3714 aliquis
2632 3650 2740 3698 tam
2767 3641 2956 3709 durus,
2990 3650 3101 3698 tam
3127 3642 3336 3698 alienus
3377 3659 3409 3698 a
3444 3644 3643 3704 timore

2057 3738 2293 3803 Domini,
2325 3744 2388 3791 ut
2413 3743 2493 3792 tot
2513 3734 2989 3805 castigationibus,
3019 3742 3078 3789 et
3117 3742 3198 3791 tot
3228 3735 3644 3797 remissionibus

2058 3846 2166 3886 non
2197 3827 2470 3892 emendet,
2520 3825 2838 3896 projiciatur
2880 3824 2947 3880 de
2981 3826 3336 3893 monasterio,
3385 3835 3441 3883 et
3478 3828 3644 3885 veluti

2057 3928 2352 3977 extraneus
2375 3917 2641 3973 habeatur
2665 3933 2678 3967 :
2707 3930 2778 3970 ne
2798 3914 2935 3970 vitio
2962 3914 3106 3970 illius
3125 3914 3218 3970 alii
3245 3916 3640 3987 periclitentur.

2227 4011 2256 4084 §
2293 4009 2385 4066 X1.
2424 4040 2497 4051 —
2526 4009 2607 4064 Ex
2642 4008 2866 4064 iiscum
2905 4006 3176 4066 Μριθιετιιι
3214 4007 3354 4082 (cap.
3400 4010 3511 4083 l2).

2127 4114 2158 4156 ιι
2193 4102 2254 4158 in
2282 4102 2367 4158 bis
2396 4100 2648 4157 omnibus
2669 4113 2834 4168 supra
2862 4097 3025 4155 dictis
3051 4099 3099 4154 si
3137 4103 3264 4171 quis
3308 4099 3481 4158 frater
3517 4119 3650 4159 eon-

2061 4206 2243 4253 tumax
2281 4202 2376 4250 aut
2417 4191 2716 4265 superbus,
2769 4198 2864 4247 aut
2909 4206 3288 4260 murmurans,
3331 4204 3426 4251 aut
3465 4197 3652 4254 inobe-

2058 4285 2215 4343 diens
2254 4282 2560 4357 praepositis
2585 4283 2700 4339 suis
2727 4280 3041 4353 frequenter
3064 4285 3356 4352 exstiterit,
3382 4297 3440 4342 et
3457 4303 3650 4345 secun-

450 4439 477 4468 ι
511 4426 656 4494 Erga
680 4422 933 4494 cumqui,
961 4427 1067 4476 etc.
1105 4418 1232 4476 llaec
1266 4429 1390 4494 su_nt
1410 4421 1563 4494 _apud
1602 4418 1659 4475 S.
1696 4420 1956 4494 Basilium
1983 4469 2038 4494 η
2062 4422 2257 4494 interr.
2289 4421 2359 4479 57
2391 4441 2403 4475 :
2432 4418 2624 4494 Regni.
2657 4420 2809 4476 brev.
2831 4426 2902 4494 _et
2932 4419 3075 4494 apud
3103 4417 3361 4494 Rufinum
3398 4436 3519 4491 cap.
3558 4422 3648 4478 8.5.

372 4501 571 4554 interr.

450 4568 481 4607 ι’
513 4558 767 4635 ιηᾳιιὶειεῖ
811 4562 979 4635 Apud
1008 4558 1768 4635 Ruﬁnum,‘immoderate_fin
1810 4566 1961 4635 textu

374 4628 615 4694 Graeco}
642 4628 897 4716 ᾲτὰκτωξ,
928 4631 983 4685 id
1003 4637 1108 4696 est,
1136 4630 1464 4696 inordinate,
1497 4636 1557 4683 ut
1579 4628 1739 4684 habet
1780 4629 1963 4684 versio

374 4719 708 4763 communis.

458 4787 481 4815 ε
518 4773 690 4839 Quam
719 4770 1055 4825 tradidimus.
1099 4768 1176 4823 ita
1222 4768 1369 4838 apud
1400 4766 1690 4839 Rufinum:
1723 4768 1883 4823 aliter
1911 4767 1965 4822 in

379 4838 755 4917 textuiGlfmco
778 4856 793 4895 :
821 4844 879 4901 ἣν
904 4841 1192 4917 «apameae
1219 4840 1345 4911 παρ’
1367 4842 1505 4908 ἡμῶν
1523 4878 1538 4901 ,
1570 4838 1624 4893 id
1656 4846 1771 4917 est,
1797 4847 1857 4893 ut
1877 4839 1970 4893 ha-

378 4919 479 4972 bet
505 4914 684 4968 versio
704 4909 1031 4975 communis,
1053 4925 1210 4980 quam
1232 4909 1539 4980 acceperunt
1575 4925 1608 4961 a
1631 4909 1799 4980 nobis.

457 4985 484 5024 (ι
522 4984 676 5050 Quod
705 4983 751 5037 si
775 4977 1140 5044 contristatur,
1178 4986 1284 5050 etc.
1313 4977 1505 5032 Exstat
1536 4977 1793 5050 apud_S.A
1818 4977 1971 5033 Basi-

378 5047 765 5110 lium'interr.
825 5050 896 5108 44
935 5050 1125 5120 Regni.
1179 5048 1331 5103 brev.
1385 5054 1440 5102 et
1493 5049 1635 5117 apud
1678 5047 1968 5113 Rufinum,

379 5140 512 5195 cap.
551 5123 641 5177 45.

410 5198 415 5203 ’
462 5205 488 5234 ε
518 5192 820 5247 Excitatur.
849 5190 932 5246 Ad
958 5189 1190 5261 vigilias.

468 5263 489 5303 ί
528 5262 653 5318 Non
678 5258 1099 5316 manducarefld
1127 5266 1229 5324 est,
1283 5274 1392 5314 uno
1433 5266 1528 5314 aut
1562 5259 1734 5314 altero
1765 5258 1854 5314 die
1895 5259 1979 5314 in-

382 5334 574 5414 ediam
602 5331 737 5414 pati,
753 5341 811 5414 ut
839 5347 1003 5402 supra
1026 5330 1327 5400 vidimusin
1352 5329 1437 5385 his
1463 5328 1715 5385 Patribus
1736 5344 1768 5384 a
1790 5338 1978 5386 nostro

388 5413 622 5460 auctore
647 5410 849 5457 citatis.

465 5476 490 5514 Β
529 5471 599 5526 Et
624 5487 729 5526 non
750 5480 919 5541 totum
946 5486 1135 5541 corpus
1161 5478 1328 5541 tuum.
1366 5467 1449 5524 Ad
1482 5470 1705 5526 verbum
1731 5483 1799 5541 ex
1827 5478 1981 5541 textu

387 5544 591 5601 Cuch
614 5540 895 5621 Evangelii
920 5559 933 5595 :
968 5539 1058 5596 xui
1078 5546 1147 5612 μή
1173 5540 1290 5594 {tios
1314 5541 1466 5621 σῶμᾷ
1488 5563 1610 5621 ρον.
1640 5540 1796 5621 Apud
1832 5539 1983 5595 Ruﬁ-

389 5630 575 5697 num}
609 5611 793 5677 Quarti
806 5620 973 5666 totum
996 5627 1183 5681 corpus
1211 5620 1381 5677 tuum,
1401 5619 1459 5665 ut
1487 5612 1539 5666 in
1565 5611 1813 5665 versione
1837 5626 1985 5665 eom-

393 5698 573 5741 mill“.

474 5756 500 5795 ι·
543 5752 604 5809 Si
629 5753 747 5824 quis
771 5750 948 5817 habet,
989 5758 1095 5803 etc.
1136 5749 1426 5820 Reperitur
1462 5751 1599 5822 apud
1636 5750 1693 5806 S.
1726 5749 1984 5806 Basilium

725 5845 1001 5905 Ριτιιοι..
1050 5841 1213 5905 Ciii.

652 4489 843 4564 Reguli
864 4493 1044 4564 brev._,
1065 4498 1124 4564 et
1152 4491 1290 4561 apud
1312 4489 1589 4564 Suillium,
1614 4505 1734 4564 cap.
1760 4489 1851 4542 2i.

1983 4469 2038 4530 D

2140 4495 2156 4535 ί
2204 4493 2457 4548 Notatur.

2064 4578 2507 4721 inirintermijtti.
2537 4630 2823 4721 ‘itajapud.
2847 4629 3124 4721 R'plinum.
3158 4628 3216 4686 in
3248 4636 3399 4686 textu
3432 4630 3650 4699 Graeco,

2068 4706 2349 4777 ἕπαφιὲναι,
2388 4700 2441 4757 id
2470 4710 2557 4756 est
2578 4742 2593 4766 ,
2627 4700 2846 4757 ditnitii.
2879 4700 3125 4756 Rectius.

2069 4845 2081 4852 _
2139 4776 2167 4814 k
2218 4772 2358 4828 Velle
2390 4782 2539 4852 tuum
2568 4788 2673 4824 non
2713 4770 3085 4852 est._itahapud
3118 4768 3498 4852 smaragdum.
3535 4771 3652 4828 Non

2067 4845 2143 4899 ita
2170 4852 2340 4899 recte.
2392 4841 2583 4911 Melius
2630 4842 2770 4911 apud
2820 4837 3117 4911 Rufinum:
3164 4837 3340 4911 1_Vulli'
3356 4849 3523 4896 tutum
3554 4853 3649 4898 est.

2067 4913 2229 4969 Juxta
2284 4919 2493 4968 textum
2543 4907 2815 4977 Graecum,
2857 4910 3082 4985 ἁσφαλδς
3105 4907 3291 4974 οὐδενὶ,
3322 4912 3468 4979 quod
3508 4912 3647 4968 idem

2069 4994 2315 5120 smiatéui
2361 5055 2507 5124 gravi
2534 5053 2680 5116 vitio,
2719 5060 2847 5124 etc:
2872 5047 2999 5103 Htec
3036 5047 3309 5103 habentur
3353 5048 3407 5103 in
3450 5050 3657 5124 Regula

2072 5119 2275 5181 excuSa
2312 5119 2379 5179 Sf
2398 5124 2614 5188 isidori,
2645 5137 2766 5192 cap.
2785 5119 2870 5175 16.

2112 5207 2187 5279 ..ιιι
2227 5187 2679 5279 οαηιιξαιῇοηξλᾱ
2706 5187 2810 5257 est,
2841 5187 3188 5260 correptioni.
3233 5187 3661 5261 Smaragdusle—

2076 5266 2173 5337 git,
2205 5264 2579 5319 emendationi.

2149 5344 2178 5413 ιι
2212 5333 2522 5413 Quousque.
2560 5333 2616 5389 in
2657 5332 2863 5404 Regula
2890 5345 3126 5413 excusa,
3143 5330 3656 5413 ⁸ςμιὶειηιαπιλΙΜἎΙεΞ.

2151 5412 2176 5440 °
2202 5403 2327 5459 Non
2345 5400 2616 5458 esttamen
2638 5422 2671 5458 a
2694 5400 3010 5458 monasterio
3036 5400 3411 5471 projiciendus.
3438 5400 3659 5459 Dissen-

2082 5476 2149 5529 tit
2175 5475 2244 5530 ab
2272 5473 2502 5530 aliorum
2543 5473 2765 5528 Patrum
2797 5472 3086 5538 sententia,
3140 5478 3199 5524 ut
3244 5486 3405 5541 supra
3448 5473 3661 5530 monui-

2083 5560 2222 5600 mus.

2154 5625 2183 5667 ν
2220 5613 2355 5687 Ῐίᾀθ
2382 5614 2671 5687 cap.3l,§
2706 5614 2788 5669 l0.

2153 5695 2183 5740 ει
2218 5681 2464 5742 Habetur
2502 5686 2556 5741 in
2599 5681 2732 5757 Reg.
2770 5700 2872 5740 ms.
2918 5681 3037 5739 eod.
3079 5697 3201 5752 cap.

3146 5839 3228 5915 33.

2535 4489 2568 4546 d
2596 4496 2708 4558 est,
2749 4489 3112 4560 redarguitur,
3160 4489 3493 4560 corripitur;
3532 4494 3654 4549 vide
