3940 6196
433 271 574 327 1035

1422 264 1478 319 8.
1521 263 1878 321 BENEDICTI
1917 263 2208 319 ABBATIS
2244 262 2661 322 ANlANENSlS

3502 278 3607 331 l036

431 388 563 442 dum
589 384 825 440 divinam
861 382 1272 452 praeceptionem
1305 379 1501 446 semel,
1546 389 1600 435 et
1635 380 1872 434 secundo
1913 378 1997 432 vel
2027 382 2074 437 Α
2101 375 2351 447 scriptum
2402 387 2498 442 est,
2550 379 2640 448 qui
2688 377 2868 448 abjicit
2919 379 3246 451 disciplinam
3276 422 3290 447 ,
3352 385 3513 454 infelix
3555 405 3612 445 est

433 478 596 534 tertio
645 477 710 532 de
756 475 947 544 quovis
995 473 1125 528 vitio
1176 472 1414 527 monitus
1459 479 1511 528 et
1557 480 1840 540 correptus
1887 487 1995 524 non

431 567 824 633 emendaverit,
847 564 1127 619 "referatur
1154 565 1256 619 hoc
1281 579 1312 618 a
1355 564 1660 634 praepositis
1688 563 1868 616 abbati
1898 580 1909 615 :
1944 569 1997 615 et

430 661 520 731 qui
547 666 741 729 praeest
770 656 1064 711 secundum
1091 656 1404 726 qualitatem
1434 655 1519 708 vel
1549 654 1800 708 meritum
1827 653 1996 721 culpze

425 756 733 820 perpensct,
771 755 827 801 et
864 746 957 800 tali
991 762 1114 800 eum
1152 745 1708 798 excommunicatione
1739 744 1992 798 condem-

426 848 540 905 net,
571 847 630 893 ut
668 839 806 893 sciat
848 837 942 907 qui
980 836 1146 890 Deum
1190 835 1488 890 contemnit
1511 835 1781 904 quomodo
1805 834 1996 904 dignus

422 937 504 984 est
527 927 758 997 jndicari
786 935 1006 997 propter
1031 933 1397 994 contemptum
1429 923 1618 992 majori
1649 924 1950 978 exhibitum
1979 964 1993 987 ,

423 1019 634 1075 dicente
679 1018 910 1073 Domino
951 1016 1263 1071 doctoribus
1309 1015 1509 1069 nostris
1538 1033 1548 1067 :
1577 1014 1679 1080 Qui
1708 1031 1795 1068 vos
1825 1013 1993 1076 audit,

421 1125 502 1165 me
531 1111 713 1176 audit;
743 1111 832 1180 qui
858 1126 943 1163 vos
971 1109 1186 1179 spernit,
1212 1123 1292 1161 me
1311 1108 1528 1177 spernit.

725 1200 752 1272 §
790 1199 903 1254 XII.
941 1228 1014 1238 ——
1049 1198 1129 1252 Ex
1164 1196 1385 1252 REGULA
1423 1210 1707 1250 CUIUSDAM.

491 1303 517 1330 α
557 1286 617 1344 Si
645 1289 768 1358 quis
796 1303 826 1341 a
856 1287 1160 1342 senioribus
1187 1292 1242 1340 et
1277 1286 1561 1340 abbatibus
1589 1284 1881 1338 iracundus
1916 1283 1998 1337 in-

420 1389 609 1435 ventus
635 1379 817 1445 fuerit,
860 1385 1108 1441 notetur,
1140 1392 1421 1447 usquequo
1463 1377 1787 1447 corrigatur.
1819 1377 1847 1415 ι)
1872 1377 1997 1431 Sive

415 1473 484 1526 ab
510 1474 614 1527 hoc
644 1471 776 1526 vitio
807 1470 1124 1524 insanabilis
1155 1468 1337 1532 fuerit,
1373 1481 1394 1507 ο
1423 1471 1488 1524 ab
1510 1469 1739 1538 imperio
1769 1468 1997 1522 fratrum

415 1559 780 1616 detrudendus
818 1567 940 1614 est:
970 1559 1225 1628 quoniam
1267 1559 1380 1614 sive
1411 1559 1586 1630 juste,
1640 1559 1754 1614 sive
1777 1557 1996 1628 injuste,

413 1653 572 1708 irasci
600 1667 707 1706 non
735 1657 966 1720 oportet.

850 1741 879 1814 ἐ
914 1742 1051 1797 Xlll.
1066 1741 1176 1794 -Ι
1181 1752 1282 1795 tem
1317 1741 1570 1811 ejusdem.

485 1834 511 1874 ά
551 1833 721 1905 Igitur
747 1833 794 1887 si
841 1832 1038 1901 saepius
1077 1839 1359 1901 correptus
1399 1831 1691 1886 emendare
1737 1831 1993 1898 noluerit,

409 1924 973 1981 excommunicatione
1013 1937 1113 1993 pro
1151 1923 1312 1977 modo
1351 1923 1521 1992 culpae
1571 1923 1894 1993 corrigatur.
1937 1923 1996 1978 Si

410 2031 512 2070 nec
543 2017 622 2071 sic
655 2013 860 2083 aliquid
899 2012 1149 2081 proficiat
1179 2013 1513 2080 increpantis
1545 2013 1842 2081 correptio,
1876 2028 1998 2068 ver-

408 2108 598 2162 berum
647 2103 903 2159 vindictae
951 2101 1270 2172 subjacebit.
1319 2102 1471 2168 Quod
1515 2103 1560 2157 si
1597 2103 1676 2159 sic
1705 2104 1997 2159 emendare

409 2195 662 2262 noluerit,
713 2193 808 2248 sed
863 2194 1034 2263 magis
1073 2193 1129 2247 in
1174 2201 1441 2248 tumorem
1490 2195 1760 2263 superbiae
1823 2194 1997 2250 elatus

409 2301 596 2356 opera,
647 2284 730 2340 vel
765 2291 937 2350 actus,
979 2283 1047 2339 de
1075 2283 1274 2354 quibus
1311 2284 1626 2354 corrigitur,
1666 2284 1992 2352 defenderit,

411 2384 544 2431 tunc
572 2375 788 2431 abbatis
818 2386 840 2414 θ
865 2375 1150 2430 sententiae
1189 2374 1453 2447 regimine
1473 2375 1778 2446 corrigatur
1803 2394 1815 2430 :
1858 2374 1996 2442 Quia

481 2515 508 2545 α
548 2502 608 2559 Si
633 2505 752 2574 quis
783 2521 816 2558 a
855 2504 1386 2577 senioribusuLege,
1431 2504 1478 2559 si
1518 2506 1637 2577 quis
1667 2521 1732 2560 ea:
1770 2505 1996 2561 seniori-

411 2574 540 2645 bus,
566 2583 636 2645 _ut
664 2583 812 2645 patet
840 2588 906 2628 ex
935 2575 1310 2645 sequentibus.

483 2644 512 2683 ι)
553 2643 688 2715 Sive.
718 2643 882 2715 Lege,
914 2646 959 2698 si
984 2643 1122 2698 vero.

483 2725 505 2752 ο
545 2714 622 2766 Ab
650 2714 866 2784 imperio
891 2715 1140 2783 fratrum.
1169 2715 1228 2770 Id
1254 2723 1358 2780 est,
1389 2731 1499 2771 non
1529 2715 1690 2770 debet
1717 2715 1865 2770 ultra
1885 2714 1996 2770 fra-

409 2783 584 2838 tribus
615 2783 814 2856 preelici
843 2786 912 2839 ob
933 2785 1300 2856 iracundiam,
1327 2802 1449 2856 quae
1482 2787 1776 2840 maximum
1817 2794 1901 2840 est
1935 2787 1991 2841 in

413 2861 624 2926 rectore
654 2855 869 2926 vitium,
899 2855 1015 2926 sive
1038 2854 1126 2926 ille
1156 2857 1228 2908 sit
1254 2854 1442 2926 abbas,
1485 2856 1600 2911 sive
1630 2857 1954 2926 przepositus
1972 2897 1986 2921 ,

411 2924 526 2996 sive
550 2925 807 2996 (lucanus.
838 2922 953 2996 Sed
967 2925 1138 2979 abbas
1163 2925 1405 2996 abdicari
1440 2926 1602 2980 debet
1623 2922 1692 2981 ab
1715 2922 1989 2996 episcopo.

481 2993 510 3032 τι
554 2991 800 3066 Igiturgi
828 2994 1040 3066 srepius,
1071 3002 1178 3048 etc.
1209 2994 1335 3050 Haec
1376 2995 1490 3050 fere
1517 3005 1732 3066 sumpta
1748 2991 1991 3050 sunt—ex

410 3062 615 3133 Regula
647 3062 706 3116 8.
740 3062 1038 3133 Benedicti.

485 3131 516 3205 cf
550 3131 855 3205 Sententiae.
881 3132 1034 3205 Apud
1061 3132 1418 3205 Smaragdum
1444 3133 1662 3205 legitur,
1695 3136 1946 3191 scientiae.

488 3200 508 3239 ί
549 3199 605 3254 Si
631 3200 825 3274 female
852 3199 1061 3274 uulnus,
1090 3211 1194 3258 etc.
1229 3199 1412 3259 It'ecte.
1445 3199 1600 3269 Nam,
1645 3199 1704 3259 ut
1727 3207 1990 3274 praeclare

413 3278 597 3345 mouet
626 3269 684 3324 8.
713 3269 1015 3345 Cyprianus
1046 3273 1136 3326 lib.
1171 3275 1246 3345 De
1293 3273 1476 3344 lapsis,
1517 3293 1534 3325 ‹
1584 3269 1866 3345 imperitus
1907 3286 1990 3331 est

411 3341 676 3405 medicus,
703 3343 795 3409 qui
830 3349 1099 3415 tumentes
1139 3341 1425 3415 vulnerum
1471 3346 1622 3399 sinus
1660 3341 1825 3398 manu
1869 3362 1993 3415 par-

409 3420 569 3466 cente
597 3420 915 3474 contrectat,
945 3422 1000 3466 et
1029 3413 1085 3466 in
1117 3413 1241 3468 altis
1278 3415 1584 3470 recessibus
1612 3413 1885 3470 viscerum
1904 3417 1991 3471 vi-

410 3497 505 3556 rus
549 3481 815 3536 inclusum
861 3482 988 3535 dum
1025 3491 1232 3556 servat,
1276 3495 1587 3556 exaggerat.
1625 3486 1988 3554 Aperiendum

406 3551 602 3625 vulnus
630 3561 734 3625 est,
761 3559 817 3625 et
841 3553 1153 3617 secandum,
1184 3561 1239 3607 et
1264 3551 1991 3625 putrifminibusamputatis

411 3622 621 3676 medela
654 3622 878 3676 fortiore
905 3625 1223 3678 curandum.
1261 3622 1599 3679 Vociferetur
1624 3635 1678 3681 et
1701 3622 1900 3681 clamet
1927 3627 1991 3681 li-

396 3699 496 3746 cet
527 3707 670 3768 inger
701 3693 986 3760 impatiens
1006 3708 1106 3768 per
1135 3693 1394 3768 dolorem,
1428 3697 1632 3766 gratias
1671 3708 1793 3767 aget
1832 3706 1990 3768 post-

413 3762 634 3816 modum
662 3777 785 3816 cum
811 3765 1045 3816 senserit
1074 3764 1384 3819 sanitatem.
1418 3785 1436 3818 ο

487 3833 512 3871 ε
549 3830 1099 3906 Preeterueustodibus.
1132 3833 1298 3906 Lege,
1326 3845 1516 3905 praeter
1551 3852 1710 3906 quam
1749 3853 1781 3889 a
1811 3847 1992 3890 custo-

394 3901 583 3954 ldibus.
635 3901 890 3975 lntelligit
916 3918 1010 3975 eos
1053 3901 1296 3960 seniores
1326 3901 1442 3975 'qui
1483 3901 1989 3963 excommunicato-

409 3986 530 4024 rum
559 3987 743 4025 curam
776 3972 1065 4027 habebant.

483 4041 513 4079 ιι
554 4039 1112 4114 Cast_igetur_diversis
1169 4045 1628 4114 increpationibus.
1687 4045 1815 4101 Haec
1876 4056 1990 4100 sta-

405 4118 636 4185 tuuntur
662 4109 818 4185 juxta
849 4111 1108 4185 Regulam
1134 4109 1357 4168 alterius
1378 4115 1683 4181 Fructuosi,
1713 4133 1834 4185 cap.
1882 4118 1947 4171 M
1975 4135 1987 4169 :

413 4198 434 4230 ι
469 4180 645 4251 illittat
673 4179 877 4245 senior,
906 4179 998 4249 qui
1025 4197 1148 4235 eum
1174 4179 1687 4251 excommunicavit,
1736 4179 1901 4241 unum
1925 4188 1994 4242 de

403 4246 727 4326 majoribus,
760 4246 1234 4326 quem—probatum
1288 4253 1470 4320 habet,
1520 4257 1613 4326 qui
1642 4246 1766 4312 eum
1809 4258 1992 4313 verbis

409 4317 816 4374 contumeliosis
844 4317 1105 4389 increpet.
1147 4341 1166 4374 ι

2024 1716 2072 1776 Β

2098 463 2250 536 (Sap.
2282 481 2343 542 tu
2365 466 2404 536 ).
2446 466 2759 522 Moderaute
2783 482 2910 538 ergo
2931 470 3153 524 scientia
3196 473 3359 528 saniei
3393 476 3617 535 medendae

2095 572 2226 610 cura
2268 557 2611 611 adhibeatur.
2656 558 2675 596 ί
2719 557 2776 612 Si
2823 558 3019 613 letbale
3061 561 3254 616 vulnus
3298 577 3392 631 per
3425 564 3618 624 fomenta

2095 649 2513 718 castigationum
2551 659 2605 703 et
2647 651 2864 720 pietatis
2909 662 2964 708 et
3001 655 3240 712 lenitatis
3266 670 3620 729 unguentasos-

2094 739 2250 808 pitati
2281 754 2388 794 non
2419 739 2682 806 redditur,
2714 743 2906 798 saltem
2955 745 3309 802 incisionibus
3342 759 3618 820 amputetur.

2096 827 2162 880 Et
2181 828 2225 882 si
2259 828 2338 883 sic
2360 829 2540 884 sanies
2561 830 2776 885 desecta
2819 841 3087 888 tumorem
3111 851 3216 891 non
3257 838 3495 906 amiserit,
3521 849 3622 896 tunc

2093 919 2678 974 excommunicationis
2705 924 3026 977 sententiam
3058 925 3141 978 vel
3165 925 3446 996 disciplinae
3473 945 3624 1000 corpo-

2095 1008 2223 1061 ralis
2249 1023 2465 1078 pmnam
2493 1011 2752 1065 incurrat.
2786 1013 2854 1066 Et
2880 1015 2927 1068 si
2958 1030 3059 1070 nec
3100 1021 3621 1078 excommunicationis

2096 1108 2258 1162 metu,
2290 1115 2390 1154 nec
2418 1100 2609 1174 ﬂagelli
2635 1117 2793 1172 poena
2833 1106 3144 1178 frangatur,
3183 1119 3433 1181 augeatur
3472 1113 3622 1168 adhuc

2094 1193 2310 1263 pietatis
2343 1193 2511 1248 fomes
2544 1213 2554 1246 :
2582 1196 2655 1249 ita
2678 1204 2739 1250 ut
2760 1197 2826 1252 ab
2853 1199 2999 1253 omni
3042 1200 3446 1270 congregatione
3471 1217 3553 1271 pro
3575 1218 3624 1258 eo

2096 1286 2398 1339 communis
2415 1286 2673 1340 Dominus
2690 1289 2953 1342 orationis
2967 1288 3144 1344 olllcio
3161 1291 3478 1361 deprecetur,
3496 1295 3622 1362 utqui

2095 1373 2286 1444 laqueo
2305 1374 2501 1430 diaboli
2523 1377 2766 1434 irretitus
2785 1388 3018 1445 tenetur,
3053 1381 3266 1436 Domini
3306 1384 3623 1438 misericordia

2099 1481 2160 1521 ac
2199 1467 2402 1536 pietate
2424 1477 2662 1522 curetur.
2689 1470 2841 1537 Quod
2880 1471 2923 1525 si
2959 1487 3060 1526 nec
3097 1473 3178 1528 sic
3213 1475 3402 1544 corripi
3436 1475 3626 1529 voluerit

2098 1556 2240 1609 intra
2277 1565 2430 1626 septa
2479 1561 2797 1614 monasterii
2853 1563 2954 1616 sub
3002 1563 3330 1632 paenitentiae
3373 1572 3537 1618 tenore
3574 1564 3626 1618 ab

2096 1649 2350 1703 omnibus
2377 1652 2402 1690 εν
2425 1660 2624 1720 praeter
2643 1653 2957 1707 custodibus
2980 1664 3300 1726 segregatus
3323 1656 3493 1710 taudiu
3517 1656 3539 1695 ιι
3560 1673 3627 1710 ca-

2099 1743 2329 1810 stigetur
2368 1743 2594 1798 diversis
2644 1743 3128 1814 increpationibus,
3175 1761 3341 1816 usque
3384 1747 3496 1801 dum
3534 1745 3625 1814 ejus

2097 1833 2377 1888 humilitas
2403 1835 2654 1889 omnibus
2688 1849 2817 1889 vera
2857 1836 3180 1893 credulitate
3225 1838 3434 1907 pateﬁat
3459 1841 3500 1903 i,
3527 1839 3626 1907 quia

2097 1931 2150 1977 et
2185 1924 2368 1978 invitis
2408 1940 2549 1994 saepe
2605 1925 2750 1980 salus
2782 1936 3092 1995 praestatur.
3132 1927 3146 1977 i
3190 1927 3320 1982 Nam
3365 1929 3474 1984 ideo
3499 1944 3624 2000 sepa-

2096 2017 2296 2071 randus
2319 2025 2404 2072 est
2427 2033 2456 2070 a
2481 2018 2922 2090 congregatione,
2967 2028 3031 2073 ut
3066 2034 3167 2075 suo
3190 2020 3320 2075 vitio
3354 2037 3448 2075 non
3486 2037 3628 2075 macu—

2097 2105 2170 2186 let
2204 2105 2542 2162 innocentes.
2578 2107 2788 2162 Tenera
2819 2117 2972 2174 aetas,
3008 2124 3131 2178 qua:
3157 2109 3184 2149 ι
3215 2112 3623 2164 excommunicata

2095 2198 2205 2251 vim
2237 2199 2433 2266 nescit,
2465 2215 2573 2255 non
2603 2201 3194 2268 excommunicatione,
3219 2202 3312 2258 sed
3335 2201 3520 2274 ﬂagello
3539 2218 3627 2258 cor-

2098 2287 2322 2359 rigenda
2351 2297 2454 2344 est.

2172 2510 2187 2548 ί
2214 2507 2358 2580 Quia
2383 2517 2431 2562 et
2451 2507 2625 2564 invitis
2650 2525 2786 2580 sape
2809 2508 2954 2563 salus
2978 2518 3287 2580 pratstaIur.
3314 2508 3420 2564 Hoc
3445 2523 3535 2563 non
3569 2508 3624 2562 ita

2097 2578 2500 2649 intelligendum
2531 2591 2615 2634 est
2638 2578 2791 2649 quasi
2820 2578 3207 2649 Deus'aliquos
3236 2580 3420 2636 invitos
3441 2594 3626 2632 conver-

2098 2657 2173 2726 tat
2191 2648 2344 2718 juxta
2375 2663 2617 2726 errorem
2647 2648 3057 2726 CassianiColl.
3076 2648 3176 2726 Δ15,
3205 2665 3321 2720 cap.
3351 2651 3430 2726 l7_.
3457 2649 3626 2726 Dicitur

2095 2719 2240 2800 salus
2267 2719 2511 2800 praestari
2565 2719 2774 2800 invitis,
2815 2721 2915 2800 sed
2953 2719 3465 2800 smpiuscorreptis:
3499 2719 3625 2798 jurta

2098 2789 2374 2860 vulgarem
2421 2788 2674 2857 loquendi
2707 2788 3093 2860 modum:nisi
3137 2791 3187 2844 id
3229 2800 3410 2860 sponte
3436 2788 3623 2850 feceris,

2096 2859 2416 2913 verberibus
2458 2867 2511 2913 te
2559 2875 2770 2930 cogam.
2807 2859 2922 2926 Qua
2951 2861 3168 2915 ratione
3197 2859 3334 2914 Deus
3361 2867 3627 2928 peccatores

2096 2944 2239 2998 saepe
2265 2930 2524 2998 castigat;
2568 2938 2624 2984 et
2655 2940 2896 2985 rectores
2923 2930 3221 3000 discipulos
3269 2943 3544 3000 perversos,
3584 2935 3627 2980 ut

2097 3000 2164 3052 ad
2193 3014 2288 3052 cor
2318 2999 2562 3053 redeant.

2163 3067 2176 3118 i
2231 3067 2371 3140 Nam
2422 3071 2572 3140 idern
2611 3070 2936 3139 separandus
2960 3080 3039 3124 est
3072 3088 3104 3124 a
3151 3069 3533 3140 congregatione,
3580 3075 3622 3117 ut

2091 3153 2186 3216 suo
2216 3138 2358 3203 vitio,
2389 3148 2496 3216 etc.
2531 3138 2822 3193 Vitandum
2860 3148 2946 3194 est
2989 3138 3263 3195 malorum
3310 3138 3623 3216 censortium,

2093 3208 2217 3280 quia
2243 3211 2619 3280 contagiosum
2647 3217 2748 3280 est,
2784 3218 2844 3263 ut
2871 3219 3023 3264 recte
3053 3218 3238 3266 monet
3277 3219 3478 3264 sanctus
3504 3206 3623 3259 Basi-

2091 3278 2196 3332 lius
2238 3279 2292 3333 in
2336 3278 2851 3334 Adinonitionibus:
2915 3298 2933 3330 ‹
2968 3280 3128 3334 Evita
3165 3281 3324 3342 viros,
3365 3292 3486 3347 quos
3524 3289 3622 3346 erga

2092 3350 2344 3403 mandata
2378 3350 2474 3403 Dei
2517 3350 2721 3420 videris
2768 3349 3130 3420 negligentes,
3165 3351 3254 3420 qui
3305 3350 3625 3420 mortuigsunt

2090 3419 2401 3491 virtutibus,
2449 3425 2504 3473 et
2544 3416 3397 3491 videnturviverepassionibus,
3436 3418 3515 3488 qui
3552 3416 3624 3468 la:-

2095 3497 2278 3564 t_an_tur
2327 3489 2383 3564 iu
2412 3491 2686 3564 prosperis
2726 3488 3199 3564 voluntatiliuset
3245 3489 3430 3564 gaudio
3471 3491 3622 3564 carent

2093 3559 2292 3635 divino.
2345 3557 2833 3635 Cu'm__bujusmodi
2874 3560 3008 3614 viris
3044 3559 3188 3635 nulla
3221 3557 3310 3635 tibi
3354 3557 3622 3635 commixtio

2093 3629 2181 3690 sit,
2213 3643 2390 3697 neque
2416 3630 2550 3682 velis
2597 3644 2719 3684 cum
2761 3630 2842 3683 eis
2888 3631 3247 3686 sermocinari
3297 3629 3507 3687 assidue,
3541 3629 3622 3677 nisi

2091 3699 2274 3753 valeas
2303 3699 2642 3754 solummodo
2671 3699 2740 3752 ab
2786 3701 2990 3754 erroris
3016 3715 3116 3755 eos
3156 3701 3346 3753 itinere
3386 3708 3619 3752 revocare.

2093 3766 2358 3840 gmterum
2390 3770 2432 3823 si
2465 3786 2572 3823 non
2617 3768 2786 3834 vales,
2817 3769 2997 3823 devita
3033 3779 3093 3824 ut
3126 3771 3398 3840 publicum
3429 3767 3618 3821 hostem.

2095 3837 2247 3906 Saepe
2277 3840 2418 3894 enim
2436 3853 2534 3912 per
2555 3854 2716 3892 unam
2737 3854 2891 3912 ovem
2921 3837 3226 3895 morbidam
3249 3838 3486 3912 polluitur
3507 3842 3621 3912 totus

2093 3923 2245 3978 grex,
2269 3919 2326 3963 et
2370 3906 2580 3980 modica
2609 3924 2737 3977 pars
2783 3909 2920 3980 fellis
2951 3925 3204 3980 magnam
3239 3906 3544 3980 dulcedinem
3577 3906 3618 3955 in

2093 3979 2510 4032 amaritudinem
2535 3981 2718 4044 vertit,
2753 3988 2809 4034 et
2842 3978 3177 4034 fermentum
3207 3979 3464 4033 modicum
3485 3983 3620 4028 totam

2092 4063 2328 4125 massam
2356 4050 2676 4125 corrumpit.
2758 4116 2780 4125 _
3286 4117 3298 4125 _
3373 4123 3379 4125 _
3475 4113 3486 4125 ,

2166 4118 2189 4156 ιι
2235 4112 2725 4190 Excommuni'cata.
2758 4116 2923 4190 Lege,
2955 4117 3447 4178 excommunicatm,
3475 4112 3519 4166 id
3539 4118 3620 4172 est.

2094 4189 2672 4260 cascoutrnunicationis,
2705 4197 2764 4242 ut
2783 4189 3134 4260 congregata,
3166 4190 3220 4244 id
3249 4195 3349 4252 est,
3373 4194 3621 4254 congrega-

2093 4257 2189 4312 tio.
2225 4256 2333 4312 Sed
2357 4259 2422 4312 de
2448 4259 2536 4314 his
2567 4259 2726 4312 infra.

413 4459 3615 4486 ΜΝ

1613 4576 1950 4654 CAPUT
2020 4577 2450 4658 XXXVIII.

845 4724 920 4780 'SI
956 4725 1277 4783 DEBEANT
1315 4727 1642 4786 FRATRES
1677 4729 2052 4787 EXEUNTES
2086 4731 2178 4788 DE
2211 4731 2662 4791 MONASTERIO
2709 4733 2974 4792 ITERUM
3010 4735 3254 4792 RECIPI.

644 4925 674 4995 ς
699 4923 741 4979 l.
765 4955 836 4966 —
860 4924 938 4980 Ex
968 4925 1188 4981 Rasum
1218 4940 1404 4983 SANC‘I‘I
1431 4927 1743 4986 BENEDIC'I‘I.

2011 4937 2064 4996 D
2089 4933 2240 5006 prius
2266 4947 2480 4989 omnem
2517 4928 2950 4985 emendationem
2987 4927 3126 4992 vitii,
3159 4943 3258 4997 pro
3287 4940 3388 4996 quo
3413 4933 3618 4993 egressus

482 5034 508 5061 ι
539 5018 760 5083 Frater,
787 5017 879 5089 qui
905 5017 1126 5088 proprio
1151 5017 1282 5073 vitio
1317 5019 1615 5090 egreditur,
1652 5031 1745 5077 aut
1774 5023 1991 5094 proiici-
2088 5033 2174 5080 est
2209 5042 2223 5078 :
2257 5024 2286 5064 1-
2327 5031 2384 5078 et
2413 5021 2570 5076 sicin
2592 5019 2782 5074 ultimo
2815 5020 2984 5089 gradu
3016 5018 3339 5088 recipiatur;
3373 5022 3430 5069 ut
3459 5027 3518 5066 ex
3539 5009 3618 5062 hoc

406 5121 521 5174 tur,
574 5107 643 5165 de
686 5109 1036 5174 monasterio,
1069 5109 1115 5164 si
1168 5109 1368 5164 reverti
1430 5109 1682 5178 voluerit,
1733 5115 1996 5184 spondeat

486 5280 511 5307 α
549 5264 737 5338 Frater
774 5266 867 5338 qui
903 5263 1110 5338 proprio
1149 5267 1270 5338 vitio
1312 5267 1596 5338 egreditur,
1645 5275 1776 5338 etc,
1817 5266 1993 5338 Hujus

417 5335 820 5391 constitutionis
863 5337 1191 5390 mentionem
1226 5335 1430 5392 faciunt
1458 5337 1514 5392 S.
1543 5337 1868 5402 Bernardus,
1893 5335 1993 5392 Pe-

419 5415 537 5460 trus
574 5405 928 5477 Venerabilis,
982 5414 1038 5462 et
1085 5406 1276 5461 Petrus
1316 5407 1600 5464 Blaesensis
1645 5408 1701 5462 in
1748 5408 1990 5477 epistolis

412 5490 542 5530 mox
573 5475 821 5530 citandis.

479 5545 519 5584 ηδ
552 5544 621 5599 Et
652 5546 726 5600 sic
765 5547 819 5600 in
845 5545 1027 5601 ultimo
1053 5546 1221 5616 gradu
1251 5547 1554 5618 recipiatur.
1601 5549 1746 5604 Idem
1795 5549 1987 5605 statuit

2091 5115 2366 5170 humilitas
2387 5113 2506 5183 ejus
2533 5110 2936 5180 comprobetur.
2981 5106 3134 5176 Quod
3165 5108 3211 5163 si
3241 5107 3410 5162 denuo
3436 5097 3615 5157 exierit,

2091 5265 2425 5342 Fructuosus
2479 5263 2618 5342 alter
2658 5260 2913 5342 cap.A29._
2945 5260 3066 5315 Non
3099 5259 3304 5342 prima,
3350 5249 3616 5342 militum}

2092 5337 2342 5408 cathedra
2390 5323 2739 5408 recipiantur:
2777 5331 3007 5408 Quidam
3031 5323 3407 5408 monachorum
3433 5323 3613 5408 Pater}

2099 5407 2188 5462 Sic
2242 5417 2414 5458 tamen
2455 5400 2508 5458 in
2567 5413 2796 5456 extremo
2845 5401 2957 5454 loco
2989 5402 3124 5454 inter
3176 5400 3460 5469 ptenitenres
3506 5400 3616 5469 rete-

2094 5487 2232 5548 ptus.
2272 5476 2502 5548 sanctus
2537 5488 2669 5548 vero
2705 5471 3023 5548 Pachomius
3055 5463 3279 5548 διχῆ-79,
3303 5463 3612 5548 maestam“:

2099 5538 2221 5601 Non
2251 5547 2349 5601 erit
2375 5546 2432 5599 in
2462 5543 2644 5600 ordine
2668 5558 2763 5597 suo
2793 5542 2986 5612 absque
3011 5538 3226 5608 majoris
3254 5538 3473 5607 imperio.
3509 5547 3525 5580 ι
