  <div class='ocr_page' id='page_1' title='image "/cluster/home/n/w/nwhite01/storage/ocr_20150623/103/hvd.32044054759691/520.png"; bbox 0 0 3940 6196; ppageno 0'>
   <div class='ocr_carea' id='block_1_1' title="bbox 405 367 540 425">
    <p class='ocr_par' dir='ltr' id='par_1_1' title="bbox 405 367 540 425">
     <span class='ocr_line' id='line_1_1' title="bbox 405 367 540 425; baseline 0.037 -7"><span class='ocrx_word' id='word_1_1' title='bbox 405 367 423 418; x_wconf 80' lang='grc'>1</span> <span class='ocrx_word' id='word_1_2' title='bbox 435 367 540 425; x_wconf 76' lang='grc'><strong>037</strong></span> 
     </span>
    </p>
   </div>
   <div class='ocr_carea' id='block_1_2' title="bbox 1259 357 2770 435">
    <p class='ocr_par' dir='ltr' id='par_1_2' title="bbox 1259 357 2770 435">
     <span class='ocr_line' id='line_1_2' title="bbox 1259 357 2770 435; baseline 0.005 -11"><span class='ocrx_word' id='word_1_3' title='bbox 1259 369 1647 427; x_wconf 75' lang='lat' dir='ltr'><strong>CONCORDIA</strong></span> <span class='ocrx_word' id='word_1_4' title='bbox 1685 357 2148 427; x_wconf 73' lang='lat' dir='ltr'><strong>REGULARUM.</strong></span> <span class='ocrx_word' id='word_1_5' title='bbox 2191 405 2258 413; x_wconf 97' lang='lat'><strong>—</strong></span> <span class='ocrx_word' id='word_1_6' title='bbox 2289 377 2439 431; x_wconf 73' lang='lat' dir='ltr'><strong>CAP.</strong></span> <span class='ocrx_word' id='word_1_7' title='bbox 2487 379 2770 435; x_wconf 70' lang='lat' dir='ltr'><strong>XXXVIII.</strong></span> 
     </span>
    </p>
   </div>
   <div class='ocr_carea' id='block_1_3' title="bbox 3525 393 3658 451">
    <p class='ocr_par' dir='ltr' id='par_1_3' title="bbox 3525 393 3658 451">
     <span class='ocr_line' id='line_1_3' title="bbox 3525 393 3658 451; baseline 0.03 -4"><span class='ocrx_word' id='word_1_8' title='bbox 3525 394 3545 447; x_wconf 81' lang='lat' dir='ltr'><strong>l</strong></span> <span class='ocrx_word' id='word_1_9' title='bbox 3556 393 3658 451; x_wconf 78' lang='lat'><strong>058</strong></span> 
     </span>
    </p>
   </div>
   <div class='ocr_carea' id='block_1_4' title="bbox 399 482 3663 562">
    <p class='ocr_par' dir='ltr' id='par_1_4' title="bbox 399 482 3663 562">
     <span class='ocr_line' id='line_1_4' title="bbox 399 482 3663 562; baseline 0.004 -21"><span class='ocrx_word' id='word_1_10' title='bbox 399 501 570 557; x_wconf 79' lang='lat' dir='ltr'><strong>usque</strong></span> <span class='ocrx_word' id='word_1_11' title='bbox 623 483 785 539; x_wconf 87' lang='lat' dir='ltr'><strong>tertio</strong></span> <span class='ocrx_word' id='word_1_12' title='bbox 831 483 905 538; x_wconf 84' lang='lat' dir='ltr'><strong>ita</strong></span> <span class='ocrx_word' id='word_1_13' title='bbox 953 482 1266 552; x_wconf 70' lang='lat' dir='ltr'><strong>recipiatur,</strong></span> <span class='ocrx_word' id='word_1_14' title='bbox 1311 497 1335 523; x_wconf 74' lang='grc' dir='ltr'><strong><em>ο</em></strong></span> <span class='ocrx_word' id='word_1_15' title='bbox 1379 482 1496 552; x_wconf 88' lang='lat' dir='ltr'><strong>jam</strong></span> <span class='ocrx_word' id='word_1_16' title='bbox 1561 495 1746 555; x_wconf 87' lang='lat' dir='ltr'><strong>postea</strong></span> <span class='ocrx_word' id='word_1_17' title='bbox 1799 496 1979 540; x_wconf 73' lang='lat' dir='ltr'><strong>serens</strong></span> <span class='ocrx_word' id='word_1_18' title='bbox 2008 491 2055 550; x_wconf 84' lang='grc' dir='ltr'>Α</span> <span class='ocrx_word' id='word_1_19' title='bbox 2083 498 2409 555; x_wconf 77' lang='lat' dir='ltr'><strong>exarserint,</strong></span> <span class='ocrx_word' id='word_1_20' title='bbox 2440 491 2490 544; x_wconf 90' lang='lat' dir='ltr'><strong>in</strong></span> <span class='ocrx_word' id='word_1_21' title='bbox 2521 492 2906 548; x_wconf 73' lang='lat' dir='ltr'><strong>contumeliam</strong></span> <span class='ocrx_word' id='word_1_22' title='bbox 2932 495 3110 550; x_wconf 85' lang='lat' dir='ltr'><strong>cuncti</strong></span> <span class='ocrx_word' id='word_1_23' title='bbox 3143 512 3174 550; x_wconf 90' lang='lat' dir='ltr'><strong>a</strong></span> <span class='ocrx_word' id='word_1_24' title='bbox 3210 507 3393 554; x_wconf 88' lang='lat' dir='ltr'><strong>nostra</strong></span> <span class='ocrx_word' id='word_1_25' title='bbox 3425 501 3663 562; x_wconf 79' lang='lat' dir='ltr'><strong>Ecclesia</strong></span> 
     </span>
    </p>
   </div>
   <div class='ocr_carea' id='block_1_5' title="bbox 397 573 1758 646">
    <p class='ocr_par' dir='ltr' id='par_1_5' title="bbox 397 573 1758 646">
     <span class='ocr_line' id='line_1_5' title="bbox 397 573 1758 646; baseline -0.002 -14"><span class='ocrx_word' id='word_1_26' title='bbox 397 579 427 622; x_wconf 65' lang='grc' dir='ltr'><strong>ιθ</strong></span> <span class='ocrx_word' id='word_1_27' title='bbox 457 591 673 632; x_wconf 87' lang='lat' dir='ltr'><strong>onmem</strong></span> <span class='ocrx_word' id='word_1_28' title='bbox 730 575 829 630; x_wconf 83' lang='lat' dir='ltr'><strong>sibi</strong></span> <span class='ocrx_word' id='word_1_29' title='bbox 872 573 1198 628; x_wconf 89' lang='lat' dir='ltr'><strong>reversionis</strong></span> <span class='ocrx_word' id='word_1_30' title='bbox 1235 574 1440 629; x_wconf 87' lang='lat' dir='ltr'><strong>aditum</strong></span> <span class='ocrx_word' id='word_1_31' title='bbox 1485 575 1758 646; x_wconf 81' lang='lat' dir='ltr'><strong>denegari.</strong></span> 
     </span>
    </p>
   </div>
   <div class='ocr_carea' id='block_1_6' title="bbox 517 685 1874 762">
    <p class='ocr_par' dir='ltr' id='par_1_6' title="bbox 517 685 1874 762">
     <span class='ocr_line' id='line_1_6' title="bbox 517 685 1874 762; baseline -0.003 -19"><span class='ocrx_word' id='word_1_32' title='bbox 517 687 634 762; x_wconf 79' lang='lat' dir='ltr'><strong>§ll.</strong></span> <span class='ocrx_word' id='word_1_33' title='bbox 675 716 746 727; x_wconf 90' lang='lat'><strong>—</strong></span> <span class='ocrx_word' id='word_1_34' title='bbox 774 685 851 740; x_wconf 85' lang='lat' dir='ltr'><strong>Ex</strong></span> <span class='ocrx_word' id='word_1_35' title='bbox 886 685 1204 762; x_wconf 74' lang='lat' dir='ltr'><strong>PR.£C_EPTIS</strong></span> <span class='ocrx_word' id='word_1_36' title='bbox 1230 701 1298 739; x_wconf 77' lang='grc' dir='ltr'><strong>ετ</strong></span> <span class='ocrx_word' id='word_1_37' title='bbox 1339 686 1646 742; x_wconf 74' lang='lat' dir='ltr'><strong>INSTITUTIS</strong></span> <span class='ocrx_word' id='word_1_38' title='bbox 1686 701 1874 742; x_wconf 68' lang='lat' dir='ltr'><strong>SANCTI</strong></span> 
     </span>
    </p>
   </div>
   <div class='ocr_carea' id='block_1_7' title="bbox 1039 757 1321 812">
    <p class='ocr_par' dir='ltr' id='par_1_7' title="bbox 1039 757 1321 812">
     <span class='ocr_line' id='line_1_7' title="bbox 1039 757 1321 812; baseline -0.004 -3"><span class='ocrx_word' id='word_1_39' title='bbox 1039 757 1321 812; x_wconf 70' lang='lat' dir='ltr'><strong>Pacnouu.</strong></span> 
     </span>
    </p>
   </div>
   <div class='ocr_carea' id='block_1_8' title="bbox 469 846 1980 919">
    <p class='ocr_par' dir='ltr' id='par_1_8' title="bbox 469 846 1980 919">
     <span class='ocr_line' id='line_1_8' title="bbox 469 846 1980 919; baseline 0.001 -17"><span class='ocrx_word' id='word_1_40' title='bbox 469 861 491 889; x_wconf 73' lang='grc' dir='ltr'><strong>ο</strong></span> <span class='ocrx_word' id='word_1_41' title='bbox 533 847 592 902; x_wconf 90' lang='lat' dir='ltr'><strong>Si</strong></span> <span class='ocrx_word' id='word_1_42' title='bbox 632 847 754 918; x_wconf 87' lang='lat' dir='ltr'><strong>quis</strong></span> <span class='ocrx_word' id='word_1_43' title='bbox 789 847 1099 916; x_wconf 83' lang='lat' dir='ltr'><strong>promiserit</strong></span> <span class='ocrx_word' id='word_1_44' title='bbox 1124 846 1151 886; x_wconf 76' lang='grc' dir='ltr'>ἀ</span> <span class='ocrx_word' id='word_1_45' title='bbox 1182 849 1477 903; x_wconf 88' lang='lat' dir='ltr'><strong>observare</strong></span> <span class='ocrx_word' id='word_1_46' title='bbox 1506 862 1564 903; x_wconf 92' lang='lat' dir='ltr'><strong>se</strong></span> <span class='ocrx_word' id='word_1_47' title='bbox 1600 847 1834 919; x_wconf 79' lang='lat' dir='ltr'><strong>Regulas</strong></span> <span class='ocrx_word' id='word_1_48' title='bbox 1860 864 1980 903; x_wconf 91' lang='lat' dir='ltr'><strong>mo-</strong></span> 
     </span>
    </p>
   </div>
   <div class='ocr_carea' id='block_1_9' title="bbox 392 938 1981 1010">
    <p class='ocr_par' dir='ltr' id='par_1_9' title="bbox 392 938 1981 1010">
     <span class='ocr_line' id='line_1_9' title="bbox 392 938 1981 1010; baseline -0.002 -13"><span class='ocrx_word' id='word_1_49' title='bbox 392 939 643 1005; x_wconf 88' lang='lat' dir='ltr'><strong>nasterii,</strong></span> <span class='ocrx_word' id='word_1_50' title='bbox 683 947 739 993; x_wconf 89' lang='lat' dir='ltr'><strong>et</strong></span> <span class='ocrx_word' id='word_1_51' title='bbox 761 938 940 993; x_wconf 90' lang='lat' dir='ltr'><strong>facere</strong></span> <span class='ocrx_word' id='word_1_52' title='bbox 973 940 1221 1008; x_wconf 69' lang='lat' dir='ltr'><strong>cmperit,</strong></span> <span class='ocrx_word' id='word_1_53' title='bbox 1254 955 1456 1009; x_wconf 90' lang='lat' dir='ltr'><strong>easque</strong></span> <span class='ocrx_word' id='word_1_54' title='bbox 1485 939 1757 995; x_wconf 87' lang='lat' dir='ltr'><strong>dimiserit</strong></span> <span class='ocrx_word' id='word_1_55' title='bbox 1789 959 1801 993; x_wconf 87' lang='lat'><strong>:</strong></span> <span class='ocrx_word' id='word_1_56' title='bbox 1834 950 1981 1010; x_wconf 80' lang='lat' dir='ltr'><strong>post-</strong></span> 
     </span>
    </p>
   </div>
   <div class='ocr_carea' id='block_1_10' title="bbox 391 1029 1980 1099">
    <p class='ocr_par' dir='ltr' id='par_1_10' title="bbox 391 1029 1980 1099">
     <span class='ocr_line' id='line_1_10' title="bbox 391 1029 1980 1099; baseline -0.003 -11"><span class='ocrx_word' id='word_1_57' title='bbox 391 1048 458 1088; x_wconf 89' lang='lat' dir='ltr'><strong>ea</strong></span> <span class='ocrx_word' id='word_1_58' title='bbox 501 1038 682 1086; x_wconf 86' lang='lat' dir='ltr'><strong>autem</strong></span> <span class='ocrx_word' id='word_1_59' title='bbox 723 1043 978 1084; x_wconf 81' lang='lat' dir='ltr'><strong>reversus</strong></span> <span class='ocrx_word' id='word_1_60' title='bbox 1023 1029 1196 1099; x_wconf 82' lang='lat' dir='ltr'><strong>egerit</strong></span> <span class='ocrx_word' id='word_1_61' title='bbox 1235 1031 1641 1099; x_wconf 75' lang='lat' dir='ltr'><strong>pmnitentiam,</strong></span> <span class='ocrx_word' id='word_1_62' title='bbox 1685 1032 1980 1085; x_wconf 90' lang='lat' dir='ltr'><strong>obtendens</strong></span> 
     </span>
    </p>
   </div>
   <div class='ocr_carea' id='block_1_11' title="bbox 393 1120 1981 1193">
    <p class='ocr_par' dir='ltr' id='par_1_11' title="bbox 393 1120 1981 1193">
     <span class='ocr_line' id='line_1_11' title="bbox 393 1120 1981 1193; baseline -0.001 -15"><span class='ocrx_word' id='word_1_63' title='bbox 393 1121 765 1178; x_wconf 88' lang='lat' dir='ltr'><strong>inﬁrmitatem</strong></span> <span class='ocrx_word' id='word_1_64' title='bbox 796 1120 1128 1190; x_wconf 89' lang='lat' dir='ltr'><strong>corpusculi,</strong></span> <span class='ocrx_word' id='word_1_65' title='bbox 1159 1136 1257 1190; x_wconf 90' lang='lat' dir='ltr'><strong>per</strong></span> <span class='ocrx_word' id='word_1_66' title='bbox 1288 1138 1453 1191; x_wconf 85' lang='lat' dir='ltr'><strong>quam</strong></span> <span class='ocrx_word' id='word_1_67' title='bbox 1499 1137 1609 1177; x_wconf 90' lang='lat' dir='ltr'><strong>non</strong></span> <span class='ocrx_word' id='word_1_68' title='bbox 1661 1123 1832 1193; x_wconf 88' lang='lat' dir='ltr'><strong>possit</strong></span> <span class='ocrx_word' id='word_1_69' title='bbox 1880 1122 1981 1176; x_wconf 88' lang='lat' dir='ltr'><strong>im-</strong></span> 
     </span>
    </p>
   </div>
   <div class='ocr_carea' id='block_1_12' title="bbox 389 1210 1983 1286">
    <p class='ocr_par' dir='ltr' id='par_1_12' title="bbox 389 1210 1983 1286">
     <span class='ocr_line' id='line_1_12' title="bbox 389 1210 1983 1286; baseline 0.002 -20"><span class='ocrx_word' id='word_1_70' title='bbox 389 1213 542 1286; x_wconf 90' lang='lat' dir='ltr'><strong>plere</strong></span> <span class='ocrx_word' id='word_1_71' title='bbox 586 1211 730 1282; x_wconf 89' lang='lat' dir='ltr'><strong>quod</strong></span> <span class='ocrx_word' id='word_1_72' title='bbox 763 1211 994 1273; x_wconf 79' lang='lat' dir='ltr'><strong>dixerat,</strong></span> <span class='ocrx_word' id='word_1_73' title='bbox 1047 1210 1250 1266; x_wconf 78' lang='lat' dir='ltr'><strong>faciant</strong></span> <span class='ocrx_word' id='word_1_74' title='bbox 1297 1227 1422 1266; x_wconf 92' lang='lat' dir='ltr'><strong>eum</strong></span> <span class='ocrx_word' id='word_1_75' title='bbox 1475 1213 1621 1268; x_wconf 89' lang='lat' dir='ltr'><strong>inter</strong></span> <span class='ocrx_word' id='word_1_76' title='bbox 1663 1213 1983 1286; x_wconf 82' lang='lat' dir='ltr'><strong>languentes</strong></span> 
     </span>
    </p>
   </div>
   <div class='ocr_carea' id='block_1_13' title="bbox 389 1303 1978 1374">
    <p class='ocr_par' dir='ltr' id='par_1_13' title="bbox 389 1303 1978 1374">
     <span class='ocr_line' id='line_1_13' title="bbox 389 1303 1978 1374; baseline -0.001 -12"><span class='ocrx_word' id='word_1_77' title='bbox 389 1310 720 1362; x_wconf 82' lang='lat' dir='ltr'><strong>commorari</strong></span> <span class='ocrx_word' id='word_1_78' title='bbox 767 1318 782 1358; x_wconf 89' lang='lat'><strong>:</strong></span> <span class='ocrx_word' id='word_1_79' title='bbox 828 1312 883 1358; x_wconf 86' lang='lat' dir='ltr'><strong>et</strong></span> <span class='ocrx_word' id='word_1_80' title='bbox 930 1315 953 1342; x_wconf 74' lang='grc' dir='ltr'><strong>ο</strong></span> <span class='ocrx_word' id='word_1_81' title='bbox 993 1312 1245 1374; x_wconf 87' lang='lat' dir='ltr'><strong>pascetur</strong></span> <span class='ocrx_word' id='word_1_82' title='bbox 1280 1303 1424 1359; x_wconf 91' lang='lat' dir='ltr'><strong>inter</strong></span> <span class='ocrx_word' id='word_1_83' title='bbox 1472 1305 1677 1360; x_wconf 88' lang='lat' dir='ltr'><strong>otiosos</strong></span> <span class='ocrx_word' id='word_1_84' title='bbox 1719 1321 1733 1360; x_wconf 89' lang='lat'><strong>:</strong></span> <span class='ocrx_word' id='word_1_85' title='bbox 1787 1307 1978 1370; x_wconf 91' lang='lat' dir='ltr'><strong>donec,</strong></span> 
     </span>
    </p>
   </div>
   <div class='ocr_carea' id='block_1_14' title="bbox 388 1393 1621 1466">
    <p class='ocr_par' dir='ltr' id='par_1_14' title="bbox 388 1393 1621 1466">
     <span class='ocr_line' id='line_1_14' title="bbox 388 1393 1621 1466; baseline -0.004 -13"><span class='ocrx_word' id='word_1_86' title='bbox 388 1406 514 1453; x_wconf 87' lang='lat' dir='ltr'><strong>acta</strong></span> <span class='ocrx_word' id='word_1_87' title='bbox 547 1395 891 1466; x_wconf 72' lang='lat' dir='ltr'><strong>pmnitentia,</strong></span> <span class='ocrx_word' id='word_1_88' title='bbox 925 1393 1147 1462; x_wconf 86' lang='lat' dir='ltr'><strong>impleat</strong></span> <span class='ocrx_word' id='word_1_89' title='bbox 1179 1395 1324 1462; x_wconf 91' lang='lat' dir='ltr'><strong>quod</strong></span> <span class='ocrx_word' id='word_1_90' title='bbox 1354 1395 1621 1464; x_wconf 85' lang='lat' dir='ltr'><strong>promisit.</strong></span> 
     </span>
    </p>
   </div>
   <div class='ocr_carea' id='block_1_15' title="bbox 529 1484 1909 1557">
    <p class='ocr_par' dir='ltr' id='par_1_15' title="bbox 529 1484 1909 1557">
     <span class='ocr_line' id='line_1_15' title="bbox 529 1484 1909 1557; baseline -0.001 -17"><span class='ocrx_word' id='word_1_91' title='bbox 529 1486 614 1540; x_wconf 89' lang='lat' dir='ltr'><strong>lll.</strong></span> <span class='ocrx_word' id='word_1_92' title='bbox 646 1515 716 1524; x_wconf 92' lang='lat'><strong><em>—</em></strong></span> <span class='ocrx_word' id='word_1_93' title='bbox 741 1484 819 1538; x_wconf 92' lang='lat' dir='ltr'><strong>Ex</strong></span> <span class='ocrx_word' id='word_1_94' title='bbox 845 1484 1064 1539; x_wconf 65' lang='lat' dir='ltr'><strong>Renum</strong></span> <span class='ocrx_word' id='word_1_95' title='bbox 1089 1499 1274 1539; x_wconf 75' lang='lat' dir='ltr'><strong>SANCTI</strong></span> <span class='ocrx_word' id='word_1_96' title='bbox 1297 1484 1600 1541; x_wconf 78' lang='lat' dir='ltr'><strong>Fnucwosr</strong></span> <span class='ocrx_word' id='word_1_97' title='bbox 1628 1486 1763 1557; x_wconf 83' lang='lat' dir='ltr'><strong>(cap.</strong></span> <span class='ocrx_word' id='word_1_98' title='bbox 1795 1485 1909 1557; x_wconf 71' lang='lat'><strong>20).</strong></span> 
     </span>
    </p>
   </div>
   <div class='ocr_carea' id='block_1_16' title="bbox 468 1578 1980 1649">
    <p class='ocr_par' dir='ltr' id='par_1_16' title="bbox 468 1578 1980 1649">
     <span class='ocr_line' id='line_1_16' title="bbox 468 1578 1980 1649; baseline 0.001 -13"><span class='ocrx_word' id='word_1_99' title='bbox 468 1581 489 1620; x_wconf 69' lang='grc' dir='ltr'><em>ί</em></span> <span class='ocrx_word' id='word_1_100' title='bbox 519 1581 653 1636; x_wconf 87' lang='lat' dir='ltr'><strong>Cum</strong></span> <span class='ocrx_word' id='word_1_101' title='bbox 679 1579 874 1649; x_wconf 83' lang='lat' dir='ltr'><strong>aliquis</strong></span> <span class='ocrx_word' id='word_1_102' title='bbox 904 1593 1001 1648; x_wconf 91' lang='lat' dir='ltr'><strong>per</strong></span> <span class='ocrx_word' id='word_1_103' title='bbox 1029 1578 1221 1634; x_wconf 92' lang='lat' dir='ltr'><strong>vitium</strong></span> <span class='ocrx_word' id='word_1_104' title='bbox 1265 1579 1482 1649; x_wconf 84' lang='lat' dir='ltr'><strong>elapsus</strong></span> <span class='ocrx_word' id='word_1_105' title='bbox 1524 1581 1688 1635; x_wconf 90' lang='lat' dir='ltr'><strong>fuerit</strong></span> <span class='ocrx_word' id='word_1_106' title='bbox 1719 1597 1748 1635; x_wconf 93' lang='lat' dir='ltr'><strong>a</strong></span> <span class='ocrx_word' id='word_1_107' title='bbox 1788 1597 1980 1637; x_wconf 88' lang='lat' dir='ltr'><strong>mona-</strong></span> 
     </span>
    </p>
   </div>
   <div class='ocr_carea' id='block_1_17' title="bbox 389 1669 1983 1741">
    <p class='ocr_par' dir='ltr' id='par_1_17' title="bbox 389 1669 1983 1741">
     <span class='ocr_line' id='line_1_17' title="bbox 389 1669 1983 1741; baseline -0.003 -11"><span class='ocrx_word' id='word_1_108' title='bbox 389 1675 582 1737; x_wconf 91' lang='lat' dir='ltr'><strong>sterio,</strong></span> <span class='ocrx_word' id='word_1_109' title='bbox 627 1671 730 1726; x_wconf 65' lang='lat' dir='ltr'><strong>Sin</strong></span> <span class='ocrx_word' id='word_1_110' title='bbox 754 1671 900 1725; x_wconf 91' lang='lat' dir='ltr'><strong>aliud</strong></span> <span class='ocrx_word' id='word_1_111' title='bbox 941 1685 1047 1724; x_wconf 94' lang='lat' dir='ltr'><strong>non</strong></span> <span class='ocrx_word' id='word_1_112' title='bbox 1091 1669 1388 1739; x_wconf 79' lang='lat' dir='ltr'><strong>recipiatur</strong></span> <span class='ocrx_word' id='word_1_113' title='bbox 1433 1671 1764 1737; x_wconf 72' lang='lat' dir='ltr'><strong>coenobium,</strong></span> <span class='ocrx_word' id='word_1_114' title='bbox 1809 1687 1983 1741; x_wconf 90' lang='lat' dir='ltr'><strong>neque</strong></span> 
     </span>
    </p>
   </div>
   <div class='ocr_carea' id='block_1_18' title="bbox 388 1759 1978 1830">
    <p class='ocr_par' dir='ltr' id='par_1_18' title="bbox 388 1759 1978 1830">
     <span class='ocr_line' id='line_1_18' title="bbox 388 1759 1978 1830; baseline -0.004 -10"><span class='ocrx_word' id='word_1_115' title='bbox 388 1766 446 1820; x_wconf 86' lang='lat' dir='ltr'><strong>in</strong></span> <span class='ocrx_word' id='word_1_116' title='bbox 470 1761 822 1819; x_wconf 78' lang='lat' dir='ltr'><strong>humanitatis</strong></span> <span class='ocrx_word' id='word_1_117' title='bbox 844 1759 1189 1824; x_wconf 89' lang='lat' dir='ltr'><strong>charitatem,</strong></span> <span class='ocrx_word' id='word_1_118' title='bbox 1208 1775 1383 1830; x_wconf 91' lang='lat' dir='ltr'><strong>neque</strong></span> <span class='ocrx_word' id='word_1_119' title='bbox 1407 1762 1431 1800; x_wconf 70' lang='grc' dir='ltr'>ἰ</span> <span class='ocrx_word' id='word_1_120' title='bbox 1451 1761 1504 1815; x_wconf 91' lang='lat' dir='ltr'><strong>in</strong></span> <span class='ocrx_word' id='word_1_121' title='bbox 1527 1761 1676 1830; x_wconf 89' lang='lat' dir='ltr'><strong>pacis</strong></span> <span class='ocrx_word' id='word_1_122' title='bbox 1702 1762 1978 1816; x_wconf 90' lang='lat' dir='ltr'><strong>osculum:</strong></span> 
     </span>
    </p>
   </div>
   <div class='ocr_carea' id='block_1_19' title="bbox 2083 581 3666 654">
    <p class='ocr_par' dir='ltr' id='par_1_19' title="bbox 2083 581 3666 654">
     <span class='ocr_line' id='line_1_19' title="bbox 2083 581 3666 654; baseline 0.014 -21"><span class='ocrx_word' id='word_1_123' title='bbox 2083 581 2439 650; x_wconf 79' lang='lat' dir='ltr'><strong>expellantur,</strong></span> <span class='ocrx_word' id='word_1_124' title='bbox 2469 592 2524 638; x_wconf 91' lang='lat' dir='ltr'><strong>et</strong></span> <span class='ocrx_word' id='word_1_125' title='bbox 2545 585 2690 640; x_wconf 92' lang='lat' dir='ltr'><strong>nullo</strong></span> <span class='ocrx_word' id='word_1_126' title='bbox 2726 585 3006 641; x_wconf 90' lang='lat' dir='ltr'><strong>nobiseum</strong></span> <span class='ocrx_word' id='word_1_127' title='bbox 3037 587 3319 646; x_wconf 89' lang='lat' dir='ltr'><strong>eharitatis</strong></span> <span class='ocrx_word' id='word_1_128' title='bbox 3341 591 3666 654; x_wconf 65' lang='lat' dir='ltr'><strong>foedereeo-</strong></span> 
     </span>
    </p>
   </div>
   <div class='ocr_carea' id='block_1_20' title="bbox 2082 671 3663 749">
    <p class='ocr_par' dir='ltr' id='par_1_20' title="bbox 2082 671 3663 749">
     <span class='ocr_line' id='line_1_20' title="bbox 2082 671 3663 749; baseline 0.012 -25"><span class='ocrx_word' id='word_1_129' title='bbox 2082 671 2332 741; x_wconf 90' lang='lat' dir='ltr'><strong>pulentur</strong></span> <span class='ocrx_word' id='word_1_130' title='bbox 2361 691 2373 726; x_wconf 94' lang='lat'><strong>:</strong></span> <span class='ocrx_word' id='word_1_131' title='bbox 2403 690 2684 745; x_wconf 86' lang='lat' dir='ltr'><strong>quousque</strong></span> <span class='ocrx_word' id='word_1_132' title='bbox 2712 676 2992 732; x_wconf 76' lang='lat' dir='ltr'><strong>veritatem</strong></span> <span class='ocrx_word' id='word_1_133' title='bbox 3016 690 3376 749; x_wconf 79' lang='lat' dir='ltr'><strong>cognoscant;</strong></span> <span class='ocrx_word' id='word_1_134' title='bbox 3403 691 3456 737; x_wconf 90' lang='lat' dir='ltr'><strong>et</strong></span> <span class='ocrx_word' id='word_1_135' title='bbox 3477 687 3663 743; x_wconf 81' lang='lat' dir='ltr'><strong>nobis-</strong></span> 
     </span>
    </p>
   </div>
   <div class='ocr_carea' id='block_1_21' title="bbox 2083 764 3669 844">
    <p class='ocr_par' dir='ltr' id='par_1_21' title="bbox 2083 764 3669 844">
     <span class='ocr_line' id='line_1_21' title="bbox 2083 764 3669 844; baseline 0.013 -28"><span class='ocrx_word' id='word_1_136' title='bbox 2083 778 2205 816; x_wconf 90' lang='lat' dir='ltr'><strong>cum</strong></span> <span class='ocrx_word' id='word_1_137' title='bbox 2239 772 2445 819; x_wconf 89' lang='lat' dir='ltr'><strong>stantes</strong></span> <span class='ocrx_word' id='word_1_138' title='bbox 2476 764 2701 834; x_wconf 87' lang='lat' dir='ltr'><strong>injurias</strong></span> <span class='ocrx_word' id='word_1_139' title='bbox 2725 767 2978 822; x_wconf 63' lang='lat' dir='ltr'><strong>Ecclesiae</strong></span> <span class='ocrx_word' id='word_1_140' title='bbox 3003 769 3339 828; x_wconf 79' lang='lat' dir='ltr'><strong>vindicantes</strong></span> <span class='ocrx_word' id='word_1_141' title='bbox 3363 776 3480 844; x_wconf 89' lang='lat' dir='ltr'><strong>pari</strong></span> <span class='ocrx_word' id='word_1_142' title='bbox 3507 779 3669 836; x_wconf 81' lang='lat' dir='ltr'><strong>devo-</strong></span> 
     </span>
    </p>
   </div>
   <div class='ocr_carea' id='block_1_22' title="bbox 2084 854 3669 929">
    <p class='ocr_par' dir='ltr' id='par_1_22' title="bbox 2084 854 3669 929">
     <span class='ocr_line' id='line_1_22' title="bbox 2084 854 3669 929; baseline 0.011 -23"><span class='ocrx_word' id='word_1_143' title='bbox 2084 854 2229 908; x_wconf 88' lang='lat' dir='ltr'><strong>tione</strong></span> <span class='ocrx_word' id='word_1_144' title='bbox 2253 864 2602 926; x_wconf 79' lang='lat' dir='ltr'><strong>consurgant.</strong></span> <span class='ocrx_word' id='word_1_145' title='bbox 2636 855 2694 911; x_wconf 91' lang='lat' dir='ltr'><strong>Si</strong></span> <span class='ocrx_word' id='word_1_146' title='bbox 2724 865 2869 912; x_wconf 91' lang='lat' dir='ltr'><strong>certe</strong></span> <span class='ocrx_word' id='word_1_147' title='bbox 2898 857 2998 927; x_wconf 88' lang='lat' dir='ltr'><strong>ipsi</strong></span> <span class='ocrx_word' id='word_1_148' title='bbox 3037 868 3295 929; x_wconf 71' lang='lat' dir='ltr'><strong>apostatte</strong></span> <span class='ocrx_word' id='word_1_149' title='bbox 3328 864 3396 919; x_wconf 89' lang='lat' dir='ltr'><strong>ab</strong></span> <span class='ocrx_word' id='word_1_150' title='bbox 3417 869 3669 926; x_wconf 90' lang='lat' dir='ltr'><strong>omnibus</strong></span> 
     </span>
    </p>
   </div>
   <div class='ocr_carea' id='block_1_23' title="bbox 2082 943 3668 1023">
    <p class='ocr_par' dir='ltr' id='par_1_23' title="bbox 2082 943 3668 1023">
     <span class='ocr_line' id='line_1_23' title="bbox 2082 943 3668 1023; baseline 0.011 -26"><span class='ocrx_word' id='word_1_151' title='bbox 2082 943 2283 998; x_wconf 80' lang='lat' dir='ltr'><strong>fuerint</strong></span> <span class='ocrx_word' id='word_1_152' title='bbox 2329 945 2562 1015; x_wconf 77' lang='lat' dir='ltr'><strong>expulsi,</strong></span> <span class='ocrx_word' id='word_1_153' title='bbox 2610 955 2667 1000; x_wconf 91' lang='lat' dir='ltr'><strong>et</strong></span> <span class='ocrx_word' id='word_1_154' title='bbox 2711 947 2816 1000; x_wconf 90' lang='lat' dir='ltr'><strong>huc</strong></span> <span class='ocrx_word' id='word_1_155' title='bbox 2854 946 3089 1016; x_wconf 86' lang='lat' dir='ltr'><strong>illucque</strong></span> <span class='ocrx_word' id='word_1_156' title='bbox 3138 963 3394 1023; x_wconf 76' lang='lat' dir='ltr'><strong>vagantes</strong></span> <span class='ocrx_word' id='word_1_157' title='bbox 3436 957 3668 1015; x_wconf 85' lang='lat' dir='ltr'><strong>diversis</strong></span> 
     </span>
    </p>
   </div>
   <div class='ocr_carea' id='block_1_24' title="bbox 2083 1033 3672 1104">
    <p class='ocr_par' dir='ltr' id='par_1_24' title="bbox 2083 1033 3672 1104">
     <span class='ocr_line' id='line_1_24' title="bbox 2083 1033 3672 1104; baseline 0.011 -17"><span class='ocrx_word' id='word_1_158' title='bbox 2083 1033 2214 1088; x_wconf 89' lang='lat' dir='ltr'><strong>locis</strong></span> <span class='ocrx_word' id='word_1_159' title='bbox 2245 1033 2523 1090; x_wconf 88' lang='lat' dir='ltr'><strong>instabiles</strong></span> <span class='ocrx_word' id='word_1_160' title='bbox 2552 1043 2714 1104; x_wconf 91' lang='lat' dir='ltr'><strong>atque</strong></span> <span class='ocrx_word' id='word_1_161' title='bbox 2745 1036 3066 1093; x_wconf 85' lang='lat' dir='ltr'><strong>vacillantes</strong></span> <span class='ocrx_word' id='word_1_162' title='bbox 3103 1046 3434 1102; x_wconf 87' lang='lat' dir='ltr'><strong>monasterio</strong></span> <span class='ocrx_word' id='word_1_163' title='bbox 3464 1063 3562 1104; x_wconf 92' lang='lat' dir='ltr'><strong>suo</strong></span> <span class='ocrx_word' id='word_1_164' title='bbox 3592 1067 3672 1104; x_wconf 86' lang='lat' dir='ltr'><strong>rc-</strong></span> 
     </span>
    </p>
   </div>
   <div class='ocr_carea' id='block_1_25' title="bbox 2081 1126 3665 1200">
    <p class='ocr_par' dir='ltr' id='par_1_25' title="bbox 2081 1126 3665 1200">
     <span class='ocr_line' id='line_1_25' title="bbox 2081 1126 3665 1200; baseline 0.011 -22"><span class='ocrx_word' id='word_1_165' title='bbox 2081 1126 2218 1180; x_wconf 89' lang='lat' dir='ltr'><strong>verti</strong></span> <span class='ocrx_word' id='word_1_166' title='bbox 2242 1141 2301 1181; x_wconf 92' lang='lat' dir='ltr'><strong>se</strong></span> <span class='ocrx_word' id='word_1_167' title='bbox 2341 1127 2597 1196; x_wconf 89' lang='lat' dir='ltr'><strong>petierint</strong></span> <span class='ocrx_word' id='word_1_168' title='bbox 2628 1127 2952 1182; x_wconf 87' lang='lat' dir='ltr'><strong>necessitate</strong></span> <span class='ocrx_word' id='word_1_169' title='bbox 2991 1132 3276 1200; x_wconf 91' lang='lat' dir='ltr'><strong>compulsi,</strong></span> <span class='ocrx_word' id='word_1_170' title='bbox 3311 1134 3364 1189; x_wconf 89' lang='lat' dir='ltr'><strong>in</strong></span> <span class='ocrx_word' id='word_1_171' title='bbox 3395 1150 3665 1195; x_wconf 85' lang='lat' dir='ltr'><strong>conventu</strong></span> 
     </span>
    </p>
   </div>
   <div class='ocr_carea' id='block_1_26' title="bbox 2083 1216 3668 1294">
    <p class='ocr_par' dir='ltr' id='par_1_26' title="bbox 2083 1216 3668 1294">
     <span class='ocr_line' id='line_1_26' title="bbox 2083 1216 3668 1294; baseline 0.01 -25"><span class='ocrx_word' id='word_1_172' title='bbox 2083 1216 2345 1286; x_wconf 85' lang='lat' dir='ltr'><strong>majorum</strong></span> <span class='ocrx_word' id='word_1_173' title='bbox 2384 1217 2740 1282; x_wconf 86' lang='lat' dir='ltr'><strong>deducantur,</strong></span> <span class='ocrx_word' id='word_1_174' title='bbox 2792 1226 2848 1272; x_wconf 91' lang='lat' dir='ltr'><strong>et</strong></span> <span class='ocrx_word' id='word_1_175' title='bbox 2897 1228 2956 1273; x_wconf 93' lang='lat' dir='ltr'><strong>ut</strong></span> <span class='ocrx_word' id='word_1_176' title='bbox 2988 1235 3118 1275; x_wconf 87' lang='lat' dir='ltr'><strong>vasa</strong></span> <span class='ocrx_word' id='word_1_177' title='bbox 3167 1221 3312 1294; x_wconf 89' lang='lat' dir='ltr'><strong>ﬁguli</strong></span> <span class='ocrx_word' id='word_1_178' title='bbox 3361 1226 3412 1279; x_wconf 91' lang='lat' dir='ltr'><strong>in</strong></span> <span class='ocrx_word' id='word_1_179' title='bbox 3449 1227 3668 1285; x_wconf 89' lang='lat' dir='ltr'><strong>fornace</strong></span> 
     </span>
    </p>
   </div>
   <div class='ocr_carea' id='block_1_27' title="bbox 2081 1309 3668 1380">
    <p class='ocr_par' dir='ltr' id='par_1_27' title="bbox 2081 1309 3668 1380">
     <span class='ocr_line' id='line_1_27' title="bbox 2081 1309 3668 1380; baseline 0.01 -20"><span class='ocrx_word' id='word_1_180' title='bbox 2081 1310 2402 1376; x_wconf 81' lang='lat' dir='ltr'><strong>probentur,</strong></span> <span class='ocrx_word' id='word_1_181' title='bbox 2437 1318 2639 1364; x_wconf 91' lang='lat' dir='ltr'><strong>etcum</strong></span> <span class='ocrx_word' id='word_1_182' title='bbox 2672 1309 2883 1380; x_wconf 89' lang='lat' dir='ltr'><strong>probati</strong></span> <span class='ocrx_word' id='word_1_183' title='bbox 2933 1310 3159 1378; x_wconf 87' lang='lat' dir='ltr'><strong>fuerint,</strong></span> <span class='ocrx_word' id='word_1_184' title='bbox 3197 1329 3296 1369; x_wconf 91' lang='lat' dir='ltr'><strong>suo</strong></span> <span class='ocrx_word' id='word_1_185' title='bbox 3339 1322 3668 1376; x_wconf 79' lang='lat' dir='ltr'><strong>monasterio</strong></span> 
     </span>
    </p>
   </div>
   <div class='ocr_carea' id='block_1_28' title="bbox 2089 1399 3666 1472">
    <p class='ocr_par' dir='ltr' id='par_1_28' title="bbox 2089 1399 3666 1472">
     <span class='ocr_line' id='line_1_28' title="bbox 2089 1399 3666 1472; baseline 0.008 -19"><span class='ocrx_word' id='word_1_186' title='bbox 2089 1401 2104 1440; x_wconf 79' lang='grc' dir='ltr'><strong>ί</strong></span> <span class='ocrx_word' id='word_1_187' title='bbox 2152 1399 2518 1457; x_wconf 85' lang='lat' dir='ltr'><strong>reformentur</strong></span> <span class='ocrx_word' id='word_1_188' title='bbox 2549 1420 2562 1455; x_wconf 91' lang='lat'><strong>:</strong></span> <span class='ocrx_word' id='word_1_189' title='bbox 2597 1409 2651 1455; x_wconf 89' lang='lat' dir='ltr'><strong>et</strong></span> <span class='ocrx_word' id='word_1_190' title='bbox 2680 1417 2786 1456; x_wconf 92' lang='lat' dir='ltr'><strong>non</strong></span> <span class='ocrx_word' id='word_1_191' title='bbox 2819 1402 3018 1472; x_wconf 91' lang='lat' dir='ltr'><strong>prima,</strong></span> <span class='ocrx_word' id='word_1_192' title='bbox 3061 1403 3155 1458; x_wconf 90' lang='lat' dir='ltr'><strong>sed</strong></span> <span class='ocrx_word' id='word_1_193' title='bbox 3189 1405 3379 1460; x_wconf 86' lang='lat' dir='ltr'><strong>ultima</strong></span> <span class='ocrx_word' id='word_1_194' title='bbox 3410 1411 3666 1466; x_wconf 85' lang='lat' dir='ltr'><strong>cathedra</strong></span> 
     </span>
    </p>
   </div>
   <div class='ocr_carea' id='block_1_29' title="bbox 2083 1492 3428 1562">
    <p class='ocr_par' dir='ltr' id='par_1_29' title="bbox 2083 1492 3428 1562">
     <span class='ocr_line' id='line_1_29' title="bbox 2083 1492 3428 1562; baseline -0.001 -18"><span class='ocrx_word' id='word_1_195' title='bbox 2083 1492 2434 1562; x_wconf 87' lang='lat' dir='ltr'><strong>recipiantur.</strong></span> <span class='ocrx_word' id='word_1_196' title='bbox 3417 1533 3428 1542; x_wconf 78' lang='lat'><strong>.</strong></span> 
     </span>
    </p>
   </div>
   <div class='ocr_carea' id='block_1_30' title="bbox 2242 1581 3506 1660">
    <p class='ocr_par' dir='ltr' id='par_1_30' title="bbox 2242 1581 3506 1660">
     <span class='ocr_line' id='line_1_30' title="bbox 2242 1581 3506 1660; baseline 0.006 -24"><span class='ocrx_word' id='word_1_197' title='bbox 2242 1581 2269 1653; x_wconf 84' lang='lat'><strong>§</strong></span> <span class='ocrx_word' id='word_1_198' title='bbox 2313 1581 2401 1636; x_wconf 80' lang='lat' dir='ltr'><strong>IV.</strong></span> <span class='ocrx_word' id='word_1_199' title='bbox 2433 1612 2504 1621; x_wconf 93' lang='lat'><strong><em>—</em></strong></span> <span class='ocrx_word' id='word_1_200' title='bbox 2537 1581 2616 1636; x_wconf 84' lang='lat' dir='ltr'><strong>Ex</strong></span> <span class='ocrx_word' id='word_1_201' title='bbox 2655 1581 2876 1638; x_wconf 65' lang='lat' dir='ltr'><strong>Recens</strong></span> <span class='ocrx_word' id='word_1_202' title='bbox 2916 1581 3184 1640; x_wconf 75' lang='lat' dir='ltr'><strong>MAGISTR!</strong></span> <span class='ocrx_word' id='word_1_203' title='bbox 3217 1584 3355 1657; x_wconf 85' lang='lat' dir='ltr'><strong>(cap.</strong></span> <span class='ocrx_word' id='word_1_204' title='bbox 3397 1588 3506 1660; x_wconf 73' lang='grc'>64).</span> 
     </span>
    </p>
   </div>
   <div class='ocr_carea' id='block_1_31' title="bbox 2156 1670 3668 1743">
    <p class='ocr_par' dir='ltr' id='par_1_31' title="bbox 2156 1670 3668 1743">
     <span class='ocr_line' id='line_1_31' title="bbox 2156 1670 3668 1743; baseline 0.011 -23"><span class='ocrx_word' id='word_1_205' title='bbox 2156 1670 2168 1720; x_wconf 86' lang='lat' dir='ltr'><strong>i</strong></span> <span class='ocrx_word' id='word_1_206' title='bbox 2208 1672 2400 1728; x_wconf 89' lang='lat' dir='ltr'><strong>Frater</strong></span> <span class='ocrx_word' id='word_1_207' title='bbox 2421 1673 2466 1728; x_wconf 89' lang='lat' dir='ltr'><strong>si</strong></span> <span class='ocrx_word' id='word_1_208' title='bbox 2492 1671 2805 1743; x_wconf 88' lang='lat' dir='ltr'><strong>frequenter</strong></span> <span class='ocrx_word' id='word_1_209' title='bbox 2825 1674 3022 1728; x_wconf 71' lang='lat' dir='ltr'><strong>exierit</strong></span> <span class='ocrx_word' id='word_1_210' title='bbox 3040 1674 3106 1727; x_wconf 92' lang='lat' dir='ltr'><strong>de</strong></span> <span class='ocrx_word' id='word_1_211' title='bbox 3134 1679 3483 1743; x_wconf 88' lang='lat' dir='ltr'><strong>monasterio,</strong></span> <span class='ocrx_word' id='word_1_212' title='bbox 3522 1681 3547 1720; x_wconf 68' lang='grc' dir='ltr'><em>κ</em></span> <span class='ocrx_word' id='word_1_213' title='bbox 3579 1697 3668 1736; x_wconf 92' lang='lat' dir='ltr'><strong>us-</strong></span> 
     </span>
    </p>
   </div>
   <div class='ocr_carea' id='block_1_32' title="bbox 2085 1763 3669 1838">
    <p class='ocr_par' dir='ltr' id='par_1_32' title="bbox 2085 1763 3669 1838">
     <span class='ocr_line' id='line_1_32' title="bbox 2085 1763 3669 1838; baseline 0.006 -21"><span class='ocrx_word' id='word_1_214' title='bbox 2085 1777 2190 1832; x_wconf 89' lang='lat' dir='ltr'><strong>que</strong></span> <span class='ocrx_word' id='word_1_215' title='bbox 2219 1763 2273 1817; x_wconf 88' lang='lat' dir='ltr'><strong>in</strong></span> <span class='ocrx_word' id='word_1_216' title='bbox 2303 1763 2524 1818; x_wconf 88' lang='lat' dir='ltr'><strong>tertium</strong></span> <span class='ocrx_word' id='word_1_217' title='bbox 2549 1777 2802 1818; x_wconf 86' lang='lat' dir='ltr'><strong>reversus</strong></span> <span class='ocrx_word' id='word_1_218' title='bbox 2832 1763 3224 1833; x_wconf 89' lang='lat' dir='ltr'><strong>resuscipiatur</strong></span> <span class='ocrx_word' id='word_1_219' title='bbox 3251 1784 3264 1819; x_wconf 92' lang='lat'><strong>:</strong></span> <span class='ocrx_word' id='word_1_220' title='bbox 3290 1769 3522 1838; x_wconf 87' lang='lat' dir='ltr'><strong>amplius</strong></span> <span class='ocrx_word' id='word_1_221' title='bbox 3563 1788 3669 1826; x_wconf 92' lang='lat' dir='ltr'><strong>non</strong></span> 
     </span>
    </p>
   </div>
   <div class='ocr_carea' id='block_1_33' title="bbox 387 1839 3670 1931">
    <p class='ocr_par' dir='ltr' id='par_1_33' title="bbox 387 1839 3670 1931">
     <span class='ocr_line' id='line_1_33' title="bbox 387 1839 3670 1931; baseline 0.004 -22"><span class='ocrx_word' id='word_1_222' title='bbox 387 1852 483 1910; x_wconf 90' lang='lat' dir='ltr'><strong>sed</strong></span> <span class='ocrx_word' id='word_1_223' title='bbox 515 1851 772 1907; x_wconf 89' lang='lat' dir='ltr'><strong>continuo</strong></span> <span class='ocrx_word' id='word_1_224' title='bbox 810 1850 1008 1905; x_wconf 88' lang='lat' dir='ltr'><strong>vinctis</strong></span> <span class='ocrx_word' id='word_1_225' title='bbox 1058 1861 1181 1918; x_wconf 90' lang='lat' dir='ltr'><strong>post</strong></span> <span class='ocrx_word' id='word_1_226' title='bbox 1235 1859 1443 1921; x_wconf 89' lang='lat' dir='ltr'><strong>tergum</strong></span> <span class='ocrx_word' id='word_1_227' title='bbox 1493 1851 1743 1906; x_wconf 88' lang='lat' dir='ltr'><strong>manibus</strong></span> <span class='ocrx_word' id='word_1_228' title='bbox 1795 1852 1975 1906; x_wconf 84' lang='lat' dir='ltr'><strong>abbati</strong></span> <span class='ocrx_word' id='word_1_229' title='bbox 2009 1839 2052 1897; x_wconf 83' lang='grc' dir='ltr'><strong>Β</strong></span> <span class='ocrx_word' id='word_1_230' title='bbox 2075 1857 2188 1926; x_wconf 88' lang='lat' dir='ltr'><strong>jam</strong></span> <span class='ocrx_word' id='word_1_231' title='bbox 2224 1873 2236 1909; x_wconf 91' lang='lat'><strong>:</strong></span> <span class='ocrx_word' id='word_1_232' title='bbox 2271 1853 2440 1925; x_wconf 86' lang='lat' dir='ltr'><strong>1quia</strong></span> <span class='ocrx_word' id='word_1_233' title='bbox 2466 1854 2590 1910; x_wconf 90' lang='lat' dir='ltr'><strong>talis</strong></span> <span class='ocrx_word' id='word_1_234' title='bbox 2620 1855 2761 1924; x_wconf 87' lang='lat' dir='ltr'><strong>apud</strong></span> <span class='ocrx_word' id='word_1_235' title='bbox 2789 1857 2955 1910; x_wconf 91' lang='lat' dir='ltr'><strong>Deum</strong></span> <span class='ocrx_word' id='word_1_236' title='bbox 2999 1856 3116 1927; x_wconf 88' lang='lat' dir='ltr'><strong>ejus</strong></span> <span class='ocrx_word' id='word_1_237' title='bbox 3158 1863 3472 1931; x_wconf 74' lang='lat' dir='ltr'><strong>agnoscitur</strong></span> <span class='ocrx_word' id='word_1_238' title='bbox 3502 1866 3670 1922; x_wconf 87' lang='lat' dir='ltr'><strong>divini</strong></span> 
     </span>
    </p>
   </div>
   <div class='ocr_carea' id='block_1_34' title="bbox 387 1941 1975 2013">
    <p class='ocr_par' dir='ltr' id='par_1_34' title="bbox 387 1941 1975 2013">
     <span class='ocr_line' id='line_1_34' title="bbox 387 1941 1975 2013; baseline -0.003 -14"><span class='ocrx_word' id='word_1_239' title='bbox 387 1944 685 2000; x_wconf 87' lang='lat' dir='ltr'><strong>reducatur</strong></span> <span class='ocrx_word' id='word_1_240' title='bbox 712 1941 949 2013; x_wconf 91' lang='lat' dir='ltr'><strong>proprio.</strong></span> <span class='ocrx_word' id='word_1_241' title='bbox 1003 1941 1157 2007; x_wconf 87' lang='lat' dir='ltr'><strong>Quod</strong></span> <span class='ocrx_word' id='word_1_242' title='bbox 1207 1941 1252 1996; x_wconf 89' lang='lat' dir='ltr'><strong>si</strong></span> <span class='ocrx_word' id='word_1_243' title='bbox 1304 1955 1554 1995; x_wconf 86' lang='lat' dir='ltr'><strong>reversus</strong></span> <span class='ocrx_word' id='word_1_244' title='bbox 1609 1941 1676 1994; x_wconf 91' lang='lat' dir='ltr'><strong>ad</strong></span> <span class='ocrx_word' id='word_1_245' title='bbox 1720 1941 1975 1996; x_wconf 75' lang='lat' dir='ltr'><strong>saeculum</strong></span> 
     </span>
    </p>
   </div>
   <div class='ocr_carea' id='block_1_35' title="bbox 385 2031 1977 2104">
    <p class='ocr_par' dir='ltr' id='par_1_35' title="bbox 385 2031 1977 2104">
     <span class='ocr_line' id='line_1_35' title="bbox 385 2031 1977 2104; baseline -0.002 -13"><span class='ocrx_word' id='word_1_246' title='bbox 385 2034 576 2101; x_wconf 87' lang='lat' dir='ltr'><strong>fuerit,</strong></span> <span class='ocrx_word' id='word_1_247' title='bbox 603 2042 660 2089; x_wconf 90' lang='lat' dir='ltr'><strong>et</strong></span> <span class='ocrx_word' id='word_1_248' title='bbox 687 2049 715 2087; x_wconf 89' lang='lat' dir='ltr'><strong>a</strong></span> <span class='ocrx_word' id='word_1_249' title='bbox 743 2032 1062 2104; x_wconf 86' lang='lat' dir='ltr'><strong>propinquis</strong></span> <span class='ocrx_word' id='word_1_250' title='bbox 1104 2031 1275 2087; x_wconf 89' lang='lat' dir='ltr'><strong>fretus</strong></span> <span class='ocrx_word' id='word_1_251' title='bbox 1303 2047 1427 2088; x_wconf 91' lang='lat' dir='ltr'><strong>eum</strong></span> <span class='ocrx_word' id='word_1_252' title='bbox 1456 2033 1536 2087; x_wconf 90' lang='lat' dir='ltr'><strong>eis</strong></span> <span class='ocrx_word' id='word_1_253' title='bbox 1573 2033 1625 2088; x_wconf 92' lang='lat' dir='ltr'><strong>in</strong></span> <span class='ocrx_word' id='word_1_254' title='bbox 1666 2036 1977 2104; x_wconf 86' lang='lat' dir='ltr'><strong>superbiam</strong></span> 
     </span>
    </p>
   </div>
   <div class='ocr_carea' id='block_1_36' title="bbox 386 2123 1979 2193">
    <p class='ocr_par' dir='ltr' id='par_1_36' title="bbox 386 2123 1979 2193">
     <span class='ocr_line' id='line_1_36' title="bbox 386 2123 1979 2193; baseline -0.003 -10"><span class='ocrx_word' id='word_1_255' title='bbox 386 2125 714 2190; x_wconf 77' lang='lat' dir='ltr'><strong>surrexerit,</strong></span> <span class='ocrx_word' id='word_1_256' title='bbox 755 2131 812 2178; x_wconf 91' lang='lat' dir='ltr'><strong>et</strong></span> <span class='ocrx_word' id='word_1_257' title='bbox 847 2123 1179 2178; x_wconf 89' lang='lat' dir='ltr'><strong>monasterio</strong></span> <span class='ocrx_word' id='word_1_258' title='bbox 1203 2124 1379 2178; x_wconf 90' lang='lat' dir='ltr'><strong>minas</strong></span> <span class='ocrx_word' id='word_1_259' title='bbox 1406 2123 1674 2190; x_wconf 82' lang='lat' dir='ltr'><strong>intulerit,</strong></span> <span class='ocrx_word' id='word_1_260' title='bbox 1697 2126 1902 2193; x_wconf 90' lang='lat' dir='ltr'><strong>pariter</strong></span> <span class='ocrx_word' id='word_1_261' title='bbox 1924 2133 1979 2180; x_wconf 90' lang='lat' dir='ltr'><strong>et</strong></span> 
     </span>
    </p>
   </div>
   <div class='ocr_carea' id='block_1_37' title="bbox 387 2211 1975 2287">
    <p class='ocr_par' dir='ltr' id='par_1_37' title="bbox 387 2211 1975 2287">
     <span class='ocr_line' id='line_1_37' title="bbox 387 2211 1975 2287; baseline -0.003 -15"><span class='ocrx_word' id='word_1_262' title='bbox 387 2217 493 2287; x_wconf 91' lang='lat' dir='ltr'><strong>ipsi</strong></span> <span class='ocrx_word' id='word_1_263' title='bbox 524 2230 647 2271; x_wconf 89' lang='lat' dir='ltr'><strong>cum</strong></span> <span class='ocrx_word' id='word_1_264' title='bbox 669 2229 735 2269; x_wconf 90' lang='lat' dir='ltr'><strong>eo</strong></span> <span class='ocrx_word' id='word_1_265' title='bbox 760 2213 869 2268; x_wconf 89' lang='lat' dir='ltr'><strong>sint</strong></span> <span class='ocrx_word' id='word_1_266' title='bbox 892 2228 922 2266; x_wconf 90' lang='lat' dir='ltr'><strong>a</strong></span> <span class='ocrx_word' id='word_1_267' title='bbox 959 2211 1224 2267; x_wconf 90' lang='lat' dir='ltr'><strong>laicorum</strong></span> <span class='ocrx_word' id='word_1_268' title='bbox 1253 2212 1481 2268; x_wconf 90' lang='lat' dir='ltr'><strong>concilio</strong></span> <span class='ocrx_word' id='word_1_269' title='bbox 1504 2212 1719 2282; x_wconf 86' lang='lat' dir='ltr'><strong>publice</strong></span> <span class='ocrx_word' id='word_1_270' title='bbox 1741 2214 1975 2283; x_wconf 80' lang='lat' dir='ltr'><strong>expulsi,</strong></span> 
     </span>
    </p>
   </div>
   <div class='ocr_carea' id='block_1_38' title="bbox 386 2307 1978 2366">
    <p class='ocr_par' dir='ltr' id='par_1_38' title="bbox 386 2307 1978 2366">
     <span class='ocr_line' id='line_1_38' title="bbox 386 2307 1978 2366; baseline -0.003 0"><span class='ocrx_word' id='word_1_271' title='bbox 386 2313 534 2366; x_wconf 90' lang='lat' dir='ltr'><strong>etab</strong></span> <span class='ocrx_word' id='word_1_272' title='bbox 562 2310 709 2364; x_wconf 90' lang='lat' dir='ltr'><strong>omni</strong></span> <span class='ocrx_word' id='word_1_273' title='bbox 748 2307 1179 2363; x_wconf 90' lang='lat' dir='ltr'><strong>Christianorum</strong></span> <span class='ocrx_word' id='word_1_274' title='bbox 1222 2313 1494 2360; x_wconf 90' lang='lat' dir='ltr'><strong>conventu</strong></span> <span class='ocrx_word' id='word_1_275' title='bbox 1541 2315 1800 2361; x_wconf 89' lang='lat' dir='ltr'><strong>maneant</strong></span> <span class='ocrx_word' id='word_1_276' title='bbox 1843 2322 1978 2362; x_wconf 88' lang='lat' dir='ltr'><strong>aua-</strong></span> 
     </span>
    </p>
   </div>
   <div class='ocr_carea' id='block_1_39' title="bbox 387 2395 1980 2467">
    <p class='ocr_par' dir='ltr' id='par_1_39' title="bbox 387 2395 1980 2467">
     <span class='ocr_line' id='line_1_39' title="bbox 387 2395 1980 2467; baseline -0.002 -12"><span class='ocrx_word' id='word_1_277' title='bbox 387 2398 750 2455; x_wconf 85' lang='lat' dir='ltr'><strong>thematizati.</strong></span> <span class='ocrx_word' id='word_1_278' title='bbox 781 2396 935 2464; x_wconf 86' lang='lat' dir='ltr'><strong>Quod</strong></span> <span class='ocrx_word' id='word_1_279' title='bbox 960 2397 1006 2451; x_wconf 90' lang='lat' dir='ltr'><strong>si</strong></span> <span class='ocrx_word' id='word_1_280' title='bbox 1034 2404 1090 2451; x_wconf 90' lang='lat' dir='ltr'><strong>et</strong></span> <span class='ocrx_word' id='word_1_281' title='bbox 1116 2396 1215 2466; x_wconf 93' lang='lat' dir='ltr'><strong>ipsi</strong></span> <span class='ocrx_word' id='word_1_282' title='bbox 1245 2395 1367 2451; x_wconf 89' lang='lat' dir='ltr'><strong>laici</strong></span> <span class='ocrx_word' id='word_1_283' title='bbox 1395 2412 1494 2451; x_wconf 91' lang='lat' dir='ltr'><strong>suo</strong></span> <span class='ocrx_word' id='word_1_284' title='bbox 1522 2412 1646 2452; x_wconf 90' lang='lat' dir='ltr'><strong>eum</strong></span> <span class='ocrx_word' id='word_1_285' title='bbox 1675 2398 1980 2467; x_wconf 88' lang='lat' dir='ltr'><strong>receperint</strong></span> 
     </span>
    </p>
   </div>
   <div class='ocr_carea' id='block_1_40' title="bbox 385 2487 1978 2558">
    <p class='ocr_par' dir='ltr' id='par_1_40' title="bbox 385 2487 1978 2558">
     <span class='ocr_line' id='line_1_40' title="bbox 385 2487 1978 2558; baseline -0.004 -10"><span class='ocrx_word' id='word_1_286' title='bbox 385 2491 690 2555; x_wconf 82' lang='lat' dir='ltr'><strong>consortio,</strong></span> <span class='ocrx_word' id='word_1_287' title='bbox 731 2499 786 2545; x_wconf 92' lang='lat' dir='ltr'><strong>et</strong></span> <span class='ocrx_word' id='word_1_288' title='bbox 831 2487 1040 2558; x_wconf 89' lang='lat' dir='ltr'><strong>pariter</strong></span> <span class='ocrx_word' id='word_1_289' title='bbox 1083 2503 1207 2542; x_wconf 88' lang='lat' dir='ltr'><strong>cum</strong></span> <span class='ocrx_word' id='word_1_290' title='bbox 1253 2502 1320 2542; x_wconf 95' lang='lat' dir='ltr'><strong>eo</strong></span> <span class='ocrx_word' id='word_1_291' title='bbox 1365 2498 1556 2542; x_wconf 89' lang='lat' dir='ltr'><strong>contra</strong></span> <span class='ocrx_word' id='word_1_292' title='bbox 1587 2489 1978 2543; x_wconf 89' lang='lat' dir='ltr'><strong>monasterium</strong></span> 
     </span>
    </p>
   </div>
   <div class='ocr_carea' id='block_1_41' title="bbox 459 2640 1979 2726">
    <p class='ocr_par' dir='ltr' id='par_1_41' title="bbox 459 2640 1979 2726">
     <span class='ocr_line' id='line_1_41' title="bbox 459 2640 1979 2726; baseline -0.002 -27"><span class='ocrx_word' id='word_1_293' title='bbox 459 2660 494 2726; x_wconf 45' lang='grc' dir='ltr'><strong>ιι-</strong></span> <span class='ocrx_word' id='word_1_294' title='bbox 525 2646 850 2726; x_wconf 27' lang='lat' dir='ltr'><strong>Jampoantea</strong></span> <span class='ocrx_word' id='word_1_295' title='bbox 874 2644 1066 2726; x_wconf 61' lang='lat' dir='ltr'><strong>sciens.</strong></span> <span class='ocrx_word' id='word_1_296' title='bbox 1092 2640 1246 2711; x_wconf 84' lang='lat' dir='ltr'><strong>Apud</strong></span> <span class='ocrx_word' id='word_1_297' title='bbox 1273 2640 1654 2726; x_wconf 73' lang='lat' dir='ltr'><strong>smaragdum,</strong></span> <span class='ocrx_word' id='word_1_298' title='bbox 1687 2650 1742 2696; x_wconf 88' lang='lat' dir='ltr'><strong>et</strong></span> <span class='ocrx_word' id='word_1_299' title='bbox 1775 2640 1830 2695; x_wconf 91' lang='lat' dir='ltr'><strong>in</strong></span> <span class='ocrx_word' id='word_1_300' title='bbox 1861 2641 1979 2696; x_wconf 85' lang='lat' dir='ltr'><strong>vul-</strong></span> 
     </span>
    </p>
   </div>
   <div class='ocr_carea' id='block_1_42' title="bbox 384 2711 1579 2791">
    <p class='ocr_par' dir='ltr' id='par_1_42' title="bbox 384 2711 1579 2791">
     <span class='ocr_line' id='line_1_42' title="bbox 384 2711 1579 2791; baseline -0.008 -18"><span class='ocrx_word' id='word_1_301' title='bbox 384 2719 528 2791; x_wconf 70' lang='lat' dir='ltr'><strong>gulis</strong></span> <span class='ocrx_word' id='word_1_302' title='bbox 544 2711 906 2791; x_wconf 67' lang='lat' dir='ltr'><strong>editionibus,</strong></span> <span class='ocrx_word' id='word_1_303' title='bbox 934 2711 1060 2765; x_wconf 76' lang='lat' dir='ltr'><strong>1am</strong></span> <span class='ocrx_word' id='word_1_304' title='bbox 1086 2728 1204 2791; x_wconf 68' lang='lat' dir='ltr'><strong>aera</strong></span> <span class='ocrx_word' id='word_1_305' title='bbox 1231 2721 1408 2791; x_wconf 67' lang='lat' dir='ltr'><strong>postea</strong></span> <span class='ocrx_word' id='word_1_306' title='bbox 1427 2712 1579 2791; x_wconf 81' lang='lat' dir='ltr'><strong>sciat.</strong></span> 
     </span>
    </p>
   </div>
   <div class='ocr_carea' id='block_1_43' title="bbox 460 2780 1981 2851">
    <p class='ocr_par' dir='ltr' id='par_1_43' title="bbox 460 2780 1981 2851">
     <span class='ocr_line' id='line_1_43' title="bbox 460 2780 1981 2851; baseline -0.004 -10"><span class='ocrx_word' id='word_1_307' title='bbox 460 2789 488 2828; x_wconf 72' lang='grc' dir='ltr'>δ</span> <span class='ocrx_word' id='word_1_308' title='bbox 531 2786 751 2841; x_wconf 84' lang='lat' dir='ltr'><strong>Omnem</strong></span> <span class='ocrx_word' id='word_1_309' title='bbox 786 2783 884 2837; x_wconf 84' lang='lat' dir='ltr'><strong>sibi</strong></span> <span class='ocrx_word' id='word_1_310' title='bbox 914 2780 1459 2836; x_wconf 51' lang='lat' dir='ltr'><strong>reversionis&#39;aditum</strong></span> <span class='ocrx_word' id='word_1_311' title='bbox 1490 2781 1754 2851; x_wconf 76' lang='lat' dir='ltr'><strong>denegari.</strong></span> <span class='ocrx_word' id='word_1_312' title='bbox 1785 2780 1981 2836; x_wconf 86' lang='lat' dir='ltr'><strong>Petrus</strong></span> 
     </span>
    </p>
   </div>
   <div class='ocr_carea' id='block_1_44' title="bbox 385 2849 1980 2921">
    <p class='ocr_par' dir='ltr' id='par_1_44' title="bbox 385 2849 1980 2921">
     <span class='ocr_line' id='line_1_44' title="bbox 385 2849 1980 2921; baseline -0.006 -7"><span class='ocrx_word' id='word_1_313' title='bbox 385 2854 730 2914; x_wconf 65' lang='lat' dir='ltr'><strong>Venerabilis</strong></span> <span class='ocrx_word' id='word_1_314' title='bbox 776 2853 872 2906; x_wconf 92' lang='lat' dir='ltr'><strong>lib.</strong></span> <span class='ocrx_word' id='word_1_315' title='bbox 915 2867 961 2915; x_wconf 86' lang='grc' dir='ltr'><strong>ι,</strong></span> <span class='ocrx_word' id='word_1_316' title='bbox 993 2852 1152 2921; x_wconf 78' lang='lat' dir='ltr'><strong>epist.</strong></span> <span class='ocrx_word' id='word_1_317' title='bbox 1195 2852 1280 2915; x_wconf 78' lang='lat'><strong>18,</strong></span> <span class='ocrx_word' id='word_1_318' title='bbox 1314 2859 1500 2906; x_wconf 89' lang='lat' dir='ltr'><strong>censet</strong></span> <span class='ocrx_word' id='word_1_319' title='bbox 1545 2849 1829 2921; x_wconf 81' lang='lat' dir='ltr'><strong>fugitivum</strong></span> <span class='ocrx_word' id='word_1_320' title='bbox 1861 2865 1980 2905; x_wconf 92' lang='lat' dir='ltr'><strong>mo-</strong></span> 
     </span>
    </p>
   </div>
   <div class='ocr_carea' id='block_1_45' title="bbox 383 2921 1979 2992">
    <p class='ocr_par' dir='ltr' id='par_1_45' title="bbox 383 2921 1979 2992">
     <span class='ocr_line' id='line_1_45' title="bbox 383 2921 1979 2992; baseline -0.006 -9"><span class='ocrx_word' id='word_1_321' title='bbox 383 2927 620 2984; x_wconf 74' lang='lat' dir='ltr'><strong>nachum</strong></span> <span class='ocrx_word' id='word_1_322' title='bbox 659 2924 820 2978; x_wconf 90' lang='lat' dir='ltr'><strong>toties</strong></span> <span class='ocrx_word' id='word_1_323' title='bbox 857 2921 1251 2992; x_wconf 85' lang='lat' dir='ltr'><strong>admittendum</strong></span> <span class='ocrx_word' id='word_1_324' title='bbox 1297 2922 1350 2976; x_wconf 92' lang='lat' dir='ltr'><strong>in</strong></span> <span class='ocrx_word' id='word_1_325' title='bbox 1378 2921 1788 2992; x_wconf 77' lang='lat' dir='ltr'><strong>monasterium,</strong></span> <span class='ocrx_word' id='word_1_326' title='bbox 1837 2935 1979 2992; x_wconf 84' lang='lat' dir='ltr'><strong>quo-</strong></span> 
     </span>
    </p>
   </div>
   <div class='ocr_carea' id='block_1_46' title="bbox 383 2990 1978 3068">
    <p class='ocr_par' dir='ltr' id='par_1_46' title="bbox 383 2990 1978 3068">
     <span class='ocr_line' id='line_1_46' title="bbox 383 2990 1978 3068; baseline -0.005 -15"><span class='ocrx_word' id='word_1_327' title='bbox 383 3001 492 3053; x_wconf 90' lang='lat' dir='ltr'><strong>ties</strong></span> <span class='ocrx_word' id='word_1_328' title='bbox 521 2995 794 3068; x_wconf 72' lang='lat' dir='ltr'><strong>pmnitens</strong></span> <span class='ocrx_word' id='word_1_329' title='bbox 833 2991 1158 3068; x_wconf 71' lang='lat' dir='ltr'><strong>regreditur,</strong></span> <span class='ocrx_word' id='word_1_330' title='bbox 1194 2990 1349 3058; x_wconf 87' lang='lat' dir='ltr'><strong>juxta</strong></span> <span class='ocrx_word' id='word_1_331' title='bbox 1398 2990 1599 3068; x_wconf 82' lang='lat' dir='ltr'><strong>Christi</strong></span> <span class='ocrx_word' id='word_1_332' title='bbox 1627 2990 1978 3068; x_wconf 68' lang='lat' dir='ltr'><strong>praeceptum,</strong></span> 
     </span>
    </p>
   </div>
   <div class='ocr_carea' id='block_1_47' title="bbox 382 3061 1981 3140">
    <p class='ocr_par' dir='ltr' id='par_1_47' title="bbox 382 3061 1981 3140">
     <span class='ocr_line' id='line_1_47' title="bbox 382 3061 1981 3140; baseline -0.004 -17"><span class='ocrx_word' id='word_1_333' title='bbox 382 3085 498 3140; x_wconf 92' lang='lat' dir='ltr'><strong>quo</strong></span> <span class='ocrx_word' id='word_1_334' title='bbox 523 3061 852 3140; x_wconf 81' lang='lat' dir='ltr'><strong>parcendum</strong></span> <span class='ocrx_word' id='word_1_335' title='bbox 881 3061 975 3140; x_wconf 70' lang='lat' dir='ltr'><strong>est</strong></span> <span class='ocrx_word' id='word_1_336' title='bbox 1003 3061 1224 3140; x_wconf 82' lang='lat' dir='ltr'><strong>inimico</strong></span> <span class='ocrx_word' id='word_1_337' title='bbox 1263 3063 1566 3140; x_wconf 69' lang='lat' dir='ltr'><strong>septuagies</strong></span> <span class='ocrx_word' id='word_1_338' title='bbox 1613 3061 1854 3140; x_wconf 37' lang='lat' dir='ltr'><strong>septies,</strong></span> <span class='ocrx_word' id='word_1_339' title='bbox 1879 3063 1981 3117; x_wconf 79' lang='lat' dir='ltr'><strong>hoc</strong></span> 
     </span>
    </p>
   </div>
   <div class='ocr_carea' id='block_1_48' title="bbox 383 3131 1982 3213">
    <p class='ocr_par' dir='ltr' id='par_1_48' title="bbox 383 3131 1982 3213">
     <span class='ocr_line' id='line_1_48' title="bbox 383 3131 1982 3213; baseline -0.004 -20"><span class='ocrx_word' id='word_1_340' title='bbox 383 3131 493 3213; x_wconf 78' lang='lat' dir='ltr'><strong>ést,</strong></span> <span class='ocrx_word' id='word_1_341' title='bbox 526 3131 747 3206; x_wconf 60' lang='lat' dir='ltr'><strong>&#39;quoties</strong></span> <span class='ocrx_word' id='word_1_342' title='bbox 772 3134 986 3213; x_wconf 72' lang='lat' dir='ltr'><strong>veniam</strong></span> <span class='ocrx_word' id='word_1_343' title='bbox 1016 3132 1355 3213; x_wconf 74' lang='lat' dir='ltr'><strong>deprecatur.</strong></span> <span class='ocrx_word' id='word_1_344' title='bbox 1399 3131 1777 3213; x_wconf 33' lang='lat' dir='ltr'><strong>Additque’S.‘</strong></span> <span class='ocrx_word' id='word_1_345' title='bbox 1817 3133 1982 3213; x_wconf 77' lang='lat' dir='ltr'><strong>B_ene—</strong></span> 
     </span>
    </p>
   </div>
   <div class='ocr_carea' id='block_1_49' title="bbox 383 3187 2052 3272">
    <p class='ocr_par' dir='ltr' id='par_1_49' title="bbox 383 3187 2052 3272">
     <span class='ocr_line' id='line_1_49' title="bbox 383 3187 2052 3272; baseline -0.008 -8"><span class='ocrx_word' id='word_1_346' title='bbox 774 3204 1001 3266; x_wconf 81' lang='lat' dir='ltr'><strong>dixisse,</strong></span> <span class='ocrx_word' id='word_1_347' title='bbox 1031 3187 1333 3272; x_wconf 57' lang='lat' dir='ltr'><strong>de&#39;negeIur,</strong></span> <span class='ocrx_word' id='word_1_348' title='bbox 1373 3203 1487 3261; x_wconf 90' lang='lat' dir='ltr'><strong>sed,</strong></span> <span class='ocrx_word' id='word_1_349' title='bbox 1521 3187 1657 3256; x_wconf 78' lang='lat' dir='ltr'><strong>sciat</strong></span> <span class='ocrx_word' id='word_1_350' title='bbox 1679 3202 1777 3256; x_wconf 85' lang='lat' dir='ltr'><strong>sibi</strong></span> <span class='ocrx_word' id='word_1_351' title='bbox 1822 3198 1980 3256; x_wconf 84' lang='lat' dir='ltr'><strong>dene-</strong></span> <span class='ocrx_word' id='word_1_352' title='bbox 2008 3187 2052 3250; x_wconf 88' lang='lat' dir='ltr'>C</span> 
     </span>
    </p>
   </div>
   <div class='ocr_carea' id='block_1_50' title="bbox 385 3271 1980 3351">
    <p class='ocr_par' dir='ltr' id='par_1_50' title="bbox 385 3271 1980 3351">
     <span class='ocr_line' id='line_1_50' title="bbox 385 3271 1980 3351; baseline -0.004 -18"><span class='ocrx_word' id='word_1_353' title='bbox 385 3281 506 3351; x_wconf 88' lang='lat' dir='ltr'><strong>gari</strong></span> <span class='ocrx_word' id='word_1_354' title='bbox 532 3291 548 3328; x_wconf 94' lang='lat'><strong><em>:</em></strong></span> <span class='ocrx_word' id='word_1_355' title='bbox 575 3284 630 3330; x_wconf 91' lang='lat' dir='ltr'><strong>et</strong></span> <span class='ocrx_word' id='word_1_356' title='bbox 671 3289 793 3351; x_wconf 79' lang='lat' dir='ltr'><strong>cum</strong></span> <span class='ocrx_word' id='word_1_357' title='bbox 821 3273 1025 3328; x_wconf 90' lang='lat' dir='ltr'><strong>nullum</strong></span> <span class='ocrx_word' id='word_1_358' title='bbox 1064 3272 1136 3351; x_wconf 79' lang='lat' dir='ltr'><strong>sit</strong></span> <span class='ocrx_word' id='word_1_359' title='bbox 1166 3271 1231 3326; x_wconf 81' lang='lat' dir='ltr'><strong>in</strong></span> <span class='ocrx_word' id='word_1_360' title='bbox 1275 3271 1580 3351; x_wconf 82' lang='lat' dir='ltr'><strong>hujusmodi</strong></span> <span class='ocrx_word' id='word_1_361' title='bbox 1608 3273 1815 3351; x_wconf 84' lang='lat' dir='ltr'><strong>_verbis_</strong></span> <span class='ocrx_word' id='word_1_362' title='bbox 1839 3287 1980 3340; x_wconf 70' lang='lat' dir='ltr'><strong>prte-</strong></span> 
     </span>
    </p>
   </div>
   <div class='ocr_carea' id='block_1_51' title="bbox 386 3341 1975 3418">
    <p class='ocr_par' dir='ltr' id='par_1_51' title="bbox 386 3341 1975 3418">
     <span class='ocr_line' id='line_1_51' title="bbox 386 3341 1975 3418; baseline -0.006 -14"><span class='ocrx_word' id='word_1_363' title='bbox 386 3341 630 3418; x_wconf 66' lang='lat' dir='ltr'><strong>ceptum,</strong></span> <span class='ocrx_word' id='word_1_364' title='bbox 661 3346 708 3399; x_wconf 91' lang='lat' dir='ltr'><strong>ei</strong></span> <span class='ocrx_word' id='word_1_365' title='bbox 744 3360 849 3398; x_wconf 90' lang='lat' dir='ltr'><strong>non</strong></span> <span class='ocrx_word' id='word_1_366' title='bbox 875 3358 1017 3418; x_wconf 61' lang='lat' dir='ltr'><strong>esse</strong></span> <span class='ocrx_word' id='word_1_367' title='bbox 1047 3342 1417 3418; x_wconf 83' lang='lat' dir='ltr'><strong>denegandum</strong></span> <span class='ocrx_word' id='word_1_368' title='bbox 1459 3343 1762 3418; x_wconf 78' lang='lat' dir='ltr'><strong>introitum.</strong></span> <span class='ocrx_word' id='word_1_369' title='bbox 1795 3341 1852 3418; x_wconf 75' lang='lat' dir='ltr'><strong>In</strong></span> <span class='ocrx_word' id='word_1_370' title='bbox 1872 3358 1975 3418; x_wconf 36' lang='lat' dir='ltr'><strong>‘ea-</strong></span> 
     </span>
    </p>
   </div>
   <div class='ocr_carea' id='block_1_52' title="bbox 385 3411 1978 3475">
    <p class='ocr_par' dir='ltr' id='par_1_52' title="bbox 385 3411 1978 3475">
     <span class='ocr_line' id='line_1_52' title="bbox 385 3411 1978 3475; baseline -0.006 1"><span class='ocrx_word' id='word_1_371' title='bbox 385 3411 511 3475; x_wconf 69' lang='lat' dir='ltr'><strong>dein</strong></span> <span class='ocrx_word' id='word_1_372' title='bbox 551 3424 635 3471; x_wconf 89' lang='lat' dir='ltr'><strong>est</strong></span> <span class='ocrx_word' id='word_1_373' title='bbox 663 3415 933 3470; x_wconf 87' lang='lat' dir='ltr'><strong>sententia</strong></span> <span class='ocrx_word' id='word_1_374' title='bbox 983 3411 1295 3467; x_wconf 79' lang='lat' dir='ltr'><strong>Ruthardus</strong></span> <span class='ocrx_word' id='word_1_375' title='bbox 1349 3428 1472 3467; x_wconf 88' lang='lat' dir='ltr'><strong>cum</strong></span> <span class='ocrx_word' id='word_1_376' title='bbox 1531 3413 1608 3466; x_wconf 88' lang='lat' dir='ltr'><strong>ait</strong></span> <span class='ocrx_word' id='word_1_377' title='bbox 1655 3428 1760 3466; x_wconf 92' lang='lat' dir='ltr'><strong>non</strong></span> <span class='ocrx_word' id='word_1_378' title='bbox 1811 3411 1978 3467; x_wconf 89' lang='lat' dir='ltr'><strong>fuisse</strong></span> 
     </span>
    </p>
   </div>
   <div class='ocr_carea' id='block_1_53' title="bbox 386 3482 1975 3556">
    <p class='ocr_par' dir='ltr' id='par_1_53' title="bbox 386 3482 1975 3556">
     <span class='ocr_line' id='line_1_53' title="bbox 386 3482 1975 3556; baseline -0.006 -12"><span class='ocrx_word' id='word_1_379' title='bbox 386 3489 572 3544; x_wconf 81' lang='lat' dir='ltr'><strong>abbati</strong></span> <span class='ocrx_word' id='word_1_380' title='bbox 601 3486 931 3556; x_wconf 89' lang='lat' dir='ltr'><strong>prohibitum</strong></span> <span class='ocrx_word' id='word_1_381' title='bbox 959 3483 1243 3556; x_wconf 82' lang='lat' dir='ltr'><strong>plusquam</strong></span> <span class='ocrx_word' id='word_1_382' title='bbox 1264 3490 1370 3556; x_wconf 85' lang='lat' dir='ltr'><strong>_ter</strong></span> <span class='ocrx_word' id='word_1_383' title='bbox 1406 3482 1650 3556; x_wconf 87' lang='lat' dir='ltr'><strong>recipere</strong></span> <span class='ocrx_word' id='word_1_384' title='bbox 1690 3482 1975 3556; x_wconf 75' lang='lat' dir='ltr'><strong>fugitivum</strong></span> 
     </span>
    </p>
   </div>
   <div class='ocr_carea' id='block_1_54' title="bbox 385 3552 1979 3624">
    <p class='ocr_par' dir='ltr' id='par_1_54' title="bbox 385 3552 1979 3624">
     <span class='ocr_line' id='line_1_54' title="bbox 385 3552 1979 3624; baseline -0.006 -10"><span class='ocrx_word' id='word_1_385' title='bbox 385 3552 733 3618; x_wconf 82' lang='lat' dir='ltr'><strong>monachum,</strong></span> <span class='ocrx_word' id='word_1_386' title='bbox 763 3555 858 3610; x_wconf 91' lang='lat' dir='ltr'><strong>sed</strong></span> <span class='ocrx_word' id='word_1_387' title='bbox 887 3563 1096 3608; x_wconf 86' lang='lat' dir='ltr'><strong>tantum</strong></span> <span class='ocrx_word' id='word_1_388' title='bbox 1127 3552 1407 3624; x_wconf 89' lang='lat' dir='ltr'><strong>fugitivum</strong></span> <span class='ocrx_word' id='word_1_389' title='bbox 1446 3552 1806 3624; x_wconf 79' lang='lat' dir='ltr'><strong>constrictum</strong></span> <span class='ocrx_word' id='word_1_390' title='bbox 1846 3552 1979 3624; x_wconf 45' lang='lat' dir='ltr'><strong>fuisf</strong></span> 
     </span>
    </p>
   </div>
   <div class='ocr_carea' id='block_1_55' title="bbox 385 3622 1978 3692">
    <p class='ocr_par' dir='ltr' id='par_1_55' title="bbox 385 3622 1978 3692">
     <span class='ocr_line' id='line_1_55' title="bbox 385 3622 1978 3692; baseline -0.008 -6"><span class='ocrx_word' id='word_1_391' title='bbox 385 3645 480 3692; x_wconf 88' lang='lat' dir='ltr'><strong>se,</strong></span> <span class='ocrx_word' id='word_1_392' title='bbox 512 3643 634 3682; x_wconf 91' lang='lat' dir='ltr'><strong>eum</strong></span> <span class='ocrx_word' id='word_1_393' title='bbox 671 3627 809 3680; x_wconf 81' lang='lat' dir='ltr'><strong>dixit</strong></span> <span class='ocrx_word' id='word_1_394' title='bbox 849 3625 909 3678; x_wconf 89' lang='grc'><strong>8.</strong></span> <span class='ocrx_word' id='word_1_395' title='bbox 940 3624 1104 3678; x_wconf 85' lang='lat' dir='ltr'><strong>Pater</strong></span> <span class='ocrx_word' id='word_1_396' title='bbox 1141 3622 1466 3692; x_wconf 84' lang='lat' dir='ltr'><strong>Benedictus</strong></span> <span class='ocrx_word' id='word_1_397' title='bbox 1506 3639 1517 3675; x_wconf 92' lang='lat'><strong>:</strong></span> <span class='ocrx_word' id='word_1_398' title='bbox 1552 3622 1676 3676; x_wconf 87' lang='lat' dir='ltr'><strong>Jam</strong></span> <span class='ocrx_word' id='word_1_399' title='bbox 1721 3622 1978 3692; x_wconf 76' lang='lat' dir='ltr'><strong>sciatsibi</strong></span> 
     </span>
    </p>
   </div>
   <div class='ocr_carea' id='block_1_56' title="bbox 385 3691 1976 3762">
    <p class='ocr_par' dir='ltr' id='par_1_56' title="bbox 385 3691 1976 3762">
     <span class='ocr_line' id='line_1_56' title="bbox 385 3691 1976 3762; baseline -0.007 -8"><span class='ocrx_word' id='word_1_400' title='bbox 385 3698 696 3754; x_wconf 78' lang='lat' dir='ltr'><strong>reversionis</strong></span> <span class='ocrx_word' id='word_1_401' title='bbox 762 3695 966 3750; x_wconf 83' lang='lat' dir='ltr'><strong>aditum</strong></span> <span class='ocrx_word' id='word_1_402' title='bbox 1028 3692 1294 3762; x_wconf 83' lang='lat' dir='ltr'><strong>denegari.</strong></span> <span class='ocrx_word' id='word_1_403' title='bbox 1348 3691 1456 3762; x_wconf 86' lang='lat' dir='ltr'><strong>Sed</strong></span> <span class='ocrx_word' id='word_1_404' title='bbox 1523 3693 1638 3747; x_wconf 67' lang='grc' dir='ltr'><strong>ικεο</strong></span> <span class='ocrx_word' id='word_1_405' title='bbox 1693 3691 1976 3746; x_wconf 87' lang='lat' dir='ltr'><strong>subtiliora</strong></span> 
     </span>
    </p>
   </div>
   <div class='ocr_carea' id='block_1_57' title="bbox 386 3761 1973 3830">
    <p class='ocr_par' dir='ltr' id='par_1_57' title="bbox 386 3761 1973 3830">
     <span class='ocr_line' id='line_1_57' title="bbox 386 3761 1973 3830; baseline -0.008 -4"><span class='ocrx_word' id='word_1_406' title='bbox 386 3777 536 3826; x_wconf 83' lang='lat' dir='ltr'><strong>sunt.</strong></span> <span class='ocrx_word' id='word_1_407' title='bbox 570 3767 706 3822; x_wconf 81' lang='lat' dir='ltr'><strong>lluie</strong></span> <span class='ocrx_word' id='word_1_408' title='bbox 729 3765 1012 3820; x_wconf 64' lang='lat' dir='ltr'><strong>sententiae</strong></span> <span class='ocrx_word' id='word_1_409' title='bbox 1039 3761 1361 3818; x_wconf 87' lang='lat' dir='ltr'><strong>adversatur</strong></span> <span class='ocrx_word' id='word_1_410' title='bbox 1385 3761 1443 3816; x_wconf 93' lang='lat' dir='ltr'><strong>S.</strong></span> <span class='ocrx_word' id='word_1_411' title='bbox 1479 3763 1788 3816; x_wconf 88' lang='lat' dir='ltr'><strong>Bernardus</strong></span> <span class='ocrx_word' id='word_1_412' title='bbox 1815 3762 1973 3830; x_wconf 90' lang='lat' dir='ltr'><strong>epist.</strong></span> 
     </span>
    </p>
   </div>
   <div class='ocr_carea' id='block_1_58' title="bbox 386 3831 1980 3908">
    <p class='ocr_par' dir='ltr' id='par_1_58' title="bbox 386 3831 1980 3908">
     <span class='ocr_line' id='line_1_58' title="bbox 386 3831 1980 3908; baseline -0.008 -12"><span class='ocrx_word' id='word_1_413' title='bbox 386 3842 457 3896; x_wconf 80' lang='lat' dir='ltr'><strong>ad</strong></span> <span class='ocrx_word' id='word_1_414' title='bbox 497 3839 674 3908; x_wconf 88' lang='lat' dir='ltr'><strong>ipsum</strong></span> <span class='ocrx_word' id='word_1_415' title='bbox 709 3836 928 3908; x_wconf 84' lang='lat' dir='ltr'><strong>Petrum</strong></span> <span class='ocrx_word' id='word_1_416' title='bbox 956 3833 1345 3908; x_wconf 75' lang='lat' dir='ltr'><strong>venerabilem,</strong></span> <span class='ocrx_word' id='word_1_417' title='bbox 1383 3831 1638 3901; x_wconf 88' lang='lat' dir='ltr'><strong>Magister</strong></span> <span class='ocrx_word' id='word_1_418' title='bbox 1681 3847 1730 3886; x_wconf 92' lang='lat' dir='ltr'><strong>c.</strong></span> <span class='ocrx_word' id='word_1_419' title='bbox 1770 3831 1838 3908; x_wconf 59' lang='lat' dir='ltr'><strong>Q4</strong></span> <span class='ocrx_word' id='word_1_420' title='bbox 1876 3831 1980 3908; x_wconf 60' lang='lat' dir='ltr'><strong>[je-</strong></span> 
     </span>
    </p>
   </div>
   <div class='ocr_carea' id='block_1_59' title="bbox 387 3900 1982 3982">
    <p class='ocr_par' dir='ltr' id='par_1_59' title="bbox 387 3900 1982 3982">
     <span class='ocr_line' id='line_1_59' title="bbox 387 3900 1982 3982; baseline -0.006 -18"><span class='ocrx_word' id='word_1_421' title='bbox 387 3900 533 3982; x_wconf 77' lang='lat' dir='ltr'><strong>gulae</strong></span> <span class='ocrx_word' id='word_1_422' title='bbox 552 3923 683 3970; x_wconf 64' lang='lat' dir='ltr'><strong>sum,</strong></span> <span class='ocrx_word' id='word_1_423' title='bbox 705 3907 805 3982; x_wconf 28' lang='lat' dir='ltr'><strong>Auiti</strong></span> <span class='ocrx_word' id='word_1_424' title='bbox 841 3907 958 3982; x_wconf 59' lang='lat' dir='ltr'><strong>haec</strong></span> <span class='ocrx_word' id='word_1_425' title='bbox 989 3905 1202 3982; x_wconf 76' lang='lat' dir='ltr'><strong>statuit_</strong></span> <span class='ocrx_word' id='word_1_426' title='bbox 1205 3900 1492 3982; x_wconf 79' lang='lat' dir='ltr'><strong>explicans</strong></span> <span class='ocrx_word' id='word_1_427' title='bbox 1520 3910 1756 3982; x_wconf 71' lang='lat' dir='ltr'><strong>mentem</strong></span> <span class='ocrx_word' id='word_1_428' title='bbox 1785 3900 1844 3955; x_wconf 98' lang='grc'><strong>8.</strong></span> <span class='ocrx_word' id='word_1_429' title='bbox 1878 3900 1982 3954; x_wconf 84' lang='lat' dir='ltr'><strong>Pa-</strong></span> 
     </span>
    </p>
   </div>
   <div class='ocr_carea' id='block_1_60' title="bbox 390 3971 1980 4040">
    <p class='ocr_par' dir='ltr' id='par_1_60' title="bbox 390 3971 1980 4040">
     <span class='ocr_line' id='line_1_60' title="bbox 390 3971 1980 4040; baseline -0.008 -2"><span class='ocrx_word' id='word_1_430' title='bbox 390 3971 492 4038; x_wconf 56' lang='lat' dir='ltr'><strong>t&#39;ris</strong></span> <span class='ocrx_word' id='word_1_431' title='bbox 549 3977 721 4033; x_wconf 90' lang='lat' dir='ltr'><strong>nostri</strong></span> <span class='ocrx_word' id='word_1_432' title='bbox 762 3975 1060 4031; x_wconf 86' lang='lat' dir='ltr'><strong>Benedicti.</strong></span> <span class='ocrx_word' id='word_1_433' title='bbox 1107 3992 1125 4024; x_wconf 86' lang='grc'><strong>‹</strong></span> <span class='ocrx_word' id='word_1_434' title='bbox 1161 3973 1354 4028; x_wconf 86' lang='lat' dir='ltr'><strong>Frater</strong></span> <span class='ocrx_word' id='word_1_435' title='bbox 1400 3973 1448 4026; x_wconf 92' lang='lat' dir='ltr'><strong>si</strong></span> <span class='ocrx_word' id='word_1_436' title='bbox 1493 3973 1690 4028; x_wconf 79' lang='lat' dir='ltr'><strong>exierit</strong></span> <span class='ocrx_word' id='word_1_437' title='bbox 1723 3971 1980 4040; x_wconf 75' lang='lat' dir='ltr'><strong>frequens</strong></span> 
     </span>
    </p>
   </div>
   <div class='ocr_carea' id='block_1_61' title="bbox 389 4042 1980 4114">
    <p class='ocr_par' dir='ltr' id='par_1_61' title="bbox 389 4042 1980 4114">
     <span class='ocr_line' id='line_1_61' title="bbox 389 4042 1980 4114; baseline -0.006 -9"><span class='ocrx_word' id='word_1_438' title='bbox 389 4052 456 4106; x_wconf 90' lang='lat' dir='ltr'><strong>de</strong></span> <span class='ocrx_word' id='word_1_439' title='bbox 500 4047 851 4111; x_wconf 89' lang='lat' dir='ltr'><strong>monasterio,</strong></span> <span class='ocrx_word' id='word_1_440' title='bbox 884 4059 1057 4114; x_wconf 84' lang='lat' dir='ltr'><strong>usque</strong></span> <span class='ocrx_word' id='word_1_441' title='bbox 1102 4045 1156 4098; x_wconf 91' lang='lat' dir='ltr'><strong>in</strong></span> <span class='ocrx_word' id='word_1_442' title='bbox 1210 4043 1428 4114; x_wconf 82' lang='lat' dir='ltr'><strong>tertium</strong></span> <span class='ocrx_word' id='word_1_443' title='bbox 1462 4057 1712 4114; x_wconf 84' lang='lat' dir='ltr'><strong>reversus</strong></span> <span class='ocrx_word' id='word_1_444' title='bbox 1748 4042 1980 4096; x_wconf 89' lang='lat' dir='ltr'><strong>resusci-</strong></span> 
     </span>
    </p>
   </div>
   <div class='ocr_carea' id='block_1_62' title="bbox 387 4113 1978 4191">
    <p class='ocr_par' dir='ltr' id='par_1_62' title="bbox 387 4113 1978 4191">
     <span class='ocr_line' id='line_1_62' title="bbox 387 4113 1978 4191; baseline -0.006 -17"><span class='ocrx_word' id='word_1_445' title='bbox 387 4123 595 4191; x_wconf 85' lang='lat' dir='ltr'><strong>piatur,</strong></span> <span class='ocrx_word' id='word_1_446' title='bbox 628 4117 860 4191; x_wconf 85' lang='lat' dir='ltr'><strong>amplius</strong></span> <span class='ocrx_word' id='word_1_447' title='bbox 898 4113 1012 4191; x_wconf 82' lang='lat' dir='ltr'><strong>jam</strong></span> <span class='ocrx_word' id='word_1_448' title='bbox 1055 4113 1553 4191; x_wconf 34' lang='lat' dir='ltr'><strong>non‘suseipiatur.</strong></span> <span class='ocrx_word' id='word_1_449' title='bbox 1595 4133 1613 4164; x_wconf 69' lang='grc' dir='ltr'><strong><em>ι</em></strong></span> <span class='ocrx_word' id='word_1_450' title='bbox 1661 4113 1727 4166; x_wconf 81' lang='lat' dir='ltr'><strong>Et</strong></span> <span class='ocrx_word' id='word_1_451' title='bbox 1757 4127 1978 4191; x_wconf 77' lang='lat' dir='ltr'><strong>causam</strong></span> 
     </span>
    </p>
   </div>
   <div class='ocr_carea' id='block_1_63' title="bbox 389 4181 1978 4256">
    <p class='ocr_par' dir='ltr' id='par_1_63' title="bbox 389 4181 1978 4256">
     <span class='ocr_line' id='line_1_63' title="bbox 389 4181 1978 4256; baseline -0.006 -12"><span class='ocrx_word' id='word_1_452' title='bbox 389 4181 541 4244; x_wconf 75' lang='lat' dir='ltr'><strong>addit</strong></span> <span class='ocrx_word' id='word_1_453' title='bbox 568 4181 590 4240; x_wconf 14' lang='lat'><strong>:7</strong></span> <span class='ocrx_word' id='word_1_454' title='bbox 615 4207 632 4238; x_wconf 75' lang='grc' dir='ltr'>ι</span> <span class='ocrx_word' id='word_1_455' title='bbox 675 4181 803 4256; x_wconf 82' lang='lat' dir='ltr'><strong>quia</strong></span> <span class='ocrx_word' id='word_1_456' title='bbox 844 4181 970 4240; x_wconf 81' lang='lat' dir='ltr'><strong>talis</strong></span> <span class='ocrx_word' id='word_1_457' title='bbox 999 4186 1139 4256; x_wconf 89' lang='lat' dir='ltr'><strong>apud</strong></span> <span class='ocrx_word' id='word_1_458' title='bbox 1167 4185 1336 4256; x_wconf 86' lang='lat' dir='ltr'><strong>Deum</strong></span> <span class='ocrx_word' id='word_1_459' title='bbox 1361 4181 1496 4256; x_wconf 33' lang='lat' dir='ltr'><strong>:ejus</strong></span> <span class='ocrx_word' id='word_1_460' title='bbox 1525 4183 1870 4256; x_wconf 85' lang='lat' dir='ltr'><strong>cognoscitur</strong></span> <span class='ocrx_word' id='word_1_461' title='bbox 1898 4182 1978 4237; x_wconf 87' lang='lat' dir='ltr'><strong>di-</strong></span> 
     </span>
    </p>
   </div>
   <div class='ocr_carea' id='block_1_64' title="bbox 388 4255 1981 4324">
    <p class='ocr_par' dir='ltr' id='par_1_64' title="bbox 388 4255 1981 4324">
     <span class='ocr_line' id='line_1_64' title="bbox 388 4255 1981 4324; baseline -0.006 -11"><span class='ocrx_word' id='word_1_462' title='bbox 388 4260 505 4314; x_wconf 88' lang='lat' dir='ltr'><strong>vini</strong></span> <span class='ocrx_word' id='word_1_463' title='bbox 535 4258 742 4312; x_wconf 87' lang='lat' dir='ltr'><strong>servitii</strong></span> <span class='ocrx_word' id='word_1_464' title='bbox 775 4256 926 4319; x_wconf 88' lang='lat' dir='ltr'><strong>ﬁdes,</strong></span> <span class='ocrx_word' id='word_1_465' title='bbox 963 4255 1142 4324; x_wconf 88' lang='lat' dir='ltr'><strong>qualis</strong></span> <span class='ocrx_word' id='word_1_466' title='bbox 1171 4255 1314 4324; x_wconf 89' lang='lat' dir='ltr'><strong>apud</strong></span> <span class='ocrx_word' id='word_1_467' title='bbox 1359 4255 1604 4308; x_wconf 86' lang='lat' dir='ltr'><strong>homines</strong></span> <span class='ocrx_word' id='word_1_468' title='bbox 1645 4255 1840 4324; x_wconf 85' lang='lat' dir='ltr'><strong>pedum</strong></span> <span class='ocrx_word' id='word_1_469' title='bbox 1870 4261 1981 4324; x_wconf 53' lang='lat' dir='ltr'><strong>sta-</strong></span> 
     </span>
    </p>
   </div>
   <div class='ocr_carea' id='block_1_65' title="bbox 388 4321 1977 4393">
    <p class='ocr_par' dir='ltr' id='par_1_65' title="bbox 388 4321 1977 4393">
     <span class='ocr_line' id='line_1_65' title="bbox 388 4321 1977 4393; baseline -0.004 -10"><span class='ocrx_word' id='word_1_470' title='bbox 388 4330 610 4384; x_wconf 89' lang='lat' dir='ltr'><strong>bilitas:</strong></span> <span class='ocrx_word' id='word_1_471' title='bbox 652 4348 669 4380; x_wconf 76' lang='grc' dir='ltr'><strong><em>ι</em></strong></span> <span class='ocrx_word' id='word_1_472' title='bbox 707 4327 772 4380; x_wconf 88' lang='lat' dir='ltr'><strong>Et</strong></span> <span class='ocrx_word' id='word_1_473' title='bbox 805 4329 877 4381; x_wconf 92' lang='lat' dir='ltr'><strong>ita</strong></span> <span class='ocrx_word' id='word_1_474' title='bbox 899 4321 1136 4393; x_wconf 80' lang='lat' dir='ltr'><strong>explicat</strong></span> <span class='ocrx_word' id='word_1_475' title='bbox 1172 4321 1364 4378; x_wconf 79' lang='lat' dir='ltr'><strong>Petrus</strong></span> <span class='ocrx_word' id='word_1_476' title='bbox 1387 4321 1672 4378; x_wconf 75' lang='lat' dir='ltr'><strong>Blaesensis</strong></span> <span class='ocrx_word' id='word_1_477' title='bbox 1703 4323 1862 4393; x_wconf 81' lang='lat' dir='ltr'><strong>epist.</strong></span> <span class='ocrx_word' id='word_1_478' title='bbox 1887 4321 1977 4393; x_wconf 87' lang='lat'><strong>88,</strong></span> 
     </span>
    </p>
   </div>
   <div class='ocr_carea' id='block_1_66' title="bbox 389 4392 1981 4470">
    <p class='ocr_par' dir='ltr' id='par_1_66' title="bbox 389 4392 1981 4470">
     <span class='ocr_line' id='line_1_66' title="bbox 389 4392 1981 4470; baseline -0.004 -18"><span class='ocrx_word' id='word_1_479' title='bbox 389 4415 556 4470; x_wconf 85' lang='lat' dir='ltr'><strong>quam</strong></span> <span class='ocrx_word' id='word_1_480' title='bbox 581 4398 803 4470; x_wconf 89' lang='lat' dir='ltr'><strong>scripsit</strong></span> <span class='ocrx_word' id='word_1_481' title='bbox 836 4396 934 4470; x_wconf 89' lang='lat' dir='ltr'><strong>_ad_</strong></span> <span class='ocrx_word' id='word_1_482' title='bbox 957 4392 1416 4470; x_wconf 70' lang='lat' dir='ltr'><strong>&#39;l‘beoderiensem</strong></span> <span class='ocrx_word' id='word_1_483' title='bbox 1461 4392 1981 4470; x_wconf 35' lang='lat' dir='ltr'><strong>abbatetnA’nomine</strong></span> 
     </span>
    </p>
   </div>
   <div class='ocr_carea' id='block_1_67' title="bbox 389 4462 1981 4536">
    <p class='ocr_par' dir='ltr' id='par_1_67' title="bbox 389 4462 1981 4536">
     <span class='ocr_line' id='line_1_67' title="bbox 389 4462 1981 4536; baseline -0.006 -13"><span class='ocrx_word' id='word_1_484' title='bbox 389 4462 651 4523; x_wconf 77' lang='lat' dir='ltr'><strong>Richardi</strong></span> <span class='ocrx_word' id='word_1_485' title='bbox 695 4462 1088 4536; x_wconf 75' lang='lat' dir='ltr'><strong>archiepiscopi</strong></span> <span class='ocrx_word' id='word_1_486' title='bbox 1151 4464 1559 4536; x_wconf 75' lang='lat' dir='ltr'><strong>cantuariensis</strong></span> <span class='ocrx_word' id='word_1_487' title='bbox 1615 4463 1850 4536; x_wconf 34' lang='lat' dir='ltr'><strong>{Quod</strong></span> <span class='ocrx_word' id='word_1_488' title='bbox 1891 4462 1981 4515; x_wconf 89' lang='lat' dir='ltr'><strong>de-</strong></span> 
     </span>
    </p>
   </div>
   <div class='ocr_carea' id='block_1_68' title="bbox 389 4531 3464 4605">
    <p class='ocr_par' dir='ltr' id='par_1_68' title="bbox 389 4531 3464 4605">
     <span class='ocr_line' id='line_1_68' title="bbox 389 4531 3464 4605; baseline -0.004 -12"><span class='ocrx_word' id='word_1_489' title='bbox 389 4549 506 4593; x_wconf 82' lang='lat' dir='ltr'><strong>vote</strong></span> <span class='ocrx_word' id='word_1_490' title='bbox 535 4548 582 4592; x_wconf 76' lang='lat' dir='ltr'><strong>et</strong></span> <span class='ocrx_word' id='word_1_491' title='bbox 605 4531 1316 4605; x_wconf 67' lang='lat' dir='ltr'><strong>humilitermisericordiam</strong></span> <span class='ocrx_word' id='word_1_492' title='bbox 1339 4535 1486 4605; x_wconf 80' lang='lat' dir='ltr'><strong>petit,</strong></span> <span class='ocrx_word' id='word_1_493' title='bbox 1507 4533 1669 4605; x_wconf 34' lang='lat' dir='ltr'><strong>Aquod</strong></span> <span class='ocrx_word' id='word_1_494' title='bbox 1712 4533 1852 4605; x_wconf 82' lang='lat' dir='ltr'><strong>omni</strong></span> <span class='ocrx_word' id='word_1_495' title='bbox 1889 4549 1975 4605; x_wconf 73' lang='lat' dir='ltr'><strong>sa-</strong></span> <span class='ocrx_word' id='word_1_496' title='bbox 2003 4547 2053 4605; x_wconf 77' lang='grc' dir='ltr'><strong>ι)</strong></span> <span class='ocrx_word' id='word_1_497' title='bbox 2082 4552 2170 4590; x_wconf 85' lang='lat' dir='ltr'><strong>res</strong></span> <span class='ocrx_word' id='word_1_498' title='bbox 2205 4536 2299 4590; x_wconf 88' lang='lat' dir='ltr'><strong>Dei</strong></span> <span class='ocrx_word' id='word_1_499' title='bbox 2333 4536 2504 4589; x_wconf 77' lang='lat' dir='ltr'><strong>servis</strong></span> <span class='ocrx_word' id='word_1_500' title='bbox 2533 4534 2647 4588; x_wconf 82' lang='lat' dir='ltr'><strong>suis</strong></span> <span class='ocrx_word' id='word_1_501' title='bbox 2669 4531 3431 4605; x_wconf 49' lang='lat' dir='ltr'><strong>dissimulaveritrefigi-mare.</strong></span> <span class='ocrx_word' id='word_1_502' title='bbox 3449 4558 3464 4589; x_wconf 74' lang='grc' dir='ltr'><strong><em>ι</em></strong></span> 
     </span>
    </p>
   </div>
   <div class='ocr_carea' id='block_1_69' title="bbox 389 4601 1968 4680">
    <p class='ocr_par' dir='ltr' id='par_1_69' title="bbox 389 4601 1968 4680">
     <span class='ocr_line' id='line_1_69' title="bbox 389 4601 1968 4680; baseline -0.004 -18"><span class='ocrx_word' id='word_1_503' title='bbox 389 4607 1005 4680; x_wconf 75' lang='lat' dir='ltr'><strong>tisfactioni_secundum</strong></span> <span class='ocrx_word' id='word_1_504' title='bbox 1036 4604 1268 4680; x_wconf 69' lang='lat' dir='ltr'><strong>regulam</strong></span> <span class='ocrx_word' id='word_1_505' title='bbox 1302 4601 1470 4680; x_wconf 67' lang='lat' dir='ltr'><strong>aancti</strong></span> <span class='ocrx_word' id='word_1_506' title='bbox 1495 4601 1762 4657; x_wconf 81' lang='lat' dir='ltr'><strong>Benedicti</strong></span> <span class='ocrx_word' id='word_1_507' title='bbox 1800 4601 1968 4680; x_wconf 32' lang='grc' dir='ltr'><strong>,σειρί-</strong></span> 
     </span>
    </p>
   </div>
   <div class='ocr_carea' id='block_1_70' title="bbox 390 4671 1966 4748">
    <p class='ocr_par' dir='ltr' id='par_1_70' title="bbox 390 4671 1966 4748">
     <span class='ocr_line' id='line_1_70' title="bbox 390 4671 1966 4748; baseline -0.006 -16"><span class='ocrx_word' id='word_1_508' title='bbox 390 4671 515 4748; x_wconf 72' lang='lat' dir='ltr'><strong>fert,</strong></span> <span class='ocrx_word' id='word_1_509' title='bbox 562 4677 704 4748; x_wconf 84' lang='lat' dir='ltr'><strong>quod</strong></span> <span class='ocrx_word' id='word_1_510' title='bbox 743 4677 1008 4748; x_wconf 81' lang='lat' dir='ltr'><strong>judicium</strong></span> <span class='ocrx_word' id='word_1_511' title='bbox 1063 4671 1107 4729; x_wconf 69' lang='grc' dir='ltr'><strong>α’</strong></span> <span class='ocrx_word' id='word_1_512' title='bbox 1138 4673 1497 4748; x_wconf 75' lang='lat' dir='ltr'><strong>misericordia</strong></span> <span class='ocrx_word' id='word_1_513' title='bbox 1532 4689 1656 4748; x_wconf 83' lang='lat' dir='ltr'><strong>_no_n</strong></span> <span class='ocrx_word' id='word_1_514' title='bbox 1696 4671 1966 4748; x_wconf 70' lang='lat' dir='ltr'><strong>excludit.</strong></span> 
     </span>
    </p>
   </div>
   <div class='ocr_carea' id='block_1_71' title="bbox 392 4742 1970 4816">
    <p class='ocr_par' dir='ltr' id='par_1_71' title="bbox 392 4742 1970 4816">
     <span class='ocr_line' id='line_1_71' title="bbox 392 4742 1970 4816; baseline -0.004 -16"><span class='ocrx_word' id='word_1_515' title='bbox 392 4742 842 4813; x_wconf 51' lang='lat' dir='ltr'><strong>Miseri&#39;cordidm,</strong></span> <span class='ocrx_word' id='word_1_516' title='bbox 864 4761 1020 4816; x_wconf 86' lang='lat' dir='ltr'><strong>quam</strong></span> <span class='ocrx_word' id='word_1_517' title='bbox 1054 4743 1328 4816; x_wconf 82' lang='lat' dir='ltr'><strong>monastici</strong></span> <span class='ocrx_word' id='word_1_518' title='bbox 1367 4742 1877 4816; x_wconf 34' lang='lat' dir='ltr'><strong>grdiuisuinstitutor</strong></span> <span class='ocrx_word' id='word_1_519' title='bbox 1901 4742 1970 4794; x_wconf 91' lang='lat' dir='ltr'><strong>ad</strong></span> 
     </span>
    </p>
   </div>
   <div class='ocr_carea' id='block_1_72' title="bbox 389 4811 1972 4881">
    <p class='ocr_par' dir='ltr' id='par_1_72' title="bbox 389 4811 1972 4881">
     <span class='ocr_line' id='line_1_72' title="bbox 389 4811 1972 4881; baseline -0.005 -10"><span class='ocrx_word' id='word_1_520' title='bbox 389 4819 682 4871; x_wconf 84' lang='lat' dir='ltr'><strong>ternarium</strong></span> <span class='ocrx_word' id='word_1_521' title='bbox 709 4811 982 4870; x_wconf 80' lang='lat' dir='ltr'><strong>numerum</strong></span> <span class='ocrx_word' id='word_1_522' title='bbox 1007 4814 1313 4877; x_wconf 79' lang='lat' dir='ltr'><strong>coarctavit,</strong></span> <span class='ocrx_word' id='word_1_523' title='bbox 1357 4811 1686 4881; x_wconf 79' lang='lat' dir='ltr'><strong>Evangelij</strong></span> <span class='ocrx_word' id='word_1_524' title='bbox 1728 4827 1972 4881; x_wconf 74' lang='lat' dir='ltr'><strong>mansue-</strong></span> 
     </span>
    </p>
   </div>
   <div class='ocr_carea' id='block_1_73' title="bbox 390 4880 1974 4964">
    <p class='ocr_par' dir='ltr' id='par_1_73' title="bbox 390 4880 1974 4964">
     <span class='ocr_line' id='line_1_73' title="bbox 390 4880 1974 4964; baseline -0.004 -23"><span class='ocrx_word' id='word_1_525' title='bbox 390 4887 520 4964; x_wconf 63' lang='lat' dir='ltr'><strong>tudo</strong></span> <span class='ocrx_word' id='word_1_526' title='bbox 577 4888 762 4964; x_wconf 52' lang='lat' dir='ltr'><strong>gratia;</strong></span> <span class='ocrx_word' id='word_1_527' title='bbox 815 4885 1111 4964; x_wconf 59' lang='lat' dir='ltr'><strong>aeptuagies</strong></span> <span class='ocrx_word' id='word_1_528' title='bbox 1156 4883 1346 4964; x_wconf 66' lang='lat' dir='ltr'><strong>septies</strong></span> <span class='ocrx_word' id='word_1_529' title='bbox 1413 4880 1702 4962; x_wconf 68' lang='lat' dir='ltr'><strong>ampliarit.</strong></span> <span class='ocrx_word' id='word_1_530' title='bbox 1759 4880 1884 4962; x_wconf 43' lang='lat' dir='ltr'><strong>Nec.</strong></span> <span class='ocrx_word' id='word_1_531' title='bbox 1920 4881 1974 4935; x_wconf 91' lang='lat' dir='ltr'><strong>id</strong></span> 
     </span>
    </p>
   </div>
   <div class='ocr_carea' id='block_1_74' title="bbox 389 4951 1971 5026">
    <p class='ocr_par' dir='ltr' id='par_1_74' title="bbox 389 4951 1971 5026">
     <span class='ocr_line' id='line_1_74' title="bbox 389 4951 1971 5026; baseline -0.005 -15"><span class='ocrx_word' id='word_1_532' title='bbox 389 4951 597 5012; x_wconf 57' lang='lat' dir='ltr'><strong>obstat&#39;</strong></span> <span class='ocrx_word' id='word_1_533' title='bbox 621 4957 764 5026; x_wconf 89' lang='lat' dir='ltr'><strong>quod</strong></span> <span class='ocrx_word' id='word_1_534' title='bbox 811 4951 967 5010; x_wconf 80' lang='lat' dir='ltr'><strong>fratri</strong></span> <span class='ocrx_word' id='word_1_535' title='bbox 1005 4951 1224 5026; x_wconf 30' lang='lat' dir='ltr'><strong>ferranti</strong></span> <span class='ocrx_word' id='word_1_536' title='bbox 1282 4953 1365 5026; x_wconf 64' lang='lat' dir='ltr'><strong>sit</strong></span> <span class='ocrx_word' id='word_1_537' title='bbox 1390 4952 1697 5026; x_wconf 77' lang='lat' dir='ltr'><strong>septuagies</strong></span> <span class='ocrx_word' id='word_1_538' title='bbox 1715 4951 1971 5026; x_wconf 78' lang='lat' dir='ltr'><strong>_scpties,</strong></span> 
     </span>
    </p>
   </div>
   <div class='ocr_carea' id='block_1_75' title="bbox 390 5020 1980 5096">
    <p class='ocr_par' dir='ltr' id='par_1_75' title="bbox 390 5020 1980 5096">
     <span class='ocr_line' id='line_1_75' title="bbox 390 5020 1980 5096; baseline -0.004 -14"><span class='ocrx_word' id='word_1_539' title='bbox 390 5028 496 5082; x_wconf 89' lang='lat' dir='ltr'><strong>hoc</strong></span> <span class='ocrx_word' id='word_1_540' title='bbox 521 5020 870 5096; x_wconf 44' lang='lat' dir='ltr'><strong>esu-semper</strong></span> <span class='ocrx_word' id='word_1_541' title='bbox 893 5025 1288 5096; x_wconf 86' lang='lat' dir='ltr'><strong>dimittendum.</strong></span> <span class='ocrx_word' id='word_1_542' title='bbox 1322 5021 1456 5096; x_wconf 80' lang='lat' dir='ltr'><strong>Nam</strong></span> <span class='ocrx_word' id='word_1_543' title='bbox 1491 5022 1553 5096; x_wconf 81' lang='lat' dir='ltr'><strong>in</strong></span> <span class='ocrx_word' id='word_1_544' title='bbox 1576 5024 1676 5076; x_wconf 89' lang='lat' dir='ltr'><strong>hac</strong></span> <span class='ocrx_word' id='word_1_545' title='bbox 1711 5020 1767 5075; x_wconf 91' lang='lat' dir='ltr'><strong>S.</strong></span> <span class='ocrx_word' id='word_1_546' title='bbox 1801 5020 1980 5076; x_wconf 87' lang='lat' dir='ltr'><strong>Patris</strong></span> 
     </span>
    </p>
   </div>
   <div class='ocr_carea' id='block_1_76' title="bbox 391 5091 1980 5163">
    <p class='ocr_par' dir='ltr' id='par_1_76' title="bbox 391 5091 1980 5163">
     <span class='ocr_line' id='line_1_76' title="bbox 391 5091 1980 5163; baseline -0.004 -12"><span class='ocrx_word' id='word_1_547' title='bbox 391 5097 576 5151; x_wconf 80' lang='lat' dir='ltr'><strong>Nostri</strong></span> <span class='ocrx_word' id='word_1_548' title='bbox 607 5091 885 5150; x_wconf 81' lang='lat' dir='ltr'><strong>Benedicti</strong></span> <span class='ocrx_word' id='word_1_549' title='bbox 933 5095 1049 5163; x_wconf 80' lang='lat' dir='ltr'><strong>lege</strong></span> <span class='ocrx_word' id='word_1_550' title='bbox 1108 5094 1288 5162; x_wconf 85' lang='lat' dir='ltr'><strong>agitur</strong></span> <span class='ocrx_word' id='word_1_551' title='bbox 1345 5093 1410 5163; x_wconf 87' lang='lat' dir='ltr'><strong>de</strong></span> <span class='ocrx_word' id='word_1_552' title='bbox 1462 5091 1980 5163; x_wconf 14' lang='lat' dir='ltr'><strong>totinsgconventus</strong></span> 
     </span>
    </p>
   </div>
   <div class='ocr_carea' id='block_1_77' title="bbox 390 5160 1981 5235">
    <p class='ocr_par' dir='ltr' id='par_1_77' title="bbox 390 5160 1981 5235">
     <span class='ocr_line' id='line_1_77' title="bbox 390 5160 1981 5235; baseline -0.005 -13"><span class='ocrx_word' id='word_1_553' title='bbox 390 5168 827 5231; x_wconf 84' lang='lat' dir='ltr'><strong>conservatione,</strong></span> <span class='ocrx_word' id='word_1_554' title='bbox 861 5166 952 5235; x_wconf 88' lang='lat' dir='ltr'><strong>qui</strong></span> <span class='ocrx_word' id='word_1_555' title='bbox 983 5160 1051 5235; x_wconf 69' lang='lat' dir='ltr'><strong>ab</strong></span> <span class='ocrx_word' id='word_1_556' title='bbox 1080 5160 1499 5235; x_wconf 81' lang='lat' dir='ltr'><strong>unopestilenti</strong></span> <span class='ocrx_word' id='word_1_557' title='bbox 1539 5160 1696 5235; x_wconf 78' lang='lat' dir='ltr'><strong>facile</strong></span> <span class='ocrx_word' id='word_1_558' title='bbox 1740 5161 1981 5235; x_wconf 82' lang='lat' dir='ltr'><strong>funesta-</strong></span> 
     </span>
    </p>
   </div>
   <div class='ocr_carea' id='block_1_78' title="bbox 392 5231 1982 5302">
    <p class='ocr_par' dir='ltr' id='par_1_78' title="bbox 392 5231 1982 5302">
     <span class='ocr_line' id='line_1_78' title="bbox 392 5231 1982 5302; baseline -0.003 -12"><span class='ocrx_word' id='word_1_559' title='bbox 392 5246 504 5302; x_wconf 91' lang='lat' dir='ltr'><strong>tur,</strong></span> <span class='ocrx_word' id='word_1_560' title='bbox 537 5236 773 5290; x_wconf 88' lang='lat' dir='ltr'><strong>maxime</strong></span> <span class='ocrx_word' id='word_1_561' title='bbox 811 5231 932 5291; x_wconf 79' lang='lat' dir='ltr'><strong>cuin</strong></span> <span class='ocrx_word' id='word_1_562' title='bbox 966 5233 1083 5302; x_wconf 90' lang='lat' dir='ltr'><strong>ejus</strong></span> <span class='ocrx_word' id='word_1_563' title='bbox 1107 5233 1301 5287; x_wconf 86' lang='lat' dir='ltr'><strong>levitas</strong></span> <span class='ocrx_word' id='word_1_564' title='bbox 1335 5240 1458 5302; x_wconf 90' lang='lat' dir='ltr'><strong>post</strong></span> <span class='ocrx_word' id='word_1_565' title='bbox 1487 5232 1682 5285; x_wconf 88' lang='lat' dir='ltr'><strong>trinam</strong></span> <span class='ocrx_word' id='word_1_566' title='bbox 1709 5231 1982 5286; x_wconf 83' lang='lat' dir='ltr'><strong>remissio—</strong></span> 
     </span>
    </p>
   </div>
   <div class='ocr_carea' id='block_1_79' title="bbox 393 5302 1982 5375">
    <p class='ocr_par' dir='ltr' id='par_1_79' title="bbox 393 5302 1982 5375">
     <span class='ocr_line' id='line_1_79' title="bbox 393 5302 1982 5375; baseline -0.004 -14"><span class='ocrx_word' id='word_1_567' title='bbox 393 5324 518 5361; x_wconf 88' lang='lat' dir='ltr'><strong>nem</strong></span> <span class='ocrx_word' id='word_1_568' title='bbox 551 5307 683 5361; x_wconf 85' lang='lat' dir='ltr'><strong>satis</strong></span> <span class='ocrx_word' id='word_1_569' title='bbox 712 5315 1058 5375; x_wconf 82' lang='lat' dir='ltr'><strong>agnoscatur,</strong></span> <span class='ocrx_word' id='word_1_570' title='bbox 1100 5313 1161 5356; x_wconf 90' lang='lat' dir='ltr'><strong>ut</strong></span> <span class='ocrx_word' id='word_1_571' title='bbox 1194 5303 1397 5375; x_wconf 82' lang='lat' dir='ltr'><strong>dictum</strong></span> <span class='ocrx_word' id='word_1_572' title='bbox 1448 5311 1570 5356; x_wconf 90' lang='lat' dir='ltr'><strong>est:</strong></span> <span class='ocrx_word' id='word_1_573' title='bbox 1611 5317 1728 5375; x_wconf 78' lang='lat' dir='ltr'><strong>non</strong></span> <span class='ocrx_word' id='word_1_574' title='bbox 1757 5316 1888 5356; x_wconf 87' lang='lat' dir='ltr'><strong>vero</strong></span> <span class='ocrx_word' id='word_1_575' title='bbox 1917 5302 1982 5355; x_wconf 92' lang='lat' dir='ltr'><strong>de</strong></span> 
     </span>
    </p>
   </div>
   <div class='ocr_carea' id='block_1_80' title="bbox 391 5371 1982 5448">
    <p class='ocr_par' dir='ltr' id='par_1_80' title="bbox 391 5371 1982 5448">
     <span class='ocr_line' id='line_1_80' title="bbox 391 5371 1982 5448; baseline -0.004 -19"><span class='ocrx_word' id='word_1_576' title='bbox 391 5378 621 5448; x_wconf 66' lang='lat' dir='ltr'><strong>privatae</strong></span> <span class='ocrx_word' id='word_1_577' title='bbox 676 5371 894 5431; x_wconf 64' lang='lat' dir='ltr'><strong>offensa:</strong></span> <span class='ocrx_word' id='word_1_578' title='bbox 935 5375 1294 5448; x_wconf 83' lang='lat' dir='ltr'><strong>remissione,</strong></span> <span class='ocrx_word' id='word_1_579' title='bbox 1341 5372 1410 5448; x_wconf 67' lang='lat' dir='ltr'><strong>de</strong></span> <span class='ocrx_word' id='word_1_580' title='bbox 1457 5388 1564 5448; x_wconf 89' lang='lat' dir='ltr'><strong>q_uo</strong></span> <span class='ocrx_word' id='word_1_581' title='bbox 1610 5371 1762 5448; x_wconf 75' lang='lat' dir='ltr'><strong>locus</strong></span> <span class='ocrx_word' id='word_1_582' title='bbox 1814 5386 1982 5448; x_wconf 66' lang='lat' dir='ltr'><strong>sacra;</strong></span> 
     </span>
    </p>
   </div>
   <div class='ocr_carea' id='block_1_81' title="bbox 396 5441 1976 5518">
    <p class='ocr_par' dir='ltr' id='par_1_81' title="bbox 396 5441 1976 5518">
     <span class='ocr_line' id='line_1_81' title="bbox 396 5441 1976 5518; baseline -0.004 -17"><span class='ocrx_word' id='word_1_583' title='bbox 396 5441 693 5518; x_wconf 70' lang='lat' dir='ltr'><strong>Scriptura:</strong></span> <span class='ocrx_word' id='word_1_584' title='bbox 743 5448 854 5518; x_wconf 86' lang='lat' dir='ltr'><strong>agit</strong></span> <span class='ocrx_word' id='word_1_585' title='bbox 902 5460 1147 5518; x_wconf 88' lang='lat' dir='ltr'><strong>neque</strong></span> <span class='ocrx_word' id='word_1_586' title='bbox 1206 5444 1324 5518; x_wconf 63' lang='lat' dir='ltr'><strong>haec</strong></span> <span class='ocrx_word' id='word_1_587' title='bbox 1479 5441 1658 5496; x_wconf 86' lang='lat' dir='ltr'><strong>Patris</strong></span> <span class='ocrx_word' id='word_1_588' title='bbox 1705 5442 1976 5518; x_wconf 79' lang='lat' dir='ltr'><strong>Benedicti</strong></span> 
     </span>
    </p>
   </div>
   <div class='ocr_carea' id='block_1_82' title="bbox 392 5511 1976 5586">
    <p class='ocr_par' dir='ltr' id='par_1_82' title="bbox 392 5511 1976 5586">
     <span class='ocr_line' id='line_1_82' title="bbox 392 5511 1976 5586; baseline -0.006 -13"><span class='ocrx_word' id='word_1_589' title='bbox 392 5511 714 5573; x_wconf 46' lang='lat' dir='ltr'><strong>cons—titmio</strong></span> <span class='ocrx_word' id='word_1_590' title='bbox 749 5511 872 5572; x_wconf 72' lang='lat' dir='ltr'><strong>cum</strong></span> <span class='ocrx_word' id='word_1_591' title='bbox 898 5516 988 5571; x_wconf 92' lang='lat' dir='ltr'><strong>illo</strong></span> <span class='ocrx_word' id='word_1_592' title='bbox 1019 5511 1241 5586; x_wconf 80' lang='lat' dir='ltr'><strong>pugnat.</strong></span> <span class='ocrx_word' id='word_1_593' title='bbox 1276 5512 1660 5586; x_wconf 26' lang='lat' dir='ltr'><strong>Maxime‘cum</strong></span> <span class='ocrx_word' id='word_1_594' title='bbox 1686 5511 1854 5586; x_wconf 80' lang='lat' dir='ltr'><strong>possit</strong></span> <span class='ocrx_word' id='word_1_595' title='bbox 1877 5512 1976 5586; x_wconf 85' lang='lat' dir='ltr'><strong>ab-</strong></span> 
     </span>
    </p>
   </div>
   <div class='ocr_carea' id='block_1_83' title="bbox 394 5581 1978 5656">
    <p class='ocr_par' dir='ltr' id='par_1_83' title="bbox 394 5581 1978 5656">
     <span class='ocr_line' id='line_1_83' title="bbox 394 5581 1978 5656; baseline -0.005 -16"><span class='ocrx_word' id='word_1_596' title='bbox 394 5589 493 5641; x_wconf 87' lang='lat' dir='ltr'><strong>bas</strong></span> <span class='ocrx_word' id='word_1_597' title='bbox 520 5595 642 5656; x_wconf 88' lang='lat' dir='ltr'><strong>post</strong></span> <span class='ocrx_word' id='word_1_598' title='bbox 665 5589 862 5642; x_wconf 89' lang='lat' dir='ltr'><strong>trinam</strong></span> <span class='ocrx_word' id='word_1_599' title='bbox 891 5581 1264 5642; x_wconf 67' lang='lat' dir='ltr'><strong>remissionem</strong></span> <span class='ocrx_word' id='word_1_600' title='bbox 1299 5583 1474 5654; x_wconf 89' lang='lat' dir='ltr'><strong>cjecto</strong></span> <span class='ocrx_word' id='word_1_601' title='bbox 1510 5582 1663 5656; x_wconf 75' lang='lat' dir='ltr'><strong>fratri</strong></span> <span class='ocrx_word' id='word_1_602' title='bbox 1695 5581 1978 5656; x_wconf 87' lang='lat' dir='ltr'><strong>charitatis</strong></span> 
     </span>
    </p>
   </div>
   <div class='ocr_carea' id='block_1_84' title="bbox 394 5651 1976 5719">
    <p class='ocr_par' dir='ltr' id='par_1_84' title="bbox 394 5651 1976 5719">
     <span class='ocr_line' id='line_1_84' title="bbox 394 5651 1976 5719; baseline -0.005 -7"><span class='ocrx_word' id='word_1_603' title='bbox 394 5651 572 5712; x_wconf 80' lang='lat' dir='ltr'><strong>cilicia</strong></span> <span class='ocrx_word' id='word_1_604' title='bbox 609 5668 762 5712; x_wconf 81' lang='lat' dir='ltr'><strong>extra</strong></span> <span class='ocrx_word' id='word_1_605' title='bbox 785 5657 1170 5712; x_wconf 87' lang='lat' dir='ltr'><strong>monasterium</strong></span> <span class='ocrx_word' id='word_1_606' title='bbox 1201 5651 1479 5709; x_wconf 78' lang='lat' dir='ltr'><strong>exhibere.</strong></span> <span class='ocrx_word' id='word_1_607' title='bbox 1513 5652 1590 5708; x_wconf 85' lang='lat' dir='ltr'><strong>Ne</strong></span> <span class='ocrx_word' id='word_1_608' title='bbox 1625 5661 1805 5707; x_wconf 90' lang='lat' dir='ltr'><strong>autem</strong></span> <span class='ocrx_word' id='word_1_609' title='bbox 1833 5651 1976 5719; x_wconf 86' lang='lat' dir='ltr'><strong>ejus-</strong></span> 
     </span>
    </p>
   </div>
   <div class='ocr_carea' id='block_1_85' title="bbox 397 5721 1976 5796">
    <p class='ocr_par' dir='ltr' id='par_1_85' title="bbox 397 5721 1976 5796">
     <span class='ocr_line' id='line_1_85' title="bbox 397 5721 1976 5796; baseline -0.006 -14"><span class='ocrx_word' id='word_1_610' title='bbox 397 5729 542 5782; x_wconf 88' lang='lat' dir='ltr'><strong>modi</strong></span> <span class='ocrx_word' id='word_1_611' title='bbox 581 5730 876 5783; x_wconf 86' lang='lat' dir='ltr'><strong>monachus</strong></span> <span class='ocrx_word' id='word_1_612' title='bbox 914 5727 1121 5794; x_wconf 89' lang='lat' dir='ltr'><strong>ejeclus</strong></span> <span class='ocrx_word' id='word_1_613' title='bbox 1169 5735 1376 5796; x_wconf 86' lang='lat' dir='ltr'><strong>pereat,</strong></span> <span class='ocrx_word' id='word_1_614' title='bbox 1421 5725 1580 5778; x_wconf 86' lang='lat' dir='ltr'><strong>debet</strong></span> <span class='ocrx_word' id='word_1_615' title='bbox 1623 5737 1843 5796; x_wconf 84' lang='lat' dir='ltr'><strong>manere</strong></span> <span class='ocrx_word' id='word_1_616' title='bbox 1876 5721 1976 5796; x_wconf 78' lang='lat' dir='ltr'><strong>sub</strong></span> 
     </span>
    </p>
   </div>
   <div class='ocr_carea' id='block_1_86' title="bbox 397 5793 1973 5870">
    <p class='ocr_par' dir='ltr' id='par_1_86' title="bbox 397 5793 1973 5870">
     <span class='ocr_line' id='line_1_86' title="bbox 397 5793 1973 5870; baseline -0.006 -16"><span class='ocrx_word' id='word_1_617' title='bbox 397 5814 546 5863; x_wconf 87' lang='lat' dir='ltr'><strong>cura,</strong></span> <span class='ocrx_word' id='word_1_618' title='bbox 589 5810 646 5854; x_wconf 85' lang='lat' dir='ltr'><strong>et</strong></span> <span class='ocrx_word' id='word_1_619' title='bbox 684 5793 955 5870; x_wconf 74' lang='lat' dir='ltr'><strong>regimine</strong></span> <span class='ocrx_word' id='word_1_620' title='bbox 976 5793 1232 5868; x_wconf 80' lang='lat' dir='ltr'><strong>episcopi,</strong></span> <span class='ocrx_word' id='word_1_621' title='bbox 1273 5807 1329 5851; x_wconf 86' lang='lat' dir='ltr'><strong>ut</strong></span> <span class='ocrx_word' id='word_1_622' title='bbox 1361 5797 1615 5852; x_wconf 84' lang='lat' dir='ltr'><strong>statuitur</strong></span> <span class='ocrx_word' id='word_1_623' title='bbox 1661 5795 1712 5846; x_wconf 91' lang='lat' dir='ltr'><strong>in</strong></span> <span class='ocrx_word' id='word_1_624' title='bbox 1745 5793 1973 5847; x_wconf 88' lang='lat' dir='ltr'><strong>concilio</strong></span> 
     </span>
    </p>
   </div>
   <div class='ocr_carea' id='block_1_87' title="bbox 2079 1945 3672 2018">
    <p class='ocr_par' dir='ltr' id='par_1_87' title="bbox 2079 1945 3672 2018">
     <span class='ocr_line' id='line_1_87' title="bbox 2079 1945 3672 2018; baseline 0.007 -18"><span class='ocrx_word' id='word_1_625' title='bbox 2079 1945 2290 2000; x_wconf 86' lang='lat' dir='ltr'><strong>servitii</strong></span> <span class='ocrx_word' id='word_1_626' title='bbox 2315 1945 2470 2010; x_wconf 88' lang='lat' dir='ltr'><strong>ﬁdes,</strong></span> <span class='ocrx_word' id='word_1_627' title='bbox 2505 1945 2682 2014; x_wconf 89' lang='lat' dir='ltr'><strong>qualis</strong></span> <span class='ocrx_word' id='word_1_628' title='bbox 2711 1945 2853 2014; x_wconf 86' lang='lat' dir='ltr'><strong>apud</strong></span> <span class='ocrx_word' id='word_1_629' title='bbox 2897 1945 3146 2002; x_wconf 91' lang='lat' dir='ltr'><strong>homines</strong></span> <span class='ocrx_word' id='word_1_630' title='bbox 3175 1951 3376 2018; x_wconf 88' lang='lat' dir='ltr'><strong>pedum</strong></span> <span class='ocrx_word' id='word_1_631' title='bbox 3404 1954 3672 2010; x_wconf 85' lang='lat' dir='ltr'><strong>stabilitas</strong></span> 
     </span>
    </p>
   </div>
   <div class='ocr_carea' id='block_1_88' title="bbox 2078 2034 3670 2112">
    <p class='ocr_par' dir='ltr' id='par_1_88' title="bbox 2078 2034 3670 2112">
     <span class='ocr_line' id='line_1_88' title="bbox 2078 2034 3670 2112; baseline 0.007 -23"><span class='ocrx_word' id='word_1_632' title='bbox 2078 2035 2343 2089; x_wconf 91' lang='lat' dir='ltr'><strong>constitit.</strong></span> <span class='ocrx_word' id='word_1_633' title='bbox 2375 2035 2440 2089; x_wconf 91' lang='lat' dir='ltr'><strong>Et</strong></span> <span class='ocrx_word' id='word_1_634' title='bbox 2469 2043 2529 2088; x_wconf 91' lang='lat' dir='ltr'><strong>ut</strong></span> <span class='ocrx_word' id='word_1_635' title='bbox 2576 2034 2708 2104; x_wconf 89' lang='lat' dir='ltr'><strong>quid</strong></span> <span class='ocrx_word' id='word_1_636' title='bbox 2763 2035 2814 2088; x_wconf 93' lang='lat' dir='ltr'><strong>in</strong></span> <span class='ocrx_word' id='word_1_637' title='bbox 2857 2039 3185 2093; x_wconf 88' lang='lat' dir='ltr'><strong>monasterio</strong></span> <span class='ocrx_word' id='word_1_638' title='bbox 3227 2038 3340 2107; x_wconf 90' lang='lat' dir='ltr'><strong>jam</strong></span> <span class='ocrx_word' id='word_1_639' title='bbox 3392 2057 3528 2112; x_wconf 89' lang='lat' dir='ltr'><strong>opus</strong></span> <span class='ocrx_word' id='word_1_640' title='bbox 3576 2045 3670 2110; x_wconf 89' lang='lat' dir='ltr'><strong>sit,</strong></span> 
     </span>
    </p>
   </div>
   <div class='ocr_carea' id='block_1_89' title="bbox 2078 2125 3671 2200">
    <p class='ocr_par' dir='ltr' id='par_1_89' title="bbox 2078 2125 3671 2200">
     <span class='ocr_line' id='line_1_89' title="bbox 2078 2125 3671 2200; baseline 0.008 -21"><span class='ocrx_word' id='word_1_641' title='bbox 2078 2141 2240 2194; x_wconf 91' lang='lat' dir='ltr'><strong>quem</strong></span> <span class='ocrx_word' id='word_1_642' title='bbox 2284 2126 2428 2181; x_wconf 87' lang='lat' dir='ltr'><strong>Deus</strong></span> <span class='ocrx_word' id='word_1_643' title='bbox 2474 2141 2579 2180; x_wconf 92' lang='lat' dir='ltr'><strong>non</strong></span> <span class='ocrx_word' id='word_1_644' title='bbox 2627 2126 2922 2194; x_wconf 87' lang='lat' dir='ltr'><strong>possidet?</strong></span> <span class='ocrx_word' id='word_1_645' title='bbox 2979 2125 3208 2198; x_wconf 81' lang='lat' dir='ltr'><strong>Ideoque</strong></span> <span class='ocrx_word' id='word_1_646' title='bbox 3263 2141 3388 2200; x_wconf 91' lang='lat' dir='ltr'><strong>post</strong></span> <span class='ocrx_word' id='word_1_647' title='bbox 3453 2138 3671 2192; x_wconf 88' lang='lat' dir='ltr'><strong>tertiam</strong></span> 
     </span>
    </p>
   </div>
   <div class='ocr_carea' id='block_1_90' title="bbox 2079 2214 3673 2286">
    <p class='ocr_par' dir='ltr' id='par_1_90' title="bbox 2079 2214 3673 2286">
     <span class='ocr_line' id='line_1_90' title="bbox 2079 2214 3673 2286; baseline 0.01 -18"><span class='ocrx_word' id='word_1_648' title='bbox 2079 2227 2118 2254; x_wconf 82' lang='grc' dir='ltr'>ω</span> <span class='ocrx_word' id='word_1_649' title='bbox 2151 2215 2548 2286; x_wconf 89' lang='lat' dir='ltr'><strong>correptionem</strong></span> <span class='ocrx_word' id='word_1_650' title='bbox 2584 2214 2732 2286; x_wconf 88' lang='lat' dir='ltr'><strong>juste</strong></span> <span class='ocrx_word' id='word_1_651' title='bbox 2773 2218 3106 2274; x_wconf 88' lang='lat' dir='ltr'><strong>monasterio</strong></span> <span class='ocrx_word' id='word_1_652' title='bbox 3133 2219 3203 2274; x_wconf 91' lang='lat' dir='ltr'><strong>sit</strong></span> <span class='ocrx_word' id='word_1_653' title='bbox 3238 2231 3297 2276; x_wconf 91' lang='lat' dir='ltr'><strong>ut</strong></span> <span class='ocrx_word' id='word_1_654' title='bbox 3321 2225 3576 2282; x_wconf 89' lang='lat' dir='ltr'><strong>ethnicus</strong></span> <span class='ocrx_word' id='word_1_655' title='bbox 3617 2237 3673 2284; x_wconf 91' lang='lat' dir='ltr'><strong>et</strong></span> 
     </span>
    </p>
   </div>
   <div class='ocr_carea' id='block_1_91' title="bbox 2079 2305 2418 2375">
    <p class='ocr_par' dir='ltr' id='par_1_91' title="bbox 2079 2305 2418 2375">
     <span class='ocr_line' id='line_1_91' title="bbox 2079 2305 2418 2375; baseline -0.006 -16"><span class='ocrx_word' id='word_1_656' title='bbox 2079 2305 2418 2375; x_wconf 88' lang='lat' dir='ltr'><strong>publicanus.</strong></span> 
     </span>
    </p>
   </div>
   <div class='ocr_carea' id='block_1_92' title="bbox 2255 2395 3488 2476">
    <p class='ocr_par' dir='ltr' id='par_1_92' title="bbox 2255 2395 3488 2476">
     <span class='ocr_line' id='line_1_92' title="bbox 2255 2395 3488 2476; baseline 0.011 -28"><span class='ocrx_word' id='word_1_657' title='bbox 2255 2395 2282 2467; x_wconf 65' lang='grc' dir='ltr'>θ</span> <span class='ocrx_word' id='word_1_658' title='bbox 2316 2395 2378 2449; x_wconf 90' lang='lat' dir='ltr'><strong>V.</strong></span> <span class='ocrx_word' id='word_1_659' title='bbox 2407 2427 2474 2436; x_wconf 96' lang='lat'><strong>—</strong></span> <span class='ocrx_word' id='word_1_660' title='bbox 2503 2395 2581 2450; x_wconf 85' lang='lat' dir='ltr'><strong>Ex</strong></span> <span class='ocrx_word' id='word_1_661' title='bbox 2621 2395 2840 2451; x_wconf 72' lang='lat' dir='ltr'><strong>Recuu</strong></span> <span class='ocrx_word' id='word_1_662' title='bbox 2879 2411 3145 2454; x_wconf 72' lang='lat' dir='ltr'><strong>cowsnu</strong></span> <span class='ocrx_word' id='word_1_663' title='bbox 3188 2399 3326 2473; x_wconf 83' lang='lat' dir='ltr'><strong>(cap.</strong></span> <span class='ocrx_word' id='word_1_664' title='bbox 3375 2404 3488 2476; x_wconf 73' lang='grc'><strong>21).</strong></span> 
     </span>
    </p>
   </div>
   <div class='ocr_carea' id='block_1_93' title="bbox 2152 2485 3668 2572">
    <p class='ocr_par' dir='ltr' id='par_1_93' title="bbox 2152 2485 3668 2572">
     <span class='ocr_line' id='line_1_93' title="bbox 2152 2485 3668 2572; baseline 0.01 -30"><span class='ocrx_word' id='word_1_665' title='bbox 2152 2486 2209 2542; x_wconf 91' lang='lat' dir='ltr'><strong>Si</strong></span> <span class='ocrx_word' id='word_1_666' title='bbox 2232 2487 2339 2542; x_wconf 89' lang='lat' dir='ltr'><strong>ullo</strong></span> <span class='ocrx_word' id='word_1_667' title='bbox 2370 2495 2611 2557; x_wconf 88' lang='lat' dir='ltr'><strong>tempore</strong></span> <span class='ocrx_word' id='word_1_668' title='bbox 2636 2485 2800 2557; x_wconf 91' lang='lat' dir='ltr'><strong>(quod</strong></span> <span class='ocrx_word' id='word_1_669' title='bbox 2826 2488 2968 2543; x_wconf 88' lang='lat' dir='ltr'><strong>absit</strong></span> <span class='ocrx_word' id='word_1_670' title='bbox 2989 2505 3020 2543; x_wconf 90' lang='lat' dir='ltr'><strong>a</strong></span> <span class='ocrx_word' id='word_1_671' title='bbox 3041 2489 3350 2549; x_wconf 87' lang='lat' dir='ltr'><strong>Christiana</strong></span> <span class='ocrx_word' id='word_1_672' title='bbox 3385 2497 3668 2572; x_wconf 85' lang='lat' dir='ltr'><strong>religione)</strong></span> 
     </span>
    </p>
   </div>
   <div class='ocr_carea' id='block_1_94' title="bbox 2083 2639 3672 2722">
    <p class='ocr_par' dir='ltr' id='par_1_94' title="bbox 2083 2639 3672 2722">
     <span class='ocr_line' id='line_1_94' title="bbox 2083 2639 3672 2722; baseline 0.011 -29"><span class='ocrx_word' id='word_1_673' title='bbox 2083 2639 2363 2722; x_wconf 78' lang='lat' dir='ltr'><strong>Meldensi,</strong></span> <span class='ocrx_word' id='word_1_674' title='bbox 2399 2655 2521 2722; x_wconf 79' lang='lat' dir='ltr'><strong>can.</strong></span> <span class='ocrx_word' id='word_1_675' title='bbox 2561 2639 2650 2705; x_wconf 88' lang='lat'><strong>59,</strong></span> <span class='ocrx_word' id='word_1_676' title='bbox 2681 2641 2734 2694; x_wconf 89' lang='lat' dir='ltr'><strong>in</strong></span> <span class='ocrx_word' id='word_1_677' title='bbox 2773 2655 2883 2722; x_wconf 85' lang='lat' dir='ltr'><strong>quo</strong></span> <span class='ocrx_word' id='word_1_678' title='bbox 2915 2649 3105 2722; x_wconf 63' lang='lat' dir='ltr'><strong>tamen</strong></span> <span class='ocrx_word' id='word_1_679' title='bbox 3151 2648 3476 2722; x_wconf 76' lang='lat' dir='ltr'><strong>astringitur</strong></span> <span class='ocrx_word' id='word_1_680' title='bbox 3502 2653 3672 2710; x_wconf 83' lang='lat' dir='ltr'><strong>abbas</strong></span> 
     </span>
    </p>
   </div>
   <div class='ocr_carea' id='block_1_95' title="bbox 2081 2710 3666 2792">
    <p class='ocr_par' dir='ltr' id='par_1_95' title="bbox 2081 2710 3666 2792">
     <span class='ocr_line' id='line_1_95' title="bbox 2081 2710 3666 2792; baseline 0.009 -28"><span class='ocrx_word' id='word_1_681' title='bbox 2081 2710 2364 2792; x_wconf 77' lang='lat' dir='ltr'><strong>consulere</strong></span> <span class='ocrx_word' id='word_1_682' title='bbox 2397 2710 2731 2792; x_wconf 77' lang='lat' dir='ltr'><strong>episcopum,</strong></span> <span class='ocrx_word' id='word_1_683' title='bbox 2765 2718 2858 2792; x_wconf 76' lang='lat' dir='ltr'><strong>aut</strong></span> <span class='ocrx_word' id='word_1_684' title='bbox 2880 2710 2997 2778; x_wconf 88' lang='lat' dir='ltr'><strong>ejus</strong></span> <span class='ocrx_word' id='word_1_685' title='bbox 3019 2714 3303 2792; x_wconf 79' lang='lat' dir='ltr'><strong>vicarium,</strong></span> <span class='ocrx_word' id='word_1_686' title='bbox 3329 2710 3666 2792; x_wconf 45' lang='lat' dir='ltr'><strong>&quot;priusquam</strong></span> 
     </span>
    </p>
   </div>
   <div class='ocr_carea' id='block_1_96' title="bbox 2082 2779 3671 2848">
    <p class='ocr_par' dir='ltr' id='par_1_96' title="bbox 2082 2779 3671 2848">
     <span class='ocr_line' id='line_1_96' title="bbox 2082 2779 3671 2848; baseline 0.009 -14"><span class='ocrx_word' id='word_1_687' title='bbox 2082 2779 2662 2848; x_wconf 34' lang='lat' dir='ltr'><strong>monachum’ejiciat.</strong></span> <span class='ocrx_word' id='word_1_688' title='bbox 2700 2798 2718 2830; x_wconf 84' lang='grc'><strong><em>‹</em></strong></span> <span class='ocrx_word' id='word_1_689' title='bbox 2774 2779 2844 2836; x_wconf 92' lang='lat' dir='ltr'><strong>Ut</strong></span> <span class='ocrx_word' id='word_1_690' title='bbox 2887 2783 3187 2839; x_wconf 88' lang='lat' dir='ltr'><strong>monachus</strong></span> <span class='ocrx_word' id='word_1_691' title='bbox 3233 2779 3300 2842; x_wconf 83' lang='lat' dir='ltr'><strong>de</strong></span> <span class='ocrx_word' id='word_1_692' title='bbox 3337 2779 3671 2848; x_wconf 71' lang='lat' dir='ltr'><strong>monasterio</strong></span> 
     </span>
    </p>
   </div>
   <div class='ocr_carea' id='block_1_97' title="bbox 2084 2850 3670 2924">
    <p class='ocr_par' dir='ltr' id='par_1_97' title="bbox 2084 2850 3670 2924">
     <span class='ocr_line' id='line_1_97' title="bbox 2084 2850 3670 2924; baseline 0.005 -21"><span class='ocrx_word' id='word_1_693' title='bbox 2084 2850 2203 2924; x_wconf 78' lang='lat' dir='ltr'><strong>sine</strong></span> <span class='ocrx_word' id='word_1_694' title='bbox 2233 2851 2502 2924; x_wconf 79' lang='lat' dir='ltr'><strong>consultu,</strong></span> <span class='ocrx_word' id='word_1_695' title='bbox 2556 2860 2610 2924; x_wconf 81' lang='lat' dir='ltr'><strong>et</strong></span> <span class='ocrx_word' id='word_1_696' title='bbox 2657 2851 2998 2924; x_wconf 24' lang='lat' dir='ltr'><strong>p‘rtesci‘entia</strong></span> <span class='ocrx_word' id='word_1_697' title='bbox 3049 2854 3308 2924; x_wconf 90' lang='lat' dir='ltr'><strong>episcopi,</strong></span> <span class='ocrx_word' id='word_1_698' title='bbox 3339 2869 3434 2915; x_wconf 86' lang='lat' dir='ltr'><strong>aut</strong></span> <span class='ocrx_word' id='word_1_699' title='bbox 3480 2863 3670 2918; x_wconf 83' lang='lat' dir='ltr'><strong>vicarii</strong></span> 
     </span>
    </p>
   </div>
   <div class='ocr_carea' id='block_1_98' title="bbox 2083 2920 3672 3000">
    <p class='ocr_par' dir='ltr' id='par_1_98' title="bbox 2083 2920 3672 3000">
     <span class='ocr_line' id='line_1_98' title="bbox 2083 2920 3672 3000; baseline 0.01 -26"><span class='ocrx_word' id='word_1_700' title='bbox 2083 2921 2294 3000; x_wconf 43' lang='lat' dir='ltr'><strong>ejus‘ab</strong></span> <span class='ocrx_word' id='word_1_701' title='bbox 2323 2921 2431 3000; x_wconf 74' lang='lat' dir='ltr'><strong>hoc</strong></span> <span class='ocrx_word' id='word_1_702' title='bbox 2462 2920 2786 2992; x_wconf 89' lang='lat' dir='ltr'><strong>regulariter</strong></span> <span class='ocrx_word' id='word_1_703' title='bbox 2823 2920 3099 3000; x_wconf 70' lang='lat' dir='ltr'><strong>deductus</strong></span> <span class='ocrx_word' id='word_1_704' title='bbox 3126 2920 3544 2997; x_wconf 54' lang='lat' dir='ltr'><strong>non&#39;ejiciatur:</strong></span> <span class='ocrx_word' id='word_1_705' title='bbox 3577 2947 3672 2989; x_wconf 86' lang='lat' dir='ltr'><strong>eu—</strong></span> 
     </span>
    </p>
   </div>
   <div class='ocr_carea' id='block_1_99' title="bbox 2078 2991 3668 3060">
    <p class='ocr_par' dir='ltr' id='par_1_99' title="bbox 2078 2991 3668 3060">
     <span class='ocr_line' id='line_1_99' title="bbox 2078 2991 3668 3060; baseline 0.009 -15"><span class='ocrx_word' id='word_1_706' title='bbox 2078 2991 2168 3058; x_wconf 90' lang='lat' dir='ltr'><strong>jus</strong></span> <span class='ocrx_word' id='word_1_707' title='bbox 2190 2991 2545 3060; x_wconf 84' lang='lat' dir='ltr'><strong>dispositione</strong></span> <span class='ocrx_word' id='word_1_708' title='bbox 2570 2999 2625 3045; x_wconf 89' lang='lat' dir='ltr'><strong>et</strong></span> <span class='ocrx_word' id='word_1_709' title='bbox 2664 2991 2987 3046; x_wconf 87' lang='lat' dir='ltr'><strong>auctoritate</strong></span> <span class='ocrx_word' id='word_1_710' title='bbox 3010 2994 3076 3047; x_wconf 89' lang='lat' dir='ltr'><strong>de</strong></span> <span class='ocrx_word' id='word_1_711' title='bbox 3103 2991 3302 3052; x_wconf 78' lang='lat' dir='ltr'><strong>caetero</strong></span> <span class='ocrx_word' id='word_1_712' title='bbox 3328 3000 3435 3054; x_wconf 87' lang='lat' dir='ltr'><strong>vita</strong></span> <span class='ocrx_word' id='word_1_713' title='bbox 3463 3011 3518 3056; x_wconf 90' lang='lat' dir='ltr'><strong>et</strong></span> <span class='ocrx_word' id='word_1_714' title='bbox 3540 3019 3668 3059; x_wconf 86' lang='lat' dir='ltr'><strong>con-</strong></span> 
     </span>
    </p>
   </div>
   <div class='ocr_carea' id='block_1_100' title="bbox 2084 3060 3673 3144">
    <p class='ocr_par' dir='ltr' id='par_1_100' title="bbox 2084 3060 3673 3144">
     <span class='ocr_line' id='line_1_100' title="bbox 2084 3060 3673 3144; baseline 0.008 -30"><span class='ocrx_word' id='word_1_715' title='bbox 2084 3061 2319 3144; x_wconf 79' lang='lat' dir='ltr'><strong>versatio</strong></span> <span class='ocrx_word' id='word_1_716' title='bbox 2335 3060 2528 3144; x_wconf 45' lang='lat' dir='ltr'><strong>‘ejeeti,</strong></span> <span class='ocrx_word' id='word_1_717' title='bbox 2569 3062 2917 3144; x_wconf 65' lang='lat' dir='ltr'><strong>neperditus</strong></span> <span class='ocrx_word' id='word_1_718' title='bbox 2945 3073 3205 3144; x_wconf 75' lang='lat' dir='ltr'><strong>perpetuo</strong></span> <span class='ocrx_word' id='word_1_719' title='bbox 3245 3066 3360 3134; x_wconf 77' lang='lat' dir='ltr'><strong>ﬁat,</strong></span> <span class='ocrx_word' id='word_1_720' title='bbox 3409 3072 3452 3126; x_wconf 88' lang='lat' dir='ltr'><strong>si</strong></span> <span class='ocrx_word' id='word_1_721' title='bbox 3489 3073 3673 3143; x_wconf 87' lang='lat' dir='ltr'><strong>aliquo</strong></span> 
     </span>
    </p>
   </div>
   <div class='ocr_carea' id='block_1_101' title="bbox 2086 3131 3664 3207">
    <p class='ocr_par' dir='ltr' id='par_1_101' title="bbox 2086 3131 3664 3207">
     <span class='ocr_line' id='line_1_101' title="bbox 2086 3131 3664 3207; baseline 0.01 -23"><span class='ocrx_word' id='word_1_722' title='bbox 2086 3131 2469 3207; x_wconf 30' lang='lat' dir='ltr'><strong>modoﬁsalvari</strong></span> <span class='ocrx_word' id='word_1_723' title='bbox 2490 3141 2689 3207; x_wconf 82' lang='lat' dir='ltr'><strong>potest,</strong></span> <span class='ocrx_word' id='word_1_724' title='bbox 2716 3131 2960 3207; x_wconf 68' lang='lat' dir='ltr'><strong>ordinari</strong></span> <span class='ocrx_word' id='word_1_725' title='bbox 2988 3131 3149 3207; x_wconf 79' lang='lat' dir='ltr'><strong>debet</strong></span> <span class='ocrx_word' id='word_1_726' title='bbox 3179 3131 3354 3207; x_wconf 80' lang='lat' dir='ltr'><strong>atque</strong></span> <span class='ocrx_word' id='word_1_727' title='bbox 3373 3131 3610 3198; x_wconf 74' lang='lat' dir='ltr'><strong>decerni.</strong></span> <span class='ocrx_word' id='word_1_728' title='bbox 3647 3165 3664 3197; x_wconf 74' lang='grc' dir='ltr'><strong>ο</strong></span> 
     </span>
    </p>
   </div>
   <div class='ocr_carea' id='block_1_102' title="bbox 2159 3201 3670 3282">
    <p class='ocr_par' dir='ltr' id='par_1_102' title="bbox 2159 3201 3670 3282">
     <span class='ocr_line' id='line_1_102' title="bbox 2159 3201 3670 3282; baseline 0.02 -41"><span class='ocrx_word' id='word_1_729' title='bbox 2159 3212 2182 3241; x_wconf 85' lang='lat' dir='ltr'><strong>e</strong></span> <span class='ocrx_word' id='word_1_730' title='bbox 2235 3201 2454 3282; x_wconf 37' lang='lat' dir='ltr'><strong>giﬁqufs</strong></span> <span class='ocrx_word' id='word_1_731' title='bbox 2491 3201 2814 3282; x_wconf 54' lang='grc' dir='ltr'><strong>ῂτρπιὶεενρ.</strong></span> <span class='ocrx_word' id='word_1_732' title='bbox 2863 3201 3058 3258; x_wconf 84' lang='lat' dir='ltr'><strong>Exstat</strong></span> <span class='ocrx_word' id='word_1_733' title='bbox 3109 3205 3164 3259; x_wconf 91' lang='lat' dir='ltr'><strong>in</strong></span> <span class='ocrx_word' id='word_1_734' title='bbox 3215 3201 3419 3282; x_wconf 75' lang='lat' dir='ltr'><strong>Regula</strong></span> <span class='ocrx_word' id='word_1_735' title='bbox 3470 3228 3670 3270; x_wconf 82' lang='lat' dir='ltr'><strong>excusa</strong></span> 
     </span>
    </p>
   </div>
   <div class='ocr_carea' id='block_1_103' title="bbox 2083 3271 2811 3338">
    <p class='ocr_par' dir='ltr' id='par_1_103' title="bbox 2083 3271 2811 3338">
     <span class='ocr_line' id='line_1_103' title="bbox 2083 3271 2811 3338; baseline -0.004 -10"><span class='ocrx_word' id='word_1_736' title='bbox 2083 3272 2269 3328; x_wconf 89' lang='lat' dir='ltr'><strong>Sancti</strong></span> <span class='ocrx_word' id='word_1_737' title='bbox 2300 3271 2597 3338; x_wconf 85' lang='lat' dir='ltr'><strong>Pachomii,</strong></span> <span class='ocrx_word' id='word_1_738' title='bbox 2629 3283 2731 3326; x_wconf 90' lang='lat' dir='ltr'><strong>art.</strong></span> <span class='ocrx_word' id='word_1_739' title='bbox 2761 3272 2811 3325; x_wconf 87' lang='lat'><strong>9.</strong></span> 
     </span>
    </p>
   </div>
   <div class='ocr_carea' id='block_1_104' title="bbox 2147 3342 3669 3411">
    <p class='ocr_par' dir='ltr' id='par_1_104' title="bbox 2147 3342 3669 3411">
     <span class='ocr_line' id='line_1_104' title="bbox 2147 3342 3669 3411; baseline 0.011 -17"><span class='ocrx_word' id='word_1_740' title='bbox 2147 3342 2174 3382; x_wconf 75' lang='grc' dir='ltr'>ἀ</span> <span class='ocrx_word' id='word_1_741' title='bbox 2223 3343 2508 3397; x_wconf 82' lang='lat' dir='ltr'><strong>Observare</strong></span> <span class='ocrx_word' id='word_1_742' title='bbox 2547 3361 2620 3397; x_wconf 84' lang='lat' dir='ltr'><strong>se.</strong></span> <span class='ocrx_word' id='word_1_743' title='bbox 2669 3345 2726 3399; x_wconf 86' lang='grc' dir='ltr'><strong>τὸ</strong></span> <span class='ocrx_word' id='word_1_744' title='bbox 2755 3359 2809 3397; x_wconf 82' lang='lat' dir='ltr'><strong>se</strong></span> <span class='ocrx_word' id='word_1_745' title='bbox 2847 3342 3145 3411; x_wconf 79' lang='lat' dir='ltr'><strong>redundat,</strong></span> <span class='ocrx_word' id='word_1_746' title='bbox 3193 3363 3294 3403; x_wconf 91' lang='lat' dir='ltr'><strong>nec</strong></span> <span class='ocrx_word' id='word_1_747' title='bbox 3334 3351 3570 3408; x_wconf 78' lang='lat' dir='ltr'><strong>habetur</strong></span> <span class='ocrx_word' id='word_1_748' title='bbox 3615 3357 3669 3411; x_wconf 85' lang='lat' dir='ltr'><strong>in</strong></span> 
     </span>
    </p>
   </div>
   <div class='ocr_carea' id='block_1_105' title="bbox 2081 3412 2552 3483">
    <p class='ocr_par' dir='ltr' id='par_1_105' title="bbox 2081 3412 2552 3483">
     <span class='ocr_line' id='line_1_105' title="bbox 2081 3412 2552 3483; baseline -0.002 -16"><span class='ocrx_word' id='word_1_749' title='bbox 2081 3412 2288 3483; x_wconf 77' lang='lat' dir='ltr'><strong>Regula</strong></span> <span class='ocrx_word' id='word_1_750' title='bbox 2331 3429 2552 3468; x_wconf 81' lang='lat' dir='ltr'><strong>excusa.</strong></span> 
     </span>
    </p>
   </div>
   <div class='ocr_carea' id='block_1_106' title="bbox 2154 3481 3667 3548">
    <p class='ocr_par' dir='ltr' id='par_1_106' title="bbox 2154 3481 3667 3548">
     <span class='ocr_line' id='line_1_106' title="bbox 2154 3481 3667 3548; baseline 0.01 -15"><span class='ocrx_word' id='word_1_751' title='bbox 2154 3481 2469 3538; x_wconf 46' lang='lat' dir='ltr'><strong>e‘Pascetur</strong></span> <span class='ocrx_word' id='word_1_752' title='bbox 2502 3485 2638 3536; x_wconf 86' lang='lat' dir='ltr'><strong>inter</strong></span> <span class='ocrx_word' id='word_1_753' title='bbox 2682 3482 2897 3537; x_wconf 79' lang='lat' dir='ltr'><strong>otiosos.</strong></span> <span class='ocrx_word' id='word_1_754' title='bbox 2951 3482 3020 3538; x_wconf 88' lang='lat' dir='ltr'><strong>Ut</strong></span> <span class='ocrx_word' id='word_1_755' title='bbox 3068 3486 3268 3540; x_wconf 87' lang='lat' dir='ltr'><strong>rubore</strong></span> <span class='ocrx_word' id='word_1_756' title='bbox 3304 3489 3667 3548; x_wconf 74' lang='lat' dir='ltr'><strong>suffundatur.</strong></span> 
     </span>
    </p>
   </div>
   <div class='ocr_carea' id='block_1_107' title="bbox 2154 3551 3668 3632">
    <p class='ocr_par' dir='ltr' id='par_1_107' title="bbox 2154 3551 3668 3632">
     <span class='ocr_line' id='line_1_107' title="bbox 2154 3551 3668 3632; baseline 0.019 -42"><span class='ocrx_word' id='word_1_757' title='bbox 2154 3552 2174 3590; x_wconf 72' lang='grc' dir='ltr'><em>τ</em></span> <span class='ocrx_word' id='word_1_758' title='bbox 2209 3552 2716 3632; x_wconf 41' lang='grc' dir='ltr'><strong>ςηηῙ-αιὶιιιιξδκθῑο..</strong></span> <span class='ocrx_word' id='word_1_759' title='bbox 2770 3551 3049 3632; x_wconf 50' lang='lat' dir='ltr'><strong>Haecnnon</strong></span> <span class='ocrx_word' id='word_1_760' title='bbox 3095 3564 3314 3632; x_wconf 75' lang='lat' dir='ltr'><strong>exstant</strong></span> <span class='ocrx_word' id='word_1_761' title='bbox 3361 3559 3413 3632; x_wconf 85' lang='lat' dir='ltr'><strong>in</strong></span> <span class='ocrx_word' id='word_1_762' title='bbox 3465 3560 3668 3632; x_wconf 82' lang='lat' dir='ltr'><strong>Regula</strong></span> 
     </span>
    </p>
   </div>
   <div class='ocr_carea' id='block_1_108' title="bbox 2079 3620 3668 3691">
    <p class='ocr_par' dir='ltr' id='par_1_108' title="bbox 2079 3620 3668 3691">
     <span class='ocr_line' id='line_1_108' title="bbox 2079 3620 3668 3691; baseline 0.007 -14"><span class='ocrx_word' id='word_1_763' title='bbox 2079 3639 2181 3678; x_wconf 91' lang='lat' dir='ltr'><strong>ms.</strong></span> <span class='ocrx_word' id='word_1_764' title='bbox 2222 3623 2278 3677; x_wconf 93' lang='grc'><strong>8.</strong></span> <span class='ocrx_word' id='word_1_765' title='bbox 2313 3620 2600 3691; x_wconf 83' lang='lat' dir='ltr'><strong>Fructuosi</strong></span> <span class='ocrx_word' id='word_1_766' title='bbox 2624 3621 2863 3691; x_wconf 90' lang='lat' dir='ltr'><strong>episc0pi</strong></span> <span class='ocrx_word' id='word_1_767' title='bbox 2896 3620 3268 3688; x_wconf 88' lang='lat' dir='ltr'><strong>Braearensis,</strong></span> <span class='ocrx_word' id='word_1_768' title='bbox 3299 3630 3395 3682; x_wconf 86' lang='lat' dir='ltr'><strong>sed</strong></span> <span class='ocrx_word' id='word_1_769' title='bbox 3419 3620 3668 3687; x_wconf 66' lang='lat' dir='ltr'><strong>videntur</strong></span> 
     </span>
    </p>
   </div>
   <div class='ocr_carea' id='block_1_109' title="bbox 2078 3690 3667 3774">
    <p class='ocr_par' dir='ltr' id='par_1_109' title="bbox 2078 3690 3667 3774">
     <span class='ocr_line' id='line_1_109' title="bbox 2078 3690 3667 3774; baseline 0.006 -27"><span class='ocrx_word' id='word_1_770' title='bbox 2078 3709 2200 3774; x_wconf 77' lang='lat' dir='ltr'><strong>esse</strong></span> <span class='ocrx_word' id='word_1_771' title='bbox 2226 3693 2452 3774; x_wconf 79' lang='lat' dir='ltr'><strong>alterius</strong></span> <span class='ocrx_word' id='word_1_772' title='bbox 2487 3690 2772 3746; x_wconf 87' lang='lat' dir='ltr'><strong>Fructuosi</strong></span> <span class='ocrx_word' id='word_1_773' title='bbox 2805 3690 2826 3744; x_wconf 69' lang='grc' dir='ltr'><em>ξ</em></span> <span class='ocrx_word' id='word_1_774' title='bbox 2867 3693 3114 3761; x_wconf 85' lang='lat' dir='ltr'><strong>quamvis</strong></span> <span class='ocrx_word' id='word_1_775' title='bbox 3159 3710 3190 3748; x_wconf 91' lang='lat' dir='ltr'><strong>a</strong></span> <span class='ocrx_word' id='word_1_776' title='bbox 3228 3694 3530 3770; x_wconf 87' lang='lat' dir='ltr'><strong>Smaragdo</strong></span> <span class='ocrx_word' id='word_1_777' title='bbox 3573 3719 3667 3774; x_wconf 87' lang='lat' dir='ltr'><strong>ap-</strong></span> 
     </span>
    </p>
   </div>
   <div class='ocr_carea' id='block_1_110' title="bbox 2078 3764 2663 3834">
    <p class='ocr_par' dir='ltr' id='par_1_110' title="bbox 2078 3764 2663 3834">
     <span class='ocr_line' id='line_1_110' title="bbox 2078 3764 2663 3834; baseline -0.007 -16"><span class='ocrx_word' id='word_1_778' title='bbox 2078 3764 2308 3834; x_wconf 82' lang='lat' dir='ltr'><strong>pelletur</strong></span> <span class='ocrx_word' id='word_1_779' title='bbox 2357 3764 2663 3834; x_wconf 74' lang='lat' dir='ltr'><strong>episCOpus.</strong></span> 
     </span>
    </p>
   </div>
   <div class='ocr_carea' id='block_1_111' title="bbox 2153 3829 3448 3900">
    <p class='ocr_par' dir='ltr' id='par_1_111' title="bbox 2153 3829 3448 3900">
     <span class='ocr_line' id='line_1_111' title="bbox 2153 3829 3448 3900; baseline 0.006 -15"><span class='ocrx_word' id='word_1_780' title='bbox 2153 3837 2178 3874; x_wconf 77' lang='grc'><strong>8</strong></span> <span class='ocrx_word' id='word_1_781' title='bbox 2223 3833 2288 3886; x_wconf 86' lang='grc' dir='ltr'><strong>1η</strong></span> <span class='ocrx_word' id='word_1_782' title='bbox 2313 3829 2459 3886; x_wconf 73' lang='lat' dir='ltr'><strong>aliud</strong></span> <span class='ocrx_word' id='word_1_783' title='bbox 2487 3829 2590 3884; x_wconf 73' lang='lat' dir='ltr'><strong>non</strong></span> <span class='ocrx_word' id='word_1_784' title='bbox 2619 3829 2920 3900; x_wconf 78' lang='lat' dir='ltr'><strong>recipiatur.</strong></span> <span class='ocrx_word' id='word_1_785' title='bbox 2951 3830 3028 3886; x_wconf 91' lang='lat' dir='ltr'><strong>De</strong></span> <span class='ocrx_word' id='word_1_786' title='bbox 3065 3833 3167 3889; x_wconf 87' lang='lat' dir='ltr'><strong>hac</strong></span> <span class='ocrx_word' id='word_1_787' title='bbox 3197 3851 3255 3890; x_wconf 89' lang='lat' dir='ltr'><strong>re</strong></span> <span class='ocrx_word' id='word_1_788' title='bbox 3286 3836 3448 3892; x_wconf 90' lang='lat' dir='ltr'><strong>infra.</strong></span> 
     </span>
    </p>
   </div>
   <div class='ocr_carea' id='block_1_112' title="bbox 2127 3897 3665 3980">
    <p class='ocr_par' dir='ltr' id='par_1_112' title="bbox 2127 3897 3665 3980">
     <span class='ocr_line' id='line_1_112' title="bbox 2127 3897 3665 3980; baseline 0.016 -37"><span class='ocrx_word' id='word_1_789' title='bbox 2127 3897 2395 3980; x_wconf 36' lang='lat' dir='ltr'><strong>‘h‘Nequ</strong></span> <span class='ocrx_word' id='word_1_790' title='bbox 2421 3901 2684 3980; x_wconf 65' lang='lat' dir='ltr'><strong>qd_pacis_</strong></span> <span class='ocrx_word' id='word_1_791' title='bbox 2714 3897 2970 3980; x_wconf 64' lang='lat' dir='ltr'><strong>osculum.</strong></span> <span class='ocrx_word' id='word_1_792' title='bbox 3017 3902 3170 3969; x_wconf 83' lang='lat' dir='ltr'><strong>Quod</strong></span> <span class='ocrx_word' id='word_1_793' title='bbox 3210 3903 3368 3974; x_wconf 82' lang='lat' dir='ltr'><strong>juxta</strong></span> <span class='ocrx_word' id='word_1_794' title='bbox 3404 3909 3665 3980; x_wconf 79' lang='lat' dir='ltr'><strong>Regulam</strong></span> 
     </span>
    </p>
   </div>
   <div class='ocr_carea' id='block_1_113' title="bbox 2081 3970 2993 4040">
    <p class='ocr_par' dir='ltr' id='par_1_113' title="bbox 2081 3970 2993 4040">
     <span class='ocr_line' id='line_1_113' title="bbox 2081 3970 2993 4040; baseline -0.007 -10"><span class='ocrx_word' id='word_1_795' title='bbox 2081 3975 2138 4030; x_wconf 88' lang='lat' dir='ltr'><strong>S.</strong></span> <span class='ocrx_word' id='word_1_796' title='bbox 2170 3970 2447 4028; x_wconf 86' lang='lat' dir='ltr'><strong>Benedicti</strong></span> <span class='ocrx_word' id='word_1_797' title='bbox 2485 3972 2645 4026; x_wconf 77' lang='lat' dir='ltr'><strong>datm</strong></span> <span class='ocrx_word' id='word_1_798' title='bbox 2671 3970 2993 4040; x_wconf 89' lang='lat' dir='ltr'><strong>hospitibus.</strong></span> 
     </span>
    </p>
   </div>
   <div class='ocr_carea' id='block_1_114' title="bbox 2156 4039 3666 4113">
    <p class='ocr_par' dir='ltr' id='par_1_114' title="bbox 2156 4039 3666 4113">
     <span class='ocr_line' id='line_1_114' title="bbox 2156 4039 3666 4113; baseline 0.007 -17"><span class='ocrx_word' id='word_1_799' title='bbox 2156 4042 2593 4113; x_wconf 81' lang='lat' dir='ltr'><strong>iReformentur.</strong></span> <span class='ocrx_word' id='word_1_800' title='bbox 2645 4039 2702 4094; x_wconf 91' lang='lat' dir='ltr'><strong>ld</strong></span> <span class='ocrx_word' id='word_1_801' title='bbox 2756 4039 2864 4113; x_wconf 76' lang='lat' dir='ltr'><strong>est,</strong></span> <span class='ocrx_word' id='word_1_802' title='bbox 2921 4041 3295 4113; x_wconf 84' lang='lat' dir='ltr'><strong>restituantur.</strong></span> <span class='ocrx_word' id='word_1_803' title='bbox 3345 4047 3666 4108; x_wconf 86' lang='lat' dir='ltr'><strong>Rcformare</strong></span> 
     </span>
    </p>
   </div>
   <div class='ocr_carea' id='block_1_115' title="bbox 2079 4110 3660 4191">
    <p class='ocr_par' dir='ltr' id='par_1_115' title="bbox 2079 4110 3660 4191">
     <span class='ocr_line' id='line_1_115' title="bbox 2079 4110 3660 4191; baseline 0.005 -24"><span class='ocrx_word' id='word_1_804' title='bbox 2079 4114 2224 4191; x_wconf 70' lang='lat' dir='ltr'><strong>enim</strong></span> <span class='ocrx_word' id='word_1_805' title='bbox 2247 4110 2335 4191; x_wconf 66' lang='lat' dir='ltr'><strong>est</strong></span> <span class='ocrx_word' id='word_1_806' title='bbox 2365 4112 2610 4191; x_wconf 77' lang='lat' dir='ltr'><strong>reddere,</strong></span> <span class='ocrx_word' id='word_1_807' title='bbox 2639 4110 2949 4191; x_wconf 74' lang='lat' dir='ltr'><strong>restituere.</strong></span> <span class='ocrx_word' id='word_1_808' title='bbox 2988 4111 3263 4191; x_wconf 82' lang='lat' dir='ltr'><strong>Sidonius,</strong></span> <span class='ocrx_word' id='word_1_809' title='bbox 3294 4117 3386 4172; x_wconf 92' lang='lat' dir='ltr'><strong>lib.</strong></span> <span class='ocrx_word' id='word_1_810' title='bbox 3414 4135 3471 4191; x_wconf 71' lang='lat' dir='ltr'><strong>iv</strong></span> <span class='ocrx_word' id='word_1_811' title='bbox 3499 4123 3660 4191; x_wconf 89' lang='lat' dir='ltr'><strong>epist.</strong></span> 
     </span>
    </p>
   </div>
   <div class='ocr_carea' id='block_1_116' title="bbox 2079 4181 3667 4250">
    <p class='ocr_par' dir='ltr' id='par_1_116' title="bbox 2079 4181 3667 4250">
     <span class='ocr_line' id='line_1_116' title="bbox 2079 4181 3667 4250; baseline 0.004 -10"><span class='ocrx_word' id='word_1_812' title='bbox 2079 4185 2184 4240; x_wconf 65' lang='lat'><strong>24:</strong></span> <span class='ocrx_word' id='word_1_813' title='bbox 2222 4203 2238 4234; x_wconf 77' lang='grc' dir='ltr'>ι</span> <span class='ocrx_word' id='word_1_814' title='bbox 2276 4182 2357 4238; x_wconf 88' lang='lat' dir='ltr'><strong>Ob</strong></span> <span class='ocrx_word' id='word_1_815' title='bbox 2401 4185 2504 4238; x_wconf 90' lang='lat' dir='ltr'><strong>hoc</strong></span> <span class='ocrx_word' id='word_1_816' title='bbox 2530 4183 2704 4250; x_wconf 90' lang='lat' dir='ltr'><strong>ipsum</strong></span> <span class='ocrx_word' id='word_1_817' title='bbox 2733 4181 2947 4250; x_wconf 90' lang='lat' dir='ltr'><strong>publica</strong></span> <span class='ocrx_word' id='word_1_818' title='bbox 2991 4185 3288 4241; x_wconf 87' lang='lat' dir='ltr'><strong>auctoritas</strong></span> <span class='ocrx_word' id='word_1_819' title='bbox 3320 4189 3459 4245; x_wconf 89' lang='lat' dir='ltr'><strong>male</strong></span> <span class='ocrx_word' id='word_1_820' title='bbox 3487 4181 3667 4247; x_wconf 76' lang='lat' dir='ltr'><strong>valen-</strong></span> 
     </span>
    </p>
   </div>
   <div class='ocr_carea' id='block_1_117' title="bbox 2081 4251 3667 4324">
    <p class='ocr_par' dir='ltr' id='par_1_117' title="bbox 2081 4251 3667 4324">
     <span class='ocr_line' id='line_1_117' title="bbox 2081 4251 3667 4324; baseline 0.005 -14"><span class='ocrx_word' id='word_1_821' title='bbox 2081 4265 2191 4310; x_wconf 91' lang='lat' dir='ltr'><strong>tem</strong></span> <span class='ocrx_word' id='word_1_822' title='bbox 2222 4251 2672 4324; x_wconf 79' lang='lat' dir='ltr'><strong>patremfamilias</strong></span> <span class='ocrx_word' id='word_1_823' title='bbox 2702 4251 2990 4324; x_wconf 81' lang='lat' dir='ltr'><strong>violentius</strong></span> <span class='ocrx_word' id='word_1_824' title='bbox 3037 4255 3106 4308; x_wconf 88' lang='lat' dir='ltr'><strong>ad</strong></span> <span class='ocrx_word' id='word_1_825' title='bbox 3137 4254 3540 4314; x_wconf 89' lang='lat' dir='ltr'><strong>reformandum</strong></span> <span class='ocrx_word' id='word_1_826' title='bbox 3579 4263 3667 4318; x_wconf 88' lang='lat' dir='ltr'><strong>de-</strong></span> 
     </span>
    </p>
   </div>
   <div class='ocr_carea' id='block_1_118' title="bbox 2081 4320 3664 4386">
    <p class='ocr_par' dir='ltr' id='par_1_118' title="bbox 2081 4320 3664 4386">
     <span class='ocr_line' id='line_1_118' title="bbox 2081 4320 3664 4386; baseline -0.001 -6"><span class='ocrx_word' id='word_1_827' title='bbox 2081 4320 2251 4380; x_wconf 80' lang='lat' dir='ltr'><strong>bitum</strong></span> <span class='ocrx_word' id='word_1_828' title='bbox 2280 4331 2538 4378; x_wconf 88' lang='lat' dir='ltr'><strong>arctaret.</strong></span> <span class='ocrx_word' id='word_1_829' title='bbox 2564 4342 2580 4373; x_wconf 77' lang='grc' dir='ltr'><strong><em>ι</em></strong></span> <span class='ocrx_word' id='word_1_830' title='bbox 2600 4321 2765 4376; x_wconf 87' lang='lat' dir='ltr'><strong>Cone.</strong></span> <span class='ocrx_word' id='word_1_831' title='bbox 2787 4320 2971 4376; x_wconf 86' lang='lat' dir='ltr'><strong>Aurel.</strong></span> <span class='ocrx_word' id='word_1_832' title='bbox 3006 4339 3064 4386; x_wconf 83' lang='grc' dir='ltr'><strong>ιι,</strong></span> <span class='ocrx_word' id='word_1_833' title='bbox 3088 4339 3207 4378; x_wconf 89' lang='lat' dir='ltr'><strong>can.</strong></span> <span class='ocrx_word' id='word_1_834' title='bbox 3233 4327 3335 4380; x_wconf 70' lang='lat'><strong>24:</strong></span> <span class='ocrx_word' id='word_1_835' title='bbox 3368 4347 3386 4378; x_wconf 85' lang='grc'><strong><em>‹</em></strong></span> <span class='ocrx_word' id='word_1_836' title='bbox 3423 4331 3664 4386; x_wconf 87' lang='lat' dir='ltr'><strong>Primum</strong></span> 
     </span>
    </p>
   </div>
   <div class='ocr_carea' id='block_1_119' title="bbox 2083 4391 3658 4463">
    <p class='ocr_par' dir='ltr' id='par_1_119' title="bbox 2083 4391 3658 4463">
     <span class='ocr_line' id='line_1_119' title="bbox 2083 4391 3658 4463; baseline 0.001 -12"><span class='ocrx_word' id='word_1_837' title='bbox 2083 4398 2474 4458; x_wconf 88' lang='lat' dir='ltr'><strong>admoneatur,</strong></span> <span class='ocrx_word' id='word_1_838' title='bbox 2536 4393 2627 4463; x_wconf 89' lang='lat' dir='ltr'><strong>qui</strong></span> <span class='ocrx_word' id='word_1_839' title='bbox 2681 4391 2936 4463; x_wconf 80' lang='lat' dir='ltr'><strong>abstulit,</strong></span> <span class='ocrx_word' id='word_1_840' title='bbox 2992 4393 3223 4463; x_wconf 84' lang='lat' dir='ltr'><strong>civiliter</strong></span> <span class='ocrx_word' id='word_1_841' title='bbox 3280 4397 3596 4454; x_wconf 83' lang='lat' dir='ltr'><strong>reformare.</strong></span> <span class='ocrx_word' id='word_1_842' title='bbox 3640 4422 3658 4452; x_wconf 74' lang='grc' dir='ltr'><strong>ο</strong></span> 
     </span>
    </p>
   </div>
   <div class='ocr_carea' id='block_1_120' title="bbox 2081 4461 3663 4526">
    <p class='ocr_par' dir='ltr' id='par_1_120' title="bbox 2081 4461 3663 4526">
     <span class='ocr_line' id='line_1_120' title="bbox 2081 4461 3663 4526; baseline 0.003 -5"><span class='ocrx_word' id='word_1_843' title='bbox 2081 4466 2247 4521; x_wconf 85' lang='lat' dir='ltr'><strong>Cone.</strong></span> <span class='ocrx_word' id='word_1_844' title='bbox 2279 4465 2483 4520; x_wconf 83' lang='lat' dir='ltr'><strong>&#39;l‘uron.</strong></span> <span class='ocrx_word' id='word_1_845' title='bbox 2536 4461 2574 4518; x_wconf 78' lang='lat' dir='ltr'><strong>ti</strong></span> <span class='ocrx_word' id='word_1_846' title='bbox 2617 4478 2738 4517; x_wconf 90' lang='lat' dir='ltr'><strong>can.</strong></span> <span class='ocrx_word' id='word_1_847' title='bbox 2786 4461 2896 4514; x_wconf 69' lang='lat'><strong>26:</strong></span> <span class='ocrx_word' id='word_1_848' title='bbox 2932 4480 2950 4511; x_wconf 86' lang='grc'><strong><em>‹</em></strong></span> <span class='ocrx_word' id='word_1_849' title='bbox 2994 4462 3059 4514; x_wconf 89' lang='lat' dir='ltr'><strong>Et</strong></span> <span class='ocrx_word' id='word_1_850' title='bbox 3097 4464 3326 4520; x_wconf 86' lang='lat' dir='ltr'><strong>veritate</strong></span> <span class='ocrx_word' id='word_1_851' title='bbox 3382 4480 3663 4526; x_wconf 79' lang='lat' dir='ltr'><strong>comperta</strong></span> 
     </span>
    </p>
   </div>
   <div class='ocr_carea' id='block_1_121' title="bbox 3545 4557 3629 4594">
    <p class='ocr_par' dir='ltr' id='par_1_121' title="bbox 3545 4557 3629 4594">
     <span class='ocr_line' id='line_1_121' title="bbox 3545 4557 3629 4594; baseline 0 0"><span class='ocrx_word' id='word_1_852' title='bbox 3545 4557 3629 4594; x_wconf 72' lang='grc' dir='ltr'><strong>θαι</strong></span> 
     </span>
    </p>
   </div>
   <div class='ocr_carea' id='block_1_122' title="bbox 2081 4557 3662 4675">
    <p class='ocr_par' dir='ltr' id='par_1_122' title="bbox 2081 4557 3662 4675">
     <span class='ocr_line' id='line_1_122' title="bbox 2083 4557 3662 4613; baseline 0.001 -23"><span class='ocrx_word' id='word_1_853' title='bbox 2083 4557 2170 4590; x_wconf 82' lang='lat' dir='ltr'><strong>res</strong></span> <span class='ocrx_word' id='word_1_854' title='bbox 2205 4557 2299 4590; x_wconf 83' lang='lat' dir='ltr'><strong>uel</strong></span> <span class='ocrx_word' id='word_1_855' title='bbox 2333 4557 2504 4589; x_wconf 75' lang='lat' dir='ltr'><strong>serus</strong></span> <span class='ocrx_word' id='word_1_856' title='bbox 2533 4557 2647 4588; x_wconf 65' lang='lat' dir='ltr'><strong>auls</strong></span> <span class='ocrx_word' id='word_1_857' title='bbox 2669 4557 3088 4613; x_wconf 66' lang='lat' dir='ltr'><strong>unssutuuavcnt</strong></span> <span class='ocrx_word' id='word_1_858' title='bbox 3116 4557 3464 4592; x_wconf 70' lang='lat' dir='ltr'><strong>rewrmure.)</strong></span> <span class='ocrx_word' id='word_1_859' title='bbox 3500 4557 3662 4610; x_wconf 76' lang='lat' dir='ltr'><strong>Legts</strong></span> 
     </span>
     <span class='ocr_line' id='line_1_123' title="bbox 2081 4601 3661 4675; baseline -0.006 -16"><span class='ocrx_word' id='word_1_860' title='bbox 2081 4606 2503 4675; x_wconf 88' lang='lat' dir='ltr'><strong>Wisigothorum</strong></span> <span class='ocrx_word' id='word_1_861' title='bbox 2537 4605 2632 4658; x_wconf 91' lang='lat' dir='ltr'><strong>lib.</strong></span> <span class='ocrx_word' id='word_1_862' title='bbox 2680 4618 2775 4666; x_wconf 88' lang='lat' dir='ltr'><strong>vn,</strong></span> <span class='ocrx_word' id='word_1_863' title='bbox 2809 4610 2892 4675; x_wconf 76' lang='lat' dir='ltr'><strong>tit.</strong></span> <span class='ocrx_word' id='word_1_864' title='bbox 2935 4603 2990 4675; x_wconf 71' lang='grc'>5,</span> <span class='ocrx_word' id='word_1_865' title='bbox 3021 4601 3055 4654; x_wconf 94' lang='lat' dir='ltr'><strong>l.</strong></span> <span class='ocrx_word' id='word_1_866' title='bbox 3088 4601 3167 4675; x_wconf 62' lang='grc' dir='ltr'><strong>λίς</strong></span> <span class='ocrx_word' id='word_1_867' title='bbox 3205 4603 3274 4657; x_wconf 89' lang='lat' dir='ltr'><strong>Et</strong></span> <span class='ocrx_word' id='word_1_868' title='bbox 3313 4608 3390 4660; x_wconf 78' lang='lat' dir='ltr'><strong>sic</strong></span> <span class='ocrx_word' id='word_1_869' title='bbox 3432 4621 3661 4675; x_wconf 73' lang='lat' dir='ltr'><strong>postmo-</strong></span> 
     </span>
    </p>
   </div>
   <div class='ocr_carea' id='block_1_123' title="bbox 2077 4673 3658 4746">
    <p class='ocr_par' dir='ltr' id='par_1_123' title="bbox 2077 4673 3658 4746">
     <span class='ocr_line' id='line_1_124' title="bbox 2077 4673 3658 4746; baseline 0.003 -17"><span class='ocrx_word' id='word_1_870' title='bbox 2077 4673 2359 4746; x_wconf 22' lang='lat' dir='ltr'><strong>dumpqui</strong></span> <span class='ocrx_word' id='word_1_871' title='bbox 2399 4675 2662 4746; x_wconf 79' lang='lat' dir='ltr'><strong>plagiatus</strong></span> <span class='ocrx_word' id='word_1_872' title='bbox 2691 4673 3031 4746; x_wconf 30' lang='lat' dir='ltr'><strong>estadominp</strong></span> <span class='ocrx_word' id='word_1_873' title='bbox 3082 4673 3510 4746; x_wconf 52' lang='lat' dir='ltr'><strong>reformet-urfet</strong></span> <span class='ocrx_word' id='word_1_874' title='bbox 3565 4679 3658 4734; x_wconf 83' lang='lat' dir='ltr'><strong>lib.</strong></span> 
     </span>
    </p>
   </div>
   <div class='ocr_carea' id='block_1_124' title="bbox 2077 4743 3660 4816">
    <p class='ocr_par' dir='ltr' id='par_1_124' title="bbox 2077 4743 3660 4816">
     <span class='ocr_line' id='line_1_125' title="bbox 2077 4743 3660 4816; baseline 0.003 -17"><span class='ocrx_word' id='word_1_875' title='bbox 2077 4762 2172 4799; x_wconf 85' lang='lat' dir='ltr'><strong>vm</strong></span> <span class='ocrx_word' id='word_1_876' title='bbox 2213 4743 2452 4816; x_wconf 80' lang='lat' dir='ltr'><strong>ejusdem</strong></span> <span class='ocrx_word' id='word_1_877' title='bbox 2489 4743 2623 4816; x_wconf 81' lang='lat' dir='ltr'><strong>legis</strong></span> <span class='ocrx_word' id='word_1_878' title='bbox 2665 4744 2748 4816; x_wconf 89' lang='lat' dir='ltr'><strong>tit_.</strong></span> <span class='ocrx_word' id='word_1_879' title='bbox 2785 4745 2840 4807; x_wconf 78' lang='lat'><strong>5,</strong></span> <span class='ocrx_word' id='word_1_880' title='bbox 2886 4743 2922 4796; x_wconf 92' lang='lat' dir='ltr'><strong>l.</strong></span> <span class='ocrx_word' id='word_1_881' title='bbox 2953 4743 3040 4816; x_wconf 70' lang='lat' dir='ltr'><strong>f5,</strong></span> <span class='ocrx_word' id='word_1_882' title='bbox 3077 4752 3130 4798; x_wconf 90' lang='lat' dir='ltr'><strong>et</strong></span> <span class='ocrx_word' id='word_1_883' title='bbox 3163 4744 3296 4815; x_wconf 89' lang='lat' dir='ltr'><strong>legis</strong></span> <span class='ocrx_word' id='word_1_884' title='bbox 3322 4745 3660 4816; x_wconf 85' lang='lat' dir='ltr'><strong>Burgundio-</strong></span> 
     </span>
    </p>
   </div>
   <div class='ocr_carea' id='block_1_125' title="bbox 2080 4813 3664 4886">
    <p class='ocr_par' dir='ltr' id='par_1_125' title="bbox 2080 4813 3664 4886">
     <span class='ocr_line' id='line_1_126' title="bbox 2080 4813 3664 4886; baseline 0.003 -16"><span class='ocrx_word' id='word_1_885' title='bbox 2080 4832 2208 4871; x_wconf 85' lang='lat' dir='ltr'><strong>num</strong></span> <span class='ocrx_word' id='word_1_886' title='bbox 2243 4816 2327 4868; x_wconf 86' lang='lat' dir='ltr'><strong>tit.</strong></span> <span class='ocrx_word' id='word_1_887' title='bbox 2359 4815 2448 4877; x_wconf 71' lang='lat'><strong>29,</strong></span> <span class='ocrx_word' id='word_1_888' title='bbox 2484 4815 2511 4886; x_wconf 84' lang='lat'>§</span> <span class='ocrx_word' id='word_1_889' title='bbox 2596 4833 2618 4886; x_wconf 61' lang='grc' dir='ltr'><strong>Δι</strong></span> <span class='ocrx_word' id='word_1_890' title='bbox 2655 4835 2688 4886; x_wconf 33' lang='grc' dir='ltr'><strong>ι-</strong></span> <span class='ocrx_word' id='word_1_891' title='bbox 2712 4813 2917 4886; x_wconf 84' lang='lat' dir='ltr'><strong>lta_ut,_</strong></span> <span class='ocrx_word' id='word_1_892' title='bbox 2944 4813 2990 4866; x_wconf 80' lang='lat' dir='ltr'><strong>si</strong></span> <span class='ocrx_word' id='word_1_893' title='bbox 3029 4830 3091 4886; x_wconf 77' lang='lat' dir='ltr'><strong>ea</strong></span> <span class='ocrx_word' id='word_1_894' title='bbox 3135 4813 3253 4886; x_wconf 40' lang='lat' dir='ltr'><strong>qut-1t</strong></span> <span class='ocrx_word' id='word_1_895' title='bbox 3277 4813 3511 4886; x_wconf 57' lang='lat' dir='ltr'><strong>abstulit,</strong></span> <span class='ocrx_word' id='word_1_896' title='bbox 3559 4836 3664 4873; x_wconf 78' lang='lat' dir='ltr'><strong>non</strong></span> 
     </span>
    </p>
   </div>
   <div class='ocr_carea' id='block_1_126' title="bbox 2078 4883 3664 4956">
    <p class='ocr_par' dir='ltr' id='par_1_126' title="bbox 2078 4883 3664 4956">
     <span class='ocr_line' id='line_1_127' title="bbox 2078 4883 3664 4956; baseline 0.001 -17"><span class='ocrx_word' id='word_1_897' title='bbox 2078 4886 2339 4956; x_wconf 78' lang='lat' dir='ltr'><strong>potuerint</strong></span> <span class='ocrx_word' id='word_1_898' title='bbox 2384 4883 2627 4956; x_wconf 59' lang='lat' dir='ltr'><strong>inveniri,</strong></span> <span class='ocrx_word' id='word_1_899' title='bbox 2673 4883 2726 4935; x_wconf 85' lang='lat' dir='ltr'><strong>in</strong></span> <span class='ocrx_word' id='word_1_900' title='bbox 2764 4883 3008 4956; x_wconf 74' lang='lat' dir='ltr'><strong>simplum</strong></span> <span class='ocrx_word' id='word_1_901' title='bbox 3056 4883 3120 4937; x_wconf 86' lang='lat' dir='ltr'><strong>de</strong></span> <span class='ocrx_word' id='word_1_902' title='bbox 3153 4884 3284 4956; x_wconf 60' lang='lat' dir='ltr'><strong>suis</strong></span> <span class='ocrx_word' id='word_1_903' title='bbox 3311 4885 3664 4956; x_wconf 79' lang='lat' dir='ltr'><strong>facultatibus</strong></span> 
     </span>
    </p>
   </div>
   <div class='ocr_carea' id='block_1_127' title="bbox 2083 4952 3659 5022">
    <p class='ocr_par' dir='ltr' id='par_1_127' title="bbox 2083 4952 3659 5022">
     <span class='ocr_line' id='line_1_128' title="bbox 2083 4952 3659 5022; baseline 0.003 -14"><span class='ocrx_word' id='word_1_904' title='bbox 2083 4952 2451 5022; x_wconf 76' lang='lat' dir='ltr'><strong>reformentur.</strong></span> <span class='ocrx_word' id='word_1_905' title='bbox 2479 4953 2604 5006; x_wconf 88' lang='lat' dir='ltr'><strong>lude</strong></span> <span class='ocrx_word' id='word_1_906' title='bbox 2647 4967 2844 5005; x_wconf 90' lang='lat' dir='ltr'><strong>nomen</strong></span> <span class='ocrx_word' id='word_1_907' title='bbox 2889 4952 3224 5022; x_wconf 85' lang='lat' dir='ltr'><strong>reformatio,</strong></span> <span class='ocrx_word' id='word_1_908' title='bbox 3273 4952 3326 5006; x_wconf 89' lang='lat' dir='ltr'><strong>id</strong></span> <span class='ocrx_word' id='word_1_909' title='bbox 3360 4964 3464 5018; x_wconf 91' lang='lat' dir='ltr'><strong>est,</strong></span> <span class='ocrx_word' id='word_1_910' title='bbox 3498 4960 3659 5012; x_wconf 83' lang='lat' dir='ltr'><strong>resti-</strong></span> 
     </span>
    </p>
   </div>
   <div class='ocr_carea' id='block_1_128' title="bbox 2082 5021 3663 5096">
    <p class='ocr_par' dir='ltr' id='par_1_128' title="bbox 2082 5021 3663 5096">
     <span class='ocr_line' id='line_1_129' title="bbox 2082 5021 3663 5096; baseline 0.002 -18"><span class='ocrx_word' id='word_1_911' title='bbox 2082 5021 2239 5096; x_wconf 88' lang='lat' dir='ltr'><strong>tutio.</strong></span> <span class='ocrx_word' id='word_1_912' title='bbox 2286 5023 2667 5096; x_wconf 18' lang='lat' dir='ltr'><strong>Conc.‘Paris.</strong></span> <span class='ocrx_word' id='word_1_913' title='bbox 2720 5038 2738 5075; x_wconf 90' lang='grc' dir='ltr'>ι</span> <span class='ocrx_word' id='word_1_914' title='bbox 2783 5037 2904 5096; x_wconf 35' lang='lat' dir='ltr'><strong>can‘.</strong></span> <span class='ocrx_word' id='word_1_915' title='bbox 2953 5021 2987 5072; x_wconf 82' lang='grc'>5</span> <span class='ocrx_word' id='word_1_916' title='bbox 3037 5022 3305 5096; x_wconf 79' lang='lat' dir='ltr'><strong>:_Absque</strong></span> <span class='ocrx_word' id='word_1_917' title='bbox 3350 5027 3663 5096; x_wconf 72' lang='lat' dir='ltr'><strong>prwjudicio</strong></span> 
     </span>
    </p>
   </div>
   <div class='ocr_carea' id='block_1_129' title="bbox 2080 5091 3474 5164">
    <p class='ocr_par' dir='ltr' id='par_1_129' title="bbox 2080 5091 3474 5164">
     <span class='ocr_line' id='line_1_130' title="bbox 2080 5091 3474 5164; baseline 0.001 -17"><span class='ocrx_word' id='word_1_918' title='bbox 2080 5095 2334 5149; x_wconf 83' lang='lat' dir='ltr'><strong>libertatis</strong></span> <span class='ocrx_word' id='word_1_919' title='bbox 2378 5093 2531 5164; x_wconf 69' lang='lat' dir='ltr'><strong>regite</strong></span> <span class='ocrx_word' id='word_1_920' title='bbox 2573 5091 3180 5164; x_wconf 75' lang='lat' dir='ltr'><strong>intcgra__re{ormatione</strong></span> <span class='ocrx_word' id='word_1_921' title='bbox 3218 5091 3474 5164; x_wconf 55' lang='lat' dir='ltr'><strong>restituat.</strong></span> 
     </span>
    </p>
   </div>
   <div class='ocr_carea' id='block_1_130' title="bbox 2157 5161 3659 5236">
    <p class='ocr_par' dir='ltr' id='par_1_130' title="bbox 2157 5161 3659 5236">
     <span class='ocr_line' id='line_1_131' title="bbox 2157 5161 3659 5236; baseline 0.005 -22"><span class='ocrx_word' id='word_1_922' title='bbox 2157 5163 2170 5214; x_wconf 85' lang='lat' dir='ltr'><strong>i</strong></span> <span class='ocrx_word' id='word_1_923' title='bbox 2226 5164 2416 5218; x_wconf 82' lang='lat' dir='ltr'><strong>Frater</strong></span> <span class='ocrx_word' id='word_1_924' title='bbox 2435 5161 2498 5218; x_wconf 63' lang='grc' dir='ltr'><em>ἐἰ</em></span> <span class='ocrx_word' id='word_1_925' title='bbox 2519 5164 2723 5236; x_wconf 70' lang='lat' dir='ltr'><strong>exierit.</strong></span> <span class='ocrx_word' id='word_1_926' title='bbox 2777 5161 2900 5215; x_wconf 69' lang='lat' dir='ltr'><strong>Haec</strong></span> <span class='ocrx_word' id='word_1_927' title='bbox 2936 5161 3204 5216; x_wconf 68' lang='lat' dir='ltr'><strong>habentur</strong></span> <span class='ocrx_word' id='word_1_928' title='bbox 3233 5163 3286 5218; x_wconf 89' lang='lat' dir='ltr'><strong>in</strong></span> <span class='ocrx_word' id='word_1_929' title='bbox 3315 5163 3516 5236; x_wconf 78' lang='lat' dir='ltr'><strong>Regula</strong></span> <span class='ocrx_word' id='word_1_930' title='bbox 3555 5181 3659 5221; x_wconf 86' lang='lat' dir='ltr'><strong>ms.</strong></span> 
     </span>
    </p>
   </div>
   <div class='ocr_carea' id='block_1_131' title="bbox 2083 5232 2669 5305">
    <p class='ocr_par' dir='ltr' id='par_1_131' title="bbox 2083 5232 2669 5305">
     <span class='ocr_line' id='line_1_132' title="bbox 2083 5232 2669 5305; baseline -0.009 -16"><span class='ocrx_word' id='word_1_931' title='bbox 2083 5235 2325 5305; x_wconf 72' lang='lat' dir='ltr'><strong>Magistri</strong></span> <span class='ocrx_word' id='word_1_932' title='bbox 2354 5235 2473 5288; x_wconf 73' lang='lat' dir='ltr'><strong>cod.</strong></span> <span class='ocrx_word' id='word_1_933' title='bbox 2507 5232 2669 5305; x_wconf 80' lang='lat' dir='ltr'><strong>Corb.</strong></span> 
     </span>
    </p>
   </div>
   <div class='ocr_carea' id='block_1_132' title="bbox 2157 5299 3660 5384">
    <p class='ocr_par' dir='ltr' id='par_1_132' title="bbox 2157 5299 3660 5384">
     <span class='ocr_line' id='line_1_133' title="bbox 2157 5299 3660 5384; baseline 0.001 -26"><span class='ocrx_word' id='word_1_934' title='bbox 2157 5299 2200 5384; x_wconf 61' lang='grc' dir='ltr'><strong>ξ’</strong></span> <span class='ocrx_word' id='word_1_935' title='bbox 2234 5302 2487 5384; x_wconf 39' lang='grc' dir='ltr'><strong>ρδιιαεὶᾳ,</strong></span> <span class='ocrx_word' id='word_1_936' title='bbox 2509 5304 2751 5384; x_wconf 42' lang='lat' dir='ltr'><strong>tertium;</strong></span> <span class='ocrx_word' id='word_1_937' title='bbox 2792 5300 2846 5354; x_wconf 92' lang='lat' dir='ltr'><strong>ln</strong></span> <span class='ocrx_word' id='word_1_938' title='bbox 2878 5299 3226 5384; x_wconf 45' lang='lat' dir='ltr'><strong>Regulaﬂms.</strong></span> <span class='ocrx_word' id='word_1_939' title='bbox 3271 5301 3660 5384; x_wconf 43' lang='lat' dir='ltr'><strong>{Isqueuertim</strong></span> 
     </span>
    </p>
   </div>
   <div class='ocr_carea' id='block_1_133' title="bbox 2160 5371 3663 5441">
    <p class='ocr_par' dir='ltr' id='par_1_133' title="bbox 2160 5371 3663 5441">
     <span class='ocr_line' id='line_1_134' title="bbox 2160 5371 3663 5441; baseline 0.003 -15"><span class='ocrx_word' id='word_1_940' title='bbox 2160 5372 2179 5411; x_wconf 77' lang='grc' dir='ltr'>ι</span> <span class='ocrx_word' id='word_1_941' title='bbox 2234 5371 2369 5438; x_wconf 85' lang='lat' dir='ltr'><strong>Quia</strong></span> <span class='ocrx_word' id='word_1_942' title='bbox 2395 5373 2515 5426; x_wconf 81' lang='lat' dir='ltr'><strong>talis</strong></span> <span class='ocrx_word' id='word_1_943' title='bbox 2540 5371 2682 5441; x_wconf 88' lang='lat' dir='ltr'><strong>apud</strong></span> <span class='ocrx_word' id='word_1_944' title='bbox 2705 5371 2894 5433; x_wconf 87' lang='lat' dir='ltr'><strong>Deum,</strong></span> <span class='ocrx_word' id='word_1_945' title='bbox 2937 5383 3044 5426; x_wconf 87' lang='lat' dir='ltr'><strong>etc.</strong></span> <span class='ocrx_word' id='word_1_946' title='bbox 3079 5371 3320 5427; x_wconf 85' lang='lat' dir='ltr'><strong>Notanda</strong></span> <span class='ocrx_word' id='word_1_947' title='bbox 3358 5371 3528 5438; x_wconf 73' lang='lat' dir='ltr'><strong>ratio,</strong></span> <span class='ocrx_word' id='word_1_948' title='bbox 3566 5392 3663 5430; x_wconf 85' lang='lat' dir='ltr'><strong>cur</strong></span> 
     </span>
    </p>
   </div>
   <div class='ocr_carea' id='block_1_134' title="bbox 2087 5442 3660 5512">
    <p class='ocr_par' dir='ltr' id='par_1_134' title="bbox 2087 5442 3660 5512">
     <span class='ocr_line' id='line_1_135' title="bbox 2087 5442 3660 5512; baseline 0 -12"><span class='ocrx_word' id='word_1_949' title='bbox 2087 5447 2335 5500; x_wconf 89' lang='lat' dir='ltr'><strong>desertor</strong></span> <span class='ocrx_word' id='word_1_950' title='bbox 2362 5451 2482 5512; x_wconf 91' lang='lat' dir='ltr'><strong>post</strong></span> <span class='ocrx_word' id='word_1_951' title='bbox 2512 5442 2724 5496; x_wconf 89' lang='lat' dir='ltr'><strong>tertiam</strong></span> <span class='ocrx_word' id='word_1_952' title='bbox 2768 5443 3128 5510; x_wconf 85' lang='lat' dir='ltr'><strong>receptionem</strong></span> <span class='ocrx_word' id='word_1_953' title='bbox 3159 5459 3264 5498; x_wconf 93' lang='lat' dir='ltr'><strong>non</strong></span> <span class='ocrx_word' id='word_1_954' title='bbox 3293 5444 3362 5498; x_wconf 92' lang='lat' dir='ltr'><strong>sit</strong></span> <span class='ocrx_word' id='word_1_955' title='bbox 3398 5445 3538 5498; x_wconf 86' lang='lat' dir='ltr'><strong>ultra</strong></span> <span class='ocrx_word' id='word_1_956' title='bbox 3566 5449 3660 5500; x_wconf 89' lang='lat' dir='ltr'><strong>ad-</strong></span> 
     </span>
    </p>
   </div>
   <div class='ocr_carea' id='block_1_135' title="bbox 2085 5512 3661 5594">
    <p class='ocr_par' dir='ltr' id='par_1_135' title="bbox 2085 5512 3661 5594">
     <span class='ocr_line' id='line_1_136' title="bbox 2085 5512 3661 5594; baseline 0 -26"><span class='ocrx_word' id='word_1_957' title='bbox 2085 5515 2380 5594; x_wconf 66' lang='lat' dir='ltr'><strong>mittendus</strong></span> <span class='ocrx_word' id='word_1_958' title='bbox 2414 5531 2439 5594; x_wconf 43' lang='grc' dir='ltr'><strong>ε,</strong></span> <span class='ocrx_word' id='word_1_959' title='bbox 2456 5513 2579 5594; x_wconf 82' lang='lat' dir='ltr'><strong>quia</strong></span> <span class='ocrx_word' id='word_1_960' title='bbox 2623 5527 2688 5594; x_wconf 77' lang='lat' dir='ltr'><strong>ex</strong></span> <span class='ocrx_word' id='word_1_961' title='bbox 2721 5513 2882 5594; x_wconf 83' lang='lat' dir='ltr'><strong>tertio</strong></span> <span class='ocrx_word' id='word_1_962' title='bbox 2910 5512 3081 5594; x_wconf 86' lang='lat' dir='ltr'><strong>lapsu,</strong></span> <span class='ocrx_word' id='word_1_963' title='bbox 3113 5513 3318 5594; x_wconf 62' lang='lat' dir='ltr'><strong>etfuga</strong></span> <span class='ocrx_word' id='word_1_964' title='bbox 3347 5513 3503 5594; x_wconf 73' lang='lat' dir='ltr'><strong>facile</strong></span> <span class='ocrx_word' id='word_1_965' title='bbox 3530 5531 3661 5594; x_wconf 77' lang='lat' dir='ltr'><strong>con-</strong></span> 
     </span>
    </p>
   </div>
   <div class='ocr_carea' id='block_1_136' title="bbox 2077 5582 3655 5659">
    <p class='ocr_par' dir='ltr' id='par_1_136' title="bbox 2077 5582 3655 5659">
     <span class='ocr_line' id='line_1_137' title="bbox 2077 5582 3655 5659; baseline -0.002 -18"><span class='ocrx_word' id='word_1_966' title='bbox 2077 5585 2266 5659; x_wconf 63' lang='lat' dir='ltr'><strong>jicitur</strong></span> <span class='ocrx_word' id='word_1_967' title='bbox 2299 5583 2531 5659; x_wconf 81' lang='lat' dir='ltr'><strong>hominis</strong></span> <span class='ocrx_word' id='word_1_968' title='bbox 2560 5583 2748 5659; x_wconf 72' lang='lat' dir='ltr'><strong>levitas</strong></span> <span class='ocrx_word' id='word_1_969' title='bbox 2775 5593 2829 5635; x_wconf 88' lang='lat' dir='ltr'><strong>et</strong></span> <span class='ocrx_word' id='word_1_970' title='bbox 2859 5582 3221 5659; x_wconf 62' lang='lat' dir='ltr'><strong>inconstantia</strong></span> <span class='ocrx_word' id='word_1_971' title='bbox 3261 5582 3315 5638; x_wconf 79' lang='lat' dir='ltr'><strong>in</strong></span> <span class='ocrx_word' id='word_1_972' title='bbox 3355 5583 3449 5640; x_wconf 87' lang='lat' dir='ltr'><strong>Dei</strong></span> <span class='ocrx_word' id='word_1_973' title='bbox 3489 5587 3655 5640; x_wconf 87' lang='lat' dir='ltr'><strong>cultu.</strong></span> 
     </span>
    </p>
   </div>
   <div class='ocr_carea' id='block_1_137' title="bbox 2155 5651 3662 5727">
    <p class='ocr_par' dir='ltr' id='par_1_137' title="bbox 2155 5651 3662 5727">
     <span class='ocr_line' id='line_1_138' title="bbox 2155 5651 3662 5727; baseline 0.003 -21"><span class='ocrx_word' id='word_1_974' title='bbox 2155 5651 2634 5727; x_wconf 71' lang='lat' dir='ltr'><strong>m_Corrcptidncm_.</strong></span> <span class='ocrx_word' id='word_1_975' title='bbox 2680 5653 2735 5704; x_wconf 91' lang='lat' dir='ltr'><strong>l.l</strong></span> <span class='ocrx_word' id='word_1_976' title='bbox 2787 5662 2889 5717; x_wconf 80' lang='lat' dir='ltr'><strong>cst,</strong></span> <span class='ocrx_word' id='word_1_977' title='bbox 2947 5651 3286 5722; x_wconf 82' lang='lat' dir='ltr'><strong>ejectioncm,</strong></span> <span class='ocrx_word' id='word_1_978' title='bbox 3342 5671 3512 5727; x_wconf 86' lang='lat' dir='ltr'><strong>genus</strong></span> <span class='ocrx_word' id='word_1_979' title='bbox 3564 5670 3662 5725; x_wconf 89' lang='lat' dir='ltr'><strong>pro</strong></span> 
     </span>
    </p>
   </div>
   <div class='ocr_carea' id='block_1_138' title="bbox 2082 5724 2703 5798">
    <p class='ocr_par' dir='ltr' id='par_1_138' title="bbox 2082 5724 2703 5798">
     <span class='ocr_line' id='line_1_139' title="bbox 2082 5724 2703 5798; baseline -0.008 -18"><span class='ocrx_word' id='word_1_980' title='bbox 2082 5725 2279 5798; x_wconf 84' lang='lat' dir='ltr'><strong>specie.</strong></span> <span class='ocrx_word' id='word_1_981' title='bbox 2338 5724 2703 5794; x_wconf 69' lang='lat' dir='ltr'><strong>Synccdochc.</strong></span> 
     </span>
    </p>
   </div>
  </div>
