  <div class='ocr_page' id='page_1' title='image "/cluster/home/n/w/nwhite01/storage/ocr_20150623/103/hvd.32044054759691/522.png"; bbox 0 0 3940 6196; ppageno 0'>
   <div class='ocr_carea' id='block_1_1' title="bbox 413 244 548 301">
    <p class='ocr_par' dir='ltr' id='par_1_1' title="bbox 413 244 548 301">
     <span class='ocr_line' id='line_1_1' title="bbox 413 244 548 301; baseline -0.015 0"><span class='ocrx_word' id='word_1_1' title='bbox 413 244 548 301; x_wconf 73' lang='grc'><strong>1011</strong></span> 
     </span>
    </p>
   </div>
   <div class='ocr_carea' id='block_1_2' title="bbox 532 341 1891 427">
    <p class='ocr_par' dir='ltr' id='par_1_2' title="bbox 532 341 1891 427">
     <span class='ocr_line' id='line_1_2' title="bbox 532 341 1891 427; baseline -0.009 -21"><span class='ocrx_word' id='word_1_2' title='bbox 532 354 560 427; x_wconf 77' lang='lat'><strong>§</strong></span> <span class='ocrx_word' id='word_1_3' title='bbox 595 350 660 406; x_wconf 92' lang='lat' dir='ltr'><strong>ll.</strong></span> <span class='ocrx_word' id='word_1_4' title='bbox 683 346 853 403; x_wconf 78' lang='lat' dir='ltr'><strong>—Ex</strong></span> <span class='ocrx_word' id='word_1_5' title='bbox 884 345 1105 403; x_wconf 65' lang='lat' dir='ltr'><strong>[iscum</strong></span> <span class='ocrx_word' id='word_1_6' title='bbox 1136 359 1323 411; x_wconf 67' lang='lat' dir='ltr'><strong>sancti</strong></span> <span class='ocrx_word' id='word_1_7' title='bbox 1374 345 1582 401; x_wconf 78' lang='lat' dir='ltr'><strong>lsrnosr</strong></span> <span class='ocrx_word' id='word_1_8' title='bbox 1607 344 1746 416; x_wconf 85' lang='lat' dir='ltr'><strong>(cap.</strong></span> <span class='ocrx_word' id='word_1_9' title='bbox 1780 341 1891 413; x_wconf 73' lang='lat' dir='ltr'><strong>i7):</strong></span> 
     </span>
    </p>
   </div>
   <div class='ocr_carea' id='block_1_3' title="bbox 481 491 2007 563">
    <p class='ocr_par' dir='ltr' id='par_1_3' title="bbox 481 491 2007 563">
     <span class='ocr_line' id='line_1_3' title="bbox 481 491 2007 563; baseline -0.005 -10"><span class='ocrx_word' id='word_1_10' title='bbox 481 497 542 553; x_wconf 78' lang='lat' dir='ltr'><strong>In</strong></span> <span class='ocrx_word' id='word_1_11' title='bbox 577 494 777 551; x_wconf 91' lang='lat' dir='ltr'><strong>minori</strong></span> <span class='ocrx_word' id='word_1_12' title='bbox 806 500 968 549; x_wconf 64' lang='lat' dir='ltr'><strong>aetate</strong></span> <span class='ocrx_word' id='word_1_13' title='bbox 1001 507 1108 548; x_wconf 92' lang='lat' dir='ltr'><strong>non</strong></span> <span class='ocrx_word' id='word_1_14' title='bbox 1133 500 1267 563; x_wconf 30' lang='lat' dir='ltr'><strong>sunt.</strong></span> <span class='ocrx_word' id='word_1_15' title='bbox 1301 491 1591 548; x_wconf 79' lang='lat' dir='ltr'><strong>coercendi</strong></span> <span class='ocrx_word' id='word_1_16' title='bbox 1617 491 1885 547; x_wconf 75' lang='lat' dir='ltr'><strong>sententia</strong></span> <span class='ocrx_word' id='word_1_17' title='bbox 1912 505 2007 546; x_wconf 78' lang='lat' dir='ltr'><strong>ex-</strong></span> 
     </span>
    </p>
   </div>
   <div class='ocr_carea' id='block_1_4' title="bbox 408 583 2008 657">
    <p class='ocr_par' dir='ltr' id='par_1_4' title="bbox 408 583 2008 657">
     <span class='ocr_line' id='line_1_4' title="bbox 408 583 2008 657; baseline -0.006 -11"><span class='ocrx_word' id='word_1_18' title='bbox 408 586 950 650; x_wconf 88' lang='lat' dir='ltr'><strong>communicationis,</strong></span> <span class='ocrx_word' id='word_1_19' title='bbox 982 586 1077 641; x_wconf 90' lang='lat' dir='ltr'><strong>sed</strong></span> <span class='ocrx_word' id='word_1_20' title='bbox 1101 600 1202 654; x_wconf 89' lang='lat' dir='ltr'><strong>pro</strong></span> <span class='ocrx_word' id='word_1_21' title='bbox 1225 584 1487 655; x_wconf 71' lang='lat' dir='ltr'><strong>qualitate</strong></span> <span class='ocrx_word' id='word_1_22' title='bbox 1508 583 1851 657; x_wconf 72' lang='lat' dir='ltr'><strong>negligentiae</strong></span> <span class='ocrx_word' id='word_1_23' title='bbox 1878 598 2008 638; x_wconf 92' lang='lat' dir='ltr'><strong>con-</strong></span> 
     </span>
    </p>
   </div>
   <div class='ocr_carea' id='block_1_5' title="bbox 408 673 2009 753">
    <p class='ocr_par' dir='ltr' id='par_1_5' title="bbox 408 673 2009 753">
     <span class='ocr_line' id='line_1_5' title="bbox 408 673 2009 753; baseline -0.004 -19"><span class='ocrx_word' id='word_1_24' title='bbox 408 680 562 753; x_wconf 87' lang='lat' dir='ltr'><strong>gruis</strong></span> <span class='ocrx_word' id='word_1_25' title='bbox 584 678 907 736; x_wconf 84' lang='lat' dir='ltr'><strong>emendandi</strong></span> <span class='ocrx_word' id='word_1_26' title='bbox 951 684 1079 732; x_wconf 89' lang='lat' dir='ltr'><strong>sunt</strong></span> <span class='ocrx_word' id='word_1_27' title='bbox 1112 676 1285 748; x_wconf 87' lang='lat' dir='ltr'><strong>plagis</strong></span> <span class='ocrx_word' id='word_1_28' title='bbox 1313 693 1328 731; x_wconf 94' lang='lat'><strong>:</strong></span> <span class='ocrx_word' id='word_1_29' title='bbox 1378 685 1439 731; x_wconf 90' lang='lat' dir='ltr'><strong>ut</strong></span> <span class='ocrx_word' id='word_1_30' title='bbox 1473 690 1611 748; x_wconf 89' lang='lat' dir='ltr'><strong>quos</strong></span> <span class='ocrx_word' id='word_1_31' title='bbox 1649 674 1829 731; x_wconf 78' lang='lat' dir='ltr'><strong>:etatis</strong></span> <span class='ocrx_word' id='word_1_32' title='bbox 1856 673 2009 730; x_wconf 84' lang='lat' dir='ltr'><strong>infir-</strong></span> 
     </span>
    </p>
   </div>
   <div class='ocr_carea' id='block_1_6' title="bbox 410 765 2009 840">
    <p class='ocr_par' dir='ltr' id='par_1_6' title="bbox 410 765 2009 840">
     <span class='ocr_line' id='line_1_6' title="bbox 410 765 2009 840; baseline -0.003 -13"><span class='ocrx_word' id='word_1_33' title='bbox 410 771 576 827; x_wconf 85' lang='lat' dir='ltr'><strong>mitas</strong></span> <span class='ocrx_word' id='word_1_34' title='bbox 605 785 636 824; x_wconf 93' lang='lat' dir='ltr'><strong>a</strong></span> <span class='ocrx_word' id='word_1_35' title='bbox 667 769 825 840; x_wconf 83' lang='lat' dir='ltr'><strong>culpa</strong></span> <span class='ocrx_word' id='word_1_36' title='bbox 863 782 970 824; x_wconf 91' lang='lat' dir='ltr'><strong>non</strong></span> <span class='ocrx_word' id='word_1_37' title='bbox 1013 774 1254 834; x_wconf 84' lang='lat' dir='ltr'><strong>revocat,</strong></span> <span class='ocrx_word' id='word_1_38' title='bbox 1305 765 1502 839; x_wconf 85' lang='lat' dir='ltr'><strong>ﬂagelli</strong></span> <span class='ocrx_word' id='word_1_39' title='bbox 1549 765 1834 837; x_wconf 87' lang='lat' dir='ltr'><strong>disciplina</strong></span> <span class='ocrx_word' id='word_1_40' title='bbox 1859 779 2009 822; x_wconf 85' lang='lat' dir='ltr'><strong>com-</strong></span> 
     </span>
    </p>
   </div>
   <div class='ocr_carea' id='block_1_7' title="bbox 407 866 618 931">
    <p class='ocr_par' dir='ltr' id='par_1_7' title="bbox 407 866 618 931">
     <span class='ocr_line' id='line_1_7' title="bbox 407 866 618 931; baseline -0.019 -15"><span class='ocrx_word' id='word_1_41' title='bbox 407 866 618 931; x_wconf 85' lang='lat' dir='ltr'><strong>pescat.</strong></span> 
     </span>
    </p>
   </div>
   <div class='ocr_carea' id='block_1_8' title="bbox 465 1008 1951 1085">
    <p class='ocr_par' dir='ltr' id='par_1_8' title="bbox 465 1008 1951 1085">
     <span class='ocr_line' id='line_1_8' title="bbox 465 1008 1951 1085; baseline -0.003 -17"><span class='ocrx_word' id='word_1_42' title='bbox 465 1012 494 1085; x_wconf 86' lang='lat'>§</span> <span class='ocrx_word' id='word_1_43' title='bbox 526 1011 612 1068; x_wconf 84' lang='grc' dir='ltr'><strong>ΠΙ.</strong></span> <span class='ocrx_word' id='word_1_44' title='bbox 641 1042 716 1053; x_wconf 92' lang='grc'><strong><em>-</em></strong></span> <span class='ocrx_word' id='word_1_45' title='bbox 744 1012 826 1068; x_wconf 80' lang='lat' dir='ltr'><strong>Ex</strong></span> <span class='ocrx_word' id='word_1_46' title='bbox 858 1011 1080 1070; x_wconf 65' lang='lat' dir='ltr'><strong>iiscum</strong></span> <span class='ocrx_word' id='word_1_47' title='bbox 1108 1024 1301 1067; x_wconf 74' lang='lat' dir='ltr'><strong>SANCTI</strong></span> <span class='ocrx_word' id='word_1_48' title='bbox 1329 1010 1629 1066; x_wconf 68' lang='lat' dir='ltr'><strong>Annuus:</strong></span> <span class='ocrx_word' id='word_1_49' title='bbox 1670 1009 1808 1084; x_wconf 84' lang='lat' dir='ltr'><strong>(cap.</strong></span> <span class='ocrx_word' id='word_1_50' title='bbox 1837 1008 1951 1081; x_wconf 70' lang='lat'><strong>40).</strong></span> 
     </span>
    </p>
   </div>
   <div class='ocr_carea' id='block_1_9' title="bbox 483 1140 2006 1214">
    <p class='ocr_par' dir='ltr' id='par_1_9' title="bbox 483 1140 2006 1214">
     <span class='ocr_line' id='line_1_9' title="bbox 483 1140 2006 1214; baseline -0.003 -15"><span class='ocrx_word' id='word_1_51' title='bbox 483 1142 767 1214; x_wconf 74' lang='lat' dir='ltr'><strong>Superbis‘</strong></span> <span class='ocrx_word' id='word_1_52' title='bbox 794 1158 927 1201; x_wconf 90' lang='lat' dir='ltr'><strong>vero</strong></span> <span class='ocrx_word' id='word_1_53' title='bbox 962 1183 979 1209; x_wconf 94' lang='lat'><strong>,</strong></span> <span class='ocrx_word' id='word_1_54' title='bbox 1038 1141 1493 1206; x_wconf 88' lang='lat' dir='ltr'><strong>inobedientibus,</strong></span> <span class='ocrx_word' id='word_1_55' title='bbox 1557 1149 1615 1196; x_wconf 90' lang='lat' dir='ltr'><strong>et</strong></span> <span class='ocrx_word' id='word_1_56' title='bbox 1668 1140 2006 1197; x_wconf 80' lang='lat' dir='ltr'><strong>iracundiam</strong></span> 
     </span>
    </p>
   </div>
   <div class='ocr_carea' id='block_1_10' title="bbox 407 1230 2008 1304">
    <p class='ocr_par' dir='ltr' id='par_1_10' title="bbox 407 1230 2008 1304">
     <span class='ocr_line' id='line_1_10' title="bbox 407 1230 2008 1304; baseline -0.002 -16"><span class='ocrx_word' id='word_1_57' title='bbox 407 1234 859 1304; x_wconf 87' lang='lat' dir='ltr'><strong>protrahentibus</strong></span> <span class='ocrx_word' id='word_1_58' title='bbox 904 1246 1183 1304; x_wconf 88' lang='lat' dir='ltr'><strong>nunquam</strong></span> <span class='ocrx_word' id='word_1_59' title='bbox 1207 1230 1584 1303; x_wconf 83' lang='lat' dir='ltr'><strong>parcendum:</strong></span> <span class='ocrx_word' id='word_1_60' title='bbox 1634 1232 1806 1288; x_wconf 92' lang='lat' dir='ltr'><strong>donec</strong></span> <span class='ocrx_word' id='word_1_61' title='bbox 1835 1230 2008 1287; x_wconf 89' lang='lat' dir='ltr'><strong>corri-</strong></span> 
     </span>
    </p>
   </div>
   <div class='ocr_carea' id='block_1_11' title="bbox 409 1334 612 1397">
    <p class='ocr_par' dir='ltr' id='par_1_11' title="bbox 409 1334 612 1397">
     <span class='ocr_line' id='line_1_11' title="bbox 409 1334 612 1397; baseline 0.005 -18"><span class='ocrx_word' id='word_1_62' title='bbox 409 1334 612 1397; x_wconf 87' lang='lat' dir='ltr'><strong>gautur</strong></span> 
     </span>
    </p>
   </div>
   <div class='ocr_carea' id='block_1_12' title="bbox 693 1479 1769 1556">
    <p class='ocr_par' dir='ltr' id='par_1_12' title="bbox 693 1479 1769 1556">
     <span class='ocr_line' id='line_1_12' title="bbox 693 1479 1769 1556; baseline -0.005 -19"><span class='ocrx_word' id='word_1_63' title='bbox 693 1481 722 1556; x_wconf 66' lang='grc' dir='ltr'>ς</span> <span class='ocrx_word' id='word_1_64' title='bbox 750 1482 838 1539; x_wconf 78' lang='lat' dir='ltr'><strong>iV.</strong></span> <span class='ocrx_word' id='word_1_65' title='bbox 868 1512 941 1522; x_wconf 92' lang='lat'><strong>-—</strong></span> <span class='ocrx_word' id='word_1_66' title='bbox 968 1480 1106 1536; x_wconf 83' lang='lat' dir='ltr'><strong>Item</strong></span> <span class='ocrx_word' id='word_1_67' title='bbox 1130 1480 1367 1552; x_wconf 81' lang='lat' dir='ltr'><strong>ejusdem</strong></span> <span class='ocrx_word' id='word_1_68' title='bbox 1402 1479 1422 1552; x_wconf 95' lang='lat'><strong>(</strong></span> <span class='ocrx_word' id='word_1_69' title='bbox 1454 1496 1574 1552; x_wconf 82' lang='lat' dir='ltr'><strong>cap.</strong></span> <span class='ocrx_word' id='word_1_70' title='bbox 1603 1479 1666 1534; x_wconf 68' lang='grc'><strong>«11</strong></span> <span class='ocrx_word' id='word_1_71' title='bbox 1698 1490 1769 1550; x_wconf 74' lang='grc' dir='ltr'><strong>ι).</strong></span> 
     </span>
    </p>
   </div>
   <div class='ocr_carea' id='block_1_13' title="bbox 481 1610 2007 1686">
    <p class='ocr_par' dir='ltr' id='par_1_13' title="bbox 481 1610 2007 1686">
     <span class='ocr_line' id='line_1_13' title="bbox 481 1610 2007 1686; baseline -0.004 -14"><span class='ocrx_word' id='word_1_72' title='bbox 481 1615 591 1672; x_wconf 89' lang='lat' dir='ltr'><strong>Pro</strong></span> <span class='ocrx_word' id='word_1_73' title='bbox 617 1615 860 1686; x_wconf 84' lang='lat' dir='ltr'><strong>qualibet</strong></span> <span class='ocrx_word' id='word_1_74' title='bbox 883 1614 1064 1686; x_wconf 88' lang='lat' dir='ltr'><strong>culpa,</strong></span> <span class='ocrx_word' id='word_1_75' title='bbox 1107 1613 1155 1671; x_wconf 91' lang='lat' dir='ltr'><strong>si</strong></span> <span class='ocrx_word' id='word_1_76' title='bbox 1180 1626 1404 1669; x_wconf 88' lang='lat' dir='ltr'><strong>necesse</strong></span> <span class='ocrx_word' id='word_1_77' title='bbox 1430 1610 1598 1668; x_wconf 84' lang='lat' dir='ltr'><strong>fuerit</strong></span> <span class='ocrx_word' id='word_1_78' title='bbox 1634 1610 1827 1683; x_wconf 83' lang='lat' dir='ltr'><strong>flagelli</strong></span> <span class='ocrx_word' id='word_1_79' title='bbox 1858 1612 2007 1667; x_wconf 90' lang='lat' dir='ltr'><strong>acci-</strong></span> 
     </span>
    </p>
   </div>
   <div class='ocr_carea' id='block_1_14' title="bbox 1377 224 2723 289">
    <p class='ocr_par' dir='ltr' id='par_1_14' title="bbox 1377 224 2723 289">
     <span class='ocr_line' id='line_1_14' title="bbox 1377 224 2723 289; baseline -0.004 0"><span class='ocrx_word' id='word_1_80' title='bbox 1377 230 1770 289; x_wconf 79' lang='lat' dir='ltr'><strong>CONCORDIA</strong></span> <span class='ocrx_word' id='word_1_81' title='bbox 1805 224 2268 285; x_wconf 77' lang='lat' dir='ltr'><strong>REGULARUM.</strong></span> <span class='ocrx_word' id='word_1_82' title='bbox 2308 258 2382 271; x_wconf 93' lang='lat'><strong>-—</strong></span> <span class='ocrx_word' id='word_1_83' title='bbox 2418 228 2569 285; x_wconf 70' lang='lat' dir='ltr'><strong>CAP.</strong></span> <span class='ocrx_word' id='word_1_84' title='bbox 2612 228 2723 284; x_wconf 76' lang='lat' dir='ltr'><strong>XL.</strong></span> 
     </span>
    </p>
   </div>
   <div class='ocr_carea' id='block_1_15' title="bbox 2027 338 3691 415">
    <p class='ocr_par' dir='ltr' id='par_1_15' title="bbox 2027 338 3691 415">
     <span class='ocr_line' id='line_1_15' title="bbox 2027 338 3691 415; baseline -0.001 -14"><span class='ocrx_word' id='word_1_85' title='bbox 2027 340 2079 401; x_wconf 85' lang='lat' dir='ltr'><strong>A</strong></span> <span class='ocrx_word' id='word_1_86' title='bbox 2107 338 2159 411; x_wconf 81' lang='grc'><strong>(1</strong></span> <span class='ocrx_word' id='word_1_87' title='bbox 2194 338 2373 396; x_wconf 79' lang='lat' dir='ltr'><strong>Thess.</strong></span> <span class='ocrx_word' id='word_1_88' title='bbox 2399 341 2481 413; x_wconf 93' lang='grc' dir='ltr'><strong>ιι).</strong></span> <span class='ocrx_word' id='word_1_89' title='bbox 2512 341 2582 398; x_wconf 81' lang='lat' dir='ltr'><strong>Et</strong></span> <span class='ocrx_word' id='word_1_90' title='bbox 2606 342 3060 401; x_wconf 65' lang='lat' dir='ltr'><strong>Omnibusoumia</strong></span> <span class='ocrx_word' id='word_1_91' title='bbox 3100 343 3273 415; x_wconf 68' lang='lat' dir='ltr'><strong>factus</strong></span> <span class='ocrx_word' id='word_1_92' title='bbox 3314 359 3470 399; x_wconf 79' lang='lat' dir='ltr'><strong>sum:</strong></span> <span class='ocrx_word' id='word_1_93' title='bbox 3498 358 3553 401; x_wconf 84' lang='lat' dir='ltr'><strong>ut</strong></span> <span class='ocrx_word' id='word_1_94' title='bbox 3579 366 3691 404; x_wconf 78' lang='lat' dir='ltr'><strong>ont-</strong></span> 
     </span>
    </p>
   </div>
   <div class='ocr_carea' id='block_1_16' title="bbox 3548 228 3689 286">
    <p class='ocr_par' dir='ltr' id='par_1_16' title="bbox 3548 228 3689 286">
     <span class='ocr_line' id='line_1_16' title="bbox 3548 228 3689 286; baseline 0.014 -2"><span class='ocrx_word' id='word_1_95' title='bbox 3548 228 3689 286; x_wconf 72' lang='grc'><strong>1012</strong></span> 
     </span>
    </p>
   </div>
   <div class='ocr_carea' id='block_1_17' title="bbox 2109 432 2942 510">
    <p class='ocr_par' dir='ltr' id='par_1_17' title="bbox 2109 432 2942 510">
     <span class='ocr_line' id='line_1_17' title="bbox 2109 432 2942 510; baseline 0.004 -21"><span class='ocrx_word' id='word_1_96' title='bbox 2109 448 2199 489; x_wconf 72' lang='lat' dir='ltr'><strong>nes</strong></span> <span class='ocrx_word' id='word_1_97' title='bbox 2223 432 2587 507; x_wconf 72' lang='lat' dir='ltr'><strong>lucrifacere»:</strong></span> <span class='ocrx_word' id='word_1_98' title='bbox 2610 436 2662 509; x_wconf 92' lang='grc' dir='ltr'><strong>(ι</strong></span> <span class='ocrx_word' id='word_1_99' title='bbox 2686 435 2810 492; x_wconf 90' lang='lat' dir='ltr'><strong>Cor.</strong></span> <span class='ocrx_word' id='word_1_100' title='bbox 2844 437 2942 510; x_wconf 76' lang='lat' dir='ltr'><strong>Ix).</strong></span> 
     </span>
    </p>
   </div>
   <div class='ocr_carea' id='block_1_18' title="bbox 2305 528 3475 602">
    <p class='ocr_par' dir='ltr' id='par_1_18' title="bbox 2305 528 3475 602">
     <span class='ocr_line' id='line_1_18' title="bbox 2305 528 3475 602; baseline 0.001 -18"><span class='ocrx_word' id='word_1_101' title='bbox 2305 528 2335 599; x_wconf 66' lang='lat'><strong><em>9</em></strong></span> <span class='ocrx_word' id='word_1_102' title='bbox 2366 529 2527 584; x_wconf 76' lang='lat' dir='ltr'><strong>V.&#39;—</strong></span> <span class='ocrx_word' id='word_1_103' title='bbox 2561 528 2643 584; x_wconf 80' lang='lat' dir='ltr'><strong>Ex</strong></span> <span class='ocrx_word' id='word_1_104' title='bbox 2671 528 2892 585; x_wconf 61' lang='lat' dir='ltr'><strong>ﬁscum</strong></span> <span class='ocrx_word' id='word_1_105' title='bbox 2915 529 3181 585; x_wconf 69' lang='lat' dir='ltr'><strong>Mactare:</strong></span> <span class='ocrx_word' id='word_1_106' title='bbox 3213 529 3351 601; x_wconf 85' lang='lat' dir='ltr'><strong>(cap.</strong></span> <span class='ocrx_word' id='word_1_107' title='bbox 3383 528 3475 602; x_wconf 65' lang='grc'><strong>14)</strong></span> 
     </span>
    </p>
   </div>
   <div class='ocr_carea' id='block_1_19' title="bbox 2180 608 3696 679">
    <p class='ocr_par' dir='ltr' id='par_1_19' title="bbox 2180 608 3696 679">
     <span class='ocr_line' id='line_1_19' title="bbox 2180 608 3696 679; baseline -0.001 -14"><span class='ocrx_word' id='word_1_108' title='bbox 2180 609 2209 650; x_wconf 76' lang='grc' dir='ltr'><strong>ιι</strong></span> <span class='ocrx_word' id='word_1_109' title='bbox 2231 608 2528 665; x_wconf 85' lang='lat' dir='ltr'><strong>lni‘antulos</strong></span> <span class='ocrx_word' id='word_1_110' title='bbox 2579 624 2754 679; x_wconf 83' lang='lat' dir='ltr'><strong>usque</strong></span> <span class='ocrx_word' id='word_1_111' title='bbox 2795 610 2863 664; x_wconf 87' lang='lat' dir='ltr'><strong>ad</strong></span> <span class='ocrx_word' id='word_1_112' title='bbox 2892 608 2959 665; x_wconf 81' lang='lat' dir='ltr'><strong>i5</strong></span> <span class='ocrx_word' id='word_1_113' title='bbox 2984 624 3158 665; x_wconf 89' lang='lat' dir='ltr'><strong>annos</strong></span> <span class='ocrx_word' id='word_1_114' title='bbox 3187 624 3297 665; x_wconf 91' lang='lat' dir='ltr'><strong>non</strong></span> <span class='ocrx_word' id='word_1_115' title='bbox 3323 609 3696 664; x_wconf 49' lang='lat' dir='ltr'><strong>excommunin</strong></span> 
     </span>
    </p>
   </div>
   <div class='ocr_carea' id='block_1_20' title="bbox 2106 700 3696 772">
    <p class='ocr_par' dir='ltr' id='par_1_20' title="bbox 2106 700 3696 772">
     <span class='ocr_line' id='line_1_20' title="bbox 2106 700 3696 772; baseline -0.002 -15"><span class='ocrx_word' id='word_1_116' title='bbox 2106 700 2246 767; x_wconf 89' lang='lat' dir='ltr'><strong>cari,</strong></span> <span class='ocrx_word' id='word_1_117' title='bbox 2282 701 2377 757; x_wconf 87' lang='lat' dir='ltr'><strong>sed</strong></span> <span class='ocrx_word' id='word_1_118' title='bbox 2423 701 2770 772; x_wconf 70' lang='lat' dir='ltr'><strong>pmdpimus</strong></span> <span class='ocrx_word' id='word_1_119' title='bbox 2797 700 3056 772; x_wconf 81' lang='lat' dir='ltr'><strong>vapulare</strong></span> <span class='ocrx_word' id='word_1_120' title='bbox 3095 716 3195 772; x_wconf 86' lang='lat' dir='ltr'><strong>pro</strong></span> <span class='ocrx_word' id='word_1_121' title='bbox 3235 700 3429 772; x_wconf 90' lang='lat' dir='ltr'><strong>culpis.</strong></span> <span class='ocrx_word' id='word_1_122' title='bbox 3469 701 3600 757; x_wconf 88' lang='lat' dir='ltr'><strong>Post</strong></span> <span class='ocrx_word' id='word_1_123' title='bbox 3631 700 3696 755; x_wconf 84' lang='lat' dir='ltr'><strong>i5</strong></span> 
     </span>
    </p>
   </div>
   <div class='ocr_carea' id='block_1_21' title="bbox 2106 788 3696 867">
    <p class='ocr_par' dir='ltr' id='par_1_21' title="bbox 2106 788 3696 867">
     <span class='ocr_line' id='line_1_21' title="bbox 2106 788 3696 867; baseline 0.001 -25"><span class='ocrx_word' id='word_1_124' title='bbox 2106 804 2238 846; x_wconf 88' lang='lat' dir='ltr'><strong>vero</strong></span> <span class='ocrx_word' id='word_1_125' title='bbox 2268 804 2441 845; x_wconf 88' lang='lat' dir='ltr'><strong>annos</strong></span> <span class='ocrx_word' id='word_1_126' title='bbox 2476 788 2591 859; x_wconf 83' lang='lat' dir='ltr'><strong>jam</strong></span> <span class='ocrx_word' id='word_1_127' title='bbox 2634 805 2741 844; x_wconf 91' lang='lat' dir='ltr'><strong>non</strong></span> <span class='ocrx_word' id='word_1_128' title='bbox 2782 789 3058 859; x_wconf 82' lang='lat' dir='ltr'><strong>vapulare,</strong></span> <span class='ocrx_word' id='word_1_129' title='bbox 3100 791 3194 847; x_wconf 86' lang='lat' dir='ltr'><strong>sed</strong></span> <span class='ocrx_word' id='word_1_130' title='bbox 3236 790 3696 867; x_wconf 75' lang='lat' dir='ltr'><strong>excommunicari</strong></span> 
     </span>
    </p>
   </div>
   <div class='ocr_carea' id='block_1_22' title="bbox 2106 880 3699 952">
    <p class='ocr_par' dir='ltr' id='par_1_22' title="bbox 2106 880 3699 952">
     <span class='ocr_line' id='line_1_22' title="bbox 2106 880 3699 952; baseline -0.001 -17"><span class='ocrx_word' id='word_1_131' title='bbox 2106 880 2389 936; x_wconf 87' lang='lat' dir='ltr'><strong>condecet.</strong></span> <span class='ocrx_word' id='word_1_132' title='bbox 2419 880 2557 948; x_wconf 86' lang='lat' dir='ltr'><strong>Quia</strong></span> <span class='ocrx_word' id='word_1_133' title='bbox 2577 880 2692 950; x_wconf 89' lang='lat' dir='ltr'><strong>jam</strong></span> <span class='ocrx_word' id='word_1_134' title='bbox 2712 880 3038 952; x_wconf 85' lang='lat' dir='ltr'><strong>intelligunt,</strong></span> <span class='ocrx_word' id='word_1_135' title='bbox 3055 882 3327 951; x_wconf 88' lang='lat' dir='ltr'><strong>quomodo</strong></span> <span class='ocrx_word' id='word_1_136' title='bbox 3352 880 3620 950; x_wconf 70' lang='lat' dir='ltr'><strong>pmnitere</strong></span> <span class='ocrx_word' id='word_1_137' title='bbox 3644 888 3699 935; x_wconf 90' lang='lat' dir='ltr'><strong>et</strong></span> 
     </span>
    </p>
   </div>
   <div class='ocr_carea' id='block_1_23' title="bbox 2106 970 3696 1041">
    <p class='ocr_par' dir='ltr' id='par_1_23' title="bbox 2106 970 3696 1041">
     <span class='ocr_line' id='line_1_23' title="bbox 2106 970 3696 1041; baseline -0.001 -14"><span class='ocrx_word' id='word_1_138' title='bbox 2106 971 2401 1027; x_wconf 89' lang='lat' dir='ltr'><strong>emendare</strong></span> <span class='ocrx_word' id='word_1_139' title='bbox 2425 971 2653 1028; x_wconf 86' lang='lat' dir='ltr'><strong>debeant</strong></span> <span class='ocrx_word' id='word_1_140' title='bbox 2687 971 2757 1026; x_wconf 90' lang='lat' dir='ltr'><strong>de</strong></span> <span class='ocrx_word' id='word_1_141' title='bbox 2782 980 2997 1027; x_wconf 87' lang='lat' dir='ltr'><strong>matura</strong></span> <span class='ocrx_word' id='word_1_142' title='bbox 3034 979 3193 1028; x_wconf 85' lang='lat' dir='ltr'><strong>aetate</strong></span> <span class='ocrx_word' id='word_1_143' title='bbox 3213 972 3358 1041; x_wconf 89' lang='lat' dir='ltr'><strong>quod</strong></span> <span class='ocrx_word' id='word_1_144' title='bbox 3383 970 3524 1027; x_wconf 91' lang='lat' dir='ltr'><strong>male</strong></span> <span class='ocrx_word' id='word_1_145' title='bbox 3549 986 3696 1027; x_wconf 86' lang='lat' dir='ltr'><strong>com—</strong></span> 
     </span>
    </p>
   </div>
   <div class='ocr_carea' id='block_1_24' title="bbox 2107 1060 3695 1131">
    <p class='ocr_par' dir='ltr' id='par_1_24' title="bbox 2107 1060 3695 1131">
     <span class='ocr_line' id='line_1_24' title="bbox 2107 1060 3695 1131; baseline -0.001 -14"><span class='ocrx_word' id='word_1_146' title='bbox 2107 1062 2352 1118; x_wconf 87' lang='lat' dir='ltr'><strong>mittunt.</strong></span> <span class='ocrx_word' id='word_1_147' title='bbox 2377 1060 2516 1130; x_wconf 83' lang='lat' dir='ltr'><strong>Quia</strong></span> <span class='ocrx_word' id='word_1_148' title='bbox 2537 1060 2734 1117; x_wconf 87' lang='lat' dir='ltr'><strong>merito</strong></span> <span class='ocrx_word' id='word_1_149' title='bbox 2756 1061 2920 1117; x_wconf 84' lang='lat' dir='ltr'><strong>corde</strong></span> <span class='ocrx_word' id='word_1_150' title='bbox 2946 1061 3106 1117; x_wconf 89' lang='lat' dir='ltr'><strong>debet</strong></span> <span class='ocrx_word' id='word_1_151' title='bbox 3137 1062 3427 1130; x_wconf 70' lang='lat' dir='ltr'><strong>paenitere,</strong></span> <span class='ocrx_word' id='word_1_152' title='bbox 3454 1061 3545 1131; x_wconf 86' lang='lat' dir='ltr'><strong>qui</strong></span> <span class='ocrx_word' id='word_1_153' title='bbox 3568 1076 3695 1131; x_wconf 89' lang='lat' dir='ltr'><strong>pec-</strong></span> 
     </span>
    </p>
   </div>
   <div class='ocr_carea' id='block_1_25' title="bbox 2106 1151 3699 1224">
    <p class='ocr_par' dir='ltr' id='par_1_25' title="bbox 2106 1151 3699 1224">
     <span class='ocr_line' id='line_1_25' title="bbox 2106 1151 3699 1224; baseline -0.002 -15"><span class='ocrx_word' id='word_1_154' title='bbox 2106 1161 2217 1219; x_wconf 86' lang='lat' dir='ltr'><strong>cat,</strong></span> <span class='ocrx_word' id='word_1_155' title='bbox 2239 1159 2424 1210; x_wconf 90' lang='lat' dir='ltr'><strong>etnon</strong></span> <span class='ocrx_word' id='word_1_156' title='bbox 2444 1168 2544 1224; x_wconf 91' lang='lat' dir='ltr'><strong>pro</strong></span> <span class='ocrx_word' id='word_1_157' title='bbox 2566 1167 2633 1209; x_wconf 88' lang='lat' dir='ltr'><strong>eo</strong></span> <span class='ocrx_word' id='word_1_158' title='bbox 2655 1168 2852 1223; x_wconf 90' lang='lat' dir='ltr'><strong>corpus</strong></span> <span class='ocrx_word' id='word_1_159' title='bbox 2880 1151 3162 1223; x_wconf 83' lang='lat' dir='ltr'><strong>vapulare,</strong></span> <span class='ocrx_word' id='word_1_160' title='bbox 3190 1163 3212 1192; x_wconf 79' lang='grc' dir='ltr'><strong>ο</strong></span> <span class='ocrx_word' id='word_1_161' title='bbox 3247 1152 3375 1224; x_wconf 87' lang='lat' dir='ltr'><strong>quia</strong></span> <span class='ocrx_word' id='word_1_162' title='bbox 3404 1152 3572 1207; x_wconf 88' lang='lat' dir='ltr'><strong>animi</strong></span> <span class='ocrx_word' id='word_1_163' title='bbox 3597 1153 3699 1206; x_wconf 83' lang='lat' dir='ltr'><strong>im-</strong></span> 
     </span>
    </p>
   </div>
   <div class='ocr_carea' id='block_1_26' title="bbox 2106 1241 3699 1317">
    <p class='ocr_par' dir='ltr' id='par_1_26' title="bbox 2106 1241 3699 1317">
     <span class='ocr_line' id='line_1_26' title="bbox 2106 1241 3699 1317; baseline -0.002 -19"><span class='ocrx_word' id='word_1_164' title='bbox 2106 1244 2278 1317; x_wconf 88' lang='lat' dir='ltr'><strong>perio,</strong></span> <span class='ocrx_word' id='word_1_165' title='bbox 2333 1244 2579 1314; x_wconf 89' lang='lat' dir='ltr'><strong>corporis</strong></span> <span class='ocrx_word' id='word_1_166' title='bbox 2632 1242 2856 1299; x_wconf 89' lang='lat' dir='ltr'><strong>servitio</strong></span> <span class='ocrx_word' id='word_1_167' title='bbox 2906 1241 3082 1313; x_wconf 87' lang='lat' dir='ltr'><strong>magis</strong></span> <span class='ocrx_word' id='word_1_168' title='bbox 3133 1241 3353 1297; x_wconf 90' lang='lat' dir='ltr'><strong>utimur.</strong></span> <span class='ocrx_word' id='word_1_169' title='bbox 3381 1241 3541 1313; x_wconf 85' lang='lat' dir='ltr'><strong>Ergo,</strong></span> <span class='ocrx_word' id='word_1_170' title='bbox 3574 1256 3699 1296; x_wconf 91' lang='lat' dir='ltr'><strong>cum</strong></span> 
     </span>
    </p>
   </div>
   <div class='ocr_carea' id='block_1_27' title="bbox 2107 1334 3703 1405">
    <p class='ocr_par' dir='ltr' id='par_1_27' title="bbox 2107 1334 3703 1405">
     <span class='ocr_line' id='line_1_27' title="bbox 2107 1334 3703 1405; baseline 0 -16"><span class='ocrx_word' id='word_1_171' title='bbox 2107 1334 2289 1390; x_wconf 87' lang='lat' dir='ltr'><strong>anima</strong></span> <span class='ocrx_word' id='word_1_172' title='bbox 2308 1334 2554 1404; x_wconf 89' lang='lat' dir='ltr'><strong>imperat,</strong></span> <span class='ocrx_word' id='word_1_173' title='bbox 2588 1344 2644 1391; x_wconf 89' lang='lat' dir='ltr'><strong>et</strong></span> <span class='ocrx_word' id='word_1_174' title='bbox 2663 1348 2860 1404; x_wconf 90' lang='lat' dir='ltr'><strong>corpus</strong></span> <span class='ocrx_word' id='word_1_175' title='bbox 2898 1334 3084 1400; x_wconf 85' lang='lat' dir='ltr'><strong>servit,</strong></span> <span class='ocrx_word' id='word_1_176' title='bbox 3123 1334 3440 1405; x_wconf 88' lang='lat' dir='ltr'><strong>agnoscitur</strong></span> <span class='ocrx_word' id='word_1_177' title='bbox 3473 1334 3703 1404; x_wconf 87' lang='lat' dir='ltr'><strong>amplior</strong></span> 
     </span>
    </p>
   </div>
   <div class='ocr_carea' id='block_1_28' title="bbox 2106 1424 3699 1497">
    <p class='ocr_par' dir='ltr' id='par_1_28' title="bbox 2106 1424 3699 1497">
     <span class='ocr_line' id='line_1_28' title="bbox 2106 1424 3699 1497; baseline 0 -15"><span class='ocrx_word' id='word_1_178' title='bbox 2106 1440 2229 1483; x_wconf 85' lang='lat' dir='ltr'><strong>esse</strong></span> <span class='ocrx_word' id='word_1_179' title='bbox 2257 1426 2413 1497; x_wconf 91' lang='lat' dir='ltr'><strong>culpa</strong></span> <span class='ocrx_word' id='word_1_180' title='bbox 2456 1425 2800 1496; x_wconf 84' lang='lat' dir='ltr'><strong>imperantis,</strong></span> <span class='ocrx_word' id='word_1_181' title='bbox 2851 1441 3016 1495; x_wconf 91' lang='lat' dir='ltr'><strong>quam</strong></span> <span class='ocrx_word' id='word_1_182' title='bbox 3046 1425 3351 1481; x_wconf 82' lang='lat' dir='ltr'><strong>servientis.</strong></span> <span class='ocrx_word' id='word_1_183' title='bbox 3402 1424 3529 1481; x_wconf 85' lang='lat' dir='ltr'><strong>Ideo</strong></span> <span class='ocrx_word' id='word_1_184' title='bbox 3570 1442 3699 1496; x_wconf 80' lang='lat' dir='ltr'><strong>pre-</strong></span> 
     </span>
    </p>
   </div>
   <div class='ocr_carea' id='block_1_29' title="bbox 2106 1514 3704 1587">
    <p class='ocr_par' dir='ltr' id='par_1_29' title="bbox 2106 1514 3704 1587">
     <span class='ocr_line' id='line_1_29' title="bbox 2106 1514 3704 1587; baseline 0.001 -17"><span class='ocrx_word' id='word_1_185' title='bbox 2106 1524 2229 1587; x_wconf 89' lang='lat' dir='ltr'><strong>pter</strong></span> <span class='ocrx_word' id='word_1_186' title='bbox 2260 1514 2569 1571; x_wconf 85' lang='lat' dir='ltr'><strong>intellectus</strong></span> <span class='ocrx_word' id='word_1_187' title='bbox 2600 1515 3000 1571; x_wconf 85' lang='lat' dir='ltr'><strong>emendationis</strong></span> <span class='ocrx_word' id='word_1_188' title='bbox 3035 1514 3189 1569; x_wconf 81' lang='lat' dir='ltr'><strong>radix</strong></span> <span class='ocrx_word' id='word_1_189' title='bbox 3215 1514 3397 1570; x_wconf 85' lang='lat' dir='ltr'><strong>cordis</strong></span> <span class='ocrx_word' id='word_1_190' title='bbox 3423 1515 3490 1569; x_wconf 89' lang='lat' dir='ltr'><strong>de</strong></span> <span class='ocrx_word' id='word_1_191' title='bbox 3533 1516 3704 1584; x_wconf 91' lang='lat' dir='ltr'><strong>spinis</strong></span> 
     </span>
    </p>
   </div>
   <div class='ocr_carea' id='block_1_30' title="bbox 2106 1604 3702 1679">
    <p class='ocr_par' dir='ltr' id='par_1_30' title="bbox 2106 1604 3702 1679">
     <span class='ocr_line' id='line_1_30' title="bbox 2106 1604 3702 1679; baseline -0.001 -16"><span class='ocrx_word' id='word_1_192' title='bbox 2106 1614 2456 1679; x_wconf 87' lang='lat' dir='ltr'><strong>peccatorum</strong></span> <span class='ocrx_word' id='word_1_193' title='bbox 2476 1606 3037 1662; x_wconf 79' lang='lat' dir='ltr'><strong>excommunicatione</strong></span> <span class='ocrx_word' id='word_1_194' title='bbox 3051 1604 3078 1644; x_wconf 76' lang='grc' dir='ltr'><strong>τι</strong></span> <span class='ocrx_word' id='word_1_195' title='bbox 3103 1606 3263 1662; x_wconf 86' lang='lat' dir='ltr'><strong>debet</strong></span> <span class='ocrx_word' id='word_1_196' title='bbox 3282 1606 3523 1677; x_wconf 87' lang='lat' dir='ltr'><strong>purgari,</strong></span> <span class='ocrx_word' id='word_1_197' title='bbox 3539 1622 3702 1676; x_wconf 90' lang='lat' dir='ltr'><strong>quam</strong></span> 
     </span>
    </p>
   </div>
   <div class='ocr_carea' id='block_1_31' title="bbox 407 1696 3706 1793">
    <p class='ocr_par' dir='ltr' id='par_1_31' title="bbox 407 1696 3706 1793">
     <span class='ocr_line' id='line_1_31' title="bbox 407 1696 3706 1793; baseline -0.004 -27"><span class='ocrx_word' id='word_1_198' title='bbox 407 1724 547 1779; x_wconf 78' lang='lat' dir='ltr'><strong>pere</strong></span> <span class='ocrx_word' id='word_1_199' title='bbox 598 1707 938 1779; x_wconf 79' lang='lat' dir='ltr'><strong>disciplinam</strong></span> <span class='ocrx_word' id='word_1_200' title='bbox 968 1747 987 1773; x_wconf 89' lang='lat'><strong>,</strong></span> <span class='ocrx_word' id='word_1_201' title='bbox 1032 1721 1322 1790; x_wconf 78' lang='lat' dir='ltr'><strong>nunquam</strong></span> <span class='ocrx_word' id='word_1_202' title='bbox 1382 1704 1659 1777; x_wconf 89' lang='lat' dir='ltr'><strong>legitimus</strong></span> <span class='ocrx_word' id='word_1_203' title='bbox 1710 1704 2009 1760; x_wconf 78' lang='lat' dir='ltr'><strong>excedatur</strong></span> <span class='ocrx_word' id='word_1_204' title='bbox 2035 1733 2083 1793; x_wconf 75' lang='grc' dir='ltr'><strong>Β</strong></span> <span class='ocrx_word' id='word_1_205' title='bbox 2110 1700 2250 1756; x_wconf 87' lang='lat' dir='ltr'><strong>rami</strong></span> <span class='ocrx_word' id='word_1_206' title='bbox 2292 1699 2556 1770; x_wconf 88' lang='lat' dir='ltr'><strong>corporis,</strong></span> <span class='ocrx_word' id='word_1_207' title='bbox 2604 1699 2803 1768; x_wconf 91' lang='lat' dir='ltr'><strong>quibus</strong></span> <span class='ocrx_word' id='word_1_208' title='bbox 2848 1700 2916 1753; x_wconf 88' lang='lat' dir='ltr'><strong>ab</strong></span> <span class='ocrx_word' id='word_1_209' title='bbox 2968 1699 3140 1753; x_wconf 84' lang='lat' dir='ltr'><strong>invito</strong></span> <span class='ocrx_word' id='word_1_210' title='bbox 3164 1714 3195 1752; x_wconf 89' lang='lat' dir='ltr'><strong>a</strong></span> <span class='ocrx_word' id='word_1_211' title='bbox 3239 1696 3483 1766; x_wconf 74' lang='lat' dir='ltr'><strong>iussione</strong></span> <span class='ocrx_word' id='word_1_212' title='bbox 3524 1699 3706 1754; x_wconf 85' lang='lat' dir='ltr'><strong>cordis</strong></span> 
     </span>
    </p>
   </div>
   <div class='ocr_carea' id='block_1_32' title="bbox 409 1786 2009 1868">
    <p class='ocr_par' dir='ltr' id='par_1_32' title="bbox 409 1786 2009 1868">
     <span class='ocr_line' id='line_1_32' title="bbox 409 1786 2009 1868; baseline -0.004 -13"><span class='ocrx_word' id='word_1_213' title='bbox 409 1814 695 1865; x_wconf 88' lang='lat' dir='ltr'><strong>numerus,</strong></span> <span class='ocrx_word' id='word_1_214' title='bbox 726 1798 783 1854; x_wconf 94' lang='lat' dir='ltr'><strong>id</strong></span> <span class='ocrx_word' id='word_1_215' title='bbox 806 1806 912 1864; x_wconf 91' lang='lat' dir='ltr'><strong>est,</strong></span> <span class='ocrx_word' id='word_1_216' title='bbox 946 1786 1165 1868; x_wconf 88' lang='lat' dir='ltr'><strong>triginta</strong></span> <span class='ocrx_word' id='word_1_217' title='bbox 1197 1809 1411 1850; x_wconf 87' lang='lat' dir='ltr'><strong>novem.</strong></span> <span class='ocrx_word' id='word_1_218' title='bbox 1457 1794 1525 1849; x_wconf 86' lang='lat' dir='ltr'><strong>Et</strong></span> <span class='ocrx_word' id='word_1_219' title='bbox 1546 1794 1844 1865; x_wconf 88' lang='lat' dir='ltr'><strong>quamlibet</strong></span> <span class='ocrx_word' id='word_1_220' title='bbox 1860 1795 2009 1865; x_wconf 85' lang='lat' dir='ltr'><strong>juste</strong></span> 
     </span>
    </p>
   </div>
   <div class='ocr_carea' id='block_1_33' title="bbox 409 1882 2011 1961">
    <p class='ocr_par' dir='ltr' id='par_1_33' title="bbox 409 1882 2011 1961">
     <span class='ocr_line' id='line_1_33' title="bbox 409 1882 2011 1961; baseline -0.006 -14"><span class='ocrx_word' id='word_1_221' title='bbox 409 1891 699 1961; x_wconf 90' lang='lat' dir='ltr'><strong>disciplina</strong></span> <span class='ocrx_word' id='word_1_222' title='bbox 746 1896 1019 1955; x_wconf 88' lang='lat' dir='ltr'><strong>teneatur,</strong></span> <span class='ocrx_word' id='word_1_223' title='bbox 1063 1894 1248 1941; x_wconf 88' lang='lat' dir='ltr'><strong>tamen</strong></span> <span class='ocrx_word' id='word_1_224' title='bbox 1293 1884 1591 1941; x_wconf 89' lang='lat' dir='ltr'><strong>secundum</strong></span> <span class='ocrx_word' id='word_1_225' title='bbox 1641 1883 1806 1939; x_wconf 90' lang='lat' dir='ltr'><strong>illud:</strong></span> <span class='ocrx_word' id='word_1_226' title='bbox 1847 1882 2011 1938; x_wconf 81' lang='lat' dir='ltr'><strong>Boni-</strong></span> 
     </span>
    </p>
   </div>
   <div class='ocr_carea' id='block_1_34' title="bbox 406 1974 2010 2049">
    <p class='ocr_par' dir='ltr' id='par_1_34' title="bbox 406 1974 2010 2049">
     <span class='ocr_line' id='line_1_34' title="bbox 406 1974 2010 2049; baseline -0.004 -13"><span class='ocrx_word' id='word_1_227' title='bbox 406 1989 574 2036; x_wconf 84' lang='lat' dir='ltr'><strong>tatem</strong></span> <span class='ocrx_word' id='word_1_228' title='bbox 616 1990 665 2036; x_wconf 86' lang='lat' dir='ltr'><strong>et</strong></span> <span class='ocrx_word' id='word_1_229' title='bbox 709 1977 1042 2049; x_wconf 83' lang='lat' dir='ltr'><strong>disciplinam</strong></span> <span class='ocrx_word' id='word_1_230' title='bbox 1088 1974 1261 2048; x_wconf 83' lang='lat' dir='ltr'><strong>(Psal.</strong></span> <span class='ocrx_word' id='word_1_231' title='bbox 1292 1974 1508 2045; x_wconf 76' lang='lat' dir='ltr'><strong>cxvul),</strong></span> <span class='ocrx_word' id='word_1_232' title='bbox 1546 1981 1835 2046; x_wconf 89' lang='lat' dir='ltr'><strong>paternum</strong></span> <span class='ocrx_word' id='word_1_233' title='bbox 1880 1975 2010 2030; x_wconf 73' lang='lat' dir='ltr'><strong>alie-</strong></span> 
     </span>
    </p>
   </div>
   <div class='ocr_carea' id='block_1_35' title="bbox 410 2068 2007 2133">
    <p class='ocr_par' dir='ltr' id='par_1_35' title="bbox 410 2068 2007 2133">
     <span class='ocr_line' id='line_1_35' title="bbox 410 2068 2007 2133; baseline -0.003 -6"><span class='ocrx_word' id='word_1_234' title='bbox 410 2082 562 2128; x_wconf 89' lang='lat' dir='ltr'><strong>ctum</strong></span> <span class='ocrx_word' id='word_1_235' title='bbox 599 2079 819 2128; x_wconf 90' lang='lat' dir='ltr'><strong>sanctus</strong></span> <span class='ocrx_word' id='word_1_236' title='bbox 864 2069 1033 2125; x_wconf 87' lang='lat' dir='ltr'><strong>abbas</strong></span> <span class='ocrx_word' id='word_1_237' title='bbox 1079 2068 1223 2124; x_wconf 89' lang='lat' dir='ltr'><strong>circa</strong></span> <span class='ocrx_word' id='word_1_238' title='bbox 1253 2082 1447 2123; x_wconf 89' lang='lat' dir='ltr'><strong>omnes</strong></span> <span class='ocrx_word' id='word_1_239' title='bbox 1479 2074 1678 2133; x_wconf 86' lang='lat' dir='ltr'><strong>teneat,</strong></span> <span class='ocrx_word' id='word_1_240' title='bbox 1710 2068 2007 2124; x_wconf 90' lang='lat' dir='ltr'><strong>secundum</strong></span> 
     </span>
    </p>
   </div>
   <div class='ocr_carea' id='block_1_36' title="bbox 407 2158 2007 2243">
    <p class='ocr_par' dir='ltr' id='par_1_36' title="bbox 407 2158 2007 2243">
     <span class='ocr_line' id='line_1_36' title="bbox 407 2158 2007 2243; baseline -0.004 -23"><span class='ocrx_word' id='word_1_241' title='bbox 407 2162 731 2243; x_wconf 79' lang='lat' dir='ltr'><strong>Apostolum</strong></span> <span class='ocrx_word' id='word_1_242' title='bbox 778 2179 792 2216; x_wconf 94' lang='lat'><strong>:</strong></span> <span class='ocrx_word' id='word_1_243' title='bbox 838 2160 1113 2233; x_wconf 82' lang='lat' dir='ltr'><strong>Tanquam</strong></span> <span class='ocrx_word' id='word_1_244' title='bbox 1138 2159 1185 2215; x_wconf 85' lang='lat' dir='ltr'><strong>si</strong></span> <span class='ocrx_word' id='word_1_245' title='bbox 1209 2158 1391 2213; x_wconf 76' lang='lat' dir='ltr'><strong>nutrix</strong></span> <span class='ocrx_word' id='word_1_246' title='bbox 1410 2158 1581 2229; x_wconf 82' lang='lat' dir='ltr'><strong>foueat</strong></span> <span class='ocrx_word' id='word_1_247' title='bbox 1608 2158 1856 2230; x_wconf 82' lang='lat' dir='ltr'><strong>paruulos</strong></span> <span class='ocrx_word' id='word_1_248' title='bbox 1883 2175 2007 2214; x_wconf 83' lang='lat' dir='ltr'><strong>suos</strong></span> 
     </span>
    </p>
   </div>
   <div class='ocr_carea' id='block_1_37' title="bbox 409 2269 2008 2334">
    <p class='ocr_par' dir='ltr' id='par_1_37' title="bbox 409 2269 2008 2334">
     <span class='ocr_line' id='line_1_37' title="bbox 409 2269 2008 2334; baseline -0.003 -3"><span class='ocrx_word' id='word_1_249' title='bbox 409 2276 537 2332; x_wconf 77' lang='lat' dir='ltr'><strong>Vita</strong></span> <span class='ocrx_word' id='word_1_250' title='bbox 563 2274 814 2329; x_wconf 83' lang='lat' dir='ltr'><strong>Alcnini:</strong></span> <span class='ocrx_word' id='word_1_251' title='bbox 848 2291 866 2324; x_wconf 77' lang='grc' dir='ltr'><strong>ι</strong></span> <span class='ocrx_word' id='word_1_252' title='bbox 893 2271 1011 2328; x_wconf 85' lang='grc' dir='ltr'><strong>Νοιι</strong></span> <span class='ocrx_word' id='word_1_253' title='bbox 1034 2271 1199 2326; x_wconf 88' lang='lat' dir='ltr'><strong>istum</strong></span> <span class='ocrx_word' id='word_1_254' title='bbox 1222 2269 1560 2334; x_wconf 81' lang='lat' dir='ltr'><strong>verberibus,</strong></span> <span class='ocrx_word' id='word_1_255' title='bbox 1589 2269 1717 2334; x_wconf 91' lang='lat' dir='ltr'><strong>quia</strong></span> <span class='ocrx_word' id='word_1_256' title='bbox 1741 2269 1893 2325; x_wconf 88' lang='lat' dir='ltr'><strong>rudis</strong></span> <span class='ocrx_word' id='word_1_257' title='bbox 1907 2269 2008 2327; x_wconf 91' lang='lat' dir='ltr'><strong>ad-</strong></span> 
     </span>
    </p>
   </div>
   <div class='ocr_carea' id='block_1_38' title="bbox 410 2339 2008 2427">
    <p class='ocr_par' dir='ltr' id='par_1_38' title="bbox 410 2339 2008 2427">
     <span class='ocr_line' id='line_1_38' title="bbox 410 2339 2008 2427; baseline -0.003 -26"><span class='ocrx_word' id='word_1_258' title='bbox 410 2347 551 2427; x_wconf 88' lang='lat' dir='ltr'><strong>buc,_</strong></span> <span class='ocrx_word' id='word_1_259' title='bbox 567 2346 884 2427; x_wconf 43' lang='grc' dir='ltr'><strong>εει-ἰθεῖα,</strong></span> <span class='ocrx_word' id='word_1_260' title='bbox 905 2344 1253 2427; x_wconf 56' lang='lat' dir='ltr'><strong>castigemus.</strong></span> <span class='ocrx_word' id='word_1_261' title='bbox 1278 2360 1297 2390; x_wconf 75' lang='grc' dir='ltr'><strong>ι</strong></span> <span class='ocrx_word' id='word_1_262' title='bbox 1323 2340 1417 2427; x_wconf 44' lang='lat' dir='ltr'><strong>Ita,</strong></span> <span class='ocrx_word' id='word_1_263' title='bbox 1430 2340 1561 2427; x_wconf 75' lang='lat' dir='ltr'><strong>legit</strong></span> <span class='ocrx_word' id='word_1_264' title='bbox 1671 2339 2008 2427; x_wconf 53' lang='lat' dir='ltr'><strong>Fructuosus</strong></span> 
     </span>
    </p>
   </div>
   <div class='ocr_carea' id='block_1_39' title="bbox 409 2409 2009 2564">
    <p class='ocr_par' dir='ltr' id='par_1_39' title="bbox 409 2409 2009 2564">
     <span class='ocr_line' id='line_1_39' title="bbox 409 2409 2009 2498; baseline -0.003 -29"><span class='ocrx_word' id='word_1_265' title='bbox 409 2409 556 2486; x_wconf 86' lang='lat' dir='ltr'><strong>apud</strong></span> <span class='ocrx_word' id='word_1_266' title='bbox 585 2409 874 2498; x_wconf 78' lang='lat' dir='ltr'><strong>Henricum</strong></span> <span class='ocrx_word' id='word_1_267' title='bbox 905 2409 1181 2495; x_wconf 56' lang='lat' dir='ltr'><strong>(ianisium</strong></span> <span class='ocrx_word' id='word_1_268' title='bbox 1210 2420 1343 2467; x_wconf 91' lang='lat' dir='ltr'><strong>tom.</strong></span> <span class='ocrx_word' id='word_1_269' title='bbox 1372 2409 1440 2476; x_wconf 75' lang='grc' dir='ltr'><strong>ν,</strong></span> <span class='ocrx_word' id='word_1_270' title='bbox 1470 2409 1583 2465; x_wconf 79' lang='lat' dir='ltr'><strong>ant.</strong></span> <span class='ocrx_word' id='word_1_271' title='bbox 1616 2409 1742 2466; x_wconf 82' lang='lat' dir='ltr'><strong>lect.</strong></span> <span class='ocrx_word' id='word_1_272' title='bbox 1786 2410 1929 2494; x_wconf 80' lang='lat' dir='ltr'><strong>Kero</strong></span> <span class='ocrx_word' id='word_1_273' title='bbox 1952 2412 2009 2494; x_wconf 80' lang='lat' dir='ltr'><strong>in</strong></span> 
     </span>
     <span class='ocr_line' id='line_1_40' title="bbox 409 2479 2009 2564; baseline -0.001 -26"><span class='ocrx_word' id='word_1_274' title='bbox 409 2486 728 2564; x_wconf 42' lang='lat' dir='ltr'><strong>{alamai’uc‘a</strong></span> <span class='ocrx_word' id='word_1_275' title='bbox 757 2490 1104 2564; x_wconf 28' lang='lat' dir='ltr'><strong>expositione.</strong></span> <span class='ocrx_word' id='word_1_276' title='bbox 1141 2495 1336 2564; x_wconf 74' lang='lat' dir='ltr'><strong>vocum</strong></span> <span class='ocrx_word' id='word_1_277' title='bbox 1366 2480 1587 2564; x_wconf 72' lang='lat' dir='ltr'><strong>Regula:</strong></span> <span class='ocrx_word' id='word_1_278' title='bbox 1726 2479 2009 2564; x_wconf 73' lang='lat' dir='ltr'><strong>Benedicti</strong></span> 
     </span>
    </p>
   </div>
   <div class='ocr_carea' id='block_1_40' title="bbox 410 2551 2008 2620">
    <p class='ocr_par' dir='ltr' id='par_1_40' title="bbox 410 2551 2008 2620">
     <span class='ocr_line' id='line_1_41' title="bbox 410 2551 2008 2620; baseline -0.003 -10"><span class='ocrx_word' id='word_1_279' title='bbox 410 2554 618 2611; x_wconf 87' lang='lat' dir='ltr'><strong>habet:</strong></span> <span class='ocrx_word' id='word_1_280' title='bbox 659 2551 847 2619; x_wconf 67' lang='lat' dir='ltr'><strong>Caris}</strong></span> <span class='ocrx_word' id='word_1_281' title='bbox 884 2553 982 2609; x_wconf 89' lang='lat' dir='ltr'><strong>sed</strong></span> <span class='ocrx_word' id='word_1_282' title='bbox 1013 2558 1145 2620; x_wconf 90' lang='lat' dir='ltr'><strong>puto</strong></span> <span class='ocrx_word' id='word_1_283' title='bbox 1184 2551 1401 2606; x_wconf 87' lang='lat' dir='ltr'><strong>litteras</strong></span> <span class='ocrx_word' id='word_1_284' title='bbox 1444 2551 1613 2606; x_wconf 85' lang='lat' dir='ltr'><strong>fuisse</strong></span> <span class='ocrx_word' id='word_1_285' title='bbox 1642 2551 2008 2620; x_wconf 88' lang='lat' dir='ltr'><strong>transpositas</strong></span> 
     </span>
    </p>
   </div>
   <div class='ocr_carea' id='block_1_41' title="bbox 452 2620 2011 2696">
    <p class='ocr_par' dir='ltr' id='par_1_41' title="bbox 452 2620 2011 2696">
     <span class='ocr_line' id='line_1_42' title="bbox 452 2620 2011 2696; baseline -0.002 -17"><span class='ocrx_word' id='word_1_286' title='bbox 452 2641 547 2680; x_wconf 91' lang='lat' dir='ltr'><strong>ro:</strong></span> <span class='ocrx_word' id='word_1_287' title='bbox 572 2625 745 2679; x_wconf 81' lang='lat' dir='ltr'><strong>Acris.</strong></span> <span class='ocrx_word' id='word_1_288' title='bbox 778 2620 1109 2696; x_wconf 65' lang='lat' dir='ltr'><strong>smaragdus</strong></span> <span class='ocrx_word' id='word_1_289' title='bbox 1128 2620 1263 2696; x_wconf 79' lang='lat' dir='ltr'><strong>ets.</strong></span> <span class='ocrx_word' id='word_1_290' title='bbox 1287 2620 1600 2696; x_wconf 81' lang='lat' dir='ltr'><strong>_Dunstanus</strong></span> <span class='ocrx_word' id='word_1_291' title='bbox 1617 2620 1837 2693; x_wconf 89' lang='lat' dir='ltr'><strong>legunt:</strong></span> <span class='ocrx_word' id='word_1_292' title='bbox 1863 2620 2011 2676; x_wconf 78' lang='lat' dir='ltr'><strong>Acri-</strong></span> 
     </span>
    </p>
   </div>
   <div class='ocr_carea' id='block_1_42' title="bbox 450 2690 1471 2764">
    <p class='ocr_par' dir='ltr' id='par_1_42' title="bbox 450 2690 1471 2764">
     <span class='ocr_line' id='line_1_43' title="bbox 450 2690 1471 2764; baseline -0.005 -14"><span class='ocrx_word' id='word_1_293' title='bbox 450 2713 546 2760; x_wconf 87' lang='lat' dir='ltr'><strong>us;</strong></span> <span class='ocrx_word' id='word_1_294' title='bbox 575 2696 696 2750; x_wconf 88' lang='lat' dir='ltr'><strong>cod.</strong></span> <span class='ocrx_word' id='word_1_295' title='bbox 719 2710 822 2750; x_wconf 88' lang='lat' dir='ltr'><strong>ms.</strong></span> <span class='ocrx_word' id='word_1_296' title='bbox 848 2693 907 2749; x_wconf 89' lang='lat' dir='ltr'><strong>S.</strong></span> <span class='ocrx_word' id='word_1_297' title='bbox 939 2690 1231 2764; x_wconf 78' lang='lat' dir='ltr'><strong>Ebrulphi;</strong></span> <span class='ocrx_word' id='word_1_298' title='bbox 1261 2690 1471 2746; x_wconf 81' lang='lat' dir='ltr'><strong>Acrius.</strong></span> 
     </span>
    </p>
   </div>
   <div class='ocr_carea' id='block_1_43' title="bbox 489 2765 1012 2834">
    <p class='ocr_par' dir='ltr' id='par_1_43' title="bbox 489 2765 1012 2834">
     <span class='ocr_line' id='line_1_44' title="bbox 489 2765 1012 2834; baseline -0.008 -13"><span class='ocrx_word' id='word_1_299' title='bbox 489 2777 516 2806; x_wconf 79' lang='grc' dir='ltr'><strong>ι</strong></span> <span class='ocrx_word' id='word_1_300' title='bbox 551 2765 728 2834; x_wconf 88' lang='lat' dir='ltr'><strong>Supra</strong></span> <span class='ocrx_word' id='word_1_301' title='bbox 760 2778 880 2834; x_wconf 85' lang='lat' dir='ltr'><strong>cap.</strong></span> <span class='ocrx_word' id='word_1_302' title='bbox 922 2765 1012 2819; x_wconf 79' lang='grc'><strong>51.</strong></span> 
     </span>
    </p>
   </div>
   <div class='ocr_carea' id='block_1_44' title="bbox 484 2780 2004 2906">
    <p class='ocr_par' dir='ltr' id='par_1_44' title="bbox 484 2780 2004 2906">
     <span class='ocr_line' id='line_1_45' title="bbox 489 2780 1012 2834; baseline -0.008 -13"><span class='ocrx_word' id='word_1_303' title='bbox 489 2780 516 2806; x_wconf 83' lang='grc' dir='ltr'><strong>ι</strong></span> <span class='ocrx_word' id='word_1_304' title='bbox 551 2780 626 2821; x_wconf 73' lang='grc' dir='ltr'><strong>δυ</strong></span> <span class='ocrx_word' id='word_1_305' title='bbox 669 2780 728 2820; x_wconf 89' lang='lat' dir='ltr'><strong>ra</strong></span> <span class='ocrx_word' id='word_1_306' title='bbox 760 2780 880 2834; x_wconf 86' lang='lat' dir='ltr'><strong>cap.</strong></span> <span class='ocrx_word' id='word_1_307' title='bbox 922 2780 1012 2819; x_wconf 69' lang='grc' dir='ltr'><strong>οι.</strong></span> 
     </span>
     <span class='ocr_line' id='line_1_46' title="bbox 484 2780 2004 2906; baseline -0.003 -16"><span class='ocrx_word' id='word_1_308' title='bbox 484 2836 516 2877; x_wconf 70' lang='grc' dir='ltr'>δ</span> <span class='ocrx_word' id='word_1_309' title='bbox 541 2780 864 2906; x_wconf 54' lang='grc' dir='ltr'><strong>Ιηιεπιιιιοσ.</strong></span> <span class='ocrx_word' id='word_1_310' title='bbox 904 2834 1146 2906; x_wconf 73' lang='lat' dir='ltr'><strong>liabetur</strong></span> <span class='ocrx_word' id='word_1_311' title='bbox 1165 2832 1221 2887; x_wconf 93' lang='lat' dir='ltr'><strong>in</strong></span> <span class='ocrx_word' id='word_1_312' title='bbox 1244 2831 1461 2906; x_wconf 78' lang='lat' dir='ltr'><strong>Regula</strong></span> <span class='ocrx_word' id='word_1_313' title='bbox 1474 2846 1578 2906; x_wconf 87' lang='lat' dir='ltr'><strong>ms.</strong></span> <span class='ocrx_word' id='word_1_314' title='bbox 1610 2831 1853 2906; x_wconf 75' lang='lat' dir='ltr'><strong>Magistri</strong></span> <span class='ocrx_word' id='word_1_315' title='bbox 1883 2834 2004 2906; x_wconf 79' lang='lat' dir='ltr'><strong>cod.</strong></span> 
     </span>
    </p>
   </div>
   <div class='ocr_carea' id='block_1_45' title="bbox 410 2902 1993 2975">
    <p class='ocr_par' dir='ltr' id='par_1_45' title="bbox 410 2902 1993 2975">
     <span class='ocr_line' id='line_1_47' title="bbox 410 2902 1993 2975; baseline -0.003 -13"><span class='ocrx_word' id='word_1_316' title='bbox 410 2906 577 2962; x_wconf 87' lang='lat' dir='ltr'><strong>Corb.</strong></span> <span class='ocrx_word' id='word_1_317' title='bbox 605 2902 795 2962; x_wconf 80' lang='lat' dir='ltr'><strong>eodem</strong></span> <span class='ocrx_word' id='word_1_318' title='bbox 822 2905 1017 2975; x_wconf 90' lang='lat' dir='ltr'><strong>capite.</strong></span> <span class='ocrx_word' id='word_1_319' title='bbox 1054 2903 1151 2975; x_wconf 82' lang='lat' dir='ltr'><strong>Hic</strong></span> <span class='ocrx_word' id='word_1_320' title='bbox 1179 2902 1362 2958; x_wconf 81' lang='lat' dir='ltr'><strong>autem</strong></span> <span class='ocrx_word' id='word_1_321' title='bbox 1411 2902 1605 2975; x_wconf 83' lang='lat' dir='ltr'><strong>nititur</strong></span> <span class='ocrx_word' id='word_1_322' title='bbox 1648 2902 1860 2975; x_wconf 85' lang='lat' dir='ltr'><strong>eilicere</strong></span> <span class='ocrx_word' id='word_1_323' title='bbox 1896 2902 1993 2957; x_wconf 82' lang='lat' dir='ltr'><strong>Ma-</strong></span> 
     </span>
    </p>
   </div>
   <div class='ocr_carea' id='block_1_46' title="bbox 449 2972 2007 3042">
    <p class='ocr_par' dir='ltr' id='par_1_46' title="bbox 449 2972 2007 3042">
     <span class='ocr_line' id='line_1_48' title="bbox 449 2972 2007 3042; baseline -0.002 -11"><span class='ocrx_word' id='word_1_324' title='bbox 449 2977 584 3031; x_wconf 87' lang='lat' dir='ltr'><strong>ister</strong></span> <span class='ocrx_word' id='word_1_325' title='bbox 611 2991 706 3031; x_wconf 87' lang='lat' dir='ltr'><strong>eos</strong></span> <span class='ocrx_word' id='word_1_326' title='bbox 726 2990 835 3030; x_wconf 91' lang='lat' dir='ltr'><strong>non</strong></span> <span class='ocrx_word' id='word_1_327' title='bbox 864 2972 984 3030; x_wconf 77' lang='lat' dir='ltr'><strong>esse</strong></span> <span class='ocrx_word' id='word_1_328' title='bbox 1018 2974 1248 3029; x_wconf 84' lang='lat' dir='ltr'><strong>verbere</strong></span> <span class='ocrx_word' id='word_1_329' title='bbox 1295 2972 1646 3038; x_wconf 87' lang='lat' dir='ltr'><strong>coercendos,</strong></span> <span class='ocrx_word' id='word_1_330' title='bbox 1683 2974 1774 3042; x_wconf 91' lang='lat' dir='ltr'><strong>qui</strong></span> <span class='ocrx_word' id='word_1_331' title='bbox 1803 2988 2007 3028; x_wconf 88' lang='lat' dir='ltr'><strong>annum</strong></span> 
     </span>
    </p>
   </div>
   <div class='ocr_carea' id='block_1_47' title="bbox 411 2994 2009 3125">
    <p class='ocr_par' dir='ltr' id='par_1_47' title="bbox 411 2994 2009 3125">
     <span class='ocr_line' id='line_1_49' title="bbox 449 2994 2007 3042; baseline -0.002 -11"><span class='ocrx_word' id='word_1_332' title='bbox 449 2994 584 3031; x_wconf 77' lang='lat' dir='ltr'><strong>lSlel&#39;</strong></span> <span class='ocrx_word' id='word_1_333' title='bbox 611 2994 706 3031; x_wconf 85' lang='lat' dir='ltr'><strong>eos</strong></span> <span class='ocrx_word' id='word_1_334' title='bbox 726 2994 835 3030; x_wconf 90' lang='lat' dir='ltr'><strong>non</strong></span> <span class='ocrx_word' id='word_1_335' title='bbox 864 2994 984 3030; x_wconf 83' lang='lat' dir='ltr'><strong>esse</strong></span> <span class='ocrx_word' id='word_1_336' title='bbox 1018 2994 1248 3029; x_wconf 69' lang='lat' dir='ltr'><strong>VCI&#39;DCI&#39;O</strong></span> <span class='ocrx_word' id='word_1_337' title='bbox 1295 2994 1646 3038; x_wconf 70' lang='lat' dir='ltr'><strong>CUCI&#39;CCIIUOS,</strong></span> <span class='ocrx_word' id='word_1_338' title='bbox 1683 2994 1774 3042; x_wconf 72' lang='grc' dir='ltr'><strong>(ιω</strong></span> <span class='ocrx_word' id='word_1_339' title='bbox 1803 2994 2007 3028; x_wconf 85' lang='lat' dir='ltr'><strong>annum</strong></span> 
     </span>
     <span class='ocr_line' id='line_1_50' title="bbox 411 2994 2009 3125; baseline -0.002 -23"><span class='ocrx_word' id='word_1_340' title='bbox 411 2994 683 3125; x_wconf 58' lang='lat' dir='ltr'><strong>gecimum</strong></span> <span class='ocrx_word' id='word_1_341' title='bbox 723 3046 973 3125; x_wconf 80' lang='lat' dir='ltr'><strong>quintum</strong></span> <span class='ocrx_word' id='word_1_342' title='bbox 1015 3043 1322 3114; x_wconf 87' lang='lat' dir='ltr'><strong>attigerint:</strong></span> <span class='ocrx_word' id='word_1_343' title='bbox 1353 3045 1481 3125; x_wconf 81' lang='lat' dir='ltr'><strong>quia</strong></span> <span class='ocrx_word' id='word_1_344' title='bbox 1508 3042 1563 3125; x_wconf 86' lang='lat' dir='ltr'><strong>in</strong></span> <span class='ocrx_word' id='word_1_345' title='bbox 1606 3044 1697 3098; x_wconf 93' lang='lat' dir='ltr'><strong>illa</strong></span> <span class='ocrx_word' id='word_1_346' title='bbox 1721 3051 1883 3125; x_wconf 75' lang='lat' dir='ltr'><strong>:etate</strong></span> <span class='ocrx_word' id='word_1_347' title='bbox 1907 3044 2009 3125; x_wconf 78' lang='lat' dir='ltr'><strong>im-</strong></span> 
     </span>
    </p>
   </div>
   <div class='ocr_carea' id='block_1_48' title="bbox 2110 1789 3702 1865">
    <p class='ocr_par' dir='ltr' id='par_1_48' title="bbox 2110 1789 3702 1865">
     <span class='ocr_line' id='line_1_51' title="bbox 2110 1789 3702 1865; baseline -0.001 -17"><span class='ocrx_word' id='word_1_348' title='bbox 2110 1799 2397 1865; x_wconf 87' lang='lat' dir='ltr'><strong>peccatum</strong></span> <span class='ocrx_word' id='word_1_349' title='bbox 2427 1792 2740 1863; x_wconf 88' lang='lat' dir='ltr'><strong>impositum</strong></span> <span class='ocrx_word' id='word_1_350' title='bbox 2768 1798 2876 1856; x_wconf 86' lang='lat' dir='ltr'><strong>est,</strong></span> <span class='ocrx_word' id='word_1_351' title='bbox 2910 1802 2935 1831; x_wconf 75' lang='grc' dir='ltr'><strong>ο</strong></span> <span class='ocrx_word' id='word_1_352' title='bbox 2984 1789 3182 1859; x_wconf 82' lang='lat' dir='ltr'><strong>injuste</strong></span> <span class='ocrx_word' id='word_1_353' title='bbox 3209 1806 3307 1862; x_wconf 92' lang='lat' dir='ltr'><strong>pro</strong></span> <span class='ocrx_word' id='word_1_354' title='bbox 3345 1791 3520 1846; x_wconf 87' lang='lat' dir='ltr'><strong>aliena</strong></span> <span class='ocrx_word' id='word_1_355' title='bbox 3545 1792 3702 1862; x_wconf 90' lang='lat' dir='ltr'><strong>culpa</strong></span> 
     </span>
    </p>
   </div>
   <div class='ocr_carea' id='block_1_49' title="bbox 2110 1880 3709 1955">
    <p class='ocr_par' dir='ltr' id='par_1_49' title="bbox 2110 1880 3709 1955">
     <span class='ocr_line' id='line_1_52' title="bbox 2110 1880 3709 1955; baseline 0 -17"><span class='ocrx_word' id='word_1_356' title='bbox 2110 1883 2249 1940; x_wconf 89' lang='lat' dir='ltr'><strong>alter</strong></span> <span class='ocrx_word' id='word_1_357' title='bbox 2296 1882 2456 1939; x_wconf 88' lang='lat' dir='ltr'><strong>debet</strong></span> <span class='ocrx_word' id='word_1_358' title='bbox 2500 1895 2717 1955; x_wconf 74' lang='lat' dir='ltr'><strong>pcenam</strong></span> <span class='ocrx_word' id='word_1_359' title='bbox 2768 1882 2993 1938; x_wconf 91' lang='lat' dir='ltr'><strong>sentire.</strong></span> <span class='ocrx_word' id='word_1_360' title='bbox 3046 1880 3127 1937; x_wconf 92' lang='lat' dir='ltr'><strong>Illi</strong></span> <span class='ocrx_word' id='word_1_361' title='bbox 3173 1897 3304 1937; x_wconf 83' lang='lat' dir='ltr'><strong>vero</strong></span> <span class='ocrx_word' id='word_1_362' title='bbox 3344 1882 3543 1939; x_wconf 83' lang='lat' dir='ltr'><strong>fratres</strong></span> <span class='ocrx_word' id='word_1_363' title='bbox 3584 1891 3709 1953; x_wconf 88' lang='lat' dir='ltr'><strong>post</strong></span> 
     </span>
    </p>
   </div>
   <div class='ocr_carea' id='block_1_50' title="bbox 2112 1971 3708 2045">
    <p class='ocr_par' dir='ltr' id='par_1_50' title="bbox 2112 1971 3708 2045">
     <span class='ocr_line' id='line_1_53' title="bbox 2112 1971 3708 2045; baseline 0.001 -17"><span class='ocrx_word' id='word_1_364' title='bbox 2112 1972 2181 2028; x_wconf 82' lang='grc'><strong>15</strong></span> <span class='ocrx_word' id='word_1_365' title='bbox 2218 1987 2390 2029; x_wconf 91' lang='lat' dir='ltr'><strong>annos</strong></span> <span class='ocrx_word' id='word_1_366' title='bbox 2440 1973 2614 2029; x_wconf 72' lang='lat' dir='ltr'><strong>aetatis</strong></span> <span class='ocrx_word' id='word_1_367' title='bbox 2655 1973 2930 2043; x_wconf 89' lang='lat' dir='ltr'><strong>vapulent,</strong></span> <span class='ocrx_word' id='word_1_368' title='bbox 2970 1971 3062 2043; x_wconf 90' lang='lat' dir='ltr'><strong>qui</strong></span> <span class='ocrx_word' id='word_1_369' title='bbox 3113 1973 3247 2029; x_wconf 85' lang='lat' dir='ltr'><strong>satis</strong></span> <span class='ocrx_word' id='word_1_370' title='bbox 3290 1988 3510 2045; x_wconf 88' lang='lat' dir='ltr'><strong>gravem</strong></span> <span class='ocrx_word' id='word_1_371' title='bbox 3554 1974 3572 2013; x_wconf 80' lang='grc'>¹</span> <span class='ocrx_word' id='word_1_372' title='bbox 3613 1984 3708 2030; x_wconf 90' lang='lat' dir='ltr'><strong>aut</strong></span> 
     </span>
    </p>
   </div>
   <div class='ocr_carea' id='block_1_51' title="bbox 2109 2064 3704 2136">
    <p class='ocr_par' dir='ltr' id='par_1_51' title="bbox 2109 2064 3704 2136">
     <span class='ocr_line' id='line_1_54' title="bbox 2109 2064 3704 2136; baseline -0.001 -15"><span class='ocrx_word' id='word_1_373' title='bbox 2109 2064 2243 2122; x_wconf 86' lang='lat' dir='ltr'><strong>furti</strong></span> <span class='ocrx_word' id='word_1_374' title='bbox 2271 2065 2501 2136; x_wconf 81' lang='lat' dir='ltr'><strong>fugacis,</strong></span> <span class='ocrx_word' id='word_1_375' title='bbox 2525 2071 2621 2121; x_wconf 85' lang='lat' dir='ltr'><strong>aut</strong></span> <span class='ocrx_word' id='word_1_376' title='bbox 2643 2064 2990 2122; x_wconf 87' lang='lat' dir='ltr'><strong>criminalem</strong></span> <span class='ocrx_word' id='word_1_377' title='bbox 3027 2064 3267 2135; x_wconf 89' lang='lat' dir='ltr'><strong>aliquam</strong></span> <span class='ocrx_word' id='word_1_378' title='bbox 3295 2065 3510 2136; x_wconf 90' lang='lat' dir='ltr'><strong>culpam</strong></span> <span class='ocrx_word' id='word_1_379' title='bbox 3548 2081 3704 2122; x_wconf 82' lang='lat' dir='ltr'><strong>eom-</strong></span> 
     </span>
    </p>
   </div>
   <div class='ocr_carea' id='block_1_52' title="bbox 2110 2160 2382 2216">
    <p class='ocr_par' dir='ltr' id='par_1_52' title="bbox 2110 2160 2382 2216">
     <span class='ocr_line' id='line_1_55' title="bbox 2110 2160 2382 2216; baseline -0.004 0"><span class='ocrx_word' id='word_1_380' title='bbox 2110 2160 2382 2216; x_wconf 86' lang='lat' dir='ltr'><strong>miserint.</strong></span> 
     </span>
    </p>
   </div>
   <div class='ocr_carea' id='block_1_53' title="bbox 2109 2274 3699 2426">
    <p class='ocr_par' dir='ltr' id='par_1_53' title="bbox 2109 2274 3699 2426">
     <span class='ocr_line' id='line_1_56' title="bbox 2109 2274 2486 2343; baseline 0.003 -16"><span class='ocrx_word' id='word_1_381' title='bbox 2109 2287 2212 2343; x_wconf 90' lang='lat' dir='ltr'><strong>pus</strong></span> <span class='ocrx_word' id='word_1_382' title='bbox 2241 2274 2486 2329; x_wconf 88' lang='lat' dir='ltr'><strong>verbere.</strong></span> 
     </span>
     <span class='ocr_line' id='line_1_57' title="bbox 2112 2340 3699 2426; baseline -0.001 -29"><span class='ocrx_word' id='word_1_383' title='bbox 2112 2413 2126 2426; x_wconf 47' lang='lat'><strong>.</strong></span> <span class='ocrx_word' id='word_1_384' title='bbox 2184 2342 2379 2426; x_wconf 50' lang='lat' dir='ltr'><strong>chuia</strong></span> <span class='ocrx_word' id='word_1_385' title='bbox 2418 2342 2844 2426; x_wconf 53' lang='lat' dir='ltr'><strong>animiimaetfa,</strong></span> <span class='ocrx_word' id='word_1_386' title='bbox 2889 2351 3029 2426; x_wconf 33' lang='lat' dir='ltr'><strong>etc;</strong></span> <span class='ocrx_word' id='word_1_387' title='bbox 3044 2340 3441 2426; x_wconf 52' lang='lat' dir='ltr'><strong>Sententia‘est</strong></span> <span class='ocrx_word' id='word_1_388' title='bbox 3473 2340 3699 2397; x_wconf 81' lang='lat' dir='ltr'><strong>Salustii</strong></span> 
     </span>
    </p>
   </div>
   <div class='ocr_carea' id='block_1_54' title="bbox 2111 2411 3697 2494">
    <p class='ocr_par' dir='ltr' id='par_1_54' title="bbox 2111 2411 3697 2494">
     <span class='ocr_line' id='line_1_58' title="bbox 2111 2411 3697 2494; baseline -0.001 -26"><span class='ocrx_word' id='word_1_389' title='bbox 2111 2413 2166 2494; x_wconf 67' lang='lat' dir='ltr'><strong>in</strong></span> <span class='ocrx_word' id='word_1_390' title='bbox 2193 2411 2510 2494; x_wconf 83' lang='lat' dir='ltr'><strong>Catilinario</strong></span> <span class='ocrx_word' id='word_1_391' title='bbox 2534 2411 2686 2494; x_wconf 67' lang='lat' dir='ltr'><strong>circa</strong></span> <span class='ocrx_word' id='word_1_392' title='bbox 2706 2413 2940 2494; x_wconf 82' lang='lat' dir='ltr'><strong>initium.</strong></span> <span class='ocrx_word' id='word_1_393' title='bbox 2978 2411 3303 2494; x_wconf 65' lang='lat' dir='ltr'><strong>Meminits.</strong></span> <span class='ocrx_word' id='word_1_394' title='bbox 3334 2411 3697 2494; x_wconf 53' lang='lat' dir='ltr'><strong>Hieronymus</strong></span> 
     </span>
    </p>
   </div>
   <div class='ocr_carea' id='block_1_55' title="bbox 2109 2482 3702 2538">
    <p class='ocr_par' dir='ltr' id='par_1_55' title="bbox 2109 2482 3702 2538">
     <span class='ocr_line' id='line_1_59' title="bbox 2109 2482 3702 2538; baseline 0.001 -2"><span class='ocrx_word' id='word_1_395' title='bbox 2109 2482 2233 2537; x_wconf 90' lang='lat' dir='ltr'><strong>libr.</strong></span> <span class='ocrx_word' id='word_1_396' title='bbox 2278 2498 2318 2538; x_wconf 87' lang='grc' dir='ltr'><strong>ιι</strong></span> <span class='ocrx_word' id='word_1_397' title='bbox 2346 2491 2536 2538; x_wconf 87' lang='lat' dir='ltr'><strong>contra</strong></span> <span class='ocrx_word' id='word_1_398' title='bbox 2569 2482 2951 2538; x_wconf 81' lang='lat' dir='ltr'><strong>Jovinianum:</strong></span> <span class='ocrx_word' id='word_1_399' title='bbox 2982 2500 3002 2533; x_wconf 74' lang='grc' dir='ltr'><strong>ι</strong></span> <span class='ocrx_word' id='word_1_400' title='bbox 3063 2482 3212 2538; x_wconf 90' lang='lat' dir='ltr'><strong>Unde</strong></span> <span class='ocrx_word' id='word_1_401' title='bbox 3250 2491 3305 2537; x_wconf 89' lang='lat' dir='ltr'><strong>et</strong></span> <span class='ocrx_word' id='word_1_402' title='bbox 3352 2482 3702 2538; x_wconf 85' lang='lat' dir='ltr'><strong>Historicus:</strong></span> 
     </span>
    </p>
   </div>
   <div class='ocr_carea' id='block_1_56' title="bbox 2110 2551 3702 2635">
    <p class='ocr_par' dir='ltr' id='par_1_56' title="bbox 2110 2551 3702 2635">
     <span class='ocr_line' id='line_1_60' title="bbox 2110 2551 3702 2635; baseline -0.001 -28"><span class='ocrx_word' id='word_1_403' title='bbox 2110 2552 2303 2619; x_wconf 85' lang='lat' dir='ltr'><strong>animi,</strong></span> <span class='ocrx_word' id='word_1_404' title='bbox 2335 2552 2541 2635; x_wconf 73' lang='lat' dir='ltr'><strong>inquit,</strong></span> <span class='ocrx_word' id='word_1_405' title='bbox 2567 2552 2817 2635; x_wconf 76' lang='lat' dir='ltr'><strong>imperio,</strong></span> <span class='ocrx_word' id='word_1_406' title='bbox 2867 2551 3368 2635; x_wconf 62' lang='lat' dir='ltr'><strong>corporisservitio</strong></span> <span class='ocrx_word' id='word_1_407' title='bbox 3392 2552 3702 2635; x_wconf 71' lang='lat' dir='ltr'><strong>magis_uti-</strong></span> 
     </span>
    </p>
   </div>
   <div class='ocr_carea' id='block_1_57' title="bbox 2111 2620 3705 2690">
    <p class='ocr_par' dir='ltr' id='par_1_57' title="bbox 2111 2620 3705 2690">
     <span class='ocr_line' id='line_1_61' title="bbox 2111 2620 3705 2690; baseline 0 -13"><span class='ocrx_word' id='word_1_408' title='bbox 2111 2638 2235 2677; x_wconf 90' lang='lat' dir='ltr'><strong>mur</strong></span> <span class='ocrx_word' id='word_1_409' title='bbox 2259 2640 2277 2690; x_wconf 86' lang='lat'><strong>;</strong></span> <span class='ocrx_word' id='word_1_410' title='bbox 2306 2620 2543 2678; x_wconf 76' lang='lat' dir='ltr'><strong>alterum</strong></span> <span class='ocrx_word' id='word_1_411' title='bbox 2584 2620 2740 2678; x_wconf 83' lang='lat' dir='ltr'><strong>nobis</strong></span> <span class='ocrx_word' id='word_1_412' title='bbox 2769 2638 2895 2679; x_wconf 92' lang='lat' dir='ltr'><strong>cum</strong></span> <span class='ocrx_word' id='word_1_413' title='bbox 2936 2620 3064 2689; x_wconf 83' lang='lat' dir='ltr'><strong>diis,</strong></span> <span class='ocrx_word' id='word_1_414' title='bbox 3094 2621 3325 2678; x_wconf 80' lang='lat' dir='ltr'><strong>alterum</strong></span> <span class='ocrx_word' id='word_1_415' title='bbox 3356 2620 3705 2678; x_wconf 67' lang='lat' dir='ltr'><strong>cum&#39;belluis</strong></span> 
     </span>
    </p>
   </div>
   <div class='ocr_carea' id='block_1_58' title="bbox 2109 2700 2564 2750">
    <p class='ocr_par' dir='ltr' id='par_1_58' title="bbox 2109 2700 2564 2750">
     <span class='ocr_line' id='line_1_62' title="bbox 2109 2700 2564 2750; baseline -0.011 0"><span class='ocrx_word' id='word_1_416' title='bbox 2109 2707 2397 2750; x_wconf 79' lang='lat' dir='ltr'><strong>commune</strong></span> <span class='ocrx_word' id='word_1_417' title='bbox 2416 2700 2519 2749; x_wconf 90' lang='lat' dir='ltr'><strong>est.</strong></span> <span class='ocrx_word' id='word_1_418' title='bbox 2544 2712 2564 2745; x_wconf 74' lang='grc' dir='ltr'><strong>ι</strong></span> 
     </span>
    </p>
   </div>
   <div class='ocr_carea' id='block_1_59' title="bbox 2181 2761 3704 2844">
    <p class='ocr_par' dir='ltr' id='par_1_59' title="bbox 2181 2761 3704 2844">
     <span class='ocr_line' id='line_1_63' title="bbox 2181 2761 3704 2844; baseline 0.001 -27"><span class='ocrx_word' id='word_1_419' title='bbox 2181 2762 2208 2803; x_wconf 76' lang='lat' dir='ltr'><strong>d</strong></span> <span class='ocrx_word' id='word_1_420' title='bbox 2235 2763 2397 2844; x_wconf 61' lang='lat' dir='ltr'><strong>Debet</strong></span> <span class='ocrx_word' id='word_1_421' title='bbox 2419 2762 2656 2835; x_wconf 83' lang='lat' dir='ltr'><strong>purgari.</strong></span> <span class='ocrx_word' id='word_1_422' title='bbox 2691 2761 3004 2834; x_wconf 86' lang='lat' dir='ltr'><strong>Legendum</strong></span> <span class='ocrx_word' id='word_1_423' title='bbox 3032 2763 3282 2818; x_wconf 86' lang='lat' dir='ltr'><strong>videtur:</strong></span> <span class='ocrx_word' id='word_1_424' title='bbox 3323 2762 3485 2818; x_wconf 83' lang='lat' dir='ltr'><strong>Debet</strong></span> <span class='ocrx_word' id='word_1_425' title='bbox 3527 2764 3704 2834; x_wconf 77' lang='lat' dir='ltr'><strong>potius</strong></span> 
     </span>
    </p>
   </div>
   <div class='ocr_carea' id='block_1_60' title="bbox 2111 2850 2445 2974">
    <p class='ocr_par' dir='ltr' id='par_1_60' title="bbox 2111 2850 2445 2974">
     <span class='ocr_line' id='line_1_64' title="bbox 2111 2850 2445 2974; baseline 0.003 -16"><span class='ocrx_word' id='word_1_426' title='bbox 2111 2850 2445 2974; x_wconf 47' lang='lat'><strong>“1923;”.</strong></span> 
     </span>
    </p>
   </div>
   <div class='ocr_carea' id='block_1_61' title="bbox 2112 2972 2435 3045">
    <p class='ocr_par' dir='ltr' id='par_1_61' title="bbox 2112 2972 2435 3045">
     <span class='ocr_line' id='line_1_65' title="bbox 2112 2972 2435 3045; baseline -0.012 -15"><span class='ocrx_word' id='word_1_427' title='bbox 2112 2976 2232 3030; x_wconf 84' lang='lat' dir='ltr'><strong>tire.</strong></span> <span class='ocrx_word' id='word_1_428' title='bbox 2261 2972 2403 3045; x_wconf 80' lang='lat' dir='ltr'><strong>Lege</strong></span> <span class='ocrx_word' id='word_1_429' title='bbox 2422 2992 2435 3026; x_wconf 90' lang='lat'><strong>:</strong></span> 
     </span>
    </p>
   </div>
   <div class='ocr_carea' id='block_1_62' title="bbox 2115 3045 2740 3116">
    <p class='ocr_par' dir='ltr' id='par_1_62' title="bbox 2115 3045 2740 3116">
     <span class='ocr_line' id='line_1_66' title="bbox 2115 3045 2740 3116; baseline -0.006 -15"><span class='ocrx_word' id='word_1_430' title='bbox 2115 3045 2264 3116; x_wconf 65' lang='lat' dir='ltr'><strong>debet</strong></span> <span class='ocrx_word' id='word_1_431' title='bbox 2293 3061 2509 3116; x_wconf 9' lang='lat' dir='ltr'><strong>partem,</strong></span> <span class='ocrx_word' id='word_1_432' title='bbox 2531 3045 2740 3116; x_wconf 80' lang='lat' dir='ltr'><strong>sentire.</strong></span> 
     </span>
    </p>
   </div>
   <div class='ocr_carea' id='block_1_63' title="bbox 2530 2902 3704 2975">
    <p class='ocr_par' dir='ltr' id='par_1_63' title="bbox 2530 2902 3704 2975">
     <span class='ocr_line' id='line_1_67' title="bbox 2530 2902 3704 2975; baseline 0.001 -18"><span class='ocrx_word' id='word_1_433' title='bbox 2530 2920 2586 2958; x_wconf 90' lang='lat' dir='ltr'><strong>ro</strong></span> <span class='ocrx_word' id='word_1_434' title='bbox 2611 2902 2785 2958; x_wconf 81' lang='lat' dir='ltr'><strong>aliena</strong></span> <span class='ocrx_word' id='word_1_435' title='bbox 2818 2902 2972 2975; x_wconf 81' lang='lat' dir='ltr'><strong>culpa</strong></span> <span class='ocrx_word' id='word_1_436' title='bbox 3000 2904 3135 2975; x_wconf 81' lang='lat' dir='ltr'><strong>alter</strong></span> <span class='ocrx_word' id='word_1_437' title='bbox 3176 2904 3554 2975; x_wconf 73' lang='lat' dir='ltr'><strong>debetpmnam</strong></span> <span class='ocrx_word' id='word_1_438' title='bbox 3581 2918 3704 2958; x_wconf 82' lang='lat' dir='ltr'><strong>sen—</strong></span> 
     </span>
    </p>
   </div>
   <div class='ocr_carea' id='block_1_64' title="bbox 2519 2972 3705 3045">
    <p class='ocr_par' dir='ltr' id='par_1_64' title="bbox 2519 2972 3705 3045">
     <span class='ocr_line' id='line_1_68' title="bbox 2519 2972 3705 3045; baseline 0.001 -17"><span class='ocrx_word' id='word_1_439' title='bbox 2519 2974 2692 3045; x_wconf 84' lang='lat' dir='ltr'><strong>njuste</strong></span> <span class='ocrx_word' id='word_1_440' title='bbox 2730 2975 2869 3029; x_wconf 73' lang='lat' dir='ltr'><strong>enim</strong></span> <span class='ocrx_word' id='word_1_441' title='bbox 2899 2972 2995 3045; x_wconf 75' lang='lat' dir='ltr'><strong>pro</strong></span> <span class='ocrx_word' id='word_1_442' title='bbox 3035 2974 3212 3029; x_wconf 83' lang='lat' dir='ltr'><strong>aliena</strong></span> <span class='ocrx_word' id='word_1_443' title='bbox 3257 2972 3414 3045; x_wconf 74' lang='lat' dir='ltr'><strong>culpa</strong></span> <span class='ocrx_word' id='word_1_444' title='bbox 3441 2972 3576 3029; x_wconf 81' lang='lat' dir='ltr'><strong>alter</strong></span> <span class='ocrx_word' id='word_1_445' title='bbox 3600 2990 3705 3029; x_wconf 84' lang='lat' dir='ltr'><strong>non</strong></span> 
     </span>
    </p>
   </div>
   <div class='ocr_carea' id='block_1_65' title="bbox 411 3110 3704 3187">
    <p class='ocr_par' dir='ltr' id='par_1_65' title="bbox 411 3110 3704 3187">
     <span class='ocr_line' id='line_1_69' title="bbox 411 3110 3704 3187; baseline -0.001 -16"><span class='ocrx_word' id='word_1_446' title='bbox 411 3117 624 3187; x_wconf 86' lang='lat' dir='ltr'><strong>perium</strong></span> <span class='ocrx_word' id='word_1_447' title='bbox 653 3110 981 3181; x_wconf 74' lang='lat' dir='ltr'><strong>mentis&#39;est,</strong></span> <span class='ocrx_word' id='word_1_448' title='bbox 1015 3110 1143 3187; x_wconf 64' lang='grc' dir='ltr'><strong>ιιοιι⁷</strong></span> <span class='ocrx_word' id='word_1_449' title='bbox 1165 3110 1446 3187; x_wconf 79' lang='lat' dir='ltr'><strong>corporis:</strong></span> <span class='ocrx_word' id='word_1_450' title='bbox 1496 3121 1562 3187; x_wconf 80' lang='lat' dir='ltr'><strong>et</strong></span> <span class='ocrx_word' id='word_1_451' title='bbox 1580 3122 1861 3187; x_wconf 83' lang='lat' dir='ltr'><strong>peccatum</strong></span> <span class='ocrx_word' id='word_1_452' title='bbox 1907 3115 2010 3170; x_wconf 90' lang='lat' dir='ltr'><strong>im—</strong></span> <span class='ocrx_word' id='word_1_453' title='bbox 2035 3110 2080 3174; x_wconf 89' lang='lat' dir='ltr'><strong>C</strong></span> <span class='ocrx_word' id='word_1_454' title='bbox 2188 3114 2208 3154; x_wconf 75' lang='grc' dir='ltr'><strong>ί</strong></span> <span class='ocrx_word' id='word_1_455' title='bbox 2248 3110 2352 3187; x_wconf 62' lang='lat' dir='ltr'><strong>Aut</strong></span> <span class='ocrx_word' id='word_1_456' title='bbox 2374 3114 2514 3187; x_wconf 73' lang='lat' dir='ltr'><strong>furti</strong></span> <span class='ocrx_word' id='word_1_457' title='bbox 2542 3114 2763 3187; x_wconf 79' lang='lat' dir='ltr'><strong>fugacis.</strong></span> <span class='ocrx_word' id='word_1_458' title='bbox 2798 3114 2966 3187; x_wconf 91' lang='lat' dir='ltr'><strong>_Ita_in</strong></span> <span class='ocrx_word' id='word_1_459' title='bbox 2996 3116 3117 3187; x_wconf 91' lang='lat' dir='ltr'><strong>cod.</strong></span> <span class='ocrx_word' id='word_1_460' title='bbox 3146 3114 3316 3187; x_wconf 78' lang='lat' dir='ltr'><strong>Vind.</strong></span> <span class='ocrx_word' id='word_1_461' title='bbox 3335 3122 3390 3187; x_wconf 84' lang='lat' dir='ltr'><strong>et</strong></span> <span class='ocrx_word' id='word_1_462' title='bbox 3416 3114 3469 3170; x_wconf 92' lang='lat' dir='ltr'><strong>in</strong></span> <span class='ocrx_word' id='word_1_463' title='bbox 3502 3112 3704 3187; x_wconf 79' lang='lat' dir='ltr'><strong>Regula</strong></span> 
     </span>
    </p>
   </div>
   <div class='ocr_carea' id='block_1_66' title="bbox 412 3183 2005 3256">
    <p class='ocr_par' dir='ltr' id='par_1_66' title="bbox 412 3183 2005 3256">
     <span class='ocr_line' id='line_1_70' title="bbox 412 3183 2005 3256; baseline 0 -16"><span class='ocrx_word' id='word_1_464' title='bbox 412 3183 659 3256; x_wconf 79' lang='lat' dir='ltr'><strong>perantis</strong></span> <span class='ocrx_word' id='word_1_465' title='bbox 696 3195 802 3253; x_wconf 88' lang='lat' dir='ltr'><strong>est,</strong></span> <span class='ocrx_word' id='word_1_466' title='bbox 828 3201 936 3241; x_wconf 93' lang='lat' dir='ltr'><strong>non</strong></span> <span class='ocrx_word' id='word_1_467' title='bbox 976 3183 1305 3256; x_wconf 79' lang='lat' dir='ltr'><strong>servientis;</strong></span> <span class='ocrx_word' id='word_1_468' title='bbox 1354 3199 1420 3256; x_wconf 85' lang='lat' dir='ltr'><strong>ac</strong></span> <span class='ocrx_word' id='word_1_469' title='bbox 1447 3183 1676 3256; x_wconf 84' lang='lat' dir='ltr'><strong>proinde</strong></span> <span class='ocrx_word' id='word_1_470' title='bbox 1699 3199 1855 3241; x_wconf 89' lang='lat' dir='ltr'><strong>mens</strong></span> <span class='ocrx_word' id='word_1_471' title='bbox 1877 3199 2005 3255; x_wconf 91' lang='lat' dir='ltr'><strong>pec-</strong></span> 
     </span>
    </p>
   </div>
   <div class='ocr_carea' id='block_1_67' title="bbox 414 3252 2005 3326">
    <p class='ocr_par' dir='ltr' id='par_1_67' title="bbox 414 3252 2005 3326">
     <span class='ocr_line' id='line_1_71' title="bbox 414 3252 2005 3326; baseline 0.001 -16"><span class='ocrx_word' id='word_1_472' title='bbox 414 3252 548 3311; x_wconf 77' lang='lat' dir='ltr'><strong>cans</strong></span> <span class='ocrx_word' id='word_1_473' title='bbox 573 3252 1129 3311; x_wconf 83' lang='lat' dir='ltr'><strong>excommunicatione</strong></span> <span class='ocrx_word' id='word_1_474' title='bbox 1168 3252 1408 3311; x_wconf 82' lang='lat' dir='ltr'><strong>ferienda</strong></span> <span class='ocrx_word' id='word_1_475' title='bbox 1442 3252 1648 3325; x_wconf 86' lang='lat' dir='ltr'><strong>potius,</strong></span> <span class='ocrx_word' id='word_1_476' title='bbox 1691 3270 1855 3326; x_wconf 87' lang='lat' dir='ltr'><strong>quam</strong></span> <span class='ocrx_word' id='word_1_477' title='bbox 1880 3252 2005 3311; x_wconf 79' lang='lat' dir='ltr'><strong>cor—</strong></span> 
     </span>
    </p>
   </div>
   <div class='ocr_carea' id='block_1_68' title="bbox 2114 3182 3705 3257">
    <p class='ocr_par' dir='ltr' id='par_1_68' title="bbox 2114 3182 3705 3257">
     <span class='ocr_line' id='line_1_72' title="bbox 2114 3182 3705 3257; baseline 0 -16"><span class='ocrx_word' id='word_1_478' title='bbox 2114 3182 2392 3257; x_wconf 78' lang='lat' dir='ltr'><strong>ms.Apu_d</strong></span> <span class='ocrx_word' id='word_1_479' title='bbox 2410 3182 2767 3257; x_wconf 81' lang='lat' dir='ltr'><strong>Smaragdum</strong></span> <span class='ocrx_word' id='word_1_480' title='bbox 2798 3185 3026 3257; x_wconf 85' lang='lat' dir='ltr'><strong>legitur:</strong></span> <span class='ocrx_word' id='word_1_481' title='bbox 3059 3186 3163 3240; x_wconf 84' lang='lat' dir='ltr'><strong>Aut</strong></span> <span class='ocrx_word' id='word_1_482' title='bbox 3193 3185 3319 3256; x_wconf 77' lang='lat' dir='ltr'><strong>fasti</strong></span> <span class='ocrx_word' id='word_1_483' title='bbox 3362 3182 3705 3257; x_wconf 39' lang='lat' dir='ltr'><strong>fugacis,&#39;sed</strong></span> 
     </span>
    </p>
   </div>
   <div class='ocr_carea' id='block_1_69' title="bbox 2116 3255 3190 3329">
    <p class='ocr_par' dir='ltr' id='par_1_69' title="bbox 2116 3255 3190 3329">
     <span class='ocr_line' id='line_1_73' title="bbox 2116 3255 3190 3329; baseline -0.002 -17"><span class='ocrx_word' id='word_1_484' title='bbox 2116 3272 2183 3312; x_wconf 78' lang='lat' dir='ltr'><strong>ex</strong></span> <span class='ocrx_word' id='word_1_485' title='bbox 2209 3255 2391 3312; x_wconf 88' lang='lat' dir='ltr'><strong>citatis</strong></span> <span class='ocrx_word' id='word_1_486' title='bbox 2415 3256 2693 3313; x_wconf 88' lang='lat' dir='ltr'><strong>codicibus</strong></span> <span class='ocrx_word' id='word_1_487' title='bbox 2718 3262 2801 3311; x_wconf 87' lang='lat' dir='ltr'><strong>est</strong></span> <span class='ocrx_word' id='word_1_488' title='bbox 2822 3255 3190 3329; x_wconf 82' lang='lat' dir='ltr'><strong>castigandus.</strong></span> 
     </span>
    </p>
   </div>
   <div class='ocr_carea' id='block_1_70' title="bbox 3616 3359 3653 3375">
    <p class='ocr_par' dir='ltr' id='par_1_70' title="bbox 3616 3359 3653 3375">
     <span class='ocr_line' id='line_1_74' title="bbox 3616 3359 3653 3375; baseline 0 0"><span class='ocrx_word' id='word_1_489' title='bbox 3616 3359 3653 3375; x_wconf 59' lang='grc' dir='ltr'><em>α</em></span> 
     </span>
    </p>
   </div>
   <div class='ocr_carea' id='block_1_71' title="bbox 1772 3449 2341 3528">
    <p class='ocr_par' dir='ltr' id='par_1_71' title="bbox 1772 3449 2341 3528">
     <span class='ocr_line' id='line_1_75' title="bbox 1772 3449 2341 3528; baseline 0 -2"><span class='ocrx_word' id='word_1_490' title='bbox 1772 3449 2110 3528; x_wconf 73' lang='lat' dir='ltr'><strong>CAPUT</strong></span> <span class='ocrx_word' id='word_1_491' title='bbox 2182 3451 2341 3527; x_wconf 86' lang='lat' dir='ltr'><strong>XL.</strong></span> 
     </span>
    </p>
   </div>
   <div class='ocr_carea' id='block_1_72' title="bbox 1314 3579 2807 3649">
    <p class='ocr_par' dir='ltr' id='par_1_72' title="bbox 1314 3579 2807 3649">
     <span class='ocr_line' id='line_1_76' title="bbox 1314 3579 2807 3649; baseline -0.008 -4"><span class='ocrx_word' id='word_1_492' title='bbox 1314 3587 1396 3645; x_wconf 84' lang='lat' dir='ltr'><strong>DE</strong></span> <span class='ocrx_word' id='word_1_493' title='bbox 1434 3584 1882 3644; x_wconf 77' lang='lat' dir='ltr'><strong>CELLARARIO</strong></span> <span class='ocrx_word' id='word_1_494' title='bbox 1919 3581 2365 3649; x_wconf 79' lang='lat' dir='ltr'><strong>MONASTERH,</strong></span> <span class='ocrx_word' id='word_1_495' title='bbox 2397 3579 2652 3649; x_wconf 79' lang='lat' dir='ltr'><strong>QUALIS</strong></span> <span class='ocrx_word' id='word_1_496' title='bbox 2680 3580 2807 3637; x_wconf 84' lang='lat' dir='ltr'><strong>SIT.</strong></span> 
     </span>
    </p>
   </div>
   <div class='ocr_carea' id='block_1_73' title="bbox 646 3780 1879 3859">
    <p class='ocr_par' dir='ltr' id='par_1_73' title="bbox 646 3780 1879 3859">
     <span class='ocr_line' id='line_1_77' title="bbox 646 3780 1879 3859; baseline -0.005 -18"><span class='ocrx_word' id='word_1_497' title='bbox 646 3786 674 3859; x_wconf 67' lang='grc' dir='ltr'><strong>ς</strong></span> <span class='ocrx_word' id='word_1_498' title='bbox 700 3786 740 3841; x_wconf 88' lang='grc'><strong>1.</strong></span> <span class='ocrx_word' id='word_1_499' title='bbox 776 3816 845 3827; x_wconf 90' lang='lat'><strong>——</strong></span> <span class='ocrx_word' id='word_1_500' title='bbox 869 3784 949 3839; x_wconf 78' lang='lat' dir='ltr'><strong>Ex</strong></span> <span class='ocrx_word' id='word_1_501' title='bbox 978 3783 1201 3839; x_wconf 66' lang='lat' dir='ltr'><strong>Renum</strong></span> <span class='ocrx_word' id='word_1_502' title='bbox 1231 3797 1418 3837; x_wconf 69' lang='lat' dir='ltr'><strong>smcrr</strong></span> <span class='ocrx_word' id='word_1_503' title='bbox 1456 3780 1774 3836; x_wconf 72' lang='lat' dir='ltr'><strong>BENEDICTI.</strong></span> <span class='ocrx_word' id='word_1_504' title='bbox 1873 3854 1879 3859; x_wconf 18' lang='grc' dir='ltr'>θ</span> 
     </span>
    </p>
   </div>
   <div class='ocr_carea' id='block_1_74' title="bbox 491 3939 2008 4012">
    <p class='ocr_par' dir='ltr' id='par_1_74' title="bbox 491 3939 2008 4012">
     <span class='ocr_line' id='line_1_78' title="bbox 491 3939 2008 4012; baseline -0.004 -11"><span class='ocrx_word' id='word_1_505' title='bbox 491 3958 521 3990; x_wconf 75' lang='grc' dir='ltr'><strong>ι</strong></span> <span class='ocrx_word' id='word_1_506' title='bbox 539 3944 868 4003; x_wconf 85' lang='lat' dir='ltr'><strong>Cellararius</strong></span> <span class='ocrx_word' id='word_1_507' title='bbox 888 3941 1206 3999; x_wconf 87' lang='lat' dir='ltr'><strong>monasterii</strong></span> <span class='ocrx_word' id='word_1_508' title='bbox 1240 3940 1475 4012; x_wconf 86' lang='lat' dir='ltr'><strong>eligatur</strong></span> <span class='ocrx_word' id='word_1_509' title='bbox 1498 3939 1563 3996; x_wconf 90' lang='lat' dir='ltr'><strong>de</strong></span> <span class='ocrx_word' id='word_1_510' title='bbox 1587 3940 2008 4012; x_wconf 84' lang='lat' dir='ltr'><strong>congregatione</strong></span> 
     </span>
    </p>
   </div>
   <div class='ocr_carea' id='block_1_75' title="bbox 490 4078 2001 4150">
    <p class='ocr_par' dir='ltr' id='par_1_75' title="bbox 490 4078 2001 4150">
     <span class='ocr_line' id='line_1_79' title="bbox 490 4078 2001 4150; baseline -0.004 -11"><span class='ocrx_word' id='word_1_511' title='bbox 490 4098 517 4127; x_wconf 81' lang='grc' dir='ltr'><strong>ι</strong></span> <span class='ocrx_word' id='word_1_512' title='bbox 552 4082 897 4139; x_wconf 82' lang='lat' dir='ltr'><strong>Celtarartus.</strong></span> <span class='ocrx_word' id='word_1_513' title='bbox 950 4088 1028 4136; x_wconf 65' lang='lat' dir='ltr'><strong>ita</strong></span> <span class='ocrx_word' id='word_1_514' title='bbox 1057 4078 1198 4150; x_wconf 90' lang='lat' dir='ltr'><strong>apud</strong></span> <span class='ocrx_word' id='word_1_515' title='bbox 1229 4078 1496 4135; x_wconf 78' lang='lat' dir='ltr'><strong>Keronem</strong></span> <span class='ocrx_word' id='word_1_516' title='bbox 1536 4092 1664 4134; x_wconf 80' lang='lat' dir='ltr'><strong>mox</strong></span> <span class='ocrx_word' id='word_1_517' title='bbox 1701 4078 2001 4150; x_wconf 76' lang='lat' dir='ltr'><strong>citandum.</strong></span> 
     </span>
    </p>
   </div>
   <div class='ocr_carea' id='block_1_76' title="bbox 413 4148 2004 4225">
    <p class='ocr_par' dir='ltr' id='par_1_76' title="bbox 413 4148 2004 4225">
     <span class='ocr_line' id='line_1_80' title="bbox 413 4148 2004 4225; baseline -0.006 -13"><span class='ocrx_word' id='word_1_518' title='bbox 413 4154 591 4225; x_wconf 81' lang='lat' dir='ltr'><strong>Vulgo</strong></span> <span class='ocrx_word' id='word_1_519' title='bbox 616 4153 956 4225; x_wconf 63' lang='lat' dir='ltr'><strong>cellerarius.</strong></span> <span class='ocrx_word' id='word_1_520' title='bbox 1001 4166 1038 4225; x_wconf 86' lang='lat' dir='ltr'><strong>_a</strong></span> <span class='ocrx_word' id='word_1_521' title='bbox 1070 4148 1225 4225; x_wconf 69' lang='lat' dir='ltr'><strong>cella,</strong></span> <span class='ocrx_word' id='word_1_522' title='bbox 1252 4157 1524 4225; x_wconf 72' lang='lat' dir='ltr'><strong>utnotum</strong></span> <span class='ocrx_word' id='word_1_523' title='bbox 1555 4158 1678 4205; x_wconf 90' lang='lat' dir='ltr'><strong>est:</strong></span> <span class='ocrx_word' id='word_1_524' title='bbox 1720 4148 1920 4205; x_wconf 89' lang='lat' dir='ltr'><strong>dicitur</strong></span> <span class='ocrx_word' id='word_1_525' title='bbox 1946 4156 2004 4204; x_wconf 86' lang='lat' dir='ltr'><strong>et</strong></span> 
     </span>
    </p>
   </div>
   <div class='ocr_carea' id='block_1_77' title="bbox 394 4220 1547 4298">
    <p class='ocr_par' dir='ltr' id='par_1_77' title="bbox 394 4220 1547 4298">
     <span class='ocr_line' id='line_1_81' title="bbox 394 4220 1547 4298; baseline -0.005 -16"><span class='ocrx_word' id='word_1_526' title='bbox 394 4220 691 4298; x_wconf 51' lang='lat' dir='ltr'><strong>.cellarius.</strong></span> <span class='ocrx_word' id='word_1_527' title='bbox 744 4223 968 4279; x_wconf 90' lang='lat' dir='ltr'><strong>Plautus</strong></span> <span class='ocrx_word' id='word_1_528' title='bbox 1000 4222 1052 4276; x_wconf 92' lang='lat' dir='ltr'><strong>in</strong></span> <span class='ocrx_word' id='word_1_529' title='bbox 1086 4220 1254 4274; x_wconf 83' lang='lat' dir='ltr'><strong>Milite</strong></span> <span class='ocrx_word' id='word_1_530' title='bbox 1274 4220 1547 4291; x_wconf 91' lang='lat' dir='ltr'><strong>glorioso:</strong></span> 
     </span>
    </p>
   </div>
   <div class='ocr_carea' id='block_1_78' title="bbox 606 4321 1710 4385">
    <p class='ocr_par' dir='ltr' id='par_1_78' title="bbox 606 4321 1710 4385">
     <span class='ocr_line' id='line_1_82' title="bbox 606 4321 1710 4385; baseline -0.005 -9"><span class='ocrx_word' id='word_1_531' title='bbox 606 4325 802 4376; x_wconf 83' lang='lat' dir='ltr'><strong>Dimisit</strong></span> <span class='ocrx_word' id='word_1_532' title='bbox 822 4323 1014 4374; x_wconf 83' lang='lat' dir='ltr'><strong>nardini</strong></span> <span class='ocrx_word' id='word_1_533' title='bbox 1037 4322 1140 4371; x_wconf 79' lang='lat' dir='ltr'><strong>vini</strong></span> <span class='ocrx_word' id='word_1_534' title='bbox 1163 4322 1441 4385; x_wconf 81' lang='lat' dir='ltr'><strong>amphoram</strong></span> <span class='ocrx_word' id='word_1_535' title='bbox 1464 4321 1710 4372; x_wconf 80' lang='lat' dir='ltr'><strong>cellarius.</strong></span> 
     </span>
    </p>
   </div>
   <div class='ocr_carea' id='block_1_79' title="bbox 413 4404 2008 4481">
    <p class='ocr_par' dir='ltr' id='par_1_79' title="bbox 413 4404 2008 4481">
     <span class='ocr_line' id='line_1_83' title="bbox 413 4404 2008 4481; baseline -0.004 -15"><span class='ocrx_word' id='word_1_536' title='bbox 413 4409 770 4481; x_wconf 81' lang='lat' dir='ltr'><strong>Lampridius</strong></span> <span class='ocrx_word' id='word_1_537' title='bbox 797 4408 854 4481; x_wconf 87' lang='lat' dir='ltr'><strong>in_</strong></span> <span class='ocrx_word' id='word_1_538' title='bbox 875 4405 1221 4476; x_wconf 79' lang='lat' dir='ltr'><strong>Heliogabalo</strong></span> <span class='ocrx_word' id='word_1_539' title='bbox 1249 4424 1322 4481; x_wconf 74' lang='lat' dir='ltr'><strong>:__t</strong></span> <span class='ocrx_word' id='word_1_540' title='bbox 1350 4405 1596 4481; x_wconf 75' lang='lat' dir='ltr'><strong>Mittebat</strong></span> <span class='ocrx_word' id='word_1_541' title='bbox 1615 4404 2008 4481; x_wconf 32' lang='lat' dir='ltr'><strong>parasitis‘per</strong></span> 
     </span>
    </p>
   </div>
   <div class='ocr_carea' id='block_1_80' title="bbox 414 4474 2008 4544">
    <p class='ocr_par' dir='ltr' id='par_1_80' title="bbox 414 4474 2008 4544">
     <span class='ocr_line' id='line_1_84' title="bbox 414 4474 2008 4544; baseline -0.003 -9"><span class='ocrx_word' id='word_1_542' title='bbox 414 4474 669 4537; x_wconf 73' lang='lat' dir='ltr'><strong>cellarius</strong></span> <span class='ocrx_word' id='word_1_543' title='bbox 696 4478 893 4534; x_wconf 89' lang='lat' dir='ltr'><strong>salaria</strong></span> <span class='ocrx_word' id='word_1_544' title='bbox 941 4474 1141 4531; x_wconf 79' lang='lat' dir='ltr'><strong>annua.</strong></span> <span class='ocrx_word' id='word_1_545' title='bbox 1177 4494 1195 4527; x_wconf 80' lang='grc' dir='ltr'><strong>ι</strong></span> <span class='ocrx_word' id='word_1_546' title='bbox 1254 4474 1398 4531; x_wconf 79' lang='lat' dir='ltr'><strong>Kero</strong></span> <span class='ocrx_word' id='word_1_547' title='bbox 1446 4475 1501 4530; x_wconf 92' lang='lat' dir='ltr'><strong>in</strong></span> <span class='ocrx_word' id='word_1_548' title='bbox 1558 4474 2008 4544; x_wconf 81' lang='lat' dir='ltr'><strong>interpretatione</strong></span> 
     </span>
    </p>
   </div>
   <div class='ocr_carea' id='block_1_81' title="bbox 413 4543 2007 4617">
    <p class='ocr_par' dir='ltr' id='par_1_81' title="bbox 413 4543 2007 4617">
     <span class='ocr_line' id='line_1_85' title="bbox 413 4543 2007 4617; baseline -0.006 -10"><span class='ocrx_word' id='word_1_549' title='bbox 413 4550 732 4607; x_wconf 79' lang='lat' dir='ltr'><strong>Alamanica</strong></span> <span class='ocrx_word' id='word_1_550' title='bbox 758 4546 1143 4617; x_wconf 90' lang='lat' dir='ltr'><strong>vocabulorum</strong></span> <span class='ocrx_word' id='word_1_551' title='bbox 1165 4545 1385 4617; x_wconf 73' lang='lat' dir='ltr'><strong>Regula:</strong></span> <span class='ocrx_word' id='word_1_552' title='bbox 1410 4544 1469 4600; x_wconf 86' lang='lat' dir='ltr'><strong>S.</strong></span> <span class='ocrx_word' id='word_1_553' title='bbox 1495 4543 2007 4617; x_wconf 20' lang='lat' dir='ltr'><strong>Be_nedicti#:_ACella-</strong></span> 
     </span>
    </p>
   </div>
   <div class='ocr_carea' id='block_1_82' title="bbox 414 4614 2001 4692">
    <p class='ocr_par' dir='ltr' id='par_1_82' title="bbox 414 4614 2001 4692">
     <span class='ocr_line' id='line_1_86' title="bbox 414 4614 2001 4692; baseline -0.004 -17"><span class='ocrx_word' id='word_1_554' title='bbox 414 4622 634 4692; x_wconf 59' lang='lat' dir='ltr'><strong>rarius,</strong></span> <span class='ocrx_word' id='word_1_555' title='bbox 662 4620 751 4692; x_wconf 87' lang='lat' dir='ltr'><strong>qui</strong></span> <span class='ocrx_word' id='word_1_556' title='bbox 776 4628 827 4692; x_wconf 67' lang='lat' dir='ltr'><strong>et</strong></span> <span class='ocrx_word' id='word_1_557' title='bbox 859 4616 1104 4692; x_wconf 69' lang='lat' dir='ltr'><strong>cellarius</strong></span> <span class='ocrx_word' id='word_1_558' title='bbox 1134 4629 1153 4667; x_wconf 87' lang='lat'><strong>.&#39;</strong></span> <span class='ocrx_word' id='word_1_559' title='bbox 1189 4614 1512 4692; x_wconf 79' lang='lat' dir='ltr'><strong>Cyprianus.</strong></span> <span class='ocrx_word' id='word_1_560' title='bbox 1562 4614 1657 4669; x_wconf 88' lang='lat' dir='ltr'><strong>lib.</strong></span> <span class='ocrx_word' id='word_1_561' title='bbox 1707 4630 1747 4692; x_wconf 79' lang='lat'><strong>1_</strong></span> <span class='ocrx_word' id='word_1_562' title='bbox 1775 4614 1913 4692; x_wconf 70' lang='lat' dir='ltr'><strong>Viue</strong></span> 
     </span>
    </p>
   </div>
   <div class='ocr_carea' id='block_1_83' title="bbox 413 4683 2006 4768">
    <p class='ocr_par' dir='ltr' id='par_1_83' title="bbox 413 4683 2006 4768">
     <span class='ocr_line' id='line_1_87' title="bbox 413 4683 2006 4768; baseline -0.003 -24"><span class='ocrx_word' id='word_1_563' title='bbox 413 4689 640 4768; x_wconf 59' lang='lat' dir='ltr'><strong>pwsarii</strong></span> <span class='ocrx_word' id='word_1_564' title='bbox 671 4683 686 4740; x_wconf 80' lang='grc' dir='ltr'><em>ἕ</em></span> <span class='ocrx_word' id='word_1_565' title='bbox 699 4707 741 4768; x_wconf 73' lang='lat' dir='ltr'><strong>__t</strong></span> <span class='ocrx_word' id='word_1_566' title='bbox 773 4688 902 4768; x_wconf 72' lang='lat' dir='ltr'><strong>Post</strong></span> <span class='ocrx_word' id='word_1_567' title='bbox 925 4687 1092 4768; x_wconf 68' lang='lat' dir='ltr'><strong>breve</strong></span> <span class='ocrx_word' id='word_1_568' title='bbox 1120 4683 1334 4768; x_wconf 74' lang='lat' dir='ltr'><strong>tempus</strong></span> <span class='ocrx_word' id='word_1_569' title='bbox 1357 4686 1412 4740; x_wconf 94' lang='lat' dir='ltr'><strong>in</strong></span> <span class='ocrx_word' id='word_1_570' title='bbox 1439 4683 1873 4768; x_wconf 65' lang='lat' dir='ltr'><strong>congregationis</strong></span> <span class='ocrx_word' id='word_1_571' title='bbox 1895 4685 2006 4740; x_wconf 58' lang='lat' dir='ltr'><strong>cele</strong></span> 
     </span>
    </p>
   </div>
   <div class='ocr_carea' id='block_1_84' title="bbox 414 4755 1999 4831">
    <p class='ocr_par' dir='ltr' id='par_1_84' title="bbox 414 4755 1999 4831">
     <span class='ocr_line' id='line_1_88' title="bbox 414 4755 1999 4831; baseline -0.003 -17"><span class='ocrx_word' id='word_1_572' title='bbox 414 4760 616 4831; x_wconf 77' lang='lat' dir='ltr'><strong>larium</strong></span> <span class='ocrx_word' id='word_1_573' title='bbox 665 4759 903 4831; x_wconf 61' lang='lat' dir='ltr'><strong>eligitur.</strong></span> <span class='ocrx_word' id='word_1_574' title='bbox 943 4776 962 4810; x_wconf 76' lang='grc' dir='ltr'><strong>ι</strong></span> <span class='ocrx_word' id='word_1_575' title='bbox 1006 4755 1195 4831; x_wconf 64' lang='lat' dir='ltr'><strong>Graece</strong></span> <span class='ocrx_word' id='word_1_576' title='bbox 1238 4755 1407 4831; x_wconf 74' lang='lat' dir='ltr'><strong>etiam</strong></span> <span class='ocrx_word' id='word_1_577' title='bbox 1459 4755 1999 4831; x_wconf 65' lang='lat' dir='ltr'><strong>di_citur,_x_¢népto_c.</strong></span> 
     </span>
    </p>
   </div>
   <div class='ocr_carea' id='block_1_85' title="bbox 412 4824 2003 4902">
    <p class='ocr_par' dir='ltr' id='par_1_85' title="bbox 412 4824 2003 4902">
     <span class='ocr_line' id='line_1_89' title="bbox 412 4824 2003 4902; baseline -0.004 -16"><span class='ocrx_word' id='word_1_578' title='bbox 412 4824 803 4886; x_wconf 71' lang='lat' dir='ltr'><strong>Constantinus</strong></span> <span class='ocrx_word' id='word_1_579' title='bbox 827 4829 1089 4902; x_wconf 67' lang='lat' dir='ltr'><strong>Themate</strong></span> <span class='ocrx_word' id='word_1_580' title='bbox 1117 4826 1151 4880; x_wconf 85' lang='lat'><strong>6</strong></span> <span class='ocrx_word' id='word_1_581' title='bbox 1178 4845 1191 4881; x_wconf 92' lang='lat'><strong>:</strong></span> <span class='ocrx_word' id='word_1_582' title='bbox 1216 4826 1472 4902; x_wconf 67' lang='grc' dir='ltr'><strong>Κιλλᾶριρς</strong></span> <span class='ocrx_word' id='word_1_583' title='bbox 1495 4825 1531 4902; x_wconf 62' lang='grc' dir='ltr'><strong>ἐ</strong></span> <span class='ocrx_word' id='word_1_584' title='bbox 1553 4826 1707 4902; x_wconf 50' lang='lat' dir='ltr'><strong>quid</strong></span> <span class='ocrx_word' id='word_1_585' title='bbox 1729 4824 1930 4902; x_wconf 42' lang='grc' dir='ltr'><strong>ἄρεςοῦη</strong></span> <span class='ocrx_word' id='word_1_586' title='bbox 1948 4825 2003 4879; x_wconf 85' lang='lat' dir='ltr'><strong>id</strong></span> 
     </span>
    </p>
   </div>
   <div class='ocr_carea' id='block_1_86' title="bbox 412 4894 2003 4978">
    <p class='ocr_par' dir='ltr' id='par_1_86' title="bbox 412 4894 2003 4978">
     <span class='ocr_line' id='line_1_90' title="bbox 412 4894 2003 4978; baseline -0.004 -23"><span class='ocrx_word' id='word_1_587' title='bbox 412 4908 523 4978; x_wconf 70' lang='lat' dir='ltr'><strong>est,</strong></span> <span class='ocrx_word' id='word_1_588' title='bbox 543 4908 733 4978; x_wconf 58' lang='lat' dir='ltr'><strong>custos</strong></span> <span class='ocrx_word' id='word_1_589' title='bbox 760 4897 1051 4978; x_wconf 74' lang='lat' dir='ltr'><strong>panis.__Ut</strong></span> <span class='ocrx_word' id='word_1_590' title='bbox 1073 4894 1389 4978; x_wconf 3' lang='lat' dir='ltr'><strong>ingtralctatti‘</strong></span> <span class='ocrx_word' id='word_1_591' title='bbox 1407 4895 1475 4978; x_wconf 84' lang='lat' dir='ltr'><strong>de</strong></span> <span class='ocrx_word' id='word_1_592' title='bbox 1495 4894 1710 4978; x_wconf 55' lang='grc' dir='ltr'><strong>Ρῴιιίξι</strong></span> <span class='ocrx_word' id='word_1_593' title='bbox 1727 4894 1821 4978; x_wconf 80' lang='lat' dir='ltr'><strong>qui</strong></span> <span class='ocrx_word' id='word_1_594' title='bbox 1842 4894 2003 4978; x_wconf 78' lang='lat' dir='ltr'><strong>vulgo</strong></span> 
     </span>
    </p>
   </div>
   <div class='ocr_carea' id='block_1_87' title="bbox 413 4966 2001 5040">
    <p class='ocr_par' dir='ltr' id='par_1_87' title="bbox 413 4966 2001 5040">
     <span class='ocr_line' id='line_1_91' title="bbox 413 4966 2001 5040; baseline -0.005 -13"><span class='ocrx_word' id='word_1_595' title='bbox 413 4971 477 5027; x_wconf 84' lang='lat' dir='ltr'><strong>S.</strong></span> <span class='ocrx_word' id='word_1_596' title='bbox 541 4968 739 5025; x_wconf 89' lang='lat' dir='ltr'><strong>Basilio</strong></span> <span class='ocrx_word' id='word_1_597' title='bbox 760 4966 1042 5040; x_wconf 40' lang='lat' dir='ltr'><strong>—tribu_i_tur</strong></span> <span class='ocrx_word' id='word_1_598' title='bbox 1064 4966 1263 5040; x_wconf 49' lang='grc' dir='ltr'><strong>δτι-40</strong></span> <span class='ocrx_word' id='word_1_599' title='bbox 1290 4982 1302 5018; x_wconf 94' lang='lat'><strong>:</strong></span> <span class='ocrx_word' id='word_1_600' title='bbox 1336 4966 1461 5026; x_wconf 73' lang='grc' dir='ltr'><strong>Πλὴν</strong></span> <span class='ocrx_word' id='word_1_601' title='bbox 1489 4973 1579 5022; x_wconf 79' lang='grc' dir='ltr'><strong>τοῦ</strong></span> <span class='ocrx_word' id='word_1_602' title='bbox 1607 4967 1892 5040; x_wconf 54' lang='lat' dir='ltr'><strong>sinapi”,</strong></span> <span class='ocrx_word' id='word_1_603' title='bbox 1946 4966 2001 5019; x_wconf 91' lang='lat' dir='ltr'><strong>id</strong></span> 
     </span>
    </p>
   </div>
   <div class='ocr_carea' id='block_1_88' title="bbox 419 5036 1998 5109">
    <p class='ocr_par' dir='ltr' id='par_1_88' title="bbox 419 5036 1998 5109">
     <span class='ocr_line' id='line_1_92' title="bbox 419 5036 1998 5109; baseline -0.004 -13"><span class='ocrx_word' id='word_1_604' title='bbox 419 5048 520 5105; x_wconf 84' lang='lat' dir='ltr'><strong>est,</strong></span> <span class='ocrx_word' id='word_1_605' title='bbox 577 5049 805 5109; x_wconf 78' lang='lat' dir='ltr'><strong>excepto</strong></span> <span class='ocrx_word' id='word_1_606' title='bbox 848 5038 1099 5093; x_wconf 80' lang='lat' dir='ltr'><strong>Cellario.</strong></span> <span class='ocrx_word' id='word_1_607' title='bbox 1158 5036 1393 5109; x_wconf 65' lang='lat' dir='ltr'><strong>Glossae</strong></span> <span class='ocrx_word' id='word_1_608' title='bbox 1419 5036 1998 5109; x_wconf 10' lang='grc' dir='ltr'><strong>νςεειοθε-εῄιὲλλάρως,</strong></span> 
     </span>
    </p>
   </div>
   <div class='ocr_carea' id='block_1_89' title="bbox 411 5105 2001 5184">
    <p class='ocr_par' dir='ltr' id='par_1_89' title="bbox 411 5105 2001 5184">
     <span class='ocr_line' id='line_1_93' title="bbox 411 5105 2001 5184; baseline -0.002 -20"><span class='ocrx_word' id='word_1_609' title='bbox 411 5105 730 5184; x_wconf 51' lang='lat' dir='ltr'><strong>penuariu};</strong></span> <span class='ocrx_word' id='word_1_610' title='bbox 755 5109 841 5184; x_wconf 86' lang='lat' dir='ltr'><strong>_Et</strong></span> <span class='ocrx_word' id='word_1_611' title='bbox 866 5109 1117 5184; x_wconf 68' lang='grc' dir='ltr'><strong>καλλαρξα,</strong></span> <span class='ocrx_word' id='word_1_612' title='bbox 1150 5105 1433 5184; x_wconf 77' lang='lat' dir='ltr'><strong>celleraria</strong></span> <span class='ocrx_word' id='word_1_613' title='bbox 1461 5105 1751 5184; x_wconf 76' lang='lat' dir='ltr'><strong>Hesychio,</strong></span> <span class='ocrx_word' id='word_1_614' title='bbox 1784 5107 1852 5184; x_wconf 54' lang='lat' dir='ltr'><strong>in</strong></span> <span class='ocrx_word' id='word_1_615' title='bbox 1865 5105 2001 5184; x_wconf 71' lang='lat' dir='ltr'><strong>voce</strong></span> 
     </span>
    </p>
   </div>
   <div class='ocr_carea' id='block_1_90' title="bbox 412 5174 2002 5252">
    <p class='ocr_par' dir='ltr' id='par_1_90' title="bbox 412 5174 2002 5252">
     <span class='ocr_line' id='line_1_94' title="bbox 412 5174 2002 5252; baseline -0.004 -15"><span class='ocrx_word' id='word_1_616' title='bbox 412 5174 594 5251; x_wconf 56' lang='grc' dir='ltr'><strong>ἒαμιη.</strong></span> <span class='ocrx_word' id='word_1_617' title='bbox 655 5180 865 5252; x_wconf 80' lang='lat' dir='ltr'><strong>Dicitur</strong></span> <span class='ocrx_word' id='word_1_618' title='bbox 885 5186 942 5233; x_wconf 85' lang='lat' dir='ltr'><strong>et</strong></span> <span class='ocrx_word' id='word_1_619' title='bbox 968 5174 1277 5252; x_wconf 70' lang='grc' dir='ltr'><strong>κέλὶαρὶτης,</strong></span> <span class='ocrx_word' id='word_1_620' title='bbox 1325 5174 1803 5252; x_wconf 29' lang='grc' dir='ltr'><strong>εθιιθητῆιβλεροᾱ</strong></span> <span class='ocrx_word' id='word_1_621' title='bbox 1819 5174 1877 5229; x_wconf 89' lang='lat' dir='ltr'><strong>S.</strong></span> <span class='ocrx_word' id='word_1_622' title='bbox 1896 5176 2002 5230; x_wconf 89' lang='lat' dir='ltr'><strong>Do-</strong></span> 
     </span>
    </p>
   </div>
   <div class='ocr_carea' id='block_1_91' title="bbox 410 5247 2001 5305">
    <p class='ocr_par' dir='ltr' id='par_1_91' title="bbox 410 5247 2001 5305">
     <span class='ocr_line' id='line_1_95' title="bbox 410 5247 2001 5305; baseline -0.003 0"><span class='ocrx_word' id='word_1_623' title='bbox 410 5247 666 5305; x_wconf 82' lang='lat' dir='ltr'><strong>rothcnm</strong></span> <span class='ocrx_word' id='word_1_624' title='bbox 700 5250 944 5305; x_wconf 87' lang='lat' dir='ltr'><strong>doctrina</strong></span> <span class='ocrx_word' id='word_1_625' title='bbox 1004 5265 1062 5303; x_wconf 84' lang='lat' dir='ltr'><strong>u.</strong></span> <span class='ocrx_word' id='word_1_626' title='bbox 1110 5247 1377 5304; x_wconf 64' lang='lat' dir='ltr'><strong>Accurate</strong></span> <span class='ocrx_word' id='word_1_627' title='bbox 1399 5254 1578 5301; x_wconf 89' lang='lat' dir='ltr'><strong>autem</strong></span> <span class='ocrx_word' id='word_1_628' title='bbox 1605 5247 1695 5301; x_wconf 89' lang='lat' dir='ltr'><strong>hic</strong></span> <span class='ocrx_word' id='word_1_629' title='bbox 1719 5261 1917 5300; x_wconf 85' lang='lat' dir='ltr'><strong>munus</strong></span> <span class='ocrx_word' id='word_1_630' title='bbox 1945 5253 2001 5300; x_wconf 90' lang='lat' dir='ltr'><strong>et</strong></span> 
     </span>
    </p>
   </div>
   <div class='ocr_carea' id='block_1_92' title="bbox 414 5319 1999 5388">
    <p class='ocr_par' dir='ltr' id='par_1_92' title="bbox 414 5319 1999 5388">
     <span class='ocr_line' id='line_1_96' title="bbox 414 5319 1999 5388; baseline -0.004 -13"><span class='ocrx_word' id='word_1_631' title='bbox 414 5321 570 5375; x_wconf 89' lang='lat' dir='ltr'><strong>dotes</strong></span> <span class='ocrx_word' id='word_1_632' title='bbox 596 5320 861 5376; x_wconf 89' lang='lat' dir='ltr'><strong>cellerarii</strong></span> <span class='ocrx_word' id='word_1_633' title='bbox 900 5319 1300 5382; x_wconf 87' lang='lat' dir='ltr'><strong>describuntur,</strong></span> <span class='ocrx_word' id='word_1_634' title='bbox 1338 5319 1487 5388; x_wconf 89' lang='lat' dir='ltr'><strong>quia,</strong></span> <span class='ocrx_word' id='word_1_635' title='bbox 1520 5332 1642 5371; x_wconf 89' lang='lat' dir='ltr'><strong>eum</strong></span> <span class='ocrx_word' id='word_1_636' title='bbox 1680 5331 1847 5388; x_wconf 84' lang='lat' dir='ltr'><strong>penes</strong></span> <span class='ocrx_word' id='word_1_637' title='bbox 1873 5330 1999 5388; x_wconf 84' lang='lat' dir='ltr'><strong>eum</strong></span> 
     </span>
    </p>
   </div>
   <div class='ocr_carea' id='block_1_93' title="bbox 410 5386 2000 5455">
    <p class='ocr_par' dir='ltr' id='par_1_93' title="bbox 410 5386 2000 5455">
     <span class='ocr_line' id='line_1_97' title="bbox 410 5386 2000 5455; baseline -0.003 -10"><span class='ocrx_word' id='word_1_638' title='bbox 410 5391 485 5445; x_wconf 85' lang='lat' dir='ltr'><strong>sit</strong></span> <span class='ocrx_word' id='word_1_639' title='bbox 504 5392 674 5446; x_wconf 82' lang='lat' dir='ltr'><strong>totius</strong></span> <span class='ocrx_word' id='word_1_640' title='bbox 714 5391 1028 5446; x_wconf 87' lang='lat' dir='ltr'><strong>monasterii</strong></span> <span class='ocrx_word' id='word_1_641' title='bbox 1054 5386 1377 5452; x_wconf 67' lang='lat' dir='ltr'><strong>substantia,</strong></span> <span class='ocrx_word' id='word_1_642' title='bbox 1403 5402 1625 5442; x_wconf 88' lang='lat' dir='ltr'><strong>necesse</strong></span> <span class='ocrx_word' id='word_1_643' title='bbox 1650 5395 1736 5441; x_wconf 87' lang='lat' dir='ltr'><strong>est</strong></span> <span class='ocrx_word' id='word_1_644' title='bbox 1761 5386 2000 5455; x_wconf 89' lang='lat' dir='ltr'><strong>discipli-</strong></span> 
     </span>
    </p>
   </div>
   <div class='ocr_carea' id='block_1_94' title="bbox 408 5456 1997 5531">
    <p class='ocr_par' dir='ltr' id='par_1_94' title="bbox 408 5456 1997 5531">
     <span class='ocr_line' id='line_1_98' title="bbox 408 5456 1997 5531; baseline -0.002 -16"><span class='ocrx_word' id='word_1_645' title='bbox 408 5476 540 5516; x_wconf 89' lang='lat' dir='ltr'><strong>nam</strong></span> <span class='ocrx_word' id='word_1_646' title='bbox 599 5459 904 5531; x_wconf 85' lang='lat' dir='ltr'><strong>regularem</strong></span> <span class='ocrx_word' id='word_1_647' title='bbox 950 5459 1301 5531; x_wconf 81' lang='lat' dir='ltr'><strong>labefactari,</strong></span> <span class='ocrx_word' id='word_1_648' title='bbox 1346 5456 1555 5531; x_wconf 75' lang='lat' dir='ltr'><strong>siejus</strong></span> <span class='ocrx_word' id='word_1_649' title='bbox 1598 5456 1846 5511; x_wconf 89' lang='lat' dir='ltr'><strong>socordia</strong></span> <span class='ocrx_word' id='word_1_650' title='bbox 1889 5472 1997 5531; x_wconf 85' lang='lat' dir='ltr'><strong>non</strong></span> 
     </span>
    </p>
   </div>
   <div class='ocr_carea' id='block_1_95' title="bbox 409 5526 1996 5596">
    <p class='ocr_par' dir='ltr' id='par_1_95' title="bbox 409 5526 1996 5596">
     <span class='ocr_line' id='line_1_99' title="bbox 409 5526 1996 5596; baseline -0.003 -10"><span class='ocrx_word' id='word_1_651' title='bbox 409 5541 562 5587; x_wconf 88' lang='lat' dir='ltr'><strong>recte</strong></span> <span class='ocrx_word' id='word_1_652' title='bbox 603 5526 1033 5586; x_wconf 69' lang='lat' dir='ltr'><strong>administretur.</strong></span> <span class='ocrx_word' id='word_1_653' title='bbox 1092 5530 1360 5583; x_wconf 67' lang='lat' dir='ltr'><strong>Praeterea</strong></span> <span class='ocrx_word' id='word_1_654' title='bbox 1402 5529 1503 5582; x_wconf 85' lang='lat' dir='ltr'><strong>hoc</strong></span> <span class='ocrx_word' id='word_1_655' title='bbox 1539 5526 1701 5596; x_wconf 80' lang='lat' dir='ltr'><strong>caput</strong></span> <span class='ocrx_word' id='word_1_656' title='bbox 1730 5534 1909 5581; x_wconf 82' lang='lat' dir='ltr'><strong>exstat</strong></span> <span class='ocrx_word' id='word_1_657' title='bbox 1942 5528 1996 5582; x_wconf 92' lang='lat' dir='ltr'><strong>in</strong></span> 
     </span>
    </p>
   </div>
   <div class='ocr_carea' id='block_1_96' title="bbox 410 5597 1997 5673">
    <p class='ocr_par' dir='ltr' id='par_1_96' title="bbox 410 5597 1997 5673">
     <span class='ocr_line' id='line_1_100' title="bbox 410 5597 1997 5673; baseline -0.003 -17"><span class='ocrx_word' id='word_1_658' title='bbox 410 5601 861 5673; x_wconf 83' lang='lat' dir='ltr'><strong>recapitulatione</strong></span> <span class='ocrx_word' id='word_1_659' title='bbox 891 5601 948 5655; x_wconf 89' lang='lat' dir='ltr'><strong>S.</strong></span> <span class='ocrx_word' id='word_1_660' title='bbox 978 5600 1431 5673; x_wconf 64' lang='lat' dir='ltr'><strong>Cassariimutato</strong></span> <span class='ocrx_word' id='word_1_661' title='bbox 1455 5612 1651 5673; x_wconf 81' lang='lat' dir='ltr'><strong>genere</strong></span> <span class='ocrx_word' id='word_1_662' title='bbox 1694 5597 1997 5673; x_wconf 64' lang='lat' dir='ltr'><strong>masculino</strong></span> 
     </span>
    </p>
   </div>
   <div class='ocr_carea' id='block_1_97' title="bbox 409 5614 1995 5741">
    <p class='ocr_par' dir='ltr' id='par_1_97' title="bbox 409 5614 1995 5741">
     <span class='ocr_line' id='line_1_101' title="bbox 410 5614 1995 5673; baseline -0.003 -17"><span class='ocrx_word' id='word_1_663' title='bbox 410 5614 861 5673; x_wconf 79' lang='lat' dir='ltr'><strong>recapitulauone</strong></span> <span class='ocrx_word' id='word_1_664' title='bbox 891 5614 948 5655; x_wconf 71' lang='grc' dir='ltr'><strong>δ.</strong></span> <span class='ocrx_word' id='word_1_665' title='bbox 978 5614 1197 5656; x_wconf 72' lang='lat' dir='ltr'><strong>uresaru</strong></span> <span class='ocrx_word' id='word_1_666' title='bbox 1223 5614 1431 5653; x_wconf 80' lang='lat' dir='ltr'><strong>mutam</strong></span> <span class='ocrx_word' id='word_1_667' title='bbox 1489 5614 1651 5653; x_wconf 86' lang='lat' dir='ltr'><strong>cnere</strong></span> <span class='ocrx_word' id='word_1_668' title='bbox 1694 5614 1995 5652; x_wconf 79' lang='lat' dir='ltr'><strong>maSCUIlllO</strong></span> 
     </span>
     <span class='ocr_line' id='line_1_102' title="bbox 409 5614 1995 5741; baseline -0.006 -11"><span class='ocrx_word' id='word_1_669' title='bbox 409 5673 472 5730; x_wconf 86' lang='lat' dir='ltr'><strong>in</strong></span> <span class='ocrx_word' id='word_1_670' title='bbox 498 5672 843 5740; x_wconf 81' lang='lat' dir='ltr'><strong>femininum,</strong></span> <span class='ocrx_word' id='word_1_671' title='bbox 858 5671 1141 5741; x_wconf 87' lang='lat' dir='ltr'><strong>potuitque</strong></span> <span class='ocrx_word' id='word_1_672' title='bbox 1163 5669 1347 5727; x_wconf 87' lang='lat' dir='ltr'><strong>videre</strong></span> <span class='ocrx_word' id='word_1_673' title='bbox 1378 5668 1435 5724; x_wconf 91' lang='lat' dir='ltr'><strong>S.</strong></span> <span class='ocrx_word' id='word_1_674' title='bbox 1451 5614 1995 5741; x_wconf 28' lang='lat' dir='ltr'><strong>Ewsariusolicgulam</strong></span> 
     </span>
    </p>
   </div>
   <div class='ocr_carea' id='block_1_98' title="bbox 2031 4325 2085 4385">
    <p class='ocr_par' dir='ltr' id='par_1_98' title="bbox 2031 4325 2085 4385">
     <span class='ocr_line' id='line_1_103' title="bbox 2031 4325 2085 4385; baseline 0 0"><span class='ocrx_word' id='word_1_675' title='bbox 2031 4325 2085 4385; x_wconf 90' lang='lat' dir='ltr'><strong>D</strong></span> 
     </span>
    </p>
   </div>
   <div class='ocr_carea' id='block_1_99' title="bbox 2106 3742 3693 3829">
    <p class='ocr_par' dir='ltr' id='par_1_99' title="bbox 2106 3742 3693 3829">
     <span class='ocr_line' id='line_1_104' title="bbox 2106 3742 3693 3829; baseline -0.004 -13"><span class='ocrx_word' id='word_1_676' title='bbox 2106 3759 2346 3829; x_wconf 85' lang='lat' dir='ltr'><strong>sapiens,</strong></span> <span class='ocrx_word' id='word_1_677' title='bbox 2384 3756 2613 3813; x_wconf 89' lang='lat' dir='ltr'><strong>maturis</strong></span> <span class='ocrx_word' id='word_1_678' title='bbox 2664 3754 2932 3820; x_wconf 88' lang='lat' dir='ltr'><strong>moribus,</strong></span> <span class='ocrx_word' id='word_1_679' title='bbox 2962 3754 2989 3794; x_wconf 67' lang='grc' dir='ltr'>δ</span> <span class='ocrx_word' id='word_1_680' title='bbox 3018 3754 3253 3819; x_wconf 86' lang='lat' dir='ltr'><strong>sobrius,</strong></span> <span class='ocrx_word' id='word_1_681' title='bbox 3300 3768 3407 3809; x_wconf 88' lang='lat' dir='ltr'><strong>non</strong></span> <span class='ocrx_word' id='word_1_682' title='bbox 3465 3742 3693 3810; x_wconf 86' lang='lat' dir='ltr'><strong>multum</strong></span> 
     </span>
    </p>
   </div>
   <div class='ocr_carea' id='block_1_100' title="bbox 2104 3843 3694 3915">
    <p class='ocr_par' dir='ltr' id='par_1_100' title="bbox 2104 3843 3694 3915">
     <span class='ocr_line' id='line_1_105' title="bbox 2104 3843 3694 3915; baseline -0.004 -10"><span class='ocrx_word' id='word_1_683' title='bbox 2104 3851 2264 3913; x_wconf 82' lang='lat' dir='ltr'><strong>edax,</strong></span> <span class='ocrx_word' id='word_1_684' title='bbox 2292 3861 2315 3888; x_wconf 74' lang='grc' dir='ltr'><strong>ε</strong></span> <span class='ocrx_word' id='word_1_685' title='bbox 2348 3863 2457 3903; x_wconf 92' lang='lat' dir='ltr'><strong>non</strong></span> <span class='ocrx_word' id='word_1_686' title='bbox 2482 3846 2678 3914; x_wconf 90' lang='lat' dir='ltr'><strong>elatus,</strong></span> <span class='ocrx_word' id='word_1_687' title='bbox 2702 3843 2729 3884; x_wconf 69' lang='grc' dir='ltr'><strong>τι</strong></span> <span class='ocrx_word' id='word_1_688' title='bbox 2760 3861 2868 3900; x_wconf 93' lang='lat' dir='ltr'><strong>non</strong></span> <span class='ocrx_word' id='word_1_689' title='bbox 2898 3843 3264 3909; x_wconf 85' lang='lat' dir='ltr'><strong>turbulentus,</strong></span> <span class='ocrx_word' id='word_1_690' title='bbox 3290 3855 3313 3882; x_wconf 78' lang='grc' dir='ltr'><strong><em>ο</em></strong></span> <span class='ocrx_word' id='word_1_691' title='bbox 3337 3858 3444 3898; x_wconf 91' lang='lat' dir='ltr'><strong>non</strong></span> <span class='ocrx_word' id='word_1_692' title='bbox 3471 3843 3694 3915; x_wconf 85' lang='lat' dir='ltr'><strong>injurio-</strong></span> 
     </span>
    </p>
   </div>
   <div class='ocr_carea' id='block_1_101' title="bbox 2103 3926 3699 4007">
    <p class='ocr_par' dir='ltr' id='par_1_101' title="bbox 2103 3926 3699 4007">
     <span class='ocr_line' id='line_1_106' title="bbox 2103 3926 3699 4007; baseline -0.004 -10"><span class='ocrx_word' id='word_1_693' title='bbox 2103 3956 2217 4007; x_wconf 90' lang='lat' dir='ltr'><strong>sus,</strong></span> <span class='ocrx_word' id='word_1_694' title='bbox 2255 3939 2274 3978; x_wconf 74' lang='grc' dir='ltr'><em>τ</em></span> <span class='ocrx_word' id='word_1_695' title='bbox 2316 3954 2424 3996; x_wconf 90' lang='lat' dir='ltr'><strong>non</strong></span> <span class='ocrx_word' id='word_1_696' title='bbox 2465 3938 2683 4003; x_wconf 88' lang='lat' dir='ltr'><strong>tardus,</strong></span> <span class='ocrx_word' id='word_1_697' title='bbox 2726 3926 2766 3978; x_wconf 76' lang='grc' dir='ltr'><em>ἐ</em></span> <span class='ocrx_word' id='word_1_698' title='bbox 2803 3950 2912 3992; x_wconf 93' lang='lat' dir='ltr'><strong>non</strong></span> <span class='ocrx_word' id='word_1_699' title='bbox 2949 3934 3242 4007; x_wconf 87' lang='lat' dir='ltr'><strong>prodigus,</strong></span> <span class='ocrx_word' id='word_1_700' title='bbox 3284 3933 3312 3975; x_wconf 77' lang='grc' dir='ltr'><strong>ιι</strong></span> <span class='ocrx_word' id='word_1_701' title='bbox 3354 3935 3448 3991; x_wconf 81' lang='lat' dir='ltr'><strong>sed</strong></span> <span class='ocrx_word' id='word_1_702' title='bbox 3502 3935 3699 3992; x_wconf 89' lang='lat' dir='ltr'><strong>timens</strong></span> 
     </span>
    </p>
   </div>
   <div class='ocr_carea' id='block_1_102' title="bbox 2106 4065 3698 4156">
    <p class='ocr_par' dir='ltr' id='par_1_102' title="bbox 2106 4065 3698 4156">
     <span class='ocr_line' id='line_1_107' title="bbox 2106 4065 3698 4156; baseline -0.003 -28"><span class='ocrx_word' id='word_1_703' title='bbox 2106 4073 2166 4128; x_wconf 90' lang='lat' dir='ltr'><strong>S.</strong></span> <span class='ocrx_word' id='word_1_704' title='bbox 2200 4070 2478 4156; x_wconf 66' lang='lat' dir='ltr'><strong>Benedicti</strong></span> <span class='ocrx_word' id='word_1_705' title='bbox 2514 4088 2526 4124; x_wconf 95' lang='lat'><strong>:</strong></span> <span class='ocrx_word' id='word_1_706' title='bbox 2575 4070 2701 4156; x_wconf 76' lang='lat' dir='ltr'><strong>quia</strong></span> <span class='ocrx_word' id='word_1_707' title='bbox 2736 4068 2815 4156; x_wconf 88' lang='lat' dir='ltr'><strong>illi</strong></span> <span class='ocrx_word' id='word_1_708' title='bbox 2832 4066 3059 4156; x_wconf 49' lang='lat' dir='ltr'><strong>aequalis</strong></span> <span class='ocrx_word' id='word_1_709' title='bbox 3089 4065 3210 4133; x_wconf 88' lang='lat' dir='ltr'><strong>fuit,</strong></span> <span class='ocrx_word' id='word_1_710' title='bbox 3256 4067 3393 4124; x_wconf 87' lang='lat' dir='ltr'><strong>etin</strong></span> <span class='ocrx_word' id='word_1_711' title='bbox 3430 4067 3579 4124; x_wconf 83' lang='lat' dir='ltr'><strong>Italia</strong></span> <span class='ocrx_word' id='word_1_712' title='bbox 3599 4068 3698 4124; x_wconf 85' lang='lat' dir='ltr'><strong>ali—</strong></span> 
     </span>
    </p>
   </div>
   <div class='ocr_carea' id='block_1_103' title="bbox 2107 4143 3698 4278">
    <p class='ocr_par' dir='ltr' id='par_1_103' title="bbox 2107 4143 3698 4278">
     <span class='ocr_line' id='line_1_108' title="bbox 2107 4143 2870 4215; baseline -0.008 -17"><span class='ocrx_word' id='word_1_713' title='bbox 2107 4143 2344 4215; x_wconf 87' lang='lat' dir='ltr'><strong>quandiu</strong></span> <span class='ocrx_word' id='word_1_714' title='bbox 2370 4149 2737 4197; x_wconf 88' lang='lat' dir='ltr'><strong>commoratus</strong></span> <span class='ocrx_word' id='word_1_715' title='bbox 2768 4147 2870 4194; x_wconf 88' lang='lat' dir='ltr'><strong>est.</strong></span> 
     </span>
     <span class='ocr_line' id='line_1_109' title="bbox 2182 4208 3698 4278; baseline -0.002 -11"><span class='ocrx_word' id='word_1_716' title='bbox 2182 4214 2211 4253; x_wconf 75' lang='lat' dir='ltr'><strong>b</strong></span> <span class='ocrx_word' id='word_1_717' title='bbox 2254 4211 2496 4275; x_wconf 79' lang='lat' dir='ltr'><strong>Sobrius,</strong></span> <span class='ocrx_word' id='word_1_718' title='bbox 2532 4222 2639 4268; x_wconf 89' lang='lat' dir='ltr'><strong>etc.</strong></span> <span class='ocrx_word' id='word_1_719' title='bbox 2696 4210 2856 4277; x_wconf 86' lang='lat' dir='ltr'><strong>Quia,</strong></span> <span class='ocrx_word' id='word_1_720' title='bbox 2886 4223 3009 4264; x_wconf 89' lang='lat' dir='ltr'><strong>cum</strong></span> <span class='ocrx_word' id='word_1_721' title='bbox 3055 4208 3238 4264; x_wconf 89' lang='lat' dir='ltr'><strong>omnia</strong></span> <span class='ocrx_word' id='word_1_722' title='bbox 3260 4222 3382 4278; x_wconf 66' lang='lat' dir='ltr'><strong>quae</strong></span> <span class='ocrx_word' id='word_1_723' title='bbox 3407 4208 3475 4263; x_wconf 89' lang='lat' dir='ltr'><strong>ad</strong></span> <span class='ocrx_word' id='word_1_724' title='bbox 3496 4208 3698 4265; x_wconf 89' lang='lat' dir='ltr'><strong>victum</strong></span> 
     </span>
    </p>
   </div>
   <div class='ocr_carea' id='block_1_104' title="bbox 2112 4278 3763 4353">
    <p class='ocr_par' dir='ltr' id='par_1_104' title="bbox 2112 4278 3763 4353">
     <span class='ocr_line' id='line_1_110' title="bbox 2112 4278 3763 4353; baseline -0.003 -16"><span class='ocrx_word' id='word_1_725' title='bbox 2112 4282 2341 4338; x_wconf 89' lang='lat' dir='ltr'><strong>fratrum</strong></span> <span class='ocrx_word' id='word_1_726' title='bbox 2369 4282 2685 4353; x_wconf 75' lang='lat' dir='ltr'><strong>pertinent,_</strong></span> <span class='ocrx_word' id='word_1_727' title='bbox 2717 4283 2772 4335; x_wconf 92' lang='lat' dir='ltr'><strong>in</strong></span> <span class='ocrx_word' id='word_1_728' title='bbox 2792 4288 3069 4353; x_wconf 68' lang='lat' dir='ltr'><strong>potestate</strong></span> <span class='ocrx_word' id='word_1_729' title='bbox 3117 4278 3336 4353; x_wconf 79' lang='lat' dir='ltr'><strong>babeat,</strong></span> <span class='ocrx_word' id='word_1_730' title='bbox 3358 4294 3589 4353; x_wconf 80' lang='lat' dir='ltr'><strong>pronum</strong></span> <span class='ocrx_word' id='word_1_731' title='bbox 3622 4279 3697 4333; x_wconf 91' lang='lat' dir='ltr'><strong>illi</strong></span> <span class='ocrx_word' id='word_1_732' title='bbox 3758 4301 3763 4307; x_wconf 69' lang='lat'><strong><em>~</em></strong></span> 
     </span>
    </p>
   </div>
   <div class='ocr_carea' id='block_1_105' title="bbox 2111 4348 3695 4425">
    <p class='ocr_par' dir='ltr' id='par_1_105' title="bbox 2111 4348 3695 4425">
     <span class='ocr_line' id='line_1_111' title="bbox 2111 4348 3695 4425; baseline -0.002 -17"><span class='ocrx_word' id='word_1_733' title='bbox 2111 4362 2195 4409; x_wconf 91' lang='lat' dir='ltr'><strong>est</strong></span> <span class='ocrx_word' id='word_1_734' title='bbox 2227 4348 2432 4409; x_wconf 73' lang='lat' dir='ltr'><strong>servire</strong></span> <span class='ocrx_word' id='word_1_735' title='bbox 2469 4353 2607 4425; x_wconf 73' lang='lat' dir='ltr'><strong>gulre</strong></span> <span class='ocrx_word' id='word_1_736' title='bbox 2634 4348 2922 4407; x_wconf 87' lang='lat' dir='ltr'><strong>illecebris.</strong></span> <span class='ocrx_word' id='word_1_737' title='bbox 2978 4348 3209 4404; x_wconf 77' lang='lat' dir='ltr'><strong>Subrius</strong></span> <span class='ocrx_word' id='word_1_738' title='bbox 3241 4348 3424 4406; x_wconf 88' lang='lat' dir='ltr'><strong>autem</strong></span> <span class='ocrx_word' id='word_1_739' title='bbox 3453 4350 3556 4406; x_wconf 89' lang='lat' dir='ltr'><strong>hoc</strong></span> <span class='ocrx_word' id='word_1_740' title='bbox 3576 4349 3695 4406; x_wconf 91' lang='lat' dir='ltr'><strong>loco</strong></span> 
     </span>
    </p>
   </div>
   <div class='ocr_carea' id='block_1_106' title="bbox 2108 4423 2699 4481">
    <p class='ocr_par' dir='ltr' id='par_1_106' title="bbox 2108 4423 2699 4481">
     <span class='ocr_line' id='line_1_112' title="bbox 2108 4423 2699 4481; baseline -0.005 -2"><span class='ocrx_word' id='word_1_741' title='bbox 2108 4432 2195 4481; x_wconf 91' lang='lat' dir='ltr'><strong>est</strong></span> <span class='ocrx_word' id='word_1_742' title='bbox 2217 4440 2325 4480; x_wconf 91' lang='lat' dir='ltr'><strong>non</strong></span> <span class='ocrx_word' id='word_1_743' title='bbox 2352 4423 2699 4479; x_wconf 81' lang='lat' dir='ltr'><strong>temulentus.</strong></span> 
     </span>
    </p>
   </div>
   <div class='ocr_carea' id='block_1_107' title="bbox 2178 4491 3082 4561">
    <p class='ocr_par' dir='ltr' id='par_1_107' title="bbox 2178 4491 3082 4561">
     <span class='ocr_line' id='line_1_113' title="bbox 2178 4491 3082 4561; baseline -0.006 -13"><span class='ocrx_word' id='word_1_744' title='bbox 2178 4507 2200 4536; x_wconf 78' lang='grc' dir='ltr'><strong><em>ο</em></strong></span> <span class='ocrx_word' id='word_1_745' title='bbox 2246 4492 2371 4548; x_wconf 81' lang='lat' dir='ltr'><strong>Non</strong></span> <span class='ocrx_word' id='word_1_746' title='bbox 2396 4493 2587 4549; x_wconf 86' lang='lat' dir='ltr'><strong>elatus.</strong></span> <span class='ocrx_word' id='word_1_747' title='bbox 2635 4491 2717 4547; x_wconf 90' lang='lat' dir='ltr'><strong>0b</strong></span> <span class='ocrx_word' id='word_1_748' title='bbox 2736 4496 3082 4561; x_wconf 83' lang='lat' dir='ltr'><strong>potestatem.</strong></span> 
     </span>
    </p>
   </div>
   <div class='ocr_carea' id='block_1_108' title="bbox 2174 4560 3692 4631">
    <p class='ocr_par' dir='ltr' id='par_1_108' title="bbox 2174 4560 3692 4631">
     <span class='ocr_line' id='line_1_114' title="bbox 2174 4560 3692 4631; baseline -0.003 -13"><span class='ocrx_word' id='word_1_749' title='bbox 2174 4563 2202 4605; x_wconf 75' lang='grc' dir='ltr'>ἀ</span> <span class='ocrx_word' id='word_1_750' title='bbox 2247 4563 2371 4619; x_wconf 86' lang='grc' dir='ltr'><strong>Νοη</strong></span> <span class='ocrx_word' id='word_1_751' title='bbox 2391 4560 2753 4619; x_wconf 61' lang='lat' dir='ltr'><strong>turbulentus.</strong></span> <span class='ocrx_word' id='word_1_752' title='bbox 2794 4560 2930 4628; x_wconf 91' lang='lat' dir='ltr'><strong>Quia</strong></span> <span class='ocrx_word' id='word_1_753' title='bbox 2952 4560 3367 4631; x_wconf 89' lang='lat' dir='ltr'><strong>sic_universam</strong></span> <span class='ocrx_word' id='word_1_754' title='bbox 3390 4574 3692 4631; x_wconf 79' lang='lat' dir='ltr'><strong>congrega-</strong></span> 
     </span>
    </p>
   </div>
   <div class='ocr_carea' id='block_1_109' title="bbox 2105 4629 3294 4698">
    <p class='ocr_par' dir='ltr' id='par_1_109' title="bbox 2105 4629 3294 4698">
     <span class='ocr_line' id='line_1_115' title="bbox 2105 4629 3294 4698; baseline -0.004 -9"><span class='ocrx_word' id='word_1_755' title='bbox 2105 4635 2306 4689; x_wconf 90' lang='lat' dir='ltr'><strong>tionem</strong></span> <span class='ocrx_word' id='word_1_756' title='bbox 2336 4636 2604 4698; x_wconf 85' lang='lat' dir='ltr'><strong>turbaret,</strong></span> <span class='ocrx_word' id='word_1_757' title='bbox 2628 4641 2683 4687; x_wconf 91' lang='lat' dir='ltr'><strong>et</strong></span> <span class='ocrx_word' id='word_1_758' title='bbox 2704 4632 2885 4689; x_wconf 89' lang='lat' dir='ltr'><strong>omnia</strong></span> <span class='ocrx_word' id='word_1_759' title='bbox 2916 4629 3294 4686; x_wconf 85' lang='lat' dir='ltr'><strong>confunderet.</strong></span> 
     </span>
    </p>
   </div>
   <div class='ocr_carea' id='block_1_110' title="bbox 2178 4698 3688 4774">
    <p class='ocr_par' dir='ltr' id='par_1_110' title="bbox 2178 4698 3688 4774">
     <span class='ocr_line' id='line_1_116' title="bbox 2178 4698 3688 4774; baseline -0.003 -17"><span class='ocrx_word' id='word_1_760' title='bbox 2178 4717 2202 4745; x_wconf 77' lang='grc' dir='ltr'><strong>ο</strong></span> <span class='ocrx_word' id='word_1_761' title='bbox 2246 4702 2370 4757; x_wconf 84' lang='grc' dir='ltr'><strong>Νοη</strong></span> <span class='ocrx_word' id='word_1_762' title='bbox 2416 4705 2731 4774; x_wconf 70' lang='lat' dir='ltr'><strong>injuriosus.</strong></span> <span class='ocrx_word' id='word_1_763' title='bbox 2784 4700 2882 4774; x_wconf 74' lang='lat' dir='ltr'><strong>bis.</strong></span> <span class='ocrx_word' id='word_1_764' title='bbox 2923 4715 2980 4770; x_wconf 88' lang='lat' dir='ltr'><strong>p.</strong></span> <span class='ocrx_word' id='word_1_765' title='bbox 3032 4700 3177 4755; x_wconf 77' lang='lat' dir='ltr'><strong>Vict.</strong></span> <span class='ocrx_word' id='word_1_766' title='bbox 3240 4699 3369 4774; x_wconf 84' lang='lat' dir='ltr'><strong>_Non</strong></span> <span class='ocrx_word' id='word_1_767' title='bbox 3391 4698 3688 4774; x_wconf 63' lang='lat' dir='ltr'><strong>jurgioaus.</strong></span> 
     </span>
    </p>
   </div>
   <div class='ocr_carea' id='block_1_111' title="bbox 2102 4769 3689 4843">
    <p class='ocr_par' dir='ltr' id='par_1_111' title="bbox 2102 4769 3689 4843">
     <span class='ocr_line' id='line_1_117' title="bbox 2102 4769 3689 4843; baseline -0.004 -15"><span class='ocrx_word' id='word_1_768' title='bbox 2102 4773 2234 4842; x_wconf 74' lang='lat' dir='ltr'><strong>Qua:</strong></span> <span class='ocrx_word' id='word_1_769' title='bbox 2268 4769 2485 4843; x_wconf 77' lang='lat' dir='ltr'><strong>quidem</strong></span> <span class='ocrx_word' id='word_1_770' title='bbox 2515 4773 2677 4828; x_wconf 78' lang='lat' dir='ltr'><strong>lectio</strong></span> <span class='ocrx_word' id='word_1_771' title='bbox 2700 4771 2862 4843; x_wconf 82' lang='lat' dir='ltr'><strong>baud</strong></span> <span class='ocrx_word' id='word_1_772' title='bbox 2892 4769 3286 4843; x_wconf 75' lang='lat' dir='ltr'><strong>contemnenda</strong></span> <span class='ocrx_word' id='word_1_773' title='bbox 3323 4786 3335 4821; x_wconf 93' lang='lat'><strong>:</strong></span> <span class='ocrx_word' id='word_1_774' title='bbox 3394 4783 3520 4843; x_wconf 83' lang='lat' dir='ltr'><strong>nam</strong></span> <span class='ocrx_word' id='word_1_775' title='bbox 3548 4769 3689 4822; x_wconf 91' lang='lat' dir='ltr'><strong>mul-</strong></span> 
     </span>
    </p>
   </div>
   <div class='ocr_carea' id='block_1_112' title="bbox 2104 4835 3690 4909">
    <p class='ocr_par' dir='ltr' id='par_1_112' title="bbox 2104 4835 3690 4909">
     <span class='ocr_line' id='line_1_118' title="bbox 2104 4835 3690 4909; baseline -0.004 -10"><span class='ocrx_word' id='word_1_776' title='bbox 2104 4835 2484 4899; x_wconf 47' lang='lat' dir='ltr'><strong>tarum-rerum</strong></span> <span class='ocrx_word' id='word_1_777' title='bbox 2508 4841 2936 4898; x_wconf 87' lang='lat' dir='ltr'><strong>administratori</strong></span> <span class='ocrx_word' id='word_1_778' title='bbox 2962 4855 3071 4895; x_wconf 91' lang='lat' dir='ltr'><strong>non</strong></span> <span class='ocrx_word' id='word_1_779' title='bbox 3099 4839 3250 4895; x_wconf 89' lang='lat' dir='ltr'><strong>deest</strong></span> <span class='ocrx_word' id='word_1_780' title='bbox 3267 4835 3572 4909; x_wconf 73' lang='lat' dir='ltr'><strong>iurgiorum</strong></span> <span class='ocrx_word' id='word_1_781' title='bbox 3596 4852 3690 4893; x_wconf 76' lang='lat' dir='ltr'><strong>oc-</strong></span> 
     </span>
    </p>
   </div>
   <div class='ocr_carea' id='block_1_113' title="bbox 2100 4930 3173 4971">
    <p class='ocr_par' dir='ltr' id='par_1_113' title="bbox 2100 4930 3173 4971">
     <span class='ocr_line' id='line_1_119' title="bbox 2100 4930 3173 4971; baseline -0.005 -1"><span class='ocrx_word' id='word_1_782' title='bbox 2100 4930 2272 4971; x_wconf 71' lang='lat'><strong>03810.</strong></span> <span class='ocrx_word' id='word_1_783' title='bbox 3164 4959 3173 4965; x_wconf 85' lang='lat'><strong>.</strong></span> 
     </span>
    </p>
   </div>
   <div class='ocr_carea' id='block_1_114' title="bbox 2178 4977 3686 5058">
    <p class='ocr_par' dir='ltr' id='par_1_114' title="bbox 2178 4977 3686 5058">
     <span class='ocr_line' id='line_1_120' title="bbox 2178 4977 3686 5058; baseline -0.006 -18"><span class='ocrx_word' id='word_1_784' title='bbox 2178 4984 2201 5024; x_wconf 70' lang='grc' dir='ltr'><em>τ</em></span> <span class='ocrx_word' id='word_1_785' title='bbox 2245 4981 2695 5058; x_wconf 79' lang='lat' dir='ltr'><strong>Nontardus,_ad</strong></span> <span class='ocrx_word' id='word_1_786' title='bbox 2733 4995 2808 5058; x_wconf 91' lang='lat' dir='ltr'><strong>ea_</strong></span> <span class='ocrx_word' id='word_1_787' title='bbox 2834 4994 2953 5050; x_wconf 71' lang='lat' dir='ltr'><strong>qua:</strong></span> <span class='ocrx_word' id='word_1_788' title='bbox 3004 4986 3132 5058; x_wconf 70' lang='lat' dir='ltr'><strong>sunt</strong></span> <span class='ocrx_word' id='word_1_789' title='bbox 3176 4992 3410 5058; x_wconf 73' lang='lat' dir='ltr'><strong>suarum</strong></span> <span class='ocrx_word' id='word_1_790' title='bbox 3449 4977 3686 5058; x_wconf 76' lang='lat' dir='ltr'><strong>partium</strong></span> 
     </span>
    </p>
   </div>
   <div class='ocr_carea' id='block_1_115' title="bbox 2100 5046 3689 5121">
    <p class='ocr_par' dir='ltr' id='par_1_115' title="bbox 2100 5046 3689 5121">
     <span class='ocr_line' id='line_1_121' title="bbox 2100 5046 3689 5121; baseline -0.006 -10"><span class='ocrx_word' id='word_1_791' title='bbox 2100 5056 2372 5121; x_wconf 83' lang='lat' dir='ltr'><strong>obcunda,</strong></span> <span class='ocrx_word' id='word_1_792' title='bbox 2402 5063 2457 5110; x_wconf 88' lang='lat' dir='ltr'><strong>et</strong></span> <span class='ocrx_word' id='word_1_793' title='bbox 2479 5046 2714 5108; x_wconf 66' lang='lat' dir='ltr'><strong>martime</strong></span> <span class='ocrx_word' id='word_1_794' title='bbox 2743 5053 2810 5106; x_wconf 90' lang='lat' dir='ltr'><strong>ad</strong></span> <span class='ocrx_word' id='word_1_795' title='bbox 2838 5046 3287 5121; x_wconf 74' lang='lat' dir='ltr'><strong>suppeditandum</strong></span> <span class='ocrx_word' id='word_1_796' title='bbox 3310 5046 3569 5121; x_wconf 77' lang='lat' dir='ltr'><strong>fratribus</strong></span> <span class='ocrx_word' id='word_1_797' title='bbox 3595 5063 3689 5121; x_wconf 62' lang='lat' dir='ltr'><strong>ne;</strong></span> 
     </span>
    </p>
   </div>
   <div class='ocr_carea' id='block_1_116' title="bbox 2101 5117 3685 5194">
    <p class='ocr_par' dir='ltr' id='par_1_116' title="bbox 2101 5117 3685 5194">
     <span class='ocr_line' id='line_1_122' title="bbox 2101 5117 3685 5194; baseline -0.006 -13"><span class='ocrx_word' id='word_1_798' title='bbox 2101 5117 2368 5181; x_wconf 31' lang='lat' dir='ltr'><strong>cessaria.’</strong></span> <span class='ocrx_word' id='word_1_799' title='bbox 2385 5126 2463 5180; x_wconf 82' lang='lat' dir='ltr'><strong>Ac</strong></span> <span class='ocrx_word' id='word_1_800' title='bbox 2484 5122 2711 5194; x_wconf 89' lang='lat' dir='ltr'><strong>proinde</strong></span> <span class='ocrx_word' id='word_1_801' title='bbox 2733 5122 2860 5194; x_wconf 85' lang='lat' dir='ltr'><strong>huic</strong></span> <span class='ocrx_word' id='word_1_802' title='bbox 2874 5117 3177 5174; x_wconf 77' lang='lat' dir='ltr'><strong>ministerio</strong></span> <span class='ocrx_word' id='word_1_803' title='bbox 3198 5117 3367 5188; x_wconf 88' lang='lat' dir='ltr'><strong>inepti</strong></span> <span class='ocrx_word' id='word_1_804' title='bbox 3392 5126 3520 5173; x_wconf 91' lang='lat' dir='ltr'><strong>sunt</strong></span> <span class='ocrx_word' id='word_1_805' title='bbox 3533 5118 3685 5173; x_wconf 88' lang='lat' dir='ltr'><strong>avari</strong></span> 
     </span>
    </p>
   </div>
   <div class='ocr_carea' id='block_1_117' title="bbox 2050 5191 3013 5267">
    <p class='ocr_par' dir='ltr' id='par_1_117' title="bbox 2050 5191 3013 5267">
     <span class='ocr_line' id='line_1_123' title="bbox 2050 5191 3013 5267; baseline -0.008 -16"><span class='ocrx_word' id='word_1_806' title='bbox 2050 5207 2058 5211; x_wconf 84' lang='lat'>&#39;</span> <span class='ocrx_word' id='word_1_807' title='bbox 2100 5204 2156 5251; x_wconf 90' lang='lat' dir='ltr'><strong>et</strong></span> <span class='ocrx_word' id='word_1_808' title='bbox 2181 5196 2374 5267; x_wconf 89' lang='lat' dir='ltr'><strong>quovis</strong></span> <span class='ocrx_word' id='word_1_809' title='bbox 2400 5191 2666 5266; x_wconf 58' lang='lat' dir='ltr'><strong>pol&#39;ypode</strong></span> <span class='ocrx_word' id='word_1_810' title='bbox 2688 5191 3013 5247; x_wconf 87' lang='lat' dir='ltr'><strong>tenaciores.</strong></span> 
     </span>
    </p>
   </div>
   <div class='ocr_carea' id='block_1_118' title="bbox 2286 5301 3387 5367">
    <p class='ocr_par' dir='ltr' id='par_1_118' title="bbox 2286 5301 3387 5367">
     <span class='ocr_line' id='line_1_124' title="bbox 2286 5301 3387 5367; baseline -0.007 -11"><span class='ocrx_word' id='word_1_811' title='bbox 2286 5305 2376 5356; x_wconf 85' lang='lat' dir='ltr'><strong>Ubi</strong></span> <span class='ocrx_word' id='word_1_812' title='bbox 2396 5307 2434 5353; x_wconf 86' lang='lat' dir='ltr'><strong>si</strong></span> <span class='ocrx_word' id='word_1_813' title='bbox 2457 5305 2573 5367; x_wconf 84' lang='lat' dir='ltr'><strong>quid</strong></span> <span class='ocrx_word' id='word_1_814' title='bbox 2598 5316 2784 5367; x_wconf 60' lang='lat' dir='ltr'><strong>poscas,</strong></span> <span class='ocrx_word' id='word_1_815' title='bbox 2806 5302 2862 5351; x_wconf 85' lang='lat' dir='ltr'><strong>ad</strong></span> <span class='ocrx_word' id='word_1_816' title='bbox 2884 5303 3033 5350; x_wconf 85' lang='lat' dir='ltr'><strong>ravim</strong></span> <span class='ocrx_word' id='word_1_817' title='bbox 3061 5310 3229 5363; x_wconf 79' lang='lat' dir='ltr'><strong>poscas</strong></span> <span class='ocrx_word' id='word_1_818' title='bbox 3253 5301 3387 5362; x_wconf 83' lang='lat' dir='ltr'><strong>prius</strong></span> 
     </span>
    </p>
   </div>
   <div class='ocr_carea' id='block_1_119' title="bbox 2283 5365 2899 5428">
    <p class='ocr_par' dir='ltr' id='par_1_119' title="bbox 2283 5365 2899 5428">
     <span class='ocr_line' id='line_1_125' title="bbox 2283 5365 2899 5428; baseline -0.01 -11"><span class='ocrx_word' id='word_1_819' title='bbox 2283 5371 2436 5427; x_wconf 84' lang='lat' dir='ltr'><strong>Quam</strong></span> <span class='ocrx_word' id='word_1_820' title='bbox 2455 5365 2715 5428; x_wconf 76' lang='lat' dir='ltr'><strong>quidquam</strong></span> <span class='ocrx_word' id='word_1_821' title='bbox 2738 5365 2899 5413; x_wconf 78' lang='lat' dir='ltr'><strong>detur.</strong></span> 
     </span>
    </p>
   </div>
   <div class='ocr_carea' id='block_1_120' title="bbox 2173 5441 3685 5519">
    <p class='ocr_par' dir='ltr' id='par_1_120' title="bbox 2173 5441 3685 5519">
     <span class='ocr_line' id='line_1_126' title="bbox 2173 5441 3685 5519; baseline -0.006 -15"><span class='ocrx_word' id='word_1_822' title='bbox 2173 5450 2201 5492; x_wconf 73' lang='grc' dir='ltr'>ε</span> <span class='ocrx_word' id='word_1_823' title='bbox 2240 5449 2363 5503; x_wconf 85' lang='grc' dir='ltr'><strong>Νοη</strong></span> <span class='ocrx_word' id='word_1_824' title='bbox 2389 5448 2659 5519; x_wconf 83' lang='lat' dir='ltr'><strong>prodigus.</strong></span> <span class='ocrx_word' id='word_1_825' title='bbox 2708 5445 2844 5512; x_wconf 83' lang='lat' dir='ltr'><strong>Quia</strong></span> <span class='ocrx_word' id='word_1_826' title='bbox 2866 5460 2933 5499; x_wconf 72' lang='lat' dir='ltr'><strong>ex</strong></span> <span class='ocrx_word' id='word_1_827' title='bbox 2968 5442 3085 5512; x_wconf 82' lang='lat' dir='ltr'><strong>ejus</strong></span> <span class='ocrx_word' id='word_1_828' title='bbox 3104 5441 3484 5513; x_wconf 80' lang='lat' dir='ltr'><strong>orodigalitatc</strong></span> <span class='ocrx_word' id='word_1_829' title='bbox 3518 5441 3685 5495; x_wconf 85' lang='lat' dir='ltr'><strong>totius</strong></span> 
     </span>
    </p>
   </div>
   <div class='ocr_carea' id='block_1_121' title="bbox 2099 5519 2894 5576">
    <p class='ocr_par' dir='ltr' id='par_1_121' title="bbox 2099 5519 2894 5576">
     <span class='ocr_line' id='line_1_127' title="bbox 2099 5519 2894 5576; baseline -0.01 0"><span class='ocrx_word' id='word_1_830' title='bbox 2099 5520 2412 5576; x_wconf 85' lang='lat' dir='ltr'><strong>monasterii</strong></span> <span class='ocrx_word' id='word_1_831' title='bbox 2450 5519 2603 5572; x_wconf 88' lang='lat' dir='ltr'><strong>ruina</strong></span> <span class='ocrx_word' id='word_1_832' title='bbox 2629 5524 2894 5571; x_wconf 88' lang='lat' dir='ltr'><strong>manaret.</strong></span> 
     </span>
    </p>
   </div>
   <div class='ocr_carea' id='block_1_122' title="bbox 2169 5582 3684 5645">
    <p class='ocr_par' dir='ltr' id='par_1_122' title="bbox 2169 5582 3684 5645">
     <span class='ocr_line' id='line_1_128' title="bbox 2169 5582 3684 5645; baseline -0.009 -1"><span class='ocrx_word' id='word_1_833' title='bbox 2169 5594 2194 5632; x_wconf 75' lang='grc' dir='ltr'><strong>ιι</strong></span> <span class='ocrx_word' id='word_1_834' title='bbox 2237 5590 2341 5645; x_wconf 80' lang='lat' dir='ltr'><strong>Sed</strong></span> <span class='ocrx_word' id='word_1_835' title='bbox 2378 5591 2562 5643; x_wconf 76' lang='lat' dir='ltr'><strong>timens</strong></span> <span class='ocrx_word' id='word_1_836' title='bbox 2587 5588 2772 5641; x_wconf 84' lang='lat' dir='ltr'><strong>Deum.</strong></span> <span class='ocrx_word' id='word_1_837' title='bbox 2827 5585 2939 5639; x_wconf 86' lang='lat' dir='ltr'><strong>Hoc</strong></span> <span class='ocrx_word' id='word_1_838' title='bbox 2961 5592 3044 5638; x_wconf 91' lang='lat' dir='ltr'><strong>est</strong></span> <span class='ocrx_word' id='word_1_839' title='bbox 3063 5582 3227 5637; x_wconf 83' lang='lat' dir='ltr'><strong>veluti</strong></span> <span class='ocrx_word' id='word_1_840' title='bbox 3260 5590 3384 5636; x_wconf 80' lang='lat' dir='ltr'><strong>ante</strong></span> <span class='ocrx_word' id='word_1_841' title='bbox 3414 5582 3684 5636; x_wconf 84' lang='lat' dir='ltr'><strong>dictorum</strong></span> 
     </span>
    </p>
   </div>
   <div class='ocr_carea' id='block_1_123' title="bbox 2100 5653 3501 5729">
    <p class='ocr_par' dir='ltr' id='par_1_123' title="bbox 2100 5653 3501 5729">
     <span class='ocr_line' id='line_1_129' title="bbox 2100 5653 3501 5729; baseline -0.01 -10"><span class='ocrx_word' id='word_1_842' title='bbox 2100 5661 2459 5725; x_wconf 83' lang='lat' dir='ltr'><strong>corollarium,</strong></span> <span class='ocrx_word' id='word_1_843' title='bbox 2482 5660 2547 5715; x_wconf 83' lang='lat' dir='ltr'><strong>ad</strong></span> <span class='ocrx_word' id='word_1_844' title='bbox 2573 5659 2714 5729; x_wconf 85' lang='lat' dir='ltr'><strong>quod</strong></span> <span class='ocrx_word' id='word_1_845' title='bbox 2742 5657 2833 5713; x_wconf 90' lang='lat' dir='ltr'><strong>illa</strong></span> <span class='ocrx_word' id='word_1_846' title='bbox 2854 5656 3036 5713; x_wconf 86' lang='lat' dir='ltr'><strong>omnia</strong></span> <span class='ocrx_word' id='word_1_847' title='bbox 3057 5653 3249 5710; x_wconf 85' lang='lat' dir='ltr'><strong>referri</strong></span> <span class='ocrx_word' id='word_1_848' title='bbox 3282 5653 3501 5709; x_wconf 83' lang='lat' dir='ltr'><strong>debent.</strong></span> 
     </span>
    </p>
   </div>
  </div>
