3940 6196
379 237 522 293 {MS

1330 236 1724 296 CONCORDIA
1764 236 2223 296 ιιεευιΑιιωι.
2264 267 2335 280 --
2370 236 2522 293 CAP.
2567 236 2680 292 XL.

3448 290 3467 301 ,
3498 241 3634 297 1046

374 351 632 422 optimum
681 349 871 424 (Eccfi.
900 348 1043 423 vin).
1087 346 1279 406 Omnia
1303 365 1423 421 qua:
1451 352 1501 406 ei
1532 351 1828 421 injunxerit
1854 352 1950 406 ah-
1979 353 2031 413 Α
2056 350 2174 406 sive
2200 351 2257 406 in
2280 348 2644 414 ferramentis,
2669 350 2755 405 vel
2781 353 2808 393 ³
2828 359 3031 407 cetera
3055 354 3241 408 omnia
3276 368 3401 411 esse
3437 362 3634 411 sancti-

374 445 495 509 bas,
522 443 638 513 ipsa
669 442 869 498 habeat
894 441 995 498 sub
1027 455 1160 497 cura
1187 457 1309 509 sua,
1340 457 1371 496 a
1399 441 1596 511 quibus
1620 456 1745 497 eum
1771 441 1957 511 prohi-

371 533 573 598 buerit,
601 545 708 587 non
736 540 1049 602 prmsumat.
1083 531 1367 587 Fratribus
1393 533 1743 587 constitutam
1779 546 1952 586 anno-

372 637 503 678 nam
530 634 556 663 ι
580 623 697 677 sine
717 621 900 693 aliqua
927 624 1115 693 typho,
1158 622 1243 679 vel
1283 636 1433 678 mora
1462 621 1656 678 offerat
1689 640 1703 677 :
1758 631 1821 679 ut
1846 637 1955 677 non

370 711 831 779 scandalizentur,
858 728 1071 769 memor
1096 714 1263 769 divini
1299 714 1522 784 eloquii,
1579 715 1709 785 quid
1742 728 1955 769 merue-

368 807 446 861 rit
476 806 572 877 qui
610 795 1058 862 scandalizaverit
1085 821 1251 861 unum
1268 806 1335 862 de
1357 805 1567 875 pusillis
1580 803 1949 877 (llattlt.vnt).

368 894 430 951 Si
455 896 804 967 congregatio
859 894 1036 965 major
1088 893 1275 963 fuerit,
1304 895 1334 936 δ
1360 894 1555 951 solatia
1592 895 1644 951 ei
1675 894 1889 960 dentur,
1920 911 1950 949 a

365 986 570 1058 quibus
600 987 815 1058 adjutus
840 994 896 1043 et
920 988 1038 1059 ipse
1054 1002 1212 1059 aquo
1247 988 1429 1042 animo
1462 987 1685 1059 impleat
1710 986 1949 1043 ofﬁcium

365 1076 475 1132 sibi
524 1076 891 1131 commissum.
972 1074 1132 1131 Horis
1177 1075 1608 1146 competentibus
1645 1083 1703 1132 et
1747 1075 1946 1133 dentur

361 1185 489 1240 quae
513 1168 686 1225 danda
715 1176 871 1235 sunt;
911 1177 966 1224 et
986 1176 1252 1240 petantur
1272 1183 1392 1238 qua:
1429 1168 1660 1239 petenda
1688 1178 1816 1225 sunt
1842 1187 1856 1223 ς
1892 1176 1952 1224 ιιι

362 1274 529 1316 nemo
557 1260 925 1332 perturbetur,
957 1274 1134 1330 neque
1161 1259 1515 1315 contristetur
1541 1260 1598 1314 in
1644 1260 1805 1316 domo
1831 1258 1947 1316 Dei.

600 1349 627 1425 ς
653 1349 718 1406 ll.
749 1381 822 1391 --
845 1351 921 1406 Ex
948 1350 1167 1407 Recuu
1196 1349 1424 1406 Punuu
1453 1349 1592 1422 (cap.
1623 1350 1734 1424 f2).

436 1452 461 1481 ε
503 1440 562 1498 Si
605 1441 954 1514 congregatio
1005 1440 1172 1497 multa
1199 1449 1306 1509 est,
1343 1441 1507 1497 debet
1548 1441 1596 1498 is
1623 1442 1716 1513 qui
1751 1450 1949 1514 praeest

357 1541 521 1606 pater
542 1533 828 1603 disponere
849 1533 1317 1599 hebdomadarios,
1344 1542 1399 1590 et
1432 1533 1459 1575 ἀ
1489 1533 1736 1590 ordinem
1760 1532 1942 1600 officii,

358 1641 473 1695 quo
499 1627 604 1681 sibi
631 1626 861 1681 invicem
889 1624 1184 1682 succedant
1202 1626 1270 1681 ad
1300 1626 1747 1683 tninistrandum:
1775 1634 1831 1682 et
1851 1626 1943 1683 de-

2056 442 2237 497 ficata.
2300 440 2359 497 Si
2383 441 2507 511 quis
2527 441 2594 498 de
2618 439 2882 497 fratribus
2930 441 3132 512 aliquid
3159 443 3493 515 negligenter
3527 452 3634 499 tra-

2054 532 2304 598 ctaverit,
2345 540 2556 603 partem
2602 545 2662 587 se
2698 531 2903 587 habere
2928 532 3142 587 noverit
3168 547 3295 588 cum
3343 534 3436 589 illo
3484 550 3635 606 rege,

2053 623 2146 692 qui
2168 622 2226 678 in
2247 624 2393 679 vasis
2415 623 2610 678 domus
2623 621 2719 677 Dei
2752 622 3106 678 sanetiﬂcatis
3132 637 3259 678 cum
3279 624 3395 680 suis
3416 625 3635 681 bibebat

2054 713 2373 768 concubinis
2393 711 2446 783 (Ι
2470 712 2612 767 Dan.
2639 710 2729 784 v):
2759 721 2816 767 et
2844 711 3065 784 qualem
3087 714 3290 769 meruit
3315 716 3633 774 vindictam.

2052 801 2416 858 Custodienda
2454 809 2583 858 sunt
2603 803 2709 858 ista
2746 814 3034 875 praecepta,
3058 814 3115 860 et
3132 819 3232 875 per
3249 806 3489 877 singulos
3519 807 3636 861 dies

2054 894 2110 948 in
2154 908 2317 949 aures
2365 892 2598 949 fratrum
2627 896 2909 951 reeitanda
2954 905 3119 952 sunt:
3148 906 3210 955 ut
3241 914 3353 954 non
3380 899 3634 956 condem-

2052 991 2254 1040 nentur
2280 983 2336 1038 in
2361 983 2600 1053 peccatis
2624 983 2759 1040 suis.

2158 1072 2294 1146 5m.
2316 1068 2391 1115 --‘
2408 1073 2490 1128 Ex
2528 1073 2750 1131 Rscuu
2795 1089 2982 1132 suum
3023 1076 3223 1132 latnost
3271 1077 3411 1149 (cap.
3444 1079 3521 1151 ὅ).

2122 1163 2154 1205 h
2177 1162 2261 1219 Ad
2286 1177 2411 1219 eum
2434 1164 2527 1235 qui
2551 1163 2777 1219 cellario
2811 1166 3167 1236 praeponitur,
3187 1167 3482 1236 pertinebit
3519 1167 3626 1222 sol-

2052 1251 2276 1308 licitudo
2294 1266 2484 1308 eorum
2510 1268 2631 1323 quae
2652 1253 2705 1307 in
2730 1255 3102 1325 promptuario
3122 1266 3269 1311 sunt.
3284 1255 3394 1312 Iste
3422 1256 3633 1327 praebc-

2050 1344 2131 1400 bit
2159 1343 2592 1400 hebdomadariis
2625 1346 2889 1415 quidquid
2933 1347 3303 1402 necessarium
3348 1356 3433 1402 est
3462 1347 3631 1402 victui

2051 1433 2463 1502 monachorum,
2492 1435 2799 1504 hospitum,
2833 1434 3192 1490 infirmorum.
3228 1434 3338 1491 Isto
3366 1444 3636 1507 praesente

2048 1527 2433 1597 dispensantur
2453 1544 2516 1584 ea
2540 1544 2661 1599 quae
2688 1530 2887 1585 mensis
2913 1529 3202 1587 deferenda
3223 1540 3368 1587 sunt.
3394 1531 3444 1586 Is
3466 1532 3631 1587 etiam

2047 1619 2307 1689 quidquid
2333 1619 2608 1676 residuum
2638 1621 2653 1660 ί
2674 1622 2911 1692 sumptui
2928 1619 3089 1677 fuerit
3108 1638 3207 1691 pro
3218 1636 3515 1693 pauperum
3530 1622 3634 1676 usi-

356 1730 588 1772 cernere
629 1716 791 1772 debet
825 1716 936 1783 ille,
976 1715 1098 1786 quis
1127 1714 1322 1771 debeat
1370 1731 1491 1772 esse
1536 1715 1628 1786 qui
1662 1715 1944 1772 cellarium
1970 1703 2019 1762 B
2044 1709 2146 1764 bus
2174 1708 2496 1764 reservalﬁt.
2520 1708 2660 1765 Huic
2684 1724 2902 1780 quoque
2927 1710 3379 1766 hebdomadarius
3418 1709 3630 1780 expleta

356 1802 589 1859 fratrum
623 1806 920 1861 contineat.
977 1804 1148 1861 Debet
1181 1816 1203 1845 ο
1230 1805 1605 1861 tantummodo
1638 1805 1765 1862 talis
1792 1805 1941 1877 eligi,

354 1894 454 1963 qui
495 1895 667 1966 possit
719 1895 775 1950 in
819 1894 1070 1950 omnibus
1119 1894 1430 1966 evangelica
1459 1895 1651 1950 ordine
1680 1894 1945 1950 fratribus

355 2001 520 2041 suum
549 1986 752 2043 victum
779 1988 1102 2058 gubernare,
1151 1988 1243 2057 qui
1291 1989 1478 2042 timeat
1501 1984 1650 2041 Judte
1674 1984 1695 2024 τ
1723 1993 1943 2041 senten-

358 2076 514 2143 tiam,
545 2076 638 2147 qui
664 2077 734 2132 ab
757 2077 911 2133 initio
940 2076 1027 2133 fur
1056 2077 1175 2131 fuit.
1228 2078 1458 2133 Studere
1479 2077 1659 2143 debet,
1704 2078 1797 2147 qui
1816 2077 1944 2133 huic

354 2164 546 2222 officio
573 2167 884 2237 deputatur,
905 2176 968 2223 ut
986 2166 1168 2223 videat
1196 2186 1210 2222 :
1253 2167 1394 2233 Quia
1412 2168 1502 2238 qui
1529 2167 1654 2222 bene
1675 2168 1945 2222 ministra—

354 2258 507 2326 verit,
535 2257 757 2328 gradum
781 2257 969 2312 bonum
990 2257 1090 2313 sibi
1115 2258 1338 2329 acquirit
1352 2256 1404 2331 (Ι
1425 2257 1560 2312 Tim.
1591 2256 1698 2329 ιιι),
1748 2266 1803 2313 ει
1828 2257 1945 2312 ani-

354 2361 464 2403 ma:
501 2362 613 2403 sua:
637 2346 847 2403 lucrum
880 2347 1030 2403 facit.
1095 2345 1266 2404 Nosse
1304 2348 1501 2404 debent
1523 2348 1689 2403 etiam
1717 2347 1940 2413 fratres,

357 2440 493 2512 quia
528 2441 790 2513 quidquid
814 2442 868 2496 in
890 2440 1225 2498 monasterio
1250 2448 1518 2497 tractatur
1549 2442 1662 2497 sive
1692 2441 1746 2496 in
1773 2442 1941 2509 vasis,

349 2591 476 2630 ecce
496 2574 929 2648 verbumbonum
977 2593 1134 2648 super
1160 2576 1365 2642 datum,
1406 2574 1939 2648 Ecclesiastici__cap.

354 2660 527 2718 “tu:
569 2645 659 2701 ubi
688 2646 767 2718 sic
796 2644 992 2718 legitur
1017 2644 1074 2702 in
1096 2648 1345 2718 versione
1397 2646 1693 2718 communi.
1753 2644 1943 2701 Nonne

352 2715 600 2787 ardorem
612 2715 947 2787 refrigerabit
987 2733 1071 2771 ros
1094 2718 1119 2771 ?
1163 2717 1238 2771 sic
1264 2725 1312 2771 et
1341 2717 1548 2772 verbum
1574 2715 1759 2787 melius
1783 2733 1942 2787 quam

351 2786 561 2855 datum.
599 2784 788 2839 Nonne
807 2802 922 2840 ecce
946 2787 1154 2841 verbum
1186 2803 1343 2855 super
1367 2787 1551 2840 datum
1574 2785 1764 2855 bonum
1778 2784 1805 2851 ;“
1824 2788 1944 2855 qui-

352 2805 561 2839 uatum.
599 2805 788 2839 nonne
807 2805 922 2840 εει-ε
946 2805 1154 2841 vernum
1186 2805 1246 2841 su
1286 2805 1343 2839 ει·
1367 2805 1551 2840 uatum
1574 2805 1796 2851 bonum;
1824 2805 1942 2855 (ιυι-

352 2854 460 2911 bus
480 2856 750 2911 consentit
773 2862 952 2911 textus
965 2855 1203 2912 Graccus.
1247 2805 1354 2911 ξοδ
1375 2864 1597 2911 sanctus
1620 2854 1942 2912 Benedictus

350 2926 531 2980 citans
546 2925 721 2980 loctun
735 2940 802 2980 ex
819 2927 1079 2982 memoria
1104 2926 1336 2982 reddidit
1360 2941 1600 2989 sensum,
1616 2941 1722 2980 non
1749 2927 1938 2981 verba.

351 2993 470 3065 Nec
494 2994 715 3050 dubium
750 3004 859 3065 est,
899 2996 1029 3065 quin
1060 2996 1114 3050 in
1163 3004 1311 3051 textu
1334 2996 1723 3061 Ecclesiastici,
1752 2995 1806 3051 in
1833 3011 1942 3065 quo

2044 1799 2380 1855 hebdomada
2412 1815 2543 1855 vasa
2590 1799 2696 1855 sibi
2727 1800 2928 1855 tradita
2968 1801 3268 1867 exhibebit,
3314 1800 3382 1853 ad
3421 1800 3631 1871 perspi-

2044 1892 2298 1949 ciendum
2325 1893 2537 1964 utique,
2570 1892 2617 1948 si
2657 1893 2997 1966 negligenter
3034 1893 3218 1949 habita
3246 1907 3353 1948 non
3383 1898 3527 1947 sunt.
3551 1890 3632 1947 Ae

2044 1985 2223 2040 denuo
2245 1985 2558 2041 succedenti
2591 1985 3017 2041 hebdomadario
3045 1999 3229 2041 coram
3259 1984 3364 2039 isto
3404 1984 3627 2039 traden-

2045 2084 2151 2130 tur.
2205 2075 2288 2131 Ad
2343 2075 2489 2131 hunc
2544 2090 2763 2147 quoque
2816 2076 3088 2147 pertinent
3144 2075 3341 2129 horrea
3366 2113 3383 2139 ,
3440 2087 3631 2145 greges

2042 2166 2226 2221 ovium
2268 2175 2324 2221 et
2371 2181 2654 2237 pecorum,
2692 2167 2837 2233 lana,
2878 2166 3071 2233 linum,
3124 2164 3138 2217 i
3194 2166 3395 2220 aviaria
3422 2164 3625 2220 soilici-

2043 2257 2172 2313 tudo
2211 2257 2418 2313 cibaria
2457 2258 2527 2313 ad
2580 2258 3001 2314 ministrandum
3049 2257 3366 2331 pistoribus,
3414 2254 3629 2327 jumen-

2043 2350 2142 2414 tis,
2174 2349 2345 2405 bobus
2367 2390 2380 2415 ,
2411 2359 2467 2404 et
2496 2350 2689 2405 avibus
2723 2368 2736 2403 :
2779 2349 3044 2405 industria
3070 2364 3285 2419 quoque
3310 2347 3633 2405 calciamen-

2045 2448 2245 2506 torum,
2264 2455 2394 2498 cura
2430 2449 2713 2511 pastorum
2744 2448 2798 2497 et
2827 2441 3178 2512 piscatorum.

2041 2573 2184 2644 enim
2207 2579 2430 2627 ostensa
2461 2572 2701 2644 charitas
2729 2588 2858 2628 vera
2882 2572 3058 2644 εει,γεί
3090 2589 3187 2644 per
3218 2581 3399 2644 typum
3435 2589 3629 2644 super-

2040 2642 2144 2697 biae
2171 2641 2315 2697 inter
2340 2657 2439 2697 nos
2477 2642 2714 2697 schisma
2740 2656 2847 2697 non
2875 2640 3054 2696 fuerit.
3090 2640 3107 2694 ἱ
3145 2642 3209 2697 Et
3232 2640 3376 2698 recte
3404 2640 3622 2713 quidem

2041 2712 2305 2783 superbia:
2352 2720 2509 2783 typus
2542 2713 2832 2783 opponitur
2879 2713 3150 2767 charitati.
3205 2713 3340 2780 Quia
3376 2712 3618 2769 charitas

2044 2728 2305 2781 superbia:
2352 2728 2509 2783 typus
2542 2728 2832 2837 οΕροιιιιιιι·
2879 2728 3150 2767 enat-itan.
3205 2728 3340 2780 Quia
3376 2728 3618 2769 cnarttas

2044 2782 2242 2837 alacris
2269 2790 2354 2836 est
2388 2791 2550 2847 atque
2619 2782 2805 2846 ilaris;
2837 2790 2894 2836 et
2912 2791 3101 2837 contra
3124 2783 3376 2851 superbia
3408 2797 3625 2851 morosa

2041 2860 2125 2907 est
2142 2851 2528 2923 etfastidiosa.
2611 2851 2743 2922 Typi
2788 2852 2950 2923 etiam
3003 2861 3129 2923 sunt
3168 2850 3387 2923 frigida;
3421 2850 3625 2918 febres,

2042 2922 2155 2993 typi
2195 2920 2490 3004 frigoretici
2518 2920 2722 3004 passim
2745 2922 2884 3004 apud
2999 2920 3322 3004 Gregorium
3344 2921 3624 3004 Turonen-

2041 2991 2175 3046 sem.
2228 2991 2295 3046 Et
2324 2991 2533 3049 Graece
2555 2994 2739 3058 τύπος,
2773 2991 2826 3046 id
2861 3001 2966 3056 εει,
2995 2991 3234 3048 accessio
3274 2999 3331 3046 et
3377 2991 3633 3048 remissio

350 3063 442 3120 bis
469 3066 707 3140 ponitur,
758 3059 991 3140 uerbum,
1038 3064 1463 3140 subaudiendum
1492 3066 1583 3131 sit,
1633 3059 1940 3140 bonumfut
1967 3059 2011 3121 C
2044 3060 2221 3140 morbi
2258 3063 2401 3140 apud
2434 3062 2718 3140 G_alenum,
2740 3062 2864 3140 _qu_i_
2905 3061 3101 3117 librum
3146 3062 3451 3140 composuit
3503 3066 3628 3140 περι

350 3134 549 3191 sensus
577 3134 736 3205 hujus
758 3134 860 3190 loci
884 3137 955 3190 sit
980 3154 993 3189 :
1052 3136 1513 3206 Quemadmodum
1541 3150 1633 3191 ros
1654 3135 1941 3206 refrigerat

349 3206 652 3275 ardorem,
699 3205 783 3275 sic
832 3206 1057 3260 verbum
1112 3205 1572 3275 bonumimitigat
1603 3205 1939 3275 iracundiam

351 3274 623 3346 i_lliusicui
666 3273 868 3344 aliquid
897 3275 1210 3346 denegatur.
1238 3275 1306 3346 Et
1332 3273 1509 3346 locum
1547 3274 1843 3345 explicavit
1878 3273 1938 3329 S.

349 3343 679 3416 Benedictus
723 3343 846 3400 cum
875 3343 1079 3416 adjecit
1094 3344 1439 3416 adjectivum,
1491 3343 1681 3416 bonus,
1730 3346 1940 3409 dicens,

348 3429 525 3468 sermo
549 3414 732 3480 bonus,
775 3422 880 3469 etc.
933 3414 1085 3480 Quod
1128 3414 1260 3470 sane
1309 3414 1739 3470 subaudiendum
1759 3423 1845 3470 est
1886 3416 1942 3470 in

350 3484 477 3539 loco
507 3483 870 3540 Ecclesiastici
894 3484 1000 3540 hoc
1039 3485 1238 3539 modo:
1283 3482 1371 3539 Sic
1417 3493 1465 3538 et
1502 3483 1711 3538 verbum
1746 3484 1939 3538 bonum

350 3552 544 3624 melius
564 3570 723 3624 quam
747 3554 950 3624 datum.
994 3553 1185 3624 Nonne
1202 3570 1326 3624 ecce
1345 3553 1552 3606 verbum
1577 3552 1766 3624 bonum
1787 3570 1945 3624 super

350 3570 544 3608 meum
564 3570 723 3676 zuam
747 3570 950 3608 uatum.
994 3570 1185 3609 tvonne
1210 3570 1326 3607 ecce
1345 3570 1552 3606 vernum
1577 3570 1766 3607 bonum
1787 3570 1943 3624 super

347 3623 541 3692 datum
601 3639 779 3678 onum.
855 3623 1009 3691 Quod
1036 3624 1168 3678 satis
1198 3623 1369 3692 liquet
1392 3637 1459 3677 ex
1487 3623 1801 3692 sententia,
1822 3637 1943 3692 qua:

348 3691 533 3747 locum
552 3693 784 3762 citatum
804 3692 1083 3762 prmedit,
1124 3692 1181 3748 iu
1226 3691 1342 3762 qua
1363 3692 1443 3762 sic
1490 3692 1739 3762 habetur.
1776 3691 1856 3762 Et
1884 3692 1942 3747 in

342 3762 496 3816 omni
522 3761 650 3816 data
686 3778 793 3817 non
814 3761 907 3817 des
940 3761 1211 3817 tristitiam
1235 3761 1378 3816 verbi
1410 3761 1559 3816 mali.
1614 3761 1686 3817 Et
1741 3761 1943 3818 clarius

339 3830 581 3901 quidem
610 3846 678 3888 ex
712 3839 865 3887 textu
892 3832 1100 3897 Graeco,
1128 3838 1185 3887 et
1212 3830 1670 3901 accommodatius
1698 3832 1765 3887 ad
1790 3846 1943 3886 men-

342 3898 462 3956 tem
486 3898 546 3972 _S.
556 3900 863 3972 Benedicti,
882 3901 936 3956 in
950 3917 1057 3972 quo
1070 3901 1294 3972 legitur,
1313 3900 1506 3972 δεήσει,
1524 3901 1579 3972 id
1603 3908 1708 3972 est,
1736 3901 1938 3972 inopia,

340 3970 509 4041 quasi
538 3970 711 4041 dicas,
746 3981 793 4025 et
818 3972 872 4025 in
894 3970 1037 4041 omni
1061 3970 1240 4041 inopia
1270 3987 1374 4024 non
1398 3971 1491 4025 des
1511 3970 1781 4025 tristitiam
1802 3970 1943 4025 uerbi

341 4037 499 4104 mali,
540 4039 595 4095 id
618 4049 723 4106 est,
752 4055 874 4095 cum
908 4040 1042 4094 nihil
1068 4037 1238 4095 habes
1265 4041 1409 4109 quod
1460 4041 1687 4104 tribuas,
1716 4055 1784 4095 ne
1812 4055 1941 4095 con-

340 4108 535 4164 tristes
556 4118 828 4178 potentem
855 4110 1022 4166 verbo
1038 4109 1191 4180 malo
1217 4117 1312 4164 aut
1340 4110 1473 4164 dura
1495 4110 1865 4180 responsione,
1887 4116 1944 4165 et

339 4193 531 4249 causa;
542 4187 646 4249 est,
660 4181 788 4249 quia
799 4180 1022 4249 verbum
1034 4178 1234 4249 bonum
1255 4193 1419 4249 super
1440 4178 1627 4234 datum
1645 4179 1935 4249 optimum.

420 4194 516 4234 usa
542 4194 646 4245 est,
698 4194 1022 4234 utaveruum
1036 4194 1234 4234 bonum
1255 4194 1419 4249 super
1440 4194 1676 4234 uatumo
1720 4194 1935 4233 timum.

420 4259 448 4287 ι
490 4244 620 4319 Sine
638 4194 823 4319 aliique
851 4248 1027 4317 typho.
1073 4248 1133 4319 ιιι
1159 4247 1575 4319 interpetatioue
1627 4195 1939 4303 Al‘amanica

343 4316 610 4401 Ret-onis,
771 4316 947 4389 aliquo
977 4317 1157 4401 typho,
1180 4317 1235 4372 id
1260 4316 1516 4401 estnsine
1543 4319 1942 4401 aliqua_sup_er-

2042 3135 2233 3196 τύπων,
2256 3132 2309 3188 id
2328 3141 2432 3198 est,
2456 3133 2521 3188 de
2551 3132 2952 3187 accessionibus
2974 3142 3028 3187 et
3051 3132 3460 3187 remissionibus
3480 3132 3628 3186 mor-

2040 3200 2255 3256 borum.
2301 3202 2382 3257 Ex
2426 3203 2513 3257 his
2539 3203 2837 3273 notandum
2874 3203 3014 3273 apud
3071 3200 3131 3273 ὃ,
3185 3201 3548 3273 Benedictum
3571 3212 3628 3259 et

2043 3279 2293 3329 auctores
2317 3273 2511 3327 citatos
2540 3280 2721 3342 typum
2738 3272 2845 3326 dici
2872 3270 2941 3327 ad
2967 3271 3378 3342 similitudinem
3400 3272 3509 3342 typi
3527 3270 3622 3327 fri-

2042 3342 2287 3410 goretici.
2323 3340 2783 3409 Quemadmodum
2811 3342 2954 3396 enim
2980 3343 3084 3396 hoc
3111 3340 3300 3395 morbo
3317 3340 3628 3399 laborantes

2043 3418 2171 3465 sunt
2194 3412 2426 3478 ttediosi,
2455 3411 2677 3475 morosi,
2710 3419 2765 3466 et
2794 3410 3081 3476 fastidiosi,
3113 3411 3201 3479 ita
3219 3419 3276 3464 et
3311 3412 3549 3479 superbi.

2113 3481 2142 3521 δ
2183 3479 2406 3550 Solatia.
2447 3480 2711 3535 Solatium
2733 3489 2817 3535 est
2847 3480 3130 3550 auxilium.
3183 3478 3389 3550 Regula
3413 3479 3622 3537 Tama-

2044 3550 2253 3620 tensis:
2308 3549 2661 3620 Solatiumiei
2706 3565 2809 3620 non
2852 3549 3151 3620 denegetur.
3212 3546 3289 3620 SI
3328 3546 3624 3619 Gregorius

2042 3634 2177 3689 papa
2199 3619 2290 3674 lib.
2320 3636 2376 3685 ις,
2400 3619 2558 3689 epist.
2583 3619 2654 3673 25
2672 3636 2689 3689 :7
2715 3619 2817 3674 «Ut
2839 3619 3109 3684 homines,
3132 3619 3222 3688 qui
3248 3620 3347 3674 sub
3371 3620 3451 3673 eis
3474 3630 3621 3685 sunt,

2043 3704 2167 3743 cum
2194 3690 2367 3745 bobus
2389 3688 2504 3744 suis
2549 3689 2603 3743 in
2648 3688 2767 3745 eius
2803 3690 3177 3745 transmittere
3214 3689 3448 3744 debeant
3475 3689 3619 3744 sola-

2046 3758 2232 3812 tium.»
2264 3758 2565 3815 Jornandes
2581 3758 2649 3813 de
2674 3758 2857 3815 Rebus
2883 3758 3179 3826 Gotthicis;
3219 3777 3237 3809 ι
3261 3758 3318 3812 in
3341 3758 3623 3815 Mundonis

2043 3827 2233 3882 solatia
2273 3830 2501 3884 veniens
2524 3828 2888 3885 lllvricianum
2920 3830 3222 3885 exercitum
3252 3828 3548 3883 demolivit.
3594 3848 3614 3882 ι

2043 3897 2385 3970 Marculphus
2413 3897 2662 3970 formula.
2689 3899 2790 3955 158
2818 3916 2831 3953 :
2890 3916 2911 3951 t
2948 3900 3127 3970 Ipsum
3157 3900 3211 3954 in
3245 3899 3359 3954 suis
3386 3898 3623 3954 servitiis

2042 3983 2108 4024 ac
2137 3967 2346 4040 sola‘tiis
2360 3970 2514 4039 juxta
2544 3967 3247 4040 legis‘ordinem‘retineat.
3280 3988 3304 4040 Δι

2115 4048 2138 4078 ο
2164 4037 2233 4110 Si
2249 4037 2581 4110 congregutio
2592 4037 2778 4110 multa.
2793 4039 2907 4095 Hoc
2928 4050 3089 4110 caput
3115 4038 3385 4110 reperitur
3406 4038 3460 4091 in
3480 4037 3615 4110 Reg.

2043 4122 2148 4178 ms.
2187 4107 2824 4178 Macarii,'Serapionis,
2860 4107 3155 4172 etc.,'Cod.
3180 4107 3331 4163 Flor.

2111 4176 2147 4249 di
2175 4176 2427 4234 Ordinem
2453 4175 2624 4249 oﬁiciii
2650 4177 2896 4234 Officium
2926 4179 3030 4235 huc
3057 4179 3176 4237 loco
3206 4186 3292 4234 est
3311 4175 3615 4233 otIicialium

2043 4248 2225 4318 turba,
2256 4257 2315 4302 ut
2345 4248 2507 4318 supra
2530 4256 2785 4318 notatum
2821 4256 2925 4305 est.

2121 4328 2144 4389 ἦ
2187 4315 2571 4373 Tantummodo
2620 4317 2764 4372 talis.
2811 4317 2965 4389 Apud
2994 4316 3352 4389 Smaragdum
3383 4315 3618 4382 additur,

342 4388 457 4461 hia,
474 4387 826 4461 arrogantia;
856 4385 980 4461 nam
1000 4385 1177 4460 ἷτῦφος,
1197 4386 1471 4461 κενρᾷοξία,
1498 4385 1674 4461 inquit
1699 4385 1942 4461 Mosaho-

2057 4386 2312 4461 :elfatjus.

342 4454 511 4540 pulus
543 4454 858 4540 in'schcdis,
899 4455 959 4540 id
985 4454 1369 4540 est,.superbi‘a
1404 4474 1421 4514 :
1472 4454 1591 4524 vel;
1614 4470 1673 4540 ut
1701 4457 1789 4540 ait
1816 4456 1940 4513 Sui-

342 4526 658 4598 das,_
684 4526 967 4598 ἁλαζονςῇα,
982 4530 1162 4597 μανία,
1186 4526 1242 4582 id
1265 4534 1372 4598 est,
1399 4530 1730 4598 arrogantia,
1766 4526 1936 4582 furor.

344 4593 406 4667 In
422 4593 562 4667 aliis
575 4593 760 4667 tamen
786 4593 1063 4667 codicibus
1090 4606 1198 4667 tam
1227 4596 1402 4661 editis,
1449 4593 1612 4667 quam
1639 4613 1771 4654 mss.
1803 4612 1939 4666 quos

342 4664 605 4737 viderim,
657 4664 878 4737 legitur,
930 4666 1044 4737 sine
1094 4665 1271 4737 aliqua
1315 4664 1673 4736 typonuam
1722 4664 1938 4737 quidem

342 4734 637 4789 lectionem
667 4734 837 4805 magis
862 4735 1051 4805 probo.
1099 4734 1463 4805 Et'typusest
1483 4734 1785 4802 fastidium,
1809 4751 1939 4791 con-

346 4813 617 4879 temptus,
645 4804 1119 4879 superbianguod
1143 4804 1277 4879 satis
1301 4812 1450 4879 patet
1473 4822 1540 4862 ex
1561 4805 1760 4879 Regula
1785 4805 1937 4860 Pauli

342 4881 404 4954 es
435 4870 728 4954 Stephani;
775 4874 997 4954 cap-.26
1023 4890 1041 4926 τ
1085 4891 1103 4925 (
1141 4870 1507 4954 Conveniente
1553 4870 1837 4954 devbtione
1885 4883 1940 4930 et

340 4943 679 5013 charissima
694 4943 1022 5013 humilitate,
1038 4959 1159 5013 qua:
1180 4946 1488 4999 necessaria
1511 4954 1635 5001 sunt
1654 4947 1771 5000 sine
1786 4961 1937 4999 mora

339 5022 405 5068 et
436 5011 663 5083 fastidio
683 5012 907 5083 iubente
927 5011 1142 5069 seniore
1170 5014 1497 5070 ministrent.
1530 5035 1547 5069 ι
1609 5015 1714 5071 Sed
1739 5014 1939 5070 clarius

338 5099 419 5140 ex
445 5082 511 5136 D.
544 5082 848 5154 Augustino
869 5083 982 5153 qui,
1014 5084 1172 5152 epist.
1204 5083 1291 5146 64,
1346 5096 1397 5155 ty
1441 5102 1529 5140 um
1561 5088 1778 5155 opponit
1828 5085 1939 5140 ala-

342 5152 536 5209 critati
567 5171 583 5209 :
630 5171 649 5204 t
694 5153 764 5206 Et
784 5152 1084 5209 oblationes
1107 5169 1206 5209 ιιι-ο
1235 5102 1512 5209 ευίιίιίῗιυε
1532 5156 1935 5209 dormientium.

342 5152 536 5221 (ξι-ἰωιί
567 5171 583 5210 :
630 5152 655 5204 ἱ
694 5152 1084 5225 Ειιιὺμιιίοιιεε
1107 5169 1206 5225 pro
1235 5152 1512 5225 spiritibus
1532 5152 1935 5220 dormientium,

342 5236 493 5302 quas
548 5237 679 5277 vere
715 5222 919 5303 aliquid
963 5222 1216 5306 adjuvare
1258 5222 1731 5306 credendumsest,
1779 5241 1939 5306 super

344 5297 502 5364 ipsas
529 5297 822 5364 memorias
842 5307 953 5364 non
994 5297 1109 5349 sint
1141 5301 1504 5364 sumptuosae:
1562 5303 1724 5363 atque
1763 5297 1940 5350 cunti-

336 5360 454 5446 bus
476 5362 787 5446 petentibus
807 5363 923 5446 sine
948 5371 1097 5446 typo,
1144 5371 1200 5445 et
1230 5360 1351 5446 cum
1379 5360 1660 5446 alacritate
1696 5366 1939 5446 tribuan-

345 5430 522 5483 tur.)
572 5430 702 5498 Quae
728 5434 892 5487 verba
916 5430 1113 5488 mifum
1142 5432 1196 5487 in
1223 5434 1441 5488 modum
1472 5434 1932 5490 illustrautlocum

344 5500 410 5574 _S.
438 5499 741 5574 Benedicti.
805 5500 943 5574 Hinc
970 5512 1128 5574 typus
1158 5504 1422 5573 superbiae
1461 5505 1681 5561 dicitur.
1737 5506 1795 5561 S.
1833 5506 1937 5559 Va—

340 5569 520 5645 lerius
542 5586 702 5645 supra
731 5572 916 5645 cap._5
940 5569 1010 5645 :__i
1029 5569 1307 5645 Crescunt
1364 5584 1489 5645 typo
1524 5576 1791 5645 superbia:
1823 5583 1936 5630 tur-

345 5638 484 5710 gidi.
509 5659 528 5694 ι
554 5638 623 5696 Βζ
651 5638 1177 5718 Gregoriusblagnus
1199 5643 1291 5700 lib.
1311 5638 1567 5716 vrfépist.
1589 5638 1662 5702 98
1688 5664 1699 5702 :
1740 5665 1757 5699 t
1785 5645 1934 5702 Tune

2120 4456 2140 4497 ί
2174 4457 2521 4513 Sententiam.
2547 4457 2605 4513 Id
2643 4465 2747 4522 est,
2775 4455 3061 4525 judicium,
3090 4456 3615 4512 condemnationem.

2117 4527 2145 4568 ⁸
2184 4526 2277 4581 γει
2306 4539 2514 4582 ca’tera.
2538 4528 2616 4582 lta
2643 4527 2697 4583 in
2723 4528 2844 4583 cod.
2876 4526 3249 4594 Flor.,deesse
3269 4535 3451 4580 tamen
3478 4525 3618 4579 vide-

2043 4606 2133 4653 tur
2160 4600 2218 4654 τό
2244 4598 2558 4651 substantia.

2114 4669 2155 4738 ιι,
2176 4666 2258 4738 Ad
2286 4675 2547 4738 eum,etc.
2571 4666 2699 4738 Haec
2724 4667 2992 4723 habentur
3017 4667 3072 4722 in
3099 4665 3303 4738 Regula
3326 4664 3468 4719 edita
3499 4677 3619 4719 san-

2044 4737 2117 4793 cti
2137 4736 2347 4801 Isidori,
2376 4751 2495 4805 cap.
2522 4735 2614 4790 ΞΟ.

2122 4808 2138 4847 ί
2186 4800 2589 4877 εαιηριιιίξιίοε
2618 4807 2936 4862 vocabulum
2964 4807 3303 4862 desideratur
3330 4803 3383 4857 in
3415 4800 3618 4873 Regula

2041 4892 2267 4942 excusa;
2305 4876 2403 4931 nec
2432 4876 2644 4931 videtur
2668 4878 3054 4931 necessarium.

2117 4945 2130 4996 i
2169 4947 2386 5000 Aviaria
2407 4945 2725 5010 sollicitudo,
2752 4956 2857 5001 etc.
2890 4946 2945 5000 In
2990 4946 3122 5015 Reg.
3148 4959 3372 5015 excusa,
3400 4943 3464 5015 de
3485 4957 3616 5015 area

2042 5016 2364 5081 sollicitudo,
2393 5015 2589 5069 cibaria
2626 5016 2962 5070 ministrandi
2991 5011 3288 5084 pistoribus.
3340 5012 3447 5067 Sed
3483 5011 3611 5084 illud

2041 5090 2100 5143 τὸ
2156 5086 2357 5139 aviaria
2410 5093 2616 5141 rectum
2664 5094 2817 5155 puto,
2877 5080 3047 5140 ειιίἐί
3106 5080 3613 5155 apponantur_dtt_o

2041 5164 2259 5226 puncta,
2288 5165 2484 5226 caetera
2520 5156 2624 5208 rite
2646 5148 2939 5226 procedent
2963 5156 3065 5226 hoc
3088 5148 3245 5226 pacto
3277 5172 3291 5206 :
3317 5148 3615 5206 sollicitudo

2040 5222 2244 5279 cibaria
2265 5222 2669 5279 administrandi
2697 5225 3000 5294 pistoribus.
3030 5222 3304 5294 Aviarium
3328 5229 3507 5294 autem
3530 5229 3616 5294 est

2041 5294 2328 5350 aedificium
2368 5302 2551 5363 aptum
2592 5290 2893 5363 nutriendis
2937 5294 3127 5349 avibus
3171 5292 3422 5346 villaticis
3462 5290 3610 5363 apud

2044 5365 2341 5419 Varronem
2372 5358 2469 5418 lib.
2502 5378 2561 5417 ut
2583 5364 2649 5418 de
2695 5363 2774 5417 Re
2822 5362 3042 5417 Rustica
3091 5377 3211 5431 cap.
3261 5364 3323 5428 5;
3357 5370 3412 5418 et
3453 5358 3615 5431 {Iulu-

2040 5435 2251 5508 mcllam
2301 5433 2481 5508 lib._}’,
2514 5448 2632 5502 cap.
2663 5433 2729 5497 8,
2767 5435 3008 5508 aeneam
3045 5427 3405 5508 appellantab
3452 5427 3611 5504 ὄρνις,

2042 5506 2092 5559 id
2112 5512 2214 5567 est,
2239 5503 2371 5558 avis.
2404 5503 2556 5557 lianc
2583 5519 2768 5558 vocem
2795 5503 3001 5558 'Latine
3040 5510 3261 5570 usurpat
3289 5504 3462 5557 Varro
3488 5503 3608 5566 eap.

2040 5576 2205 5629 citato
2254 5592 2266 5626 :
2316 5592 2333 5623 ι
2387 5572 2541 5626 Nunc
2572 5574 2893 5629 ornithonas
2942 5573 3065 5627 dico
3102 5573 3340 5626 omnium
3393 5570 3607 5629 alitum,

2039 5661 2156 5713 quae
2182 5645 2322 5699 intra
2356 5643 2591 5714 parietes
2627 5644 2760 5699 villae
2785 5643 2959 5700 solent
2983 5641 3151 5714 pasci.
3182 5662 3199 5694 ι
