3940 6196
313 221 337 278 1
350 225 455 284 0ιο

1278 227 1672 288 CONCORDIA
1718 229 2177 293 REGULARUM.
2225 267 2291 279 -—
2326 240 2476 296 CAP.
2522 243 2628 302 XL.

3460 256 3597 312 1050

305 339 696 439 aegrotandum
722 339 1008 439 desideriis
1037 348 1305 439 neget-ex
1351 344 1440 399 bis
1468 361 1589 415 quae
1625 346 1897 439 habuerit,
1928 350 1981 410 Α
2005 346 2157 405 lestis
2182 350 2444 410 Dominus
2475 365 2663 411 noster
2696 371 2816 427 qua:
2844 360 3172 434 indigemus,
3197 375 3251 421 et
3287 382 3593 439 praeparat:

303 442 572 503 quantum
604 432 712 488 illis
737 446 960 487 necesse
981 432 1166 488 fuerit.
1192 433 1620 491 Advenientibus
1639 433 1900 492 fratribus

301 540 465 582 escas
487 524 720 596 parabit.
753 523 879 579 Haec
905 525 1010 579 erit
1051 541 1181 580 cura
1207 527 1448 582 custodis
1484 527 1688 581 cellarii
1715 543 1902 583 recur-

301 633 439 673 rens
463 633 679 687 semper
715 617 781 671 ad
805 617 1082 672 seniorum
1113 618 1418 683 consilium,
1445 628 1500 674 et
1526 619 1809 688 requirens
1834 620 1901 674 de

298 709 580 776 omnibus,
614 709 697 763 vel
747 709 1016 778 praecipue
1061 708 1128 764 de
1173 709 1258 764 his
1285 724 1404 778 qua:
1442 710 1662 780 proprio
1690 725 1788 765 suo
1818 711 1902 766 in-

300 801 527 856 tellectu
553 815 659 854 non
681 801 882 869 poterit
915 799 1230 869 adimplere.

518 890 546 963 §
575 890 644 944 X.
680 920 750 930 ——
780 891 858 944 Ex
887 890 1110 945 Rncuu
1133 889 1399 945 ΜΑειετιιι
1440 891 1580 962 (cap.
1615 889 1724 962 l6).

376 995 402 1024 ι
431 980 673 1045 Fratres,
705 981 884 1034 omnis
912 995 1077 1049 opera
1108 981 1343 1050 pretium
1367 981 1550 1044 habet,
1579 981 1706 1048 quia
1732 980 1897 1052 digno

294 1074 645 1129 mercenario
697 1074 978 1130 mercedes
1023 1074 1311 1139 debentur,
1357 1083 1413 1129 et
1455 1073 1584 1128 Bovi
1626 1075 1897 1128 trituranti

297 1183 406 1220 non
427 1165 737 1236 alligabitur
759 1181 816 1218 os
858 1164 1036 1236 (Deut.
1063 1181 1194 1229 xm;
1218 1164 1248 1218 I
1273 1163 1407 1218 Tim.
1430 1165 1506 1237 v).
1527 1163 1660 1220 Nam
1682 1165 1897 1220 labores

296 1256 574 1313 fructuum
601 1272 821 1312 suorum
841 1257 1058 1312 beatum
1081 1257 1288 1313 faciunt
1308 1259 1742 1325 manducantem,
1768 1259 1892 1328 quia

298 1352 566 1407 Dominus
597 1353 806 1408 homini
857 1363 1044 1410 creato
1073 1355 1254 1409 omnia
1282 1354 1513 1423 subjecit
1543 1356 1642 1410 sub
1665 1355 1896 1426 pedibus

295 1442 420 1510 ejus
449 1450 672 1512 propter
695 1458 859 1512 quem
881 1443 1322 1500 creavitcuncta.
1351 1444 1494 1515 Ergo
1521 1445 1568 1499 si
1595 1443 1812 1513 injustis
1839 1454 1896 1500 et

295 1532 537 1587 inimicis
560 1533 677 1597 Dei,
712 1533 767 1587 id
790 1543 894 1599 est,
933 1549 1042 1588 non
1071 1534 1418 1590 credentibus
1459 1537 1681 1606 paganis
1710 1545 1764 1592 et
1786 1538 1895 1591 hae-

294 1626 507 1690 reticis,
536 1626 621 1681 vel
653 1627 884 1682 diversis
918 1629 1302 1697 peccatoribus
1333 1629 1362 1669 b
1403 1629 1617 1684 diversa
1643 1629 1893 1685 vietualis

2004 440 2155 495 vides
2197 457 2326 514 ergo
2370 447 2496 514 quia
2534 455 2590 502 et
2633 458 2656 486 θ
2683 449 2940 507 victualia
2985 464 3197 522 nostra,
3230 473 3350 512 cum
3381 461 3446 514 ab
3478 461 3598 531 ipso

2002 531 2160 586 nobis
2185 545 2582 603 praeparantur,
2610 538 2890 596 Dominica
2917 542 3054 598 dona
3082 556 3229 599 sunt.
3277 547 3412 602 Nam
3458 550 3600 604 sicut

1999 625 2234 680 carnalis
2258 627 2460 683 domini
2483 645 2696 696 servus,
2734 631 2753 670 ί
2787 632 2925 686 alter
2955 643 3132 691 tamen
3167 639 3351 704 homo,
3375 641 3440 694 de
3463 656 3599 710 prm-

1999 712 2175 768 bendo
2213 717 2436 771 servitio
2483 735 2580 774 suo
2633 721 2969 778 solummodo
3008 736 3091 780 est
3137 729 3437 796 sollicitus;
3470 732 3594 799 quia

1999 805 2068 860 de
2115 811 2485 876 praeparandis
2532 829 2561 866 a
2611 814 2829 868 domino
2873 831 2971 871 suo
3025 835 3276 886 annonae,
3327 822 3591 887 vestiarii,

2002 895 2030 934 ⁸
2058 895 2297 950 calciarii
2327 900 2515 954 usibus
2542 909 2624 955 est
2667 918 2928 958 securus:
2965 917 3168 976 quanto
3209 911 3380 979 magis
3412 911 3598 964 Domi-

1998 1001 2101 1040 nus
2125 995 2312 1041 noster
2341 988 2577 1044 cmlestis
2603 995 2908 1047 necessaria
2937 996 3061 1050 vitae
3105 1009 3302 1052 nostra:
3323 999 3470 1068 justc
3498 1017 3598 1056 nos

1998 1089 2104 1128 non
2135 1077 2383 1148 praecipit
2410 1080 2670 1150 cogitare.
2697 1083 2724 1121 ιι
2750 1083 2914 1150 Quasi
2940 1085 3102 1140 homo
3125 1088 3330 1142 homini
3354 1093 3598 1146 serviens

1996 1165 2064 1219 ad
2107 1169 2520 1237 praeparandum
2567 1171 2669 1226 sibi
2721 1174 2736 1212 ί
2793 1173 3021 1231 idoneus
3068 1177 3351 1232 creditur:
3392 1187 3598 1248 quanto

1996 1257 2171 1326 magis
2188 1258 2536 1315 credentibus
2561 1261 2645 1314 vel
2671 1264 3032 1320 servientibus
3066 1267 3198 1331 Deo,
3249 1269 3342 1337 qui
3391 1272 3598 1326 creavit

1997 1347 2110 1417 ipsa
2142 1349 2346 1414 omnia,
2375 1359 2430 1404 et
2461 1362 2654 1406 cuncta
2699 1361 2892 1422 potens
2939 1364 3022 1410 est
3053 1356 3368 1427 adimplere,
3401 1361 3587 1416 omnia

1993 1446 2251 1508 poterunt
2277 1440 2551 1495 famulari.
2599 1442 2703 1507 Qui
2726 1442 2739 1491 J'
2765 1444 2954 1513 junior
2995 1447 3096 1516 fui,
3121 1457 3168 1500 et
3213 1451 3385 1515 senui,
3413 1460 3460 1504 et
3492 1469 3596 1507 non

1994 1529 2098 1583 vidi
2117 1529 2322 1598 justum
2345 1531 2674 1598 derelictum,
2702 1534 2728 1572 ¹ί
2756 1551 2848 1588 nec
2870 1553 3042 1590 semen
3066 1539 3179 1608 ejus
3219 1557 3369 1610 egens
3417 1539 3592 1612 (Psal.

1995 1619 2216 1691 xxxvi):
2249 1621 2343 1676 sed
2380 1622 2554 1692 magis
2585 1632 2694 1677 tota
2733 1625 2820 1680 die
2859 1627 3151 1682 miseretur
3173 1639 3227 1683 et
3266 1633 3592 1688 commodat.

292 1725 552 1772 creamra
593 1716 888 1772 famulatur
929 1719 1194 1789 subjecta,
1235 1727 1299 1774 ιη
1343 1720 1631 1776 universus
1657 1721 1890 1778 mundus
1923 1691 1967 1750 Β
1998 1710 2140 1781 Ergo
2183 1728 2305 1766 cum
2351 1713 2418 1767 de
2465 1713 2579 1767 solo
2602 1717 2824 1770 servitio
2848 1727 3035 1774 nostro
3063 1721 3114 1774 in
3139 1721 3460 1790 inquirendo
3505 1739 3594 1778 re-

292 1807 530 1862 diversis
558 1808 822 1874 deseruit,
859 1818 1064 1878 quanto
1091 1810 1265 1882 magis
1291 1811 1642 1866 credentibus
1668 1812 1721 1865 in
1756 1813 1887 1873 Deo.

287 1906 344 1952 et
369 1899 511 1953 bene
556 1898 917 1954 servientibus
957 1899 1007 1954 ei
1053 1898 1200 1968 juste
1247 1909 1302 1956 et
1329 1902 1487 1972 digne
1535 1901 1798 1958 Dominus
1823 1903 1891 1958 ad

288 1988 462 2044 vitam
485 1990 757 2045 diversam
787 1997 1094 2045 creaturam
1129 1991 1350 2047 tradidit
1385 2007 1548 2062 quam
1573 1993 1801 2059 creavit,
1837 2001 1893 2047 et

288 2081 453 2149 quasi
486 2080 686 2152 pignus
715 2079 910 2135 futurae
937 2082 1374 2151 repromissionis
1403 2083 1457 2137 in
1499 2084 1755 2152 praesenti
1788 2085 1892 2140 hoc

285 2181 540 2242 tempore
565 2173 747 2227 omnia
773 2173 898 2226 vitae
926 2173 1235 2228 necessaria
1263 2173 1623 2228 ministrando
1662 2189 1770 2229 non
1800 2174 1892 2230 de-

281 2263 564 2333 relinquet
591 2263 854 2320 Dominus
886 2272 1195 2334 quaerentes
1221 2279 1280 2320 se
1303 2283 1315 2318 :
1342 2266 1469 2335 quia
1499 2265 1697 2320 divites
1726 2280 1890 2336 egue-

279 2364 422 2410 runt
447 2363 504 2410 et
530 2356 875 2420 esurierunt;
908 2355 1246 2425 inquirentes
1288 2371 1419 2411 vero
1461 2356 1752 2412 Dominum
1780 2373 1888 2412 non

278 2447 538 2504 deficient
556 2449 701 2503 omni
728 2451 870 2504 bono
885 2489 901 2514 ,
925 2456 981 2503 et
1001 2449 1306 2504 esurientes
1328 2448 1513 2518 implet
1531 2449 1689 2504 bonis
1711 2448 1894 2504 Domi-

274 2556 412 2606 nus,
433 2549 488 2595 et
501 2541 695 2596 divites
710 2541 918 2596 dimisit
931 2541 1119 2595 inanes
1137 2559 1151 2594 :
1166 2550 1242 2606 et,
1257 2548 1515 2610 tanquam
1532 2541 1665 2596 nihil
1691 2542 1870 2596 haben

279 2637 388 2692 tes,
406 2637 464 2684 et
482 2630 659 2684 omnia
673 2630 1034 2699 possidentes.
1065 2631 1209 2702 Ergo
1229 2630 1546 2687 cellararius
1568 2631 1889 2686 monasterii

276 2736 394 2776 non
429 2720 645 2776 aliunde
668 2737 833 2791 quam
869 2733 892 2762 α
941 2723 1284 2792 dispensator
1318 2723 1621 2779 divinarum
1673 2739 1885 2790 rerum;

275 2811 558 2866 intantum
581 2811 887 2868 divinarum
915 2820 975 2866 ut
994 2813 1254 2868 Dominus
1276 2815 1331 2868 in
1353 2814 1646 2885 Evangelio
1667 2811 1891 2883 promit-

276 2909 362 2957 tat
390 2900 638 2957 fidelibus
673 2903 890 2958 dicens:
927 2903 1106 2958 Nolite
1144 2907 1373 2975 cogitare
1392 2903 1519 2974 quid
1534 2905 1882 2970 manducetis,

276 3001 378 3046 aut
395 2993 524 3061 quid
547 2991 758 3058 bibatis,
782 3003 874 3046 aut
896 2993 1023 3064 quid
1038 2994 1334 3048 induamini
1357 2993 1683 3067 (Matt/mn).
1711 2994 1883 3049 Simul

274 3092 337 3138 et
352 3082 421 3138 de
439 3085 679 3139 crastino
694 3092 879 3140 monet
903 3099 1008 3139 non
1033 3085 1229 3140 debere
1247 3099 1573 3154 quemquam
1587 3099 1710 3140 esse
1733 3085 1880 3140 solli-

273 3174 487 3229 citum:
528 3174 621 3229 sed
648 3176 752 3230 hoc
791 3175 1046 3230 admonet
1083 3175 1311 3230 dicens:
1343 3174 1370 3214 ἀ
1405 3175 1638 3241 Οιιιετίιε
1661 3192 1878 3246 regnum

237 3274 326 3320 ὀε
356 3265 626 3334 justitiam
670 3265 788 3331 Dei,
840 3275 888 3319 et
938 3266 1049 3320 [uec
1097 3267 1276 3320 omnia
1323 3275 1652 3337 apponentur
1692 3267 1875 3320 vobis:

270 3357 377 3411 scit
405 3357 544 3410 enim
574 3353 739 3410 Pater
761 3373 929 3421 meus,
952 3357 1043 3426 qui
1080 3366 1154 3411 est
1194 3357 1248 3411 in
1277 3357 1438 3421 caelis,
1461 3360 1586 3428 quia
1616 3357 1726 3412 haec
1767 3374 1878 3410 om-

271 3447 370 3500 nia
399 3447 646 3516 indigetis
676 3445 888 3517 (Ibid.).
935 3445 1078 3516 Ergo
1107 3447 1153 3500 si
1197 3447 1310 3500 Deo
1355 3445 1717 3501 servientibus
1752 3445 1878 3500 vita:

270 3536 594 3591 necessaria
617 3551 647 3589 a
687 3535 915 3591 Domino
956 3543 1324 3606 apponuntur,
1351 3544 1408 3590 et
1435 3535 1541 3591 scit
1570 3535 1730 3590 Pater
1766 3549 1878 3590 ca:-

349 3661 377 3690 ι
411 3649 654 3714 Fratres,
679 3649 848 3702 omnis
876 3664 1054 3717 Opera,
1084 3656 1193 3701 etc.
1225 3645 1338 3717 Hoc
1357 3650 1519 3716 caput
1553 3645 1784 3701 habetur
1821 3647 1876 3701 in

271 3717 414 3788 Reg.
443 3735 547 3774 ms.
569 3717 870 3774 cod.Corb.
896 3716 1086 3788 eodem
1117 3732 1236 3786 cap.
1258 3716 1345 3769 16.

347 3783 387 3828 δ’
429 3789 644 3843 Diversa
683 3788 946 3842 victualis.
1006 3786 1131 3840 llaac
1182 3783 1353 3854 usque
1396 3785 1464 3840 ad
1527 3783 1616 3840 illa
1671 3787 1872 3841 verba:

271 3854 490 3923 Quanto
515 3860 706 3928 magis,
736 3858 1114 3928 desiderantur
1139 3855 1194 3910 in
1218 3856 1422 3927 Regula
1449 3869 1551 3910 ms.

347 3938 370 3998 ς
402 3927 764 3998 Dispensator.
791 3927 956 3996 Supp.
992 3928 1078 3980 sit.
1116 3995 1164 3998 __
1251 3997 1262 3998 ί
1315 3960 1320 3967 ι

342 3996 372 4037 ἀ
423 3995 657 4063 Quaerite
697 3995 932 4068 regnum,
962 4005 1068 4052 etc.
1116 3995 1307 4068 Matth.
1335 4009 1429 4061 vt;
1469 3995 1564 4050 sed
1613 3995 1874 4066 producta

268 4076 406 4123 sunt
427 4084 496 4123 ex
535 4066 821 4127 memoria.
853 4083 960 4121 non
987 4081 1056 4120 ex
1085 4066 1291 4120 codice.

349 4150 373 4178 ο
405 4137 692 4191 Victualia.
723 4137 852 4203 Qum
879 4137 946 4191 ad
983 4137 1184 4190 victum
1230 4135 1504 4204 pertinent
1538 4133 1595 4190 S.
1646 4135 1876 4190 Ambro-

265 4208 504 4332 si'ﬁsllib.
520 4225 551 4262 v
567 4208 856 4263 Hexameri
886 4223 1008 4278 cap.
1023 4205 1113 4260 21.
1135 4224 1153 4256 ι
1174 4204 1459 4276 lnvigilare
1480 4207 1772 4276 quaerendo
1794 4207 1876 4262 vi-

265 4293 298 4332 c
364 4294 395 4332 a
421 4294 491 4332 ia.
505 4299 524 4332 ι

264 4280 491 4334 ctualia.
505 4299 524 4332 ι

346 4347 368 4388 ί
407 4349 559 4403 Alter
578 4358 752 4403 tamen
777 4348 952 4402 homo.
975 4347 1054 4401 lta
1080 4347 1134 4401 in
1165 4347 1298 4417 Reg.
1329 4362 1431 4400 ms.
1460 4346 1577 4401 haec
1612 4346 1867 4402 clauden-

265 4419 338 4474 da
363 4427 493 4472 sunt
516 4419 859 4489 parenthesi;
881 4425 951 4489 ut
969 4431 1162 4472 sensus
1187 4418 1261 4472 sit
1286 4435 1299 4470 :
1323 4417 1439 4471 Etsi
1478 4424 1659 4470 tamen
1705 4417 1863 4483 alter,

265 4488 524 4544 dominus
545 4489 814 4552 videlicet,
846 4488 916 4542 sit
941 4488 1122 4542 homo.

343 4561 370 4599 ε
406 4559 681 4613 Calcian'i.
707 4557 1043 4612 Calcearium
1066 4563 1151 4611 est
1176 4556 1229 4610 id
1265 4570 1428 4626 omne
1469 4555 1614 4626 quod
1659 4556 1867 4611 homini

261 4628 564 4684 calceando
593 4637 776 4696 aptum
804 4636 906 4682 est.
933 4627 990 4682 S.
1007 4625 1448 4697 Gregoriuslibr.
1475 4625 1538 4690 η,
1561 4626 1722 4697 epist.
1749 4628 1818 4680 57
1850 4647 1863 4682 :

269 4697 510 4752 «Afferat
522 4701 589 4754 ad
600 4695 924 4754 calcearium
938 4695 1230 4766 puerorum
1245 4695 1443 4750 solidos
1453 4695 1826 4765 quadraginta.
1841 4717 1859 4750 ι

332 4770 362 4809 h
390 4769 560 4834 Quasi
581 4770 755 4822 homo.
781 4769 920 4839 Lege
945 4785 957 4820 :
989 4766 1126 4832 Quia
1154 4766 1200 4819 si
1227 4766 1402 4829 homo,
1442 4773 1504 4820 ut
1530 4773 1614 4820 est
1639 4766 1693 4820 in
1731 4767 1862 4838 Reg.

260 4854 370 4894 ms.
393 4847 451 4894 et
479 4840 601 4894 cod.
629 4839 786 4894 Vind.

339 4911 357 4950 ἱ
389 4909 626 4963 Idoneus
649 4911 900 4962 creditur.
925 4906 1066 4963 Lege
1088 4923 1100 4959 :
1121 4905 1379 4960 Idoneum
1391 4905 1660 4959 dominum
1674 4907 1860 4960 credit.

336 4976 350 5028 i
393 4978 592 5033 Iunior
617 4979 720 5045 fui,
741 4988 788 5032 et
815 4978 984 5032 senui.
1008 4974 1085 5030 Ita
1108 4977 1162 5029 in
1184 4974 1460 5045 Psalterio
1474 4975 1736 5029 Romano.

335 5049 364 5118 ξι
395 5049 508 5118 Nec
528 5044 702 5102 semen
726 5049 839 5118 ejus
862 5063 1032 5118 egens.
1061 5046 1138 5100 lta
1161 5044 1788 5118 inAPsalterioﬁomano.

339 5117 359 5158 ι
390 5117 638 5174 Stricari.
672 5114 759 5171 Ita
785 5114 914 5186 Reg.
941 5133 1042 5170 ms.
1068 5124 1122 5171 et
1143 5116 1262 5170 cod.
1307 5114 1465 5186 Vind.
1509 5114 1567 5186 id
1597 5123 1709 5179 est,
1755 5115 1864 5186 dis-

258 5189 438 5258 perdi,
473 5188 741 5254 consumi,
764 5182 1097 5242 Glossarium
1135 5194 1285 5239 vetus
1313 5202 1325 5237 :
1353 5182 1718 5251 Instricatum,
1753 5185 1864 5240 vul-

260 5269 597 5393 "egimus
618 5328 704 5381 cui
729 5341 832 5381 non
854 5326 1080 5391 dederis,
1108 5334 1212 5380 etc.
1249 5323 1377 5380 Ilzec
1401 5326 1670 5379 sententia
1693 5325 1860 5380 habe—

261 5405 356 5452 tur
380 5399 434 5452 in
466 5397 642 5451 libello
673 5396 731 5451 S.
761 5397 949 5453 lsidori
979 5397 1046 5452 de
1075 5395 1272 5452 Norma
1293 5395 1524 5457 vivendi,
1562 5395 1736 5464 capite
1783 5395 1862 5448 ul-

1897 4385 1947 4444 D

1996 1816 2102 1869 gno
2130 1809 2186 1856 et
2204 1801 2473 1872 justitiam
2517 1805 2634 1874 ejus
2679 1804 2943 1863 fuerimus
2983 1810 3220 1877 solliciti,
3265 1813 3430 1866 Deum
3473 1831 3593 1870 ere-

1997 1890 2188 1944 damus
2206 1891 2386 1944 omnia
2414 1893 2569 1947 nobis
2594 1895 2928 1962 ministrare,
2954 1899 3044 1966 qui
3074 1901 3210 1954 ultro
3234 1918 3291 1957 se
3314 1905 3469 1958 nobis
3498 1921 3587 1958 ne-

1996 1982 2233 2036 cessaria
2260 1983 2439 2036 omnia
2473 1985 2748 2053 promittit
2781 2004 3068 2057 apponere.
3117 1991 3262 2062 Ergo
3295 1997 3476 2049 omnia
3505 1997 3590 2050 vi-

1994 2072 2192 2126 ctualia
2225 2075 2562 2140 monasterii,
2610 2092 2731 2146 qua:
2757 2078 2812 2132 in
2842 2080 3129 2148 pnebenda
3173 2085 3437 2152 operariis
3475 2087 3590 2142 suis

1993 2161 2255 2218 Dominus
2281 2179 2497 2220 annona
2529 2167 2824 2231 distribuit,
2859 2169 2904 2223 si
2933 2171 3074 2225 male
3115 2180 3170 2227 et
3215 2173 3590 2233 fraudulenter

1992 2266 2025 2304 a
2052 2251 2336 2306 cellarario
2369 2254 2769 2311 distribuantur
2797 2267 2852 2312 et
2881 2271 3125 2328 pereant,
3159 2265 3296 2318 sciat
3326 2281 3382 2321 se
3424 2284 3588 2337 supra

1991 2341 2170 2397 dictus
2197 2343 2516 2400 cellararius
2546 2346 2601 2400 in
2629 2347 2716 2401 die
2747 2347 2936 2416 judicii
2965 2351 3165 2407 divinis
3194 2362 3320 2408 ante
3344 2357 3584 2413 tribunal

1992 2436 2290 2492 ratiociniis
2312 2437 2526 2504 discuti,
2559 2455 2684 2502 cum
2707 2456 2977 2496 annonam
3002 2460 3284 2501 servorum
3316 2449 3578 2508 Dominus

1989 2543 2088 2598 per
2121 2528 2507 2600 negligentiam
2540 2531 2738 2586 viderit
2781 2531 2798 2569 ι
2827 2535 3041 2589 stricari
3072 2551 3086 2589 :
3120 2541 3246 2607 quia
3269 2543 3575 2609 quodjuste

1991 2623 2250 2678 Dominus
2281 2624 2459 2695 dignis
2488 2626 2673 2690 tradit,
2727 2625 2945 2698 indigne
2986 2629 3054 2684 ab
3096 2634 3439 2688 eversoribus
3473 2650 3582 2690 non

1989 2716 2192 2784 patitur
2218 2717 2454 2772 stricari.
2482 2718 2583 2784 Qui
2611 2718 2929 2775 cellararius
2957 2722 3074 2778 sine
3110 2734 3383 2794 praecepto
3421 2727 3584 2782 abba-

1989 2808 2060 2860 tis
2092 2806 2229 2860 nihil
2260 2806 2480 2872 tribuat,
2525 2817 2620 2862 aut
2647 2819 2857 2880 eroget,
2906 2821 2998 2864 aut
3029 2815 3316 2883 expendat,
3362 2831 3463 2870 nec
3502 2817 3584 2871 in-

1988 2898 2145 2952 firmo
2161 2898 2214 2952 in
2232 2899 2515 2967 prtesentia
2543 2897 2659 2966 ejus
2681 2909 2835 2954 extra
2857 2900 3068 2970 jussum
3085 2905 3288 2976 aliquid
3314 2908 3576 2978 porrigat.

1989 2987 2315 3044 Cellararius
2341 2990 2742 3063 eleemosynam
2785 2993 2953 3048 faciat
2997 3011 3119 3050 cum
3164 2995 3318 3064 jussu
3361 2999 3577 3054 abbatis

1987 3077 2040 3130 in
2065 3078 2490 3149 praesentia-ejus
2517 3099 2530 3134 :
2564 3081 2618 3134 in
2663 3081 2910 3136 absentia
2940 3083 3060 3153 ejus
3107 3084 3267 3140 liceat
3295 3087 3342 3140 ei
3373 3091 3577 3156 petenti

1979 3171 2203 3240 pauperi
2233 3171 2637 3243 eleemosynam
2681 3175 2942 3230 exhibere
2971 3185 3196 3246 propter
3242 3187 3575 3249 praeceptum

1979 3260 2218 3327 Domini,
2249 3263 2392 3330 quod
2423 3263 2590 3317 dicit:
2628 3263 2786 3318 Omni
2813 3269 3004 3335 petenti
3051 3268 3260 3323 tribuite
3288 3269 3439 3342 (Luc.
3472 3270 3572 3342 γι),

1979 3354 2045 3408 Ει
2071 3356 2239 3409 item:
2275 3367 2314 3393 ιιι
2348 3374 2366 3406 ι
2394 3357 2472 3410 Da
2501 3375 2512 3410 :
2553 3372 2624 3410 ne
2661 3357 2750 3410 cui
2775 3373 2882 3412 non
2914 3358 3130 3414 dederis
3172 3360 3285 3430 ipse
3314 3362 3385 3414 sit
3421 3361 3600 3426 Chri-a

1977 3453 2183 3500 stus.»In
2199 3445 2450 3513 Quotidie
2475 3447 2791 3503 cellararius
2818 3463 2938 3501 cum
2966 3449 3368 3517 septimanariis
3392 3466 3575 3505 coram

1977 3535 2172 3590 abbate
2208 3536 2262 3589 in
2293 3539 2537 3592 oratorio
2573 3552 2697 3591 cum
2739 3538 3156 3607 congregatione
3184 3541 3569 3596 communicet.

1977 3654 2056 3700 tet
2077 3663 2197 3720 nos.
2211 3667 2228 3698 ι
2250 3647 2328 3720 Et
2342 3645 2401 3701 S.
2423 3647 2770 3720 Beimbertus
2791 3649 3226 3720 archiepiscopus
3242 3652 3569 3720 Bremensis,

1974 3725 2036 3770 ut
2062 3717 2227 3771 refert
2253 3718 2419 3771 Adam
2453 3717 2576 3770 libr.
2614 3734 2630 3771 1
2669 3718 2807 3772 Hist.
2841 3717 2989 3773 Eccl;
3026 3717 3334 3776 Bremensis
3366 3740 3378 3776 :
3422 3717 3567 3777 «Non

1974 3796 2081 3859 est,
2111 3787 2455 3859 inquiens(S.
2487 3785 2876 3859 Rcimbertus),
2910 3790 3252 3854 tardandum,
3278 3800 3336 3844 ut
3361 3795 3571 3849 eunetis

1973 3856 2356 3928 subveniamus
2385 3858 2712 3928 pauperibus
2747 3876 2760 3911 :
2789 3856 2914 3928 quia
2942 3860 3064 3928 quis
3087 3860 3156 3915 sit
3179 3860 3446 3927 Christus,
3480 3865 3566 3918 vel

1974 3927 2190 3998 quando
2225 3927 2299 3998 ad
2314 3943 2413 3981 nos
2442 3927 2643 3998 veniat,
2683 3927 3010 3998 ignoramus.
3037 3949 3055 3981 ι

2046 4007 2073 4070 ξι
2105 3994 2352 4070 Quotidie
2374 3994 2812 4070 cellarariustx
2844 3999 2946 4070 hoc
2970 3999 3104 4070 loco
3153 3999 3339 4054 inferri
3388 4010 3567 4070 potest

1974 4064 2131 4138 hujus
2156 4065 2394 4134 Magistri
2433 4068 2725 4138 monachos
2773 4069 3014 4138 quotidie
3055 4085 3264 4124 sacram
3317 4064 3569 4126 euchari-

1974 4137 2132 4211 stiam
2154 4151 2367 4211 sumere
2397 4136 2583 4211 solitos
2612 4155 2623 4190 :
2651 4136 2807 4211 juxta
2836 4137 2989 4204 cujus
3014 4139 3294 4211 Regulam,
3321 4156 3440 4209 cap.
3470 4142 3562 4204 2f,

1975 4207 2288 4278 cellararius
2318 4216 2375 4278 et
2408 4208 2812 4262 hebdomadarii
2842 4218 2963 4278 post
2983 4207 3233 4264 abbatem
3260 4207 3563 4266 communi-

1973 4277 2188 4338 eabant,
2222 4284 2280 4330 et
2314 4276 2458 4331 facta
2483 4278 2694 4332 modica
2719 4276 2963 4333 oratione
2992 4281 3332 4337 recedebant.
3379 4279 3563 4336 Sacrae

1976 4346 2318 4416 eucharistige
2352 4346 2456 4400 fuit
2496 4349 2622 4403 olim
2668 4351 2851 4403 varius
2896 4351 3035 4416 apud
3085 4351 3378 4404 monachos
3411 4366 3558 4406 usus.

1974 4416 2220 4487 Monachi
2249 4415 2466 4487 Egypti
2496 4419 2684 4472 diebus
2713 4415 3005 4474 Dominicis
3031 4428 3084 4472 et
3107 4419 3315 4472 sabbati
3341 4434 3555 4474 sacram

1971 4486 2684 4552 eucharistiamsumebant,
2717 4499 2774 4541 ut
2824 4487 2981 4541 docet
3029 4488 3317 4543 Cassianus
3370 4489 3462 4542 lib.
3495 4505 3556 4544 ιη

1968 4554 2038 4627 de
2065 4555 2283 4609 Diurnis
2312 4555 2678 4627 Orationibus,
2707 4573 2827 4627 cap.
2845 4557 2910 4611 2:
2951 4576 2970 4608 ι
2999 4557 3356 4625 Quamobrem
3396 4573 3559 4613 exce—

1968 4626 2075 4694 ptis
2094 4626 2436 4699 vespertinis
2457 4626 3388 4699 nocturnisquecongregationibus,
3407 4627 3554 4684 nulla

1967 4695 2109 4765 apud
2137 4710 2232 4765 eos
2259 4710 2357 4764 per
2374 4695 2526 4765 diem
2550 4695 2769 4765 publica
2787 4695 3101 4752 solemnitas
3115 4698 3318 4765 absque
3333 4698 3418 4751 die
3431 4699 3557 4753 sab-

1965 4762 2076 4818 bati
2097 4772 2148 4818 et
2175 4762 2476 4828 Doininica,
2507 4762 2564 4817 in
2583 4767 2778 4834 quibus
2819 4769 2948 4821 hora
2989 4769 3145 4822 tertia
3182 4762 3350 4820 sacra:
3405 4783 3555 4821 com-

1964 4834 2237 4888 munionis
2261 4835 2484 4888 obtentu
2509 4837 2886 4890 conveniunt.»
2922 4837 3066 4890 Idem
3093 4843 3323 4890 testatur
3348 4837 3414 4890 de
3460 4837 3549 4892 die

1965 4903 2243 4975 Dominica
2278 4901 2515 4971 ejusdem
2541 4903 2681 4968 libri,
2709 4920 2827 4973 cap.
2875 4922 2933 4959 ιι.
2973 4905 3242 4975 Magister,
3294 4914 3354 4959 ut
3390 4907 3550 4975 paulo

1963 4982 2088 5027 ante
2107 4973 2362 5036 diximus,
2388 4988 2524 5028 suos
2560 4975 2851 5042 discipulos
2909 4973 3149 5042 quotidie
3195 4976 3335 5028 sacri
3390 4973 3549 5042 hujus

1963 5043 2204 5113 mysterii
2229 5044 2520 5112 participes
2540 5058 2659 5098 esse
2683 5045 2876 5108 volui’t;
2906 5059 3065 5113 quem
3111 5054 3326 5099 secutus
3367 5055 3450 5099 est
3485 5047 3543 5100 S.

1961 5111 2288 5183 Dunstanu’s,
2320 5113 2410 5183 qui
2432 5111 2615 5182 capite
2647 5115 2670 5166 1
2700 5111 3011 5170 Concordiae
3035 5115 3104 5168 ita
3130 5115 3344 5168 statuit;
3367 5131 3387 5166 ι
3419 5114 3546 5170 Post

1959 5197 2146 5254 pacem
2179 5182 2374 5254 fratres
2398 5183 2638 5254 quotidie
2669 5184 2793 5253 (nisi
2835 5185 2927 5254 qui
2971 5185 3196 5239 crimine
3236 5200 3294 5239 se
3337 5185 3540 5254 aliquo,

1958 5252 2042 5334 vel
2063 5253 2246 5308 carnis
2276 5252 2564 5334 fragilitate
2602 5252 2724 5334 reos
2747 5252 3137 5334 cognoverunt
3164 5255 3393 5323 regulari
3426 5252 3541 5308 stu-

1958 5322 2047 5376 dio
2093 5337 2318 5394 prorsus
2350 5322 2553 5394 intenti
2597 5322 2978 5378 eucharistiam
3026 5322 3268 5394 accipere
3315 5340 3421 5378 non
3462 5341 3544 5379 re-

1957 5401 2146 5446 nuant.
2175 5412 2193 5443 ι
2221 5391 2360 5456 Quid
2382 5391 2447 5446 de
2470 5391 2572 5447 hac
2594 5407 2649 5447 re
2672 5396 2920 5448 statuerit
2957 5394 3013 5448 S.
3049 5391 3388 5459 Benedictus,
3429 5410 3536 5448 non

260 5469 429 5522 timo:
455 5486 473 5518 ‹
495 5467 757 5522 Omnibus
780 5469 845 5522 da
866 5485 878 5520 :
898 5481 964 5522 ne
991 5466 1130 5521 forte
1153 5465 1240 5520 cui
1277 5480 1383 5520 non
1410 5461 1761 5534 dederis—ipse
1783 5467 1856 5520 sit
1953 5463 2086 5517 satis
2107 5461 2560 5534 constat._Tamen
2583 5479 2647 5517 ex
2665 5463 2750 5517 bis
2770 5464 2947 5518 verbis
2969 5465 3161 5534 capitis
3181 5465 3247 5518 55
3272 5483 3284 5517 :
3324 5463 3390 5517 In
3434 5464 3540 5518 die~

255 5536 530 5593 Christus.
556 5557 574 5590 ι
609 5536 780 5602 Quam
803 5537 1104 5592 doctrinam
1133 5543 1350 5590 secutus
1370 5542 1454 5589 est
1475 5534 1534 5587 S.
1562 5533 1716 5604 Joan.
1760 5550 1850 5604 pa-

1953 5534 2045 5586 bus
2079 5543 2250 5585 autem
2273 5531 2585 5587 solemnibus
2605 5549 2765 5602 usque
2787 5534 2854 5586 ad
2873 5531 3059 5588 missas
3080 5537 3388 5595 sustineant,
3407 5549 3533 5587 con-

258 5608 502 5663 triareba
532 5607 950 5671 Alexandrinus,
975 5623 1096 5662 cum
1124 5606 1259 5660 dixit
1281 5605 1456 5659 datori
1485 5622 1496 5655 :
1530 5603 1641 5658 «Da
1657 5602 1852 5659 eiduo-
1943 5603 2038 5671 jici
2072 5610 2250 5672 potest
2277 5602 2468 5660 diebus
2499 5603 2793 5660 Dominicis
2822 5613 2875 5659 et
2909 5604 3114 5663 festivis
3135 5603 3533 5661 communican-

261 5676 436 5734 ἀρείω
457 5679 808 5751 numismata,
835 5693 904 5734 ne
933 5678 1071 5734 forte
1092 5675 1341 5734 Christus
1366 5689 1518 5732 meus
1539 5675 1628 5742 sit,
1656 5684 1708 5730 et
1735 5682 1850 5732 ten-

1952 5676 2076 5731 dum
2099 5687 2234 5730 esse.
