3940 6196
391 289 530 350 1051

1432 283 1491 340 S.
1531 282 1897 340 BENEDICTI
1934 275 2229 337 ABBATIS
2268 271 2681 331 AMANENSlS

3546 273 3688 331 1052

391 407 730 467 latrantibus
757 404 815 461 in
855 399 1255 459 hebdomadam
1303 399 1706 470 seplimanariis
1735 414 1864 453 vasa
1893 412 1986 454 co-
2014 398 2058 457 A
2088 392 2295 454 bibere,
2319 405 2388 445 ne
2404 390 2566 445 detur
2589 388 2740 445 locus
2774 387 3010 454 diabolo,
3038 388 3184 444 sicut
3205 387 3343 445 dicit
3370 387 3685 461 Scriptura:

395 516 579 574 quinae
631 500 747 570 ipse
786 496 1066 565 consignet
1106 510 1120 547 :
1168 491 1435 563 completa
1486 489 1819 547 bebdomada
1869 492 1984 561 ipse

401 594 627 663 recipiat
653 590 776 645 aliis
795 587 1126 643 intrantibus
1152 584 1541 658 consignanda.
1571 583 1700 652 Quae
1726 599 1853 639 vasa
1876 598 1988 638 mo-

395 683 622 741 nasterii
688 682 734 737 si
791 679 894 735 sub
973 678 1155 747 aliquo
1221 691 1321 748 per
1374 676 1759 748 negligentiam
1812 674 1984 730 fracta

394 776 614 838 fuerint,
647 789 756 829 non
801 773 953 843 prius
999 771 1091 841 qui
1135 771 1313 842 fregit,
1358 772 1581 827 accedat
1620 772 1688 826 ad
1717 785 1983 837 mensam,

393 866 497 921 nisi
553 865 826 935 paenitens
879 860 1059 916 abbati
1110 860 1439 917 satisfecerit
1472 877 1570 931 per
1620 862 1985 917 humilitatem

392 957 459 1012 ad
485 971 656 1028 genua
683 956 1020 1010 incurvatus.
1057 953 1257 1024 Ejectis
1283 968 1414 1007 vero
1457 953 1524 1007 de
1564 952 1786 1008 cellario
1811 953 1986 1007 omni-

391 1049 494 1103 bus
520 1046 848 1102 necessariis
875 1060 997 1100 cum
1021 1043 1444 1113 congregatione
1458 1043 1527 1099 ad
1540 1058 1783 1098 mensam
1800 1042 1988 1098 sedeat

393 1139 594 1193 tacitus
618 1146 672 1193 et
693 1135 1004 1191 manducet.
1031 1134 1131 1201 Qui
1164 1133 1504 1198 cellararius,
1536 1133 1580 1188 si
1621 1147 1679 1188 se
1724 1132 1986 1188 levaverit

394 1229 599 1299 aliquid
652 1227 964 1298 adportare,
1016 1241 1186 1296 usque
1239 1224 1366 1279 dum
1419 1225 1628 1289 redeat,
1684 1238 1873 1278 omnes
1918 1223 1986 1279 de

391 1333 598 1382 mensa,
626 1318 680 1372 in
702 1332 808 1386 qua
842 1316 1084 1381 sedebat,
1111 1315 1178 1369 ad
1205 1314 1639 1369 manducandum
1671 1320 1988 1394 exspectent

390 1425 536 1464 eum.
563 1408 710 1479 Opus
740 1405 957 1477 aliquod
985 1405 1188 1462 laboris
1213 1405 1521 1460 faciendum
1567 1405 1654 1460 his
1693 1405 1845 1460 horis
1877 1408 1985 1460 cel-

390 1499 627 1555 lararius
657 1497 941 1568 suscipiat,
972 1495 1190 1566 quando
1221 1496 1400 1567 aliqua
1446 1511 1576 1551 cura
1604 1504 1659 1550 et
1686 1495 1980 1565 diligentia,

389 1591 475 1646 vel
500 1589 831 1661 dispensatio
859 1588 1067 1643 cellarii
1093 1588 1316 1644 minime
1344 1597 1656 1653 exercetur,
1698 1596 1756 1643 ut
1778 1589 1986 1643 otiosus

390 1681 445 1736 in
476 1680 580 1735 illis
606 1679 756 1735 horis
783 1695 888 1733 non
918 1679 1009 1734 sit.
1048 1678 1106 1732 In
1135 1679 1376 1733 oratorio
1407 1680 1604 1734 absens
1628 1692 1726 1748 per
1752 1664 1986 1747 occupa-

2089 479 2272 535 Nolite
2317 480 2447 535 dare
2497 481 2827 534 occasionem
2880 479 3240 550 querentibus
3287 495 3450 543 eam;
3498 490 3563 535 et
3610 482 3690 536 vi-

2086 572 2281 627 deatur
2304 572 2701 644 gastrimargim
2743 570 2881 641 gula:
2904 571 3191 627 ueracibus
3229 570 3317 626 vel
3350 571 3689 642 gluttoaibus

2084 664 2345 721 fratribus
2364 665 2640 736 provideri
2667 665 2839 736 magis
2873 666 3038 734 quam
3067 663 3354 719 refrenari.

2301 754 2328 827 §
2361 753 2632 809 XL—Ex
2662 754 2882 810 RBGULA
2912 766 3180 810 cuwsasu
3216 753 3359 825 (cap.
3391 754 3471 828 4).

2164 846 2185 886 ί
2218 846 2529 901 Monasterii
2557 845 2880 902 cellararius
2909 846 3128 916 sapiens
3179 854 3237 902 et
3285 845 3575 918 religiosus
3618 864 3683 907 ex

2086 938 2234 994 omni
2263 939 2677 1009 congregatione
2709 937 2989 1008 eligendus
3011 934 3119 1003 est,
3149 940 3242 1009 qui
3269 954 3379 995 non
3420 940 3548 1006 sibi,
3586 958 3684 999 nec

2088 1028 2203 1086 suis
2214 1029 2607 1095 voluntatibus,
2627 1031 2723 1086 sed
2745 1030 2845 1085 toti
2864 1032 3275 1101 congregationi
3302 1033 3681 1102 aequanimita-

2086 1128 2142 1176 et
2168 1121 2255 1191 pie
2282 1121 2496 1192 placeat
2516 1120 2898 1192 dispensanda,
2926 1136 3028 1177 nec
3069 1121 3195 1177 inde
3219 1121 3439 1191 placere
3463 1123 3679 1179 studeat

2086 1211 2230 1267 unde
2251 1219 2309 1266 et
2336 1226 2397 1266 se
2424 1211 2481 1265 in
2514 1211 2727 1266 ruinam
2747 1212 2981 1281 peccati,
3012 1219 3071 1267 et
3089 1206 3225 1266 alios
3245 1227 3344 1283 per
3369 1221 3658 1285 transgres

2086 1305 2257 1361 sionis
2297 1319 2496 1360 noxam
2537 1306 2928 1360 consentiendo
2970 1306 3299 1361 introducat.
3348 1305 3410 1360 Id
3464 1312 3575 1371 est,
3626 1312 3683 1360 at

2088 1394 2224 1450 nihil
2253 1403 2405 1450 extra
2434 1395 2672 1450 debitam
2712 1411 3027 1451 mensuram
3070 1410 3173 1466 pro
3224 1394 3469 1465 qualibet
3520 1396 3673 1451 fami-

2086 1486 2341 1551 liaritate,
2371 1488 2396 1526 ε
2427 1501 2526 1556 pro
2554 1486 2730 1556 gratia
2761 1485 2941 1541 meriti
2965 1485 3330 1555 dispensanda
3370 1484 3678 1549 distribuat,

2088 1578 2267 1633 sciens
2295 1594 2310 1630 :
2338 1577 2463 1647 quia
2490 1617 2506 1644 ,
2552 1575 2743 1631 Justus
2794 1575 2938 1631 Deus
2978 1576 3007 1617 h
3042 1576 3311 1647 justitiam
3357 1576 3376 1616 ί
3420 1593 3454 1629 a
3490 1575 3683 1630 stt-culo

2090 1670 2295 1737 dilexit,
2321 1672 2619 1742 equitatem
2647 1671 2774 1726 uidit
2802 1670 2974 1725 vultus
2996 1672 3112 1741 ejus
3135 1667 3311 1741 (Paul.
3342 1668 3421 1742 ι).
3444 1669 3532 1725 Sit
3557 1685 3688 1742 ergo

389 1772 595 1826 tionem
620 1770 832 1826 dicente
861 1769 1054 1823 abbate
1076 1784 1175 1838 pro
1198 1784 1262 1824 eo
1285 1766 1565 1830 fratribus,
1589 1747 1697 1821 aut
1723 1766 1990 1821 habeatur
2017 1747 2065 1807 Β
2091 1762 2345 1818 omnibus
2359 1759 2505 1829 iusta
2535 1761 2940 1832 dispensatione
2960 1768 3171 1829 gratus,
3196 1760 3272 1815 sit
3293 1760 3541 1816 moribus
3566 1774 3685 1815 ma-

388 1862 442 1918 in
475 1871 678 1928 mente,
706 1861 866 1917 simul
896 1869 953 1916 et
995 1861 1110 1931 ipse
1135 1861 1480 1926 cellararius,
1516 1860 1563 1914 si
1589 1873 1758 1929 prope
1800 1865 1986 1913 orato-

388 1952 529 2010 rium
558 1953 840 2008 cellarium
886 1949 1078 2015 fuerit,
1135 1966 1231 2005 sua
1260 1965 1395 2005 voce
1426 1958 1571 2020 petat
1618 1964 1676 2003 se
1704 1949 1903 2003 debere
1930 1949 1986 2003 in

390 2042 732 2098 orationibus
754 2039 1066 2095 memorari.
1092 2039 1120 2079 δ
1145 2040 1211 2094 Et
1235 2048 1412 2095 tamen
1436 2039 1579 2093 lente
1590 2039 1670 2095 sic
1692 2047 1989 2109 occupatus

392 2135 448 2188 in
482 2133 627 2189 facto
652 2149 788 2204 opus
818 2134 913 2187 Dei
943 2132 1045 2188 sibi
1068 2132 1231 2196 dicat,
1259 2142 1315 2187 et
1343 2133 1458 2204 ipse
1487 2133 1763 2202 sequendo
1788 2148 1979 2188 vocem

395 2223 481 2279 vel
506 2239 726 2278 versum
755 2224 999 2278 oratorii.
1028 2222 1095 2276 Et
1118 2222 1317 2277 merito
1346 2222 1492 2277 intus
1530 2222 1585 2276 in
1628 2222 1868 2276 oratorio
1896 2222 1989 2278 de-

394 2312 489 2368 bet
518 2313 584 2367 ab
612 2313 866 2368 omnibus
912 2313 1225 2377 memorari,
1257 2312 1384 2382 quia
1414 2327 1517 2383 pro
1557 2312 1800 2367 omnium
1841 2310 1989 2367 solli-

398 2403 635 2460 citudine
660 2411 992 2473 occupatur:
1024 2411 1080 2459 et
1104 2403 1375 2473 quomodo
1421 2402 1490 2458 ab
1532 2418 1642 2458 uno
1683 2404 1989 2459 communis

402 2510 505 2566 pro
528 2495 781 2550 omnibus
810 2495 1016 2549 utilitas
1054 2501 1399 2564 procuratur,
1448 2493 1528 2549 sic
1571 2493 1814 2548 omnium
1861 2507 1987 2548 cum

393 2598 504 2640 uno
542 2585 812 2654 partiatur
853 2584 1049 2639 oratio.
1082 2583 1227 2639 Vitia
1254 2599 1382 2638 vero
1412 2585 1526 2639 oris
1569 2591 1626 2639 et
1663 2583 1910 2654 corporis
1936 2583 1986 2638 ei

392 2677 745 2734 custodienda
776 2677 843 2731 ab
874 2677 991 2747 ipso
1021 2674 1216 2730 abbate
1243 2675 1657 2731 custodiantur:
1683 2676 1808 2745 quia
1832 2674 1990 2731 cella-

392 2768 573 2824 rarius
616 2769 716 2824 sub
764 2767 965 2823 nullius
1007 2768 1224 2822 decadm
1270 2783 1497 2823 numero
1541 2769 1642 2824 sub
1693 2768 1987 2839 praeposito

388 2861 739 2914 continetur:
775 2875 845 2915 ne
873 2858 1035 2923 forte,
1066 2860 1336 2928 quomodo
1375 2875 1502 2915 caro
1538 2868 1685 2914 amat
1721 2875 1843 2930 qua:
1890 2874 1986 2913 sua

387 2959 533 3012 sunt,
566 2958 788 3018 propter
835 2949 1072 3019 aliquem
1120 2951 1419 3020 appetitum
1466 2950 1554 3005 vel
1600 2950 1984 3005 subministra—

388 3039 589 3093 tionem
617 3039 752 3109 gul-.e
778 3053 941 3093 causa
992 3039 1083 3093 Dei
1113 3040 1584 3108 praetermittatur,
1631 3048 1688 3095 et
1729 3056 1829 3110 pro
1857 3040 1982 3096 cibo

2088 1862 2263 1919 turus,
2293 1853 2365 1908 sit
2391 1852 2626 1917 sobrius,
2656 1866 2760 1907 non
2783 1851 2945 1915 edax,
2972 1865 3082 1905 non
3105 1849 3305 1914 elatus,
3334 1865 3444 1905 non
3500 1850 3687 1905 turbn-

2085 1945 2287 2011 lentus,
2312 1959 2421 1999 non
2449 1943 2763 2012 iniuriosus,
2791 1958 2901 1998 non
2929 1941 3138 2008 tardus,
3167 1957 3276 1996 non
3306 1942 3485 2012 piger,
3511 1941 3605 1997 sed
3632 1942 3685 1998 in

2085 2041 2339 2096 omnibus
2402 2039 2616 2094 actibus
2677 2037 2749 2094 sit
2838 2036 3194 2107 compositus.
3275 2033 3688 2103 Congregationi

2085 2129 2251 2193 omni,
2286 2129 2342 2183 id
2367 2135 2475 2192 est,
2504 2136 2616 2183 tam
2647 2126 2958 2182 senioribus
2982 2140 3144 2196 quam
3167 2123 3334 2180 etiam
3351 2123 3683 2194 junioribus,

2084 2234 2185 2289 pro
2213 2218 2406 2275 affectu
2436 2226 2493 2274 et
2526 2226 2757 2289 paterno
2784 2217 2977 2272 ordine
3003 2216 3163 2272 debet
3192 2215 3529 2270 ministrare.
3574 2213 3681 2270 Cu-

2089 2330 2205 2369 ram
2244 2313 2313 2368 de
2340 2313 2593 2368 omnibus
2611 2312 2715 2368 sibi
2740 2310 3044 2366 commissis
3068 2308 3231 2364 rebus
3280 2308 3506 2363 habeat.
3544 2307 3682 2363 Nihil

2087 2413 2270 2460 tamen
2304 2405 2422 2459 sine
2455 2402 2470 2453 i
2517 2411 2825 2459 commeatu
2882 2400 3095 2457 abbatis
3145 2398 3330 2454 facere
3373 2405 3683 2469 praesumat.

2086 2493 2310 2548 Fratres
2336 2501 2444 2547 tam
2473 2493 2717 2548 seniores
2750 2498 2911 2547 :etate
2940 2504 3103 2560 quam
3147 2488 3401 2558 iuniores
3452 2488 3684 2543 nullate-

2086 2598 2190 2637 nus
2225 2584 2535 2638 conturbet.
2575 2582 2712 2638 Etsi
2739 2581 2936 2653 aliquis
2958 2580 3189 2635 fratrum
3215 2581 3285 2635 ab
3304 2593 3373 2635 eo
3399 2579 3686 2635 irrationao

2089 2671 2273 2727 biliter
2295 2672 2495 2742 aliquid
2527 2673 2860 2744 poposcerit,
2886 2671 2992 2727 leni
3022 2671 3379 2741 responsione
3394 2686 3525 2726 cum
3554 2685 3681 2725 voce

2086 2763 2406 2819 humilitatis
2428 2772 2619 2820 contra
2648 2764 2914 2820 rationem
2943 2764 3149 2835 petenti
3179 2764 3431 2835 deneget.
3458 2764 3518 2818 In
3540 2763 3681 2819 infir-

2089 2854 2280 2910 mitate
2308 2855 2501 2925 positis
2530 2855 2790 2911 fratribus
2826 2855 3068 2925 diligenti
3107 2869 3240 2910 cura
3280 2862 3339 2909 et
3394 2855 3684 2925 promptis-

2090 2945 2228 2999 simo
2253 2944 2447 3000 affectu
2474 2945 2766 3001 ministret.
2813 2944 3079 2998 Similiter
3138 2958 3446 3014 pauperum
3502 2957 3683 2998 curam

2089 3042 2242 3104 gerat
2285 3034 2339 3089 in
2380 3034 2634 3089 omnibus
2683 3035 2935 3089 timorem
2977 3034 3191 3088 Domini
3243 3048 3589 3104 pratponens,
3633 3043 3685 3089 et

386 3129 470 3183 vel
521 3106 651 3198 potu
681 3139 703 3167 ο
743 3144 850 3183 non
895 3137 1087 3184 exacta
1113 3106 1632 3185 texcommunicatio
1683 3106 1980 3186 carnaliter
2014 3106 2058 3169 C
2090 3126 2269 3181 sciens
2294 3126 2370 3180 illi
2395 3127 2521 3181 inde
2546 3127 2814 3182 rationem
2846 3125 3204 3187 redditurum,
3239 3124 3285 3180 si
3314 3140 3421 3180 non
3449 3141 3552 3196 pro
3570 3125 3684 3197 ejus

386 3221 772 3293 provendatur.
806 3220 1067 3276 Utcnsilia
1111 3222 1291 3276 omnia
1336 3222 1653 3277 monasterii
1699 3222 1813 3292 ipse
1843 3223 1986 3279 reci-

386 3312 501 3384 piat
526 3311 550 3351 δ
580 3312 648 3367 ad
685 3327 991 3377 numerum,
1025 3319 1081 3366 et
1121 3311 1355 3367 diversis
1401 3312 1708 3383 consignet.
1755 3313 1832 3366 De
1863 3327 1984 3367 om-

387 3407 549 3463 nibus
579 3420 708 3459 vero
747 3419 868 3475 qua:
910 3403 1118 3458 suntin
1152 3404 1502 3468 monasterio,
1552 3412 1705 3459 extra
1732 3403 1984 3459 abbatem

387 3496 566 3552 nullus
602 3495 707 3551 sibi
754 3495 958 3564 aliquid
1006 3494 1154 3549 velut
1198 3510 1377 3559 suum,
1426 3495 1541 3550 sive
1589 3495 1731 3567 quod
1770 3495 1975 3560 attulit,

389 3588 505 3643 sive
534 3586 679 3659 quod
706 3586 930 3649 invenit,
958 3585 1073 3642 sive
1098 3586 1242 3657 quod
1268 3585 1561 3652 laboravit,
1586 3586 1673 3640 vel
1695 3585 1985 3655 acquisivit

388 3677 615 3753 [nullus]
644 3678 918 3749 peculiare
961 3677 1219 3743 vindicet,
1270 3685 1364 3732 aut
1392 3676 1669 3733 defendat.
1716 3676 1852 3744 Quia
1899 3691 1985 3732 re-

386 3771 525 3842 gula:
548 3770 818 3827 sententia
847 3778 933 3825 est
959 3787 971 3824 :
1002 3781 1025 3809 ο
1052 3768 1155 3824 Res
1197 3770 1507 3825 monasterii
1540 3778 1589 3824 et
1638 3771 1892 3833 omnium,
1935 3780 1983 3824 et

389 3859 590 3915 nullius
635 3868 732 3914 est.
775 3858 1109 3915 Cellararius
1155 3873 1286 3913 vero
1334 3858 1451 3928 ipse
1483 3857 1652 3913 frater
1679 3857 1981 3922 ordinetur,

386 3951 479 4021 qui
508 3951 767 4020 probatus
792 3948 956 4004 fuerit
978 3949 1046 4003 ab
1072 3948 1267 4003 abbate
1302 3948 1479 4003 ﬁdelis
1502 3955 1556 4001 et
1581 3947 1859 4003 abstinens
1882 3961 1941 4003 se
1965 3965 1979 4001 :

389 4056 550 4111 quem
603 4054 882 4109 nunquam
925 4038 1099 4093 vincit
1143 4036 1432 4108 aliquando
1463 4037 1643 4107 aliqua
1679 4036 1983 4092 desiderio-

395 4143 518 4185 rum
542 4130 689 4199 gula,
718 4129 805 4184 vel
829 4129 922 4199 qui
946 4144 1054 4183 non
1085 4128 1312 4184 multum
1358 4136 1504 4183 amat
1538 4128 1869 4183 manducare
1892 4135 1987 4181 aut

462 4256 489 4284 ι
517 4241 587 4297 Ut
610 4242 869 4298 habeatur
892 4242 946 4296 in
969 4250 1158 4312 mente.
1180 4241 1257 4296 Ita
1277 4242 1330 4295 in
1355 4241 1490 4312 Reg.
1508 4255 1619 4312 nis.
1649 4256 1682 4312 ;A
1702 4239 1799 4295 sed
1831 4242 1978 4312 caput

390 4314 607 4368 videtur
630 4312 953 4368 redundare.
985 4311 1188 4367 Sensus
1210 4319 1294 4365 est
1321 4326 1335 4363 :
1363 4310 1419 4365 Si
1442 4310 1757 4365 cellerarius
1776 4325 1881 4364 non
1896 4311 1980 4364 in-

389 4384 551 4439 tersit
567 4382 767 4438 divinis
791 4380 1005 4450 ofliciis,
1035 4383 1148 4453 ipse
1167 4382 1335 4438 abbas
1353 4395 1476 4435 eum
1501 4378 1733 4434 fratrum
1780 4380 1982 4435 oratio-

388 4454 549 4509 nibus
574 4454 933 4510 commendet.

463 4523 584 4578 bEt
607 4534 781 4578 tamen
807 4522 962 4589 lente,
1004 4529 1111 4577 etc.
1154 4520 1359 4576 Sensus
1404 4527 1488 4574 est
1517 4536 1531 4572 :
1561 4517 1620 4574 Si
1666 4519 1981 4577 cellerarius

388 4595 600 4651 habens
618 4593 806 4649 cellam
830 4593 994 4663 juxta
1028 4591 1330 4663 oratorium,
1375 4590 1542 4644 faciat
1584 4590 1818 4663 aliquod
1845 4605 1981 4659 opus

429 4666 535 4720 uod
582 4660 1098 4718 debitam'orationi
1146 4661 1496 4715 attentionem
1533 4660 1756 4715 minime
1806 4661 1979 4729 impe-

429 4680 535 4720 ιιοα
582 4680 821 4718 acnuam
863 4680 1098 4716 orationi
1146 4680 1496 4715 attentionem
1533 4680 1756 4715 minime
1806 4680 1978 4729 Impe-

388 4680 524 4800 giat,
554 4733 787 4790 cilicium
815 4732 1053 4787 divinum
1078 4746 1176 4801 per
1203 4747 1262 4785 se
1284 4730 1531 4801 recitabit
1552 4732 1828 4800 sequendo
1862 4729 1978 4784 fra-

389 4815 533 4860 trum
563 4805 616 4859 in
640 4803 807 4859 choro
824 4800 1165 4873 psallentium
1192 4816 1416 4873 vocem.
1436 4800 1524 4873 Ex
1544 4816 1650 4873 quo
1675 4801 1843 4873 liquet
1862 4816 1982 4873 pos;

389 4891 451 4930 se
497 4877 661 4931 horas
697 4870 987 4929 canonicas
1028 4872 1260 4942 persolvi
1318 4871 1564 4942 faciendo
1603 4870 1979 4942 leve’aliquod

387 4960 547 5012 opus,
570 4944 712 5014 quod
735 4945 929 4999 debitae
945 4940 1230 5014 attentioni
1256 4958 1362 4996 non
1378 4940 1800 5014 plliciat._ldque
1822 4940 1981 5014 vulgo

390 5011 932 5076 docent'summistae,
967 5013 1240 5068 Navarrus
1280 5013 1334 5066 in
1377 5011 1689 5065 Enchiridio
1728 5012 1795 5064 de
1834 5011 1983 5066 horis

389 5085 687 5156 canonicis,
709 5101 828 5156 cap.
847 5084 941 5156 7715.
975 5083 1106 5156 suto
1142 5084 1262 5139 libr.
1310 5098 1364 5138 ιν
1405 5084 1472 5136 de
1510 5079 1723 5148 justitia
1747 5088 1803 5133 et
1835 5080 1978 5151 jure,

388 5169 447 5223 (ι.
472 5154 594 5230 5,53.
624 5154 689 5220 5;
721 5154 791 5209 eti
808 5155 896 5209 alii
934 5155 1104 5209 multi.
1193 5225 1204 5230 _
1300 5224 1311 5230 _
1382 5223 1397 5230 _
1494 5221 1527 5230 __
1567 5220 1599 5230 ,ν
1798 5218 1810 5230 ⁸

466 5234 487 5262 α
520 5222 642 5278 Νοη
670 5234 854 5279 exacta
879 5224 1365 5279 excomnmnicatio.
1382 5223 1456 5276 lla
1477 5220 1696 5282 dicitur,
1719 5220 1845 5289 quia
1860 5234 1983 5275 eam

392 5295 664 5417 prﬁpositi
709 5310 816 5349 non
856 5296 1156 5368 exigerent.
1196 5302 1256 5349 ut
1296 5301 1514 5363 possent
1564 5290 1703 5344 inire
1750 5290 1983 5361 gratiam

392 5378 456 5417 ce
497 5380 683 5417 erarn.

391 5378 588 5419 Genera
598 5382 683 5420 l‘ll.

461 5433 489 5473 (ι
515 5435 597 5489 Ad
620 5453 912 5492 numerum.
940 5435 1143 5491 Gallice
1172 5453 1185 5488 :
1220 5433 1333 5487 Par
1362 5440 1581 5492 compte.

469 5515 493 5543 ο
522 5504 620 5560 Res
643 5507 943 5563 monasterii
968 5518 1014 5560 ct
1045 5506 1297 5563 omnium.
1322 5514 1367 5557 et
1393 5500 1588 5557 nullius
1604 5511 1699 5556 est.
1727 5500 1982 5556 Omnium

392 5574 1429 5649 incommuui,nulliusinparticulari_._
1509 5644 1520 5649 Α
1822 5640 1835 5649 _
1895 5637 1907 5649 ο

473 5644 811 5698 ‘Monasterii
856 5640 1183 5708 cellararius,
1230 5654 1336 5698 clc.
1385 5644 1615 5697 Maxima
1658 5656 1783 5712 pars
1822 5640 1980 5712 hujus

396 5712 590 5782 capitis
618 5722 830 5780 sumpta
851 5723 931 5768 cst
964 5730 1029 5768 cx
1075 5714 1341 5782 superiori
1387 5714 1561 5783 capite
1584 5714 1641 5769 S.
1660 5709 1976 5777 Benedicti,

2086 3216 2376 3286 praeceptis
2402 3215 2692 3285 implendis
2719 3216 2836 3271 haec
2866 3215 3051 3270 omnia
3080 3214 3271 3281 faciat,
3301 3231 3516 3271 memor
3543 3231 3681 3272 sem-

2086 3322 2185 3377 per
2213 3307 2376 3372 illius,
2408 3308 2501 3377 qui
2528 3307 2664 3361 dixit
2697 3322 2713 3360 :
2744 3306 2848 3371 Qui
2867 3306 2998 3360 mihi
3020 3306 3312 3371 ministrat,
3333 3322 3419 3361 me
3440 3318 3685 3378 sequatur

2088 3396 2271 3466 (Joan.
2302 3396 2424 3467 xu).
2456 3395 2617 3452 Omni
2668 3410 2799 3467 ergo
2842 3396 2995 3465 operi
3046 3396 3190 3451 bono
3242 3397 3391 3467 quod
3437 3397 3681 3463 facimus,

2086 3485 2302 3541 Domini
2333 3486 2584 3542 timorem
2606 3486 2920 3558 jungamus.
2959 3484 3051 3543 Sic
3098 3488 3150 3543 in
3193 3487 3451 3545 omnibus
3499 3504 3681 3545 curam

2088 3584 2238 3645 agat,
2269 3583 2332 3631 ut
2356 3576 2410 3631 in
2441 3576 2592 3632 nullo
2618 3577 2961 3649 negligentia:
2982 3575 3180 3632 damna
3209 3577 3478 3632 incurrat.
3508 3578 3537 3620 ι
3560 3579 3685 3633 Ava-

2088 3665 2234 3720 ritiae
2264 3672 2320 3720 et
2353 3667 2669 3737 cupiditatis
2696 3674 2908 3737 pestem
2933 3666 3156 3721 omnino
3182 3665 3374 3738 fugiat.
3427 3667 3682 3722 Similiter

2083 3758 2227 3813 sicut
2253 3773 2360 3814 non
2383 3774 2601 3822 avarus,
2633 3759 2715 3813 sic
2738 3773 2846 3814 non
2877 3758 2951 3813 sit
2985 3758 3244 3830 prodigus
3269 3775 3285 3812 :
3314 3758 3371 3812 id
3411 3766 3518 3824 est,
3550 3760 3680 3815 sicut

2084 3850 2224 3906 dona
2255 3851 2643 3922 omnipotentis
2671 3850 2768 3905 Dei
2797 3851 2897 3906 sub
2924 3850 3169 3905 avaritia:
3191 3849 3328 3905 vitio
3363 3850 3679 3906 occultando

2083 3941 2406 3996 subtrahere
2430 3955 2538 3996 non
2576 3940 2760 4006 debet,
2788 3941 2869 3996 sic
2916 3940 3037 3995 sine
3085 3938 3237 4009 justa
3278 3941 3674 4011 dispensatione

2082 4031 2246 4086 nimis
2273 4030 2292 4070 ι
2320 4030 2619 4088 fenerando
2650 4044 2997 4087 communem
3031 4031 3397 4087 substantiam
3437 4047 3547 4089 non
3585 4032 3675 4087 de-

2083 4125 2176 4181 bet
2210 4124 2464 4195 diripere,
2497 4124 2593 4180 sed
2622 4124 2806 4179 omnia
2826 4138 2925 4195 per
2948 4122 3330 4179 discretionem
3376 4132 3674 4197 temperan-

2082 4254 2247 4310 queln
2269 4237 2382 4294 fere
2401 4237 2453 4292 in
2471 4238 2730 4310 omnibus
2767 4236 2858 4310 hic
2885 4235 3050 4310 Pater
3069 4235 3336 4310 sequitur.

2158 4308 2319 4391 δέ)νο
2345 4308 2516 4391 gratia
2543 4308 2738 4362 meriti.
2766 4305 2928 4378 Lege,
2945 4316 3005 4360 ut
3027 4305 3081 4359 in
3116 4307 3237 4361 cod.
3267 4306 3448 4362 Vind:
3472 4306 3568 4362 Vel
3583 4324 3670 4379 pro

2085 4386 2256 4450 gratia
2278 4386 2471 4450 meriti.

2005 4463 2060 4522 D
2086 4445 2104 4450 ⁷
2153 4449 2182 4522 1}
2211 4448 2506 4522 Justitiam.
2533 4446 2610 4522 Ita
2638 4445 2868 4522 i_n__Psal.
2911 4446 3069 4522 Bom.
3100 4486 3116 4512 ,
3142 4447 3340 4522 psalm_.
3367 4446 3457 4502 10.

2164 4519 2179 4559 ί
2217 4518 2262 4572 Α
2311 4516 2522 4572 εαέιιιο.
2581 4516 2839 4570 Additum
2887 4516 2959 4572 ab
3012 4526 3236 4573 auctore
3282 4517 3461 4573 citans
3502 4517 3669 4572 locum

2085 4604 2154 4644 ex
2174 4589 2458 4652 memoria,
2481 4601 2586 4641 non
2607 4601 2676 4641 ex
2695 4586 2902 4642 codice.

2162 4656 2176 4708 i
2210 4655 2334 4712 Sine
2360 4667 2669 4713 commeatu.
2696 4656 2754 4711 Id
2796 4666 2899 4721 est,
2926 4655 3047 4710 sine
3076 4656 3367 4727 permissu.
3417 4654 3555 4711 Vide
3585 4672 3670 4712 su-

2085 4729 2271 4799 perius
2292 4734 2572 4799 annotata.

2158 4798 2186 4838 ι
2214 4798 2464 4852 Avaritiae
2492 4806 2538 4849 et
2569 4794 2872 4865 cupiditatis
2898 4800 3111 4865 pestem,
3151 4804 3257 4851 etc.
3302 4794 3573 4852 Praeclare
3612 4794 3666 4851 S.

2086 4867 2317 4922 Basilius
2355 4869 2409 4922 in
2453 4864 2961 4947 Admonitionibus:
2993 4864 3173 4945 «Cave
3211 4880 3429 4934 quoque
3472 4865 3670 4991 assidi—

2088 4946 2277 4991 tatem.
2302 4953 2405 4991 nec
2431 4952 2604 4991 amori
2641 4949 2996 4991 pecuniarum
3046 4936 3304 4991 sublicias
3349 4944 3427 4991 te.
3606 4936 3670 4989 ab

2088 4946 2277 5001 tatem,
2302 4953 2405 4991 nec
2431 4935 2604 4991 amori
2641 4935 2996 5004 pecuniarum
3046 4933 3304 5003 subjicias
3344 4933 3427 5001 te,
3472 4933 3567 4991 sed
3606 4936 3671 4989 ab

2085 5010 2230 5063 omni
2260 5008 2489 5062 avaritia
2512 5006 2743 5069 declina,
2776 5020 2843 5059 ne
2881 5005 3263 5060 condemneris
3293 5004 3586 5060 ntadulter
3617 5012 3670 5058 et

2085 5079 2352 5132 idolorum
2378 5078 2572 5131 cultor.
2596 5073 2712 5130 Noli
2743 5088 2929 5130 amare
2960 5090 3301 5140 mammona;
3331 5091 3400 5130 ne
3423 5082 3477 5131 te
3519 5089 3667 5145 sepa—

2086 5157 2171 5202 ret
2194 5166 2223 5201 a
2248 5149 2378 5203 Deo.
2404 5145 2523 5201 Noli
2542 5146 2764 5216 diligere
2779 5159 2909 5216 opes
2939 5154 3207 5212 terrenas,
3230 5160 3298 5200 ne
3321 5147 3542 5200 amittas
3566 5158 3668 5198 ca:-

2086 5220 2272 5274 Iestes.
2327 5217 2477 5271 Multi
2526 5215 2806 5285 cupientes
2845 5215 3019 5269 aliena
3052 5231 3087 5285 a
3126 5215 3243 5285 suis
3280 5216 3483 5285 privati
3524 5223 3664 5269 sunt.

2086 5290 2292 5343 Aliena:
2314 5297 2440 5343 sunt
2469 5303 2498 5340 a
2528 5284 2686 5341 nobis
2716 5284 2875 5353 hujus
2904 5284 3085 5339 saeculi
3122 5284 3407 5340 facultates
3437 5302 3451 5339 :
3483 5292 3665 5353 nostra

2092 5368 2273 5414 autem
2318 5352 2864 5435 pgssessiouregnum
2905 5353 3311 5435 calorumcst.
3335 5375 3355 5408 ι
3412 5356 3479 5409 Ει
3510 5352 3667 5435 paulo

2090 5439 2253 5501 post:
2291 5424 2483 5501 {Cave
2520 5424 2768 5501 radicem
2794 5426 3040 5501 omnium
3088 5424 3351 5501 malorum
3403 5424 3665 5494 cupiditao

2092 5496 2201 5571 iem
2230 5499 2580 5571 pecuniarum
2607 5511 2622 5551 :
2650 5496 2876 5567 cupidus
2907 5496 3055 5551 enim
3109 5496 3347 5551 animam
3387 5510 3541 5551 suam
3574 5505 3666 5546 ve

2089 5569 2266 5625 nalem
2293 5569 2476 5624 habet.
2510 5588 2528 5621 ι

2168 5640 2185 5681 ι
2229 5638 2563 5695 Feneramlo.
2605 5638 2660 5693 ld
2686 5646 2793 5707 est,
2817 5634 3149 5707 dissipando.
