3940 6196
167 298 317 358 1055

1132 292 1524 353 CONCORDIA
1561 293 2022 354 REGULARUM.
2059 327 2133 338 —
2167 294 2321 353 CAP.
2364 295 2496 352 XLI.

3291 308 3432 364 105%

159 413 240 468 do
263 424 516 483 pensare.
553 409 620 464 Et
641 409 686 465 si
720 423 826 464 non
858 406 1052 464 habeat
1076 408 1219 478 quod
1254 409 1324 463 ab
1377 421 1444 464 eo
1495 407 1756 478 quzeritur
1782 413 1834 475 Α
1857 407 1888 448 δ
1923 407 1990 464 Et
2010 408 2255 478 quamvis
2303 411 2446 479 quod
2477 409 2679 480 petitur
2713 424 2822 466 non
2847 411 2937 477 sit,
2960 412 3103 471 unde
3145 415 3436 482 tribuatur,

160 503 318 574 quod
348 502 570 567 tribuat,
603 513 849 556 sermone
876 499 982 552 leni
1023 499 1140 553 sine
1194 497 1305 552 ulla
1358 497 1650 567 aSperitate
1700 497 1755 550 in

160 607 424 650 sermone
471 591 764 661 procedat:
799 596 858 643 ut
885 588 1110 644 dulcedo
1139 589 1319 643 cordis
1365 596 1422 642 et
1466 587 1616 642 vocis
1670 603 1757 641 re-

160 684 463 756 sponsione
491 680 732 754 pateﬁat,
752 679 906 748 juxta
934 679 1077 749 quod
1107 678 1369 746 scriptum
1388 685 1472 732 est
1495 696 1509 730 :
1532 689 1556 717 α
1573 674 1754 731 Favus

157 771 340 828 mellis
366 787 625 826 sermones
646 769 765 822 boni
797 765 976 836 (Prov.
997 766 1130 838 xvn).
1154 766 1223 820 Et
1247 765 1376 820 illud
1402 783 1415 818 :
1451 763 1636 819 Sermo
1665 763 1755 817 bo-

164 880 271 918 nus
298 877 455 933 super
474 859 657 914 datum
681 857 932 928 optimum
955 855 1145 926 (Eccli.
1174 853 1352 925 xvm).
1384 852 1463 907 Ita
1485 853 1586 908 sibi
1607 867 1754 907 com-

161 953 398 1008 missum
447 965 581 1020 opus
625 947 692 1001 ad
732 946 1035 1001 mercedem
1092 945 1305 1000 noverit
1362 944 1656 1014 pertinere,
1712 942 1758 997 si

161 1043 354 1098 omnia
403 1055 525 1095 cum
579 1035 882 1092 humilitate
932 1043 989 1089 et
1037 1035 1238 1105 pietate
1275 1033 1540 1088 studuerit
1574 1045 1754 1102 agere.

240 1188 268 1217 ι
315 1174 362 1227 F
366 1189 493 1228 avus
530 1170 718 1225 mellis.
761 1169 920 1224 Prov.
963 1185 1053 1223 ιν]
1086 1187 1098 1222 :
1130 1166 1176 1220 F
1179 1183 1306 1221 avus
1341 1165 1511 1219 mellis
1551 1181 1756 1234 compo-

160 1246 270 1300 sita
295 1244 472 1299 verba.
512 1242 570 1296 in
603 1250 756 1296 textu
781 1239 971 1296 Graeco
999 1239 1174 1312 ελόγοι
1209 1237 1373 1300 καλοὶ,
1407 1236 1461 1290 id
1496 1243 1603 1300 est,
1643 1249 1759 1290 ser-

166 1329 363 1370 mones
400 1311 548 1368 boni.

1862 499 2164 555 nullatenus
2192 502 2517 571 respondeat
2541 517 2602 558 se
2628 517 2736 557 non
2772 503 2992 570 habere,
3040 507 3136 560 sed
3179 507 3323 562 dicat
3380 509 3440 562 ti-

1863 587 1970 642 deli
1999 604 2128 644 voce
2156 607 2168 642 :
2201 588 2463 645 Dominus
2488 591 2658 646 dabit.
2687 591 2762 645 Ea
2791 607 2920 648 vero
2941 609 3062 664 qua:
3089 595 3262 649 danda
3291 605 3438 661 sunt,

1862 678 1979 733 sine
2009 694 2158 734 mora
2192 680 2526 746 tribuantur;
2560 696 2627 736 ne
2655 681 2895 736 scandali
2937 684 3153 737 occasio
3210 693 3304 738 aut
3354 685 3441 738 of-

1861 767 2122 823 fensionis
2143 783 2301 823 casus
2323 782 2391 822 ex
2434 770 2548 838 ipsa
2596 771 2847 824 tarditate
2897 781 3208 841 generetur,
3232 788 3440 826 memor

1859 873 2073 926 semper
2091 867 2480 928 praeceptorum
2509 858 2742 923 Domini,
2769 861 2860 929 qui
2889 877 2957 915 ne
2993 863 3272 916 minimum
3313 879 3439 919 suo-

1857 963 1976 1002 rum
2003 948 2207 1018 patitur
2231 948 2585 1003 scandalizari
2607 949 2820 1020 (Matth.
2847 953 3026 1020 xvm).

1924 1166 1954 1207 ι)
1989 1165 2058 1220 Et
2104 1167 2339 1237 quamvis
2369 1165 2507 1237 quod
2538 1168 2749 1237 petitur,
2787 1174 2892 1237 etc.
2933 1165 3010 1220 Ita
3041 1173 3296 1222 construe
3327 1185 3338 1221 :
3373 1165 3442 1222 Et

1857 1237 2093 1308 quamvis
2119 1236 2226 1290 non
2259 1237 2324 1290 sit
2361 1236 2498 1290 unde
2547 1236 2814 1289 tribuatur
2844 1236 2898 1290 id
2921 1237 3059 1307 quod
3082 1237 3296 1307 petitur.

167 1443 3430 1468 Mm

1514 1543 1850 1622 CAPUT
1923 1542 2128 1618 XLI.

1035 1700 1124 1756 DE
1160 1697 1654 1754 FERRAMENTIS
1691 1695 1780 1752 ET
1821 1693 2048 1751 REBUS
2088 1692 2528 1750 MONASTERII.

379 1928 408 2004 ᾗ
435 1928 478 1984 l.
502 1958 574 1969 —
598 1927 675 1981 Ex
703 1925 920 1981 REGULA
965 1938 1153 1978 SANCTI
1196 1921 1506 1975 BENEDICTI.

244 2037 272 2065 ι
301 2020 618 2078 Substantia
645 2015 958 2072 monasterii
995 2014 1048 2070 in
1078 2012 1422 2069 ferramentis
1474 2009 1560 2065 vel
1595 2010 1763 2064 vesti-

165 2117 297 2181 bus,
319 2129 414 2169 seu
446 2109 772 2182 quibuslibet
801 2107 964 2162 rebus
1012 2105 1040 2144 ι)
1068 2103 1362 2175 praevideat
1394 2102 1562 2156 abbas
1589 2110 1612 2139 ο
1647 2098 1759 2152 fra-

167 2219 308 2270 tres,
339 2205 405 2259 de
433 2216 662 2273 quorum
691 2199 800 2253 vita
838 2205 893 2251 et
922 2193 1164 2250 moribus
1203 2207 1428 2248 securus
1457 2191 1548 2255 sit,
1577 2197 1632 2244 et
1681 2188 1762 2243 eis

167 2295 406 2368 singula,
437 2304 497 2349 ut
523 2292 656 2346 utile
697 2287 1042 2359 iudicaverit,
1067 2284 1351 2354 consignet
1406 2279 1760 2336 custodienda

168 2401 342 2459 atque
383 2383 762 2455 recolligenda.
801 2381 881 2435 Ex
926 2379 1121 2450 quibus
1162 2375 1327 2431 abbas
1351 2371 1378 2413 ά
1404 2374 1621 2427 brevem
1675 2377 1762 2424 te-

167 2487 304 2534 neat
333 2491 347 2530 :
380 2484 438 2530 ut
461 2475 587 2529 dum
613 2472 716 2528 sibi
746 2481 769 2510 ε
800 2470 856 2524 in
879 2469 996 2538 ipsa
1037 2467 1308 2536 assignata
1335 2461 1532 2516 fratres
1556 2459 1766 2513 vicibus

169 2571 496 2632 succedunt,
522 2567 658 2622 sciat
708 2563 837 2634 quid
889 2563 1010 2627 dat,
1055 2568 1149 2613 aut
1207 2557 1336 2627 quid
1384 2554 1596 2623 recipit.
1634 2552 1654 2590 τ
1704 2549 1763 2606 Si

169 2664 299 2733 quis
329 2668 511 2716 autem
539 2657 754 2714 sordide
800 2662 894 2708 aut
923 2651 1256 2723 negligenter
1305 2663 1394 2702 res
1446 2645 1764 2700 monasterii

169 2751 512 2815 tractaverit,
537 2747 894 2816 corripiatur:
928 2743 975 2798 si
1023 2757 1132 2798 non
1178 2737 1577 2802 emendaverit,
1609 2735 1766 2790 disci-

169 2844 363 2916 plinac‘
378 2839 612 2911 regulari
654 2837 950 2906 subiaceat.

408 2949 435 3022 ᾗ
466 2948 603 3003 ll.-—
625 2947 707 3000 Ex
739 2943 960 3000 Becuu
997 2940 1234 2999 Parnvu.
1256 2937 1393 3011 (cap.
1429 2936 1539 3009 l2).

254 3065 283 3104 ε
306 3061 480 3115 Nosse
503 3034 701 3112 debent
732 3054 961 3117 fratres,
1005 3050 1133 3120 quia
1172 3046 1433 3118 quidquid
1483 3046 1536 3100 in
1575 3059 1762 3100 mona-

169 3153 346 3210 sterio
375 3156 641 3204 tractatur
669 3144 783 3201 sive
829 3144 883 3198 in
915 3141 1284 3201 ferramentis,
1317 3136 1400 3191 vel
1429 3145 1622 3191 caetera
1652 3150 1764 3189 om-

1787 1899 1831 1957 B
1860 1897 1951 1953 illo
1978 1913 2123 1970 rege,
2149 1899 2240 1968 qui
2293 1899 2346 1952 in
2377 1898 2521 1953 vasis
2555 1897 2748 1953 domus
2796 1898 2891 1954 Dei
2944 1900 3293 1958 sanctificatis
3321 1918 3445 1959 cum

1863 1988 1978 2043 suis
2006 1988 2223 2044 bibebat
2247 1989 2581 2055 concubinis,
2612 1996 2668 2044 et
2692 1989 2903 2060 qualem
2932 1991 3128 2046 meruit
3149 1994 3444 2051 vindictam

1866 2078 2030 2149 (Dan.
2070 2078 2152 2150 ιι).

1936 2168 2075 2240 §lll.
2104 2169 2274 2224 —-Ex
2312 2169 2533 2225 Rasum
2571 2186 2758 2227 SANCTI
2795 2171 3057 2228 Pacuoun
3085 2173 3223 2244 (cap.
3261 2174 3373 2244 65).

1932 2259 1961 2298 ιι
1993 2258 2218 2325 Quando
2266 2267 2612 2314 revertuntur
2636 2262 2690 2314 in
2737 2263 3145 2329 monasterium,
3178 2279 3338 2319 nemo
3376 2278 3446 2319 ex

1862 2349 2050 2403 ordine
2081 2349 2398 2404 remanebit.
2425 2349 2559 2404 Cum
2601 2351 2666 2404 ad
2707 2351 2893 2406 domos
2922 2369 3048 2406 suas
3078 2355 3444 2422 pervenerint,

1863 2435 2190 2492 ferramenta
2215 2438 2409 2507 quibus
2431 2453 2567 2507 Opus
2596 2437 2834 2493 fecerant
2857 2449 2911 2493 et
2947 2441 2960 2480 ί
2990 2441 3208 2511 gallicas
3234 2427 3451 2497 tradent

1861 2522 1954 2578 eii
1997 2527 2088 2594 qui
2133 2527 2401 2581 secundus
2457 2535 2540 2582 est
2581 2539 2704 2597 post
2741 2530 3090 2598 praepositum
3138 2531 3362 2585 domus.
3395 2541 3451 2586 et

1863 2618 1954 2673 ille
1985 2618 2183 2672 inferet
2212 2634 2277 2674 ea
2303 2633 2526 2688 vespere
2555 2619 2609 2674 in
2637 2620 2887 2675 cellulam
2907 2629 3237 2690 separatam,
3265 2622 3449 2693 ibique

1865 2708 2172 2764 concludet.

2231 2777 2258 2850 ᾗ
2291 2778 2376 2833 ιγ.
2403 2808 2476 2817 -
2501 2777 2754 2848 Ejusdem
2785 2779 2922 2850 (cap.
2957 2779 3069 2851 66).

1937 2867 2128 2925 Omnia
2159 2875 2338 2922 autem
2362 2865 2692 2922 ferramenta
2721 2869 3053 2924 hebdomade
3076 2871 3338 2942 completa
3363 2885 3450 2925 re-

1864 2961 2220 3031 portabuntur
2251 2961 2305 3014 in
2345 2976 2504 3014 unam
2533 2960 2752 3014 domum
2777 2979 2790 3014 :
2814 2969 2874 3016 ut
2919 2978 3155 3028 rursum,
3180 2965 3271 3033 qui
3315 2980 3443 3020 suc-

1863 3050 2062 3105 cedunt
2081 3051 2462 3117 hebdomadas,
2492 3050 2718 3122 singulis
2743 3051 2993 3108 domibus
3035 3055 3286 3110 noverint
3318 3056 3448 3124 quid

1865 3142 2208 3197 distribuant.

169 3244 266 3299 nia
295 3237 633 3296 sanctiﬁcata
659 3247 801 3290 esse.
832 3231 891 3288 Si
927 3230 1049 3300 quis
1067 3229 1134 3284 de
1154 3226 1415 3282 fratribus
1437 3225 1638 3295 aliquid
1665 3240 1760 3280 ne-
1788 3239 1834 3302 ί]
1936 3231 1963 3303 §
1998 3232 2060 3287 V.
2093 3263 2164 3272 —
2196 3232 2275 3287 Ex
2311 3233 2526 3289 Bncuu
2567 3247 2758 3288 SANCTI
2797 3233 2998 3289 BASILII
3055 3233 3192 3306 (cap.
3234 3235 3378 3307 103).

171 3334 448 3404 gligenter
479 3323 811 3390 tractaverit,
837 3329 1048 3392 partem
1077 3334 1136 3374 se
1171 3317 1374 3374 habere
1398 3315 1612 3370 noverit
1640 3331 1764 3371 cum

246 3493 278 3523 ι
319 3474 650 3534 Substantia.
671 3473 847 3544 #Lege,
872 3469 1196 3544 substantiae.

247 3552 281 3592 δ
317 3545 634 3602 Prwvideat.
670 3539 831 3613 Lege,
863 3539 1149 3613 provideat.

251 3633 276 3661 ε
323 3616 558 3670 Fratres.
605 3603 873 3680 Quorum'
910 3611 1046 3664 alter
1095 3608 1586 3680 ferramentorum,
1629 3603 1768 3680 alter

169 3673 662 3748 vestimentorum:
706 3683 840 3735 alter
871 3678 1241 3732 linteaminum
1261 3690 1450 3731 curam
1480 3681 1652 3744 gerat.
1701 3673 1769 3727 Et

177 3764 268 3819 sic
296 3759 365 3813 de
403 3754 614 3810 caeteris
641 3750 956 3806 monasterii
987 3748 1167 3802 rebus.
1193 3790 1202 3794 -

246 3810 280 3870 ῖι
303 3810 557 3880 "Brevem.
589 3822 667 3876 Ita
695 3835 882 3875 omnes
931 3833 1066 3873 mss.
1103 3815 1276 3872 nostri
1303 3814 1422 3870 cod.
1459 3827 1580 3868 cum
1614 3810 1770 3865 Sma—

172 3898 378 3968 ragdo,
409 3894 467 3950 S.
496 3893 790 3968 Dunstano,
829 3890 1240 3968 'l‘urrecretnttta
1275 3893 1331 3940 et
1352 3883 1591 3968 editione
1615 3881 1771 3968 C'olo-

173 3952 403 4027 nignsi':
436 3963 680 4033 quaedam
725 3952 901 4014 tamen
927 3957 1158 4027 vulgata:
1187 3955 1392 4033 legunt,
1433 3957 1610 4033 breve.
1640 3952 1772 4033 Dre-

172 4021 480 4107 visvigitur',
511 4047 608 4107 seu
651 4031 836 4093 breve,
875 4043 1000 4107 nam
1023 4021 1562 4107 utrumquedicitur,
1585 4021 1772 4107 est‘in-

174 4092 727 4173 dexfinventariu‘m,
746 4097 1046 4160 matricula,
1067 4092 1284 4173 scheda,
1315 4095 1366 4173 in
1391 4109 1494 4163 qua
1525 4092 1771 4173 qumd‘am

173 4161 431 4235 breviter
464 4161 842 4228 describuntur
868 4167 1139 4236 memoria:
1156 4161 1616 4236 juvalidzecausa.
1651 4161 1772 4215 Fla-

173 4234 308 4303 vius
331 4243 595 4313 Vopiscus
620 4239 988 4313 iti_A_ureli_ano
1011 4255 1075 4313 :_(
1122 4234 1293 4290 Breve
1331 4234 1611 4313 nominum
1643 4247 1774 4286 con-

178 4303 432 4386 scripsit;
473 4333 492 4365 ι
536 4309 834 4386 Concilium
871 4305 1194 4386 Hispalense
1222 4320 1343 4359 can.
1367 4304 1401 4386 ‘l
1435 4303 1773 4386 :.t‘§.l'e.vel_n

178 4372 586 4454 mancipiorum
617 4379 902 4454 Ecclesiae,
927 4372 1032 4431 etc.
1051 4396 1090 4454 λ
1119 4376 1279 4454 Liber
1307 4389 1339 4426 v
1367 4372 1502 4454 legis
1520 4373 1776 4454 Wisigot:

180 4441 407 4515 tuorum
434 4493 449 4516 ,
509 4451 592 4505 tit.
624 4449 675 4512 5,
706 4450 800 4504 lib.
850 4463 949 4502 Ill:
996 4464 1014 4497 ε
1051 4445 1115 4516 Ει
1167 4447 1382 4516 brevem
1421 4444 1509 4516 det
1553 4441 1774 4516 illi_’qui

181 4511 571 4583 commendata
602 4511 934 4587 susceperat.
992 4535 1010 4567 ι
1038 4514 1390 4587 Cassiodorus
1432 4511 1525 4564 lib.
1559 4527 1575 4564 ι
1612 4511 1735 4564 Var.
1757 4551 1772 4575 ,

181 4597 353 4654 epist.
403 4592 436 4646 6
461 4609 472 4644 :

182 4613 353 4666 eplSl.
403 4613 472 4646 02
512 4613 530 4641 ι
585 4613 652 4645 υι
698 4613 994 4642 δυυυιιυυιιι
1037 4613 1201 4638 uno":
1240 4613 1417 4662 θυυιιῖι
1473 4613 1772 4644 αιιιιῠλυιιι,

182 4675 295 4724 etc.
337 4684 356 4716 ι
393 4661 601 4716 Dicitur
625 4665 680 4712 et
699 4655 1024 4712 breviculus.
1050 4653 1252 4724 Nomen
1278 4653 1341 4724 in
1367 4648 1772 4724 lmguamGrae-

182 4675 295 4724 etc.
337 4684 356 4716 ι
395 4667 601 4716 Dicitur
625 4667 680 4712 et
701 4667 1024 4712 brevrcutus.
1050 4667 1252 4708 nomen
1286 4668 1341 4706 tn
1369 4667 1772 4772 unguamuraa-

182 4750 315 4793 cam
340 4730 576 4787 transiit.
604 4728 742 4782 Nam
769 4726 965 4781 dicitur
987 4725 1019 4794 β
1055 4725 1207 4786 ἐϐιον,
1238 4722 1292 4775 id
1317 4727 1420 4782 est,
1483 4736 1614 4772 reve.
1667 4717 1772 4788 Sy—

184 4806 370 4849 nmlug
404 4797 845 4849 Carthatzinensis
874 4811 993 4849 can.
1021 4746 1088 4849 g7
1119 4810 1132 4846 :
1158 4790 1241 4845 Ἐν
1273 4793 1437 4849 τούτῳ
1457 4797 1528 4849 τῶ
1561 4789 1770 4849 βρεϐἰω,

184 4789 370 4862 nodus
404 4797 845 4869 Carthaginensis
874 4789 996 4850 can.
1021 4789 1088 4849 57
1119 4810 1132 4846 :
1158 4790 1241 4845 Ἐν
1273 4793 1437 4862 τούτῳ
1457 4797 1528 4858 τῷ
1544 4789 1770 4912 ἑρκείῳ,

187 4877 243 4912 ςει
284 4882 368 4912 ne!
438 4870 492 4912 in
547 4870 650 4912 hnc
703 4867 880 4912 brevi:
931 4873 985 4912 et
1022 4879 1142 4912 can.
1196 4861 1398 4912 97:1‘6
1447 4860 1536 4912 6ρέ
1578 4881 1648 4912 ιον
1676 4867 1770 4912 τῶν

186 4860 245 4930 id
284 4882 403 4936 est,
438 4870 494 4924 in
547 4860 650 4922 ho'c
702 4867 881 4930 brevi;
931 4873 985 4918 et
1022 4879 1142 4936 can.
1196 4861 1301 4936 97;
1330 4860 1419 4936 '_rb'
1446 4860 1648 4936 βρέϐιρν
1676 4867 1774 4914 τῶν

185 4929 468 5014 assulatim
491 4979 506 5002 ,
540 4938 732 5014 idest,
764 4936 928 5014 breve
953 4934 1218 5014 capitum.
1267 4930 1348 5014 Ad
1405 4929 1564 5014 quem
1596 4929 1770 5014 locum

186 4999 514 5069 Theodorus
540 5007 846 5079 Balsamon,
874 4999 1074 5079 βρέϐιόν
1095 5005 1295 5079 λέγεται
1375 5001 1504 5053 κατὰ
1524 4999 1771 5079 Dina-omit:

187 5084 660 5152 abnepocypatpri.
691 5070 1008 5152 Bp_a€ioi_:ya'tp
1033 5070 1168 5126 κατᾶ
1193 5074 1453 5152 ,Λατςίγους
1481 5070 1664 5152 ηέμνω,
1690 5071 1772 5152 sui

187 5099 450 5152 συιτομος
509 5099 660 5152 papa.
692 5099 882 5148 ῧρὲυιω
911 5099 1008 5150 ’γαρ
1033 5099 1167 5126 κατα
1209 5099 1451 5148 .’ὶα“ςινυυς
1481 5099 1664 5139 reputt»,
1696 5099 1772 5148 xu.“

187 5153 417 5234 βριϐἰτα
446 5099 966 5270 (Zegqutﬁtraclri
992 5145 1237 5212 συντομία
1257 5180 1270 5203 ,
1299 5139 1350 5219 td
1373 5147 1480 5218 est,
1502 5139 1664 5192 breve
1692 5138 1775 5217 til—

188 5230 343 5270 Clllll‘
397 5232 622 5270 comnen
663 5231 774 5269 tosa
827 5221 1112 5270 scriptura.
1164 5210 1354 5263 Brevro
1397 5223 1542 5262 enim
1589 5206 1775 5260 Latine

188 5206 343 5277 citur
397 5206 774 5280 compendiosa
827 5206 1112 5280 scriptura.
1149 5206 1354 5263 'Brevio
1397 5209 1542 5262 enim
1589 5206 1776 5260 Latine

187 5290 408 5352 scindo,
436 5295 488 5341 et
520 5283 756 5340 brevitas
783 5283 1055 5352 conscisio.

273 5371 298 5399 θ
339 5345 408 5411 In
430 5357 715 5425 assignata.
734 5352 948 5425 Nempe
985 5348 1286 5425 substantia
1310 5345 1642 5425 monasterii.

275 5429 294 5468 ί
342 5426 406 5482 Si
453 5416 568 5498 qui}
619 5416 1387 5498 sordide,'etc.v_7Hicnlo’cus.
1428 5416 1780 5498 profectura

189 5496 409 5553 Joanne
465 5484 729 5549 'monacho
774 5484 868 5547 lib.
917 5507 956 5544 ιι
1000 5487 1136 5542 Vit-.e
1189 5487 1244 5542 S.
1275 5485 1512 5542 Oddonis
1571 5484 1783 5539 abbatis

193 5570 360 5625 Clun.

273 5640 299 5678 ι
339 5637 441 5690 llic
476 5641 654 5688 textus
679 5633 908 5686 habetur
927 5629 1204 5700 superiore
1229 5626 1423 5700 capite.

275 5709 302 5748 δ
348 5705 573 5773 Quando
603 5712 943 5760 revertuntur.
975 5697 1071 5756 llic
1097 5697 1354 5754 articulus
1372 5711 1495 5752 cum
1522 5702 1784 5764 sequente

512 4608 530 4641 ι
581 4589 652 4645 Ut
698 4577 994 4642 secundum
1037 4585 1201 4638 breve
1240 4583 1426 4637 subter
1473 4595 1773 4644 annexum,
1800 4577 1854 4635 D

1934 3323 2199 3395 Interrog.
2264 3324 2292 3364 κ
2350 3325 2629 3393 Quomodo
2681 3324 2881 3382 debent
2935 3329 2975 3382 ii
3029 3329 3121 3398 qui
3157 3336 3454 3398 operantur

1866 3492 1973 3532 non
2001 3484 2083 3530 est
2109 3476 2162 3530 in
2198 3476 2402 3545 Regula
2429 3490 2626 3530 excusa
2649 3474 2705 3529 S.
2731 3475 3026 3530 Pacbomii.
3054 3476 3110 3529 In
3145 3475 3250 3528 fine
3272 3483 3450 3530 tamen

1867 3545 2078 3600 articuli
2108 3546 2178 3600 55
2204 3546 2319 3599 hmo
2344 3545 2506 3598 verba
2552 3560 2672 3612 quae
2707 3545 2850 3598 hunc
2891 3552 3135 3612 spectare
3162 3545 3446 3608 videntur,

1868 3616 2213 3684 reperiuntur
2242 3631 2254 3666 :
2291 3632 2310 3663 ‹
2331 3612 2523 3668 Omnia
2552 3611 2734 3667 autem
2761 3611 3090 3667 ferramenta
3119 3623 3240 3682 post
3265 3628 3455 3682 opera-

1868 3683 2072 3753 tionem
2102 3684 2170 3753 ad
2199 3684 2423 3753 domum
2460 3683 2897 3753 reportabuntur.
2939 3701 2957 3734 ο

1946 3756 1962 3794 ί
2009 3752 2261 3807 Gallicas.
2292 3751 2495 3807 Gallica
2521 3750 2610 3807 est
2649 3750 3072 3805 calceamentum
3092 3792 3105 3815 ,
3139 3751 3296 3807 soleae
3328 3766 3453 3821 spe-

1869 3823 2002 3887 cies,
2034 3838 2139 3893 qua
2171 3829 2368 3892 praeter
2391 3822 2629 3893 inﬁmam
2658 3822 2810 3893 pedis
2842 3829 3052 3893 partem
3079 3831 3272 3893 caetera
3312 3822 3456 3877 nuda

1870 3894 1982 3948 fere
2011 3889 2265 3961 patebant
2319 3893 2581 3947 teretibus
2617 3890 2844 3945 habenis
2870 3890 3077 3958 juncta.
3109 3889 3166 3945 ld
3211 3899 3360 3960 patet
3387 3906 3456 3945 ex

1869 3963 2078 4034 Agellio
2105 3961 2197 4016 lib.
2230 3976 2323 4024 vu,
2352 3978 2470 4084 ωε.
2502 3961 2572 4015 20
2596 3979 2608 4015 :
2640 3981 2659 4011 ι
2687 3961 2937 4031 Plerique
2957 3968 3133 4014 autem
3157 3975 3223 4015 ex
3251 3961 3316 4015 iis
3335 3976 3454 4029 qua:

1871 4033 2174 4084 audierant.
2205 4032 2417 4084 require
2459 4039 2550 4084 ant
2570 4046 2669 4084 cur
2696 4031 2925 4084 soleatos
2953 4031 3196 4084 dixisset.
3223 4031 3328 4084 Sed
3354 4033 3454 4084 Ca-

1871 4031 2174 4094 atidierant,
2205 4031 2550 4100 requirebant
2570 4046 2669 4085 cur
2696 4031 2925 4097 soleatos
2953 4031 3196 4084 dixisset.
3223 4031 3328 4085 Sed
3354 4033 3455 4085 Ca-

1872 4103 2080 4159 stritius
2092 4100 2335 4170 profecto
2357 4101 2492 4155 scite
2513 4109 2567 4154 et
2593 4101 2898 4170 incorrupte
2923 4101 3133 4155 locutus
3146 4110 3258 4154 est:
3276 4101 3456 4155 omnia

1872 4174 2016 4230 enim
2044 4170 2214 4224 ferme
2235 4170 2285 4223 id
2301 4185 2491 4241 genus,
2513 4171 2707 4240 quibus
2721 4171 3025 4241 plantarum
3048 4170 3224 4241 calces
3249 4179 3456 4223 tantum

1874 4242 2072 4299 intima:
2100 4240 2375 4310 teguntur,
2412 4249 2603 4310 czetera
2631 4256 2797 4310 prope
2822 4240 2962 4295 nuda
3011 4240 3458 4310 tcretibusghabe-

1874 4315 1962 4368 nis
1979 4311 2165 4380 juncta
2195 4318 2339 4375 sunt,
2363 4309 2538 4380 soleas
2565 4309 2835 4364 dixerunt.
2857 4311 3248 4378 Nonnunquam
3264 4309 3452 4380 Grmca

1874 4379 2006 4437 voce
2028 4381 2352 4449 crepidulas.
2383 4379 2616 4435 Gallicas
2645 4390 2823 4434 autem
2850 4382 3072 4434 verbum
3098 4395 3218 4434 esse
3238 4379 3458 4433 omnino

1877 4466 2096 4512 novum,
2112 4465 2219 4504 non
2249 4459 2373 4503 ante
2394 4459 2606 4504 aetatem
2622 4450 2898 4505 Ciceronis
2921 4450 3169 4518 usurpari
3197 4459 3455 4518 emptum,

1878 4532 1984 4576 etc.
2021 4541 2040 4574 ι
2082 4519 2232 4574 Unde
2271 4519 2638 4575 Tertullianus
2676 4521 2936 4574 adversus
2983 4516 3288 4574 senatorem
3323 4516 3454 4572 Isia-

1879 4607 2003 4647 cum
2027 4609 2039 4644 ε

2067 4737 2080 4752 .
2148 4739 2159 4750 .
2234 4737 2246 4750 .
2311 4700 2568 4809 caligaque
2590 4707 2796 4755 remota,

2067 4762 2246 4809 Gallica
2267 4761 2318 4809 ﬁt
2341 4774 2399 4809 ne
2441 4764 2548 4809 Ibus
2566 4760 2697 4808 molli
2722 4773 2796 4809 ret

2064 4762 2246 4814 Gallica
2267 4761 2318 4810 tit
2340 4760 2548 4823 pedibus
2566 4760 2697 4808 molli
2722 4761 2945 4810 redimita
2968 4772 3165 4823 papyro.

1880 4863 1987 4918 Sed
2015 4863 2129 4919 lucc
2156 4862 2346 4930 gallica
2399 4862 2667 4930 comptula
2707 4870 2842 4925 erat,
2874 4878 2937 4916 ea
2972 4877 3098 4916 vero
3141 4859 3294 4927 cujus
3341 4874 3456 4912 me-

1880 4880 1987 4918 Seu
2015 4880 2129 4919 ntec
2191 4880 2346 4916 amca
2399 4880 2667 4930 compuua
2707 4880 2842 4925 erat,
2874 4880 2937 4916 ea
2972 4880 3098 4916 vero
3141 4880 3294 4927 Clljlls
3341 4880 3454 4912 me-

1878 4933 2033 4986 minit
2059 4933 2116 4986 S.
2149 4880 2469 4986 gaehomius
2489 4971 2502 4994 ,
2549 4933 2744 4985 rustica
2771 4941 2822 4985 et
2846 4933 3116 4993 militaris,
3137 4931 3284 4999 operi
3307 4936 3454 4997 apta,

1878 5002 2144 5071 etlignea.
2179 5001 2328 5071 Unde
2347 5008 2401 5054 et
2437 5000 2745 5071 huiusmodi
2771 5001 3182 5071 Agallicaahdictte
3220 5009 3340 5071 sunt
3369 5014 3462 5051 ca-

1879 5068 2029 5126 lones
2055 5088 2085 5124 a
2118 5087 2250 5125 voce
2298 5070 2700 5139 ϐηθῳνκᾶλον,
2733 5068 2805 5139 ω’
2826 5080 2942 5135 est,
2987 5068 3464 5139 lignumIGIossae

1879 5141 2067 5196 lsidori
2096 5160 2107 5194 :
2145 5139 2367 5195 Calones
2387 5179 2402 5203 ,
2430 5137 2648 5192 Gallicte
2681 5136 2925 5192 militum.

1955 5209 1968 5260 i
2020 5211 2088 5263 Ei
2113 5212 2200 5280 qui
2222 5209 2478 5280 secundus
2509 5219 2608 5280 est.
2631 5208 2684 5261 ld
2711 5216 2810 5272 est,
2839 5210 2929 5278 qui
2961 5207 3466 5280 postipraepositum

1882 5280 2063 5334 domui
2113 5275 2380 5350 prmsidet.
2427 5278 2560 5330 Nam
2598 5278 2650 5330 in
2695 5275 3024 5350 monasterio
3187 5275 3466 5330 Pachomii

1883 5351 2064 5420 plures
2092 5346 2278 5403 domus
2307 5356 2480 5420 erant,
2513 5362 2607 5400 seu
2663 5346 2864 5420 classes
2888 5389 2911 5420 ,ί
2962 5348 3471 5420 singulisque‘unus

1884 5415 2203 5489 praepositus
2227 5416 2652 5487 prmficiebatur,
2685 5415 2837 5484 cujus
2867 5415 3100 5473 vicarius
3122 5427 3238 5475 erat
3265 5417 3352 5470 hic
3377 5431 3468 5469 se-

1888 5488 2112 5544 cundus.
2145 5488 2211 5543 Ut
2235 5502 2394 5554 supra
2425 5495 2669 5540 notatum
2690 5497 2792 5540 est.

1962 5559 1986 5597 ι
2031 5558 2300 5623 Quomodo
2335 5556 2540 5626 debent,
2565 5567 2672 5610 etc.
2721 5557 2906 5611 Exstat
2939 5557 3074 5626 apud
3105 5555 3162 5610 S.
3206 5554 3467 5626 Basilium

1891 5628 2148 5698 interrog.
2179 5629 2247 5683 95
2275 5627 2404 5696 Reg.
2436 5625 2617 5694 Brev.,
2648 5636 2703 5682 et
2739 5629 2878 5697 apud
2911 5625 3162 5682 Ruﬁnum
3192 5641 3310 5696 cap.
3337 5625 3438 5681 55.
