3940 6196
467 285 609 343 1055

1494 277 1555 337 s.
1592 277 1956 336 BENEDICTI
1993 254 2735 333 annuis'msunusrs

3621 274 3744 332 ωδε

464 415 655 459 curam
702 412 894 471 gerere
940 395 1411 461 ferramentorum,
1437 405 1467 436 ι
1491 393 1807 449 utensilium
1859 407 2047 449 eorum
2077 392 2123 451 Α
2151 390 2244 459 qui
2275 404 2340 445 ea
2371 390 2725 461 operantibus
2753 389 3067 457 distribuat,
3100 398 3439 461 receptaque
3460 392 3743 449 custodiat.

466 495 535 549 de
556 494 753 564 quibus
777 492 805 531 ι)
829 488 1159 560 operantur?
1178 486 1415 558 —Resp.
1440 487 1684 542 Primum
1701 486 1920 556 quidem
1941 484 2053 540 sic—

2159 483 2229 538 Et
2252 482 2380 539 licet
2408 484 2716 552 specialiter
2743 485 2861 539 haec
2889 493 3085 540 cuncta
3108 483 3340 555 singulis
3355 494 3620 541 maneant
3640 486 3746 543 dis-

467 594 528 640 ut
551 585 694 638 vasis
714 582 830 647 Dei,
856 581 939 635 vel
963 580 1050 635 bis
1070 595 1191 649 quae
1205 579 1448 651 jamDeo
1475 586 1797 634 consecrata
1813 577 2054 642 sunt,uti
2159 575 2383 641 tributa,
2434 575 2619 630 omnia
2662 583 2844 629 tamen
2882 576 2908 614 ιι
2963 590 2995 628 a
3045 582 3199 645 patre
3243 576 3572 631 monasterii
3613 576 3750 633 ordi-

468 675 699 730 debent:
741 671 935 727 deinde
977 678 1233 740 tanquam
1262 671 1354 740 qui
1383 686 1491 725 non
1517 670 1730 741 possint
1757 669 1877 726 sine
1924 669 2059 739 ipsis
2148 677 2289 723 .nata
2315 668 2384 722 ad
2410 684 2600 723 curam
2621 667 2894 738 pmpositi
2925 667 3292 738 pertinebunt.

466 764 767 820 devotionis
794 772 848 818 et
873 762 1036 817 studii
1062 761 1426 816 emolumenta
1461 760 1737 828 consequi.

750 855 778 928 §
813 855 899 911 VI.
934 885 1006 895 —
1034 853 1167 907 Item
1200 853 1433 923 ejusdem
1466 852 1605 922 (cap.
1632 849 1776 922 104).

2258 759 2285 832 §
2318 760 2385 814 X.
2412 790 2483 799 —
2509 760 2586 814 Ex
2618 758 2836 814 Renum
2865 774 3056 814 ssuc'n
3084 757 3392 814 Funcruosr
3432 757 3575 830 (cap.
3603 759 3679 831 7).

2242 855 2257 893 ί
2294 853 2645 908 Ferramenta
2667 850 2753 906 vel
2783 851 3036 905 utensilia
3078 850 3335 920 quaelibet
3360 850 3636 906 artiﬁcum
3663 854 3750 908 sub

540 946 802 1016 Interrog.
837 945 992 1011 Quod
1019 945 1065 999 si
1105 959 1203 1012 per
1232 942 1616 1013 negligentiam
1644 945 1834 1010 pereat
1859 938 2063 1009 aliquid
2164 962 2274 1003 uno
2321 946 2662 1002 recondenda
2700 952 2827 1001 sunt
2873 945 3156 1012 conclavi,
3211 953 3266 1001 et
3315 945 3572 1000 custodia
3606 946 3754 998 unius

468 1054 535 1094 ex
576 1038 785 1093 hissaut
822 1051 919 1107 per
966 1044 1335 1104 contemptum
1386 1031 1712 1102 dissipetur?
1737 1062 1807 1071 —
1830 1030 1987 1101 Resp.
2015 1030 2065 1086 ls

471 1131 714 1201 quidem,
737 1129 831 1199 qui
861 1127 1182 1191 contemnit,
1234 1126 1386 1181 velut
1418 1125 1716 1194 sacrilegus
1737 1123 2066 1193 iudicandus

472 1230 579 1277 est.
611 1221 678 1274 Et
708 1220 802 1289 qui
828 1218 1062 1289 perdidit
1096 1231 1194 1287 per
1222 1215 1630 1286 negligentiam,
1656 1222 1713 1269 et
1740 1214 1856 1284 ipse
1889 1213 2067 1268 simile

474 1315 680 1370 crimen
724 1312 992 1366 incurrit:
1028 1325 1128 1379 pro
1167 1324 1233 1364 eo
1264 1308 1405 1377 quod
1435 1307 1619 1361 omnia
1662 1320 1782 1375 quae
1829 1305 1898 1360 ad
1936 1318 2068 1360 usus

474 1418 754 1459 servorum
785 1401 879 1455 Dei
906 1402 1160 1469 deputata
1186 1408 1332 1464 sunt,
1355 1398 1467 1452 Deo
1510 1401 1630 1451 sine
1672 1396 1837 1451 dubio
1876 1411 2069 1450 conse-

475 1502 626 1549 crata
664 1500 809 1549 sunt.
845 1489 1007 1562 (Vide
1045 1508 1208 1561 supra
1234 1490 1303 1544 ad
1331 1488 1456 1559 Reg.
1483 1489 1541 1544 S.
1566 1488 1765 1545 Bened.
1798 1489 1896 1543 hoc
1925 1488 2067 1559 cap.)

761 1585 789 1657 ᾗ
830 1584 940 1640 VII.
964 1613 1037 1624 —-
1057 1581 1195 1637 Item
1229 1582 1462 1652 ejusdem
1494 1580 1631 1652 (cap.
1670 1580 1816 1654 105).

547 1675 811 1746 Interrog.
844 1686 867 1715 ο
907 1674 1062 1741 Quod
1090 1675 1136 1730 si
1167 1689 1197 1728 a
1228 1674 1407 1744 seipso
1440 1674 1789 1729 commodare
1814 1671 2067 1738 voluerit,

2168 1040 2356 1095 fratris
2387 1038 2639 1094 industrii
2674 1046 2733 1093 et
2761 1037 2996 1108 providi.
3045 1036 3258 1107 Quique
3305 1034 3637 1108 segregatim
3675 1034 3751 1089 illa

2168 1132 2363 1186 idoneo
2391 1130 2668 1186 collocans
2699 1128 2839 1194 loco,
2885 1137 3050 1199 prout
3088 1144 3175 1185 res
3213 1128 3449 1198 expetit,
3492 1126 3755 1197 poscenti-

2167 1223 2270 1278 bus
2313 1222 2382 1277 ad
2431 1220 2767 1290 operandum
2803 1218 3066 1274 fratribus
3097 1218 3323 1283 tribuat,
3378 1226 3550 1288 atque
3578 1216 3645 1271 ad
3670 1231 3753 1271 vc-

2169 1328 2387 1383 sperum
2421 1312 2535 1367 suis
2565 1326 2630 1365 ea
2675 1310 2935 1381 colligens
2965 1310 3101 1366 locis
3146 1324 3335 1364 curam
3380 1307 3649 1373 habebit;
3697 1322 3755 1361 ne

2169 1403 2299 1473 quid
2326 1402 2393 1456 de
2417 1401 2505 1457 bis
2535 1408 2632 1455 aut
2667 1409 2876 1470 pereat,
2905 1408 3000 1454 aut
3026 1414 3124 1470 per
3163 1398 3555 1471 negligentiam
3585 1397 3601 1448 i
3632 1413 3757 1453 ern-

2169 1492 2340 1563 ginet,
2368 1492 2452 1546 vel
2489 1491 2730 1562 qualibet
2752 1492 3041 1547 occasione
3062 1491 3308 1547 vilescat.

2334 1585 2362 1657 ᾗ
2395 1585 2484 1640 XI.
2534 1615 2607 1625 —
2640 1586 2721 1640 Ex
2750 1585 2971 1642 Rasum
2996 1585 3262 1641 Macrsrnt
3297 1582 3436 1656 (cap.
3472 1583 3588 1654 l7).

2244 1675 2272 1716 ι
2300 1673 2653 1731 Ferramenta
2685 1676 3001 1733 monasterii
3043 1676 3099 1730 in
3128 1691 3236 1730 uno
3258 1675 3649 1730 contineantur
3669 1687 3757 1728 cu-

478 1776 573 1821 aut
597 1766 845 1835 accipere
871 1764 939 1819 ab
965 1765 1104 1821 alio?
1130 1796 1202 1806 —
1237 1766 1397 1836 Resp.
1431 1766 1714 1837 Tanquam
1740 1765 1981 1823 insolens
2016 1775 2074 1821 et
2099 1762 2148 1821 B
2170 1767 2374 1833 biculo,
2406 1774 2461 1822 et
2486 1767 2579 1821 uni
2609 1766 2790 1835 fratri,
2823 1765 2979 1835 cujus
3014 1766 3350 1836 diligentiam
3377 1764 3555 1820 abbas
3578 1780 3761 1835 cogno-

478 1856 800 1912 temerarius
852 1856 1134 1911 habendus
1182 1864 1288 1911 est.
1316 1854 1344 1895 ἀ
1377 1855 1503 1911 Haec
1544 1856 1693 1911 enim
1742 1871 1932 1911 eorum
1983 1856 2076 1925 qui

478 1954 719 2018 praesunt
741 1954 797 2001 et
823 1961 1011 2001 curam
1058 1944 1478 2016 dispensationis
1504 1953 1721 2013 gemat,
1750 1943 1926 2001 oﬁicia
1954 1959 2080 2015 pro-

482 2038 605 2109 pria
631 2043 775 2092 sunt.

750 2124 779 2197 ς
808 2123 941 2180 VIII.
975 2155 1045 2164 —
1068 2123 1203 2179 Irsu
1235 2140 1465 2180 unseen
1498 2123 1637 2196 (cap.
1668 2123 1815 2197 106).

555 2215 821 2286 Interrog.
872 2227 895 2255 ο
931 2215 1085 2283 Quod
1125 2216 1172 2270 si
1218 2216 1519 2272 necessitas
1559 2226 1752 2287 poscat
1788 2225 1850 2272 ut
1891 2216 1939 2274 is
1984 2217 2079 2288 qui

483 2314 684 2377 praeest
697 2306 940 2375 requirat
960 2307 1028 2360 ab
1048 2306 1230 2375 aliquo
1251 2322 1443 2362 eorum
1460 2322 1555 2363 vas
1567 2308 1651 2362 vel
1666 2307 2077 2375 ferramentum,

485 2404 542 2449 et
573 2395 966 2450 centradixerit
986 2396 1010 2449 ?
1034 2425 1104 2436 —
1126 2394 1285 2466 Resp.
1328 2395 1432 2463 Qui
1459 2412 1518 2452 se
1546 2397 1720 2468 ipsum
1752 2408 1808 2453 et
1834 2402 2080 2456 membra

486 2500 587 2541 sua
640 2485 857 2540 tradidit
916 2485 970 2540 in
1012 2484 1239 2542 alterius
1292 2495 1616 2556 potestatem
1667 2498 1890 2561 propter
1926 2507 2081 2546 man-

485 2574 672 2631 datum
701 2575 960 2642 Domini,
1009 2576 1283 2646 quomodo
1330 2576 1518 2633 licebit
1562 2580 1612 2634 ei
1643 2580 1711 2635 de
1757 2582 2080 2639 utensilibus

486 2670 864 2725 contradicere
899 2668 918 2708 ί
954 2669 1084 2725 huic
1120 2669 1430 2740 praecipue,
1479 2671 1567 2726 cui
1611 2687 1740 2727 cura
1787 2675 2080 2732 commissa

489 2774 578 2819 est
597 2765 621 2819 ?

580 2857 608 2929 §
636 2858 726 2911 IX.
760 2888 833 2899 —
858 2857 939 2914 Ex
970 2857 1191 2917 Renum
1217 2877 1408 2918 SANC'I'I
1447 2861 1647 2917 lsmom
1689 2862 1827 2935 (cap.
1856 2861 1971 2935 20).

563 2950 590 2989 ⁸
619 2946 1064 3006 Strumentorum
1141 2953 1424 3019 custodia,
1495 2952 1949 3009 ferramentorum
2013 2954 2081 3008 ad

489 3055 680 3108 unum,
714 3057 875 3112 quem
903 3053 1059 3115 pater
1080 3046 1474 3102 monachorum
1499 3045 1746 3117 elegerit,
1768 3045 2079 3117 pertinebit,

492 3246 526 3302 ﬁ
565 3175 958 3301 ιηιξιεηδὶιὶυηι.
1011 3178 1187 3250 Lege,
1235 3179 1313 3235 vel
1361 3179 1682 3245 utensilium,
1713 3186 1774 3233 ut
1799 3178 1940 3261 apud
1966 3177 2081 3232 Rus

531 3264 601 3301 nu
668 3287 681 3300 .

531 3263 952 3389 Ingmoperantur.
997 3317 1075 3372 Ita
1123 3317 1264 3389 apud
1297 3318 1575 3374 Rufinum.
1626 3319 1800 3374 Aliter
1847 3318 1903 3373 in
1933 3326 2084 3373 textu

492 3384 713 3468 Grteco':
736 3384 1372 3468 Πιπιστιυμένων-αὺτοῖς,
1400 3389 1453 3444 id
1476 3397 1582 3455 est,
1619 3408 1637 3441 ι
1668 3405 1788 3460 (iure
1810 3389 1913 3445 sibi
1939 3403 2087 3445 com-

498 3465 663 3512 missa
694 3465 836 3510 sunt.
870 3476 889 3510 ι

498 3595 511 3599 _
568 3537 592 3565 ο
620 3524 774 3590 Quod
798 3527 844 3581 si
873 3544 905 3580 α
937 3544 991 3581 se
1016 3527 1423 3599 ipsotlnvenire
1451 3536 1536 3584 est
1562 3528 1706 3599 apud
1733 3528 1793 3584 8.
1822 3528 2086 3586 Basilium

497 3595 689 3668 interr.
715 3605 937 3668 seq.,et
971 3595 1112 3667 apud
1146 3597 1398 3652 Rufinum
1429 3600 1553 3653 eod.
1580 3595 1702 3668 cap.

566 3664 594 3704 ἀ
636 3664 766 3738 Haec
793 3664 932 3738 enim
948 3664 1143 3738 eorum
1172 3668 1261 3738 qui
1295 3678 1549 3738 prtrsunt.
1587 3664 1714 3738 Haec
1736 3682 1848 3725 non
1875 3666 2087 3738 suntin

496 3741 647 3788 textu
673 3734 882 3789 Grazco.
914 3736 1065 3791 Mens
1092 3734 1270 3791 autem
1296 3734 1470 3791 sancti
1485 3737 1667 3793 Basilii
1699 3737 1813 3791 haec
1840 3746 1924 3791 est
1950 3755 1964 3790 :
1992 3737 2087 3802 Ilt,

496 3803 532 3857 ii
584 3804 683 3858 soli
733 3805 944 3873 possint
995 3807 1336 3861 commodato
1380 3807 1741 3861 instrumenta
1782 3822 1875 3861 seu
1918 3806 2090 3862 ferra-

497 3882 679 3958 menta
710 3875 841 3958 dare
859 3884 963 3957 .aut
989 3877 1252 3958 accipere,
1284 3876 1376 3946 qui
1400 3891 1586 3958 eorum
1611 3892 1798 3958 eligam
1821 3884 2039 3958 gerunt.

575 3943 782 4017 e_Quod
824 3946 885 4017 si
920 3943 1197 4000 necessitas
1241 3943 1467 4017 poscat,
1506 3954 1612 4012 etc.
1664 3943 1922 4017 Habet'ur
1950 3947 2090 4015 apud

498 4011 846 4138 ἓὸᾱιὲῗῐῗίιὶυω
876 4016 1065 4071 interr.
1099 4011 1252 4085 sequi
1285 4015 1417 4086 Reg.
1440 4011 1531 4069 Br.
1567 4025 1622 4070 et
1648 4017 1790 4087 apud
1813 4015 1938 4072 Ruf.
1966 4011 2087 4086 cap.

575 4151 595 4189 ί
631 4150 773 4229 Huic
797 4153 1097 4240 ριῃεείρμιε,⁸
1125 4161 1232 4209 etc.
1268 4152 1436 4240 Paulo
1464 4155 1623 4240 aliter
1651 4155 1703 4240 in
1735 4155 1967 4240 Graeco}
2008 4164 2092 4229 Τῷ

497 4225 812 4297 «posca-(Bri,
846 4225 885 4294 ᾧ
919 4225 1005 4276 καὶ
1032 4231 1131 4297 τῶν
1163 4232 1355 4297 σκιερῶν
1392 4227 1422 4283 ἦ
1448 4229 1647 4297 φροντὶς
1671 4227 1870 4297 ἀνῆκεν,
1905 4225 1956 4297 id
1983 4225 2089 4291 est,

505 4290 824 4357 (antistiti,
858 4290 933 4346 ἐι
975 4292 1141 4347 etiam
1189 4293 1276 4348 cui
1314 4290 1776 4349 cura'eommissa
1803 4302 1888 4350 est
1922 4293 2093 4349 ferra-

503 4369 830 4417 mentorum.
871 4380 889 4414 ι

575 4432 601 4471 8
629 4429 1048 4515 Strumentorum
1086 4432 1362 4515 custodia,
1416 4440 1520 4515 etc.
1571 4432 2011 4515 Ηειξαλιπὼθηψτ
2032 4434 2086 4489 in
2113 4456 2167 4515 ι)

500 4500 636 4571 Reg.
688 4516 888 4557 excusa
909 4502 1031 4556 eod.
1067 4518 1188 4571 cap.
1226 4503 1318 4558 ubi
1344 4503 1580 4571 legitur:
1613 4502 2089 4559 Instrumentorum

499 4580 551 4626 ct
585 4571 1025 4639 ferramentorum
1073 4571 1332 4627 custodia.
1398 4571 1837 4629 Strumentorum
1884 4582 2084 4639 autem,

500 4657 601 4713 pro
631 4641 1135 4713 instrumentorum.
1182 4641 1315 4713 Vide
1343 4659 1527 4713 supra.

573 4710 601 4750 ιι
632 4706 877 4832 ΑιΡᾳςνε
909 4712 1235 4766 monasterii.
1288 4712 1348 4768 In
1379 4706 1584 4785 Regula
1620 4728 1825 4769 excusa
1854 4712 2007 4770 deest
2031 4715 2089 4770 τὸ

573 4796 688 4832 mas
713 4795 830 4832 cm.

502 4795 830 4834 monasterii.

580 4851 615 4923 i_
634 4847 1101 4923 Ferramenta_vel
1122 4850 1387 4923 utensilia,
1417 4860 1542 4923 etc.
1575 4851 1701 4923 Haec
1741 4853 2088 4923 reperiuntur

502 4919 565 5043 in)
582 4919 716 5043 lReg.
750 4935 852 5045 ms].
885 4920 943 4976 8.
977 4920 1264 4977 Fructuosi
1307 4921 1701 4994 archiepiscopi
1740 4919 1862 4979 cod.
1896 4923 2081 4978 Crass.

569 5009 581 5041 ι
608 5030 620 5042 .
686 5006 771 5045 an.
840 5030 854 5044 .

499 5004 620 5043 εοα.
654 5005 771 5044 (⁸3.1).
803 5004 854 5044 Ἱ.

577 5006 925 5133 ῗξὲᾟθξίίει.
950 5060 1007 5116 Id
1036 5070 1135 5123 est,
1163 5062 1456 5133 :eruginem
1481 5064 1789 5127 contrahat,
1825 5064 1899 5119 ita
1921 5062 2083 5118 etiam

502 5125 741 5203 loquitur
766 5125 1022 5203 Magister
1048 5147 1167 5202 cap.
1207 5125 1313 5186 17':
1370 5150 1389 5183 ο
1420 5131 1557 5199 Quia
1604 5125 1797 5190 exinde
1825 5133 2089 5202 :eruginat

503 5195 910 5255 ferramentum.
950 5222 969 5254 ι

576 5267 600 5305 κ
638 5267 981 5325 Ferramenta
1008 5273 1331 5326 monasterii.
1363 5271 1489 5328 Haec
1513 5273 1781 5329 habentur
1808 5273 1860 5327 in
1889 5271 1955 5326 Β.
1984 5270 2085 5328 Ms.

504 5336 624 5411 cod.
655 5337 816 5411 Corb.
846 5342 1041 5411 eodem,
1063 5343 1256 5411 capite.

542 5474 554 5486 .
582 5405 600 5445 ι
632 5409 673 5461 Α
703 5405 1155 5486 disjungentibusI_
1178 5411 1376 5483 Supple
1400 5429 1476 5479 se,
1507 5412 1560 5467 id
1585 5421 1691 5480 est,
1712 5413 1805 5483 qui
1829 5427 1888 5467 se
1912 5414 1980 5469 ab
2005 5417 2090 5471 in-

504 5481 683 5553 vieenl
707 5488 960 5553 separant
984 5481 1459 5553 completo’opere.

577 5557 616 5585 ιιι
642 5548 719 5619 pe
746 5566 890 5617 agro.
918 5548 1048 5619 Sup.
1079 5548 1347 5607 reversus.

567 5625 607 5691 ,ιι
637 5616 1013 5691 Βευᾳὸαιξενὶςξ
1041 5620 1095 5672 id
1140 5630 1241 5681 est,
1292 5623 1604 5677 reddiderit.
1654 5621 1789 5675 Nam
1830 5635 2088 5676 revocare

508 5680 798 5761 aliquando
829 5686 1095 5753 significat
1124 5680 1366 5747 reddere.
1407 5693 1570 5747 Cone.
1618 5692 1926 5761 Agathensc
1961 5707 2083 5747 can.

2176 1862 2356 1927 verit,
2417 1875 2606 1916 eorum
2651 1858 3151 1916 conservandorum
3196 1873 3388 1915 curam
3445 1859 3757 1913 committat.

2176 1952 2278 2020 Qui
2302 1952 2547 2022 quotidie
2575 1950 2839 2007 fratribus
2873 1950 2940 2005 ad
2980 1950 3227 2006 facienda
3270 1965 3439 2021 Opera
3482 1951 3761 2021 consignet

2176 2044 2243 2101 ad
2274 2060 2587 2111 numerum,
2614 2052 2671 2099 et
2704 2060 2736 2098 a
2769 2042 2788 2082 ι
2814 2041 3253 2114 disjungentibus
3291 2041 3551 2098 similiter
3578 2045 3761 2099 munda

2175 2135 2292 2206 ipsa
2317 2136 2545 2206 recipiat
2581 2144 2637 2190 et
2678 2142 2931 2204 reponat,
2970 2135 3136 2190 breve
3173 2134 3241 2189 de
3269 2134 3528 2189 omnibus
3558 2142 3761 2191 tenente

2177 2226 2393 2282 abbate.
2448 2225 2550 2293 Qui
2576 2241 2709 2282 vero
2738 2224 2910 2280 frater
2935 2239 3046 2280 non
3076 2224 3336 2278 mundum
3375 2223 3759 2279 ferramentum

2178 2334 2211 2375 a
2243 2329 2392 2375 terra
2415 2331 2457 2359 ω
2488 2319 2555 2373 de
2580 2332 2713 2389 agro
2746 2327 2773 2354 ιι
2802 2316 3157 2393 revocaverit,
3191 2323 3484 2370 accusatus
3529 2315 3598 2370 ad
3624 2331 3763 2370 men-

2177 2426 2296 2467 sam
2326 2426 2356 2465 a
2386 2410 2608 2465 custode
2648 2407 3107 2464 ferramentorum
3134 2422 3310 2477 paenae
3348 2407 3577 2462 nomine
3605 2408 3659 2461 in
3688 2422 3761 2461 re-

2178 2499 2412 2557 fectione
2443 2500 2499 2553 in
2527 2498 2777 2569 portione
2801 2498 2961 2568 panis
3007 2498 3090 2553 sui
3117 2512 3282 2551 unam
3321 2504 3347 2531 ο
3377 2497 3645 2566 quadram
3674 2497 3760 2550 mi.

2180 2608 2284 2648 nus
2308 2591 2544 2662 accipiat
2567 2604 2741 2661 usque
2786 2591 2857 2646 ad
2901 2588 3348 2655 satisfactionem,
3396 2588 3485 2644 vel
3525 2589 3758 2644 emenda-

2179 2685 2385 2739 tionem
2433 2682 2759 2753 promissam
2794 2701 2807 2736 :
2863 2683 2990 2751 quia
3045 2681 3243 2737 exinde
3286 2681 3559 2751 a3ruginat
3593 2679 3758 2735 "ferra-

2180 2783 2447 2839 mentum,
2492 2789 2618 2830 cum
2662 2773 2924 2828 mundum
2960 2788 3067 2827 non
3110 2771 3277 2827 fuerit
3303 2771 3757 2842 positum-Simul

2180 2865 2347 2921 etiam
2395 2872 2452 2920 et
2497 2863 2613 2933 ipse
2663 2861 2831 2918 frater
2881 2864 3228 2934 consignatas
3266 2862 3469 2918 habeat
3506 2872 3673 2929 cotes,
3712 2871 3759 2916 et

2183 2957 2437 3028 spongias
2462 2954 2866 3021 calciariorum,
2886 2965 2913 3004 ι)
2932 2954 3233 3025 facitergia,
3264 2971 3493 3025 mappas
3516 2954 3603 3011 vel
3627 2965 3654 3005 ς
3682 2970 3759 3009 sa-

2184 3045 2325 3101 bana
2352 3064 2366 3101 :
2397 3046 2648 3102 similiter
2669 3054 2726 3102 et
2760 3061 2943 3101 arcam
2970 3060 3092 3103 cum
3127 3048 3291 3103 rebus
3315 3047 3550 3111 abbatis,
3581 3045 3664 3103 vel
3687 3062 3762 3102 ar-

2182 3177 2252 3232 27
2276 3179 2343 3232 de
2362 3178 2588 3247 fugitivo
2608 3179 2878 3234 monacho
2903 3194 2916 3231 :
2954 3196 2972 3229 ‹
3004 3176 3111 3233 Sed
3136 3178 3445 3248 ubicunque
3470 3178 3654 3242 fuerit,
3680 3179 3762 3232 ab

2182 3248 2294 3304 bati
2350 3264 2449 3303 suo
2504 3249 2831 3306 auctoritate
2860 3262 3131 3304 canonum
3181 3258 3487 3314 revocetur,
3526 3268 3545 3301 ι
3592 3249 3759 3310 idest,

2184 3317 2461 3373 reddatur.

2260 3394 2286 3423 ο
2316 3387 2609 3453 Quadram.
2652 3387 2871 3455 Quadra
2919 3395 3005 3443 est
3053 3386 3286 3442 frustum
3332 3388 3532 3456 panis,

2182 3472 2310 3527 pars
2345 3458 2520 3527 panis.
2561 3457 2766 3513 Glossaa
2794 3465 3011 3513 veteres
3034 3476 3060 3527 7:,
3104 3457 3342 3523 Quadra,
3392 3459 3571 3519 τόπος.

2183 3526 2359 3598 τόμος.
2388 3527 2441 3582 id
2466 3534 2568 3591 est,
2600 3526 2830 3583 frustum
2850 3568 2865 3593 ,
2896 3536 2957 3582 ut
2996 3526 3125 3582 olim
3155 3543 3185 3582 a
3210 3527 3386 3607 doctis
3417 3539 3504 3583 est
3529 3543 3648 3583 eme

2186 3603 2321 3651 tum.
2356 3596 2556 3652 Mentio
2583 3595 2644 3651 Ilt
2672 3598 2813 3668 apud
2834 3597 3168 3663 Iuvenalem,
3207 3595 3323 3651 Sat.
3350 3597 3383 3651 5
3409 3615 3424 3651 :

2310 3705 2376 3756 Ut
2400 3707 2527 3756 bona
2549 3719 2736 3758 summa
2761 3712 2909 3771 putes
2932 3706 3094 3759 aliena
3114 3709 3285 3759 vivere
3304 3708 3507 3769 quadra.

2188 3800 2296 3859 Sed
2315 3800 2744 3875 proverbialiter
2767 3802 2992 3875 dictum.
3036 3802 3332 3859 Faciebant
3356 3802 3587 3859 Romani
3614 3818 3761 3875 panes

2188 3871 2484 3945 quadratos
2517 3871 2783 3945 habentes
2827 3872 3133 3945 incisurasg;
3170 3881 3243 3945 et
3283 3871 3631 3945 unaquaque
3648 3888 3758 3945 pars

2190 3941 2284 3998 seu
2314 3941 2551 4011 incisura
2599 3941 2802 3997 dicitur
2828 3942 3057 4011 quadra.
3095 3943 3388 3998 Athenaeus
3410 3941 3538 3998 _Iih.'
3567 3960 3615 3998 ιε
3645 3941 3759 3998 illu-

2190 4015 2339 4087 isione
2357 4032 2413 4067 τι
2439 4008 2632 4083 ἄρτους
2648 4008 2997 4087 Δὀνομὸςζὶοςθᾳι
3022 4014 3155 4087 λέγει
3181 4015 3302 4087 τρὺξ
3323 4012 3548 4087 ἔχοντας
3569 4017 3757 4087 iuraui:

2189 4081 2276 4144 se;
2307 4081 2865 4158 'Pwpai’ot_io_dparouc
2904 4081 3135 4158 157030},
3180 4081 3388 4158 idest;
3404 4103 3430 4158 ς
3468 4081 3758 4158 buccclalqs

2228 4166 2360 4223 anes
2386 4150 2642 4223 appellari
2672 4150 2823 4223 dicit,
2857 4150 2993 4222 quos
3021 4153 3249 4208 Romani
3276 4153 3576 4223 quadratos
3602 4153 3758 4223 appel-

2199 4168 2360 4275 panes
2386 4168 2642 4275 aBpeual'l
2672 4168 2823 4217 dicit,
2857 4168 2993 4222 quos
3024 4168 3249 4208 Romam
3276 4168 3576 4277 gnam-ams
3602 4168 3756 4223 appet-

2199 4228 2323 4311 _ant,
2344 4222 2606 4311 bauentes
2631 4222 2899 4311 incisuras
2914 4237 2995 4311 sui
3023 4223 3270 4311 meminit
3322 4224 3756 4311 ttitiait‘xodpirpi

2193 4291 2371 4368 ἄρτος.
2408 4291 2461 4346 id
2491 4300 2608 4357 est,
2648 4310 2666 4343 ι
2700 4292 3000 4360 quadratus
3022 4294 3214 4363 panis:
3254 4312 3273 4345 ι
3327 4294 3401 4348 ita
3436 4295 3613 4349 dictus
3636 4291 3756 4365 quod

2192 4362 2416 4437 haberet
2443 4370 2675 4437 quatuor
2709 4361 3093 4437 inci_s_uras_seu
3123 4362 3377 4437 quadras_,
3403 4374 3470 4437 ut
3494 4366 3671 4437 videre
3688 4370 3757 4437 est
3832 4434 3835 4437 _

2193 4374 2416 4417 haberet
2443 4374 2675 4488 (gnatum
2709 4374 2978 4417 mensuras
3001 4378 3093 4418 seu
3123 4374 3377 4433 quaeras,
3403 4374 3467 4418 ut
3494 4374 3671 4419 videre
3688 4374 3756 4419 est

2192 4432 2334 4503 apud
2363 4430 2420 4505 S_.
2503 4432 2773 4505 regorium
2794 4432 2890 4505 lib.
2921 4448 2939 4487 ι
2964 4433 3126 4505 Dial.,
3146 4449 3201 4505 ρ.
3232 4449 3297 4497 ιι,
3337 4435 3403 4488 de
3439 4433 3498 4489 S.
3526 4434 3756 4505 Martyris

2191 4502 2456 4572 monacho
2476 4502 2768 4572 provinciae
2794 4502 3023 4558 Valeria:
3047 4521 3061 4557 :
3097 4521 3115 4554 ι
3144 4503 3543 4572 Dumquadam
3565 4505 3647 4559 die
3659 4502 3756 4557 'fra-

2189 4581 2305 4628 tres
2365 4571 2508 4626 illius
2555 4587 2749 4642 panem
2799 4572 3219 4628 subcinericium
3276 4571 3558 4638 fecissent,
3617 4574 3753 4641 eique

2189 4642 2338 4725 obliti
2364 4650 2547 4724 essent
2574 4643 2788 4726 signum
2814 4644 2993 4725 crucis
3040 4644 3372 4725 imprimere,
3395 4645 3549 4726 _sicut
3594 4645 3642 4726 in
3666 4645 3751 4698 bac

2188 4711 2469 4792 provincia
2499 4711 2866 4792 crudi_panes
2907 4713 3063 4792 signo
3094 4711 3298 4792 signari
3330 4714 3527 4792 solent,
3576 4722 3629 4768 ut
3668 4726 3751 4792 per

2189 4783 2423 4905 εἰωθότες
2434 4782 2621 4865 partiti
2634 4782 2936 4865 videantur.
2951 4782 2975 4835 ἰ
2986 4784 3128 4865 Idem
3150 4782 3317 4837 etiam
3339 4783 3510 4853 liquet
3530 4798 3593 4837 es
3611 4782 3744 4852 epist.

2237 4851 2549 4905 heodemart
2576 4851 2786 4905 abbatis
2801 4853 3110 4905 Casmensns
3133 4852 3201 4905 ad
3221 4850 3475 4905 Carolum
3502 4852 3744 4905 Magnum.

2237 4851 2549 4923 heodemari
2576 4851 2786 4923 abbatis
2801 4853 3110 4909 Casinensis
3133 4852 3201 4908 ad
3221 4850 3475 4909 Carolum
3502 4850 3744 4923 Magnum,

2190 4921 2235 4977 si
2263 4922 2423 4976 modo
2451 4921 2594 4976 illius
2620 4921 2709 4976 sit.

2263 5001 2291 5064 If
2311 4989 2632 5064 Facitergig.
2665 4989 2807 5064 _Sunt
2823 4993 3127 5062 mappullaa,
3154 4990 3375 5064 sudaria
3395 4989 3745 5064 tergendis};-

2190 5061 2299 5133 eiei
2320 5059 2541 5133 idonea.
2567 5059 2624 5116 8.
2671 5059 2926 5117 Isidorus
2945 5059 3068 5118 libr.
3099 5079 3154 5117 ix
3177 5061 3462 5133 Originum
3483 5059 3626 5133 'cap.
3650 5059 3743 5113 26:

2197 5149 2217 5183 ι
2251 5130 2619 5201 'Faciterginm
2648 5140 2704 5186 et
2732 5134 3125 5203 manuterginm
3152 5147 3199 5203 a7
3223 5130 3485 5203 tergendo
3505 5130 3681 5187 faciem
3700 5138 3747 5183 et

2192 5216 2385 5257 manus
2434 5200 2677 5256 vocatur.
2738 5220 2757 5253 ι
2816 5200 3508 5258 Glossze-Arabieo-Latinae
3570 5203 3743 5257 dicta:

2197 5270 2615 5345 t_Facitergium
2647 5280 2704 5325 et
2750 5272 3146 5341 manutergium
3194 5271 3278 5326 vel
3320 5287 3354 5327 a
3400 5272 3650 5345 tergendo
3672 5267 3742 5322 fa-

2193 5343 2332 5398 ciem
2362 5341 2445 5395 vel
2475 5356 2668 5396 manus
2700 5350 2970 5395 vocatum.
3005 5361 3024 5394 ι

2261 5422 2289 5462 ιι
2319 5409 2554 5466 Sabana.
2582 5409 2726 5481 Idem
2750 5410 2987 5465 lsidorus
3008 5426 3056 5465 c.
3096 5411 3162 5466 19
3188 5429 3199 5463 :
3252 5428 3271 5462 ι
3299 5411 3541 5481 Mappas,
3567 5409 3741 5481 sabana

2191 5488 2246 5535 et
2272 5481 2584 5550 facitergia:
2616 5499 2633 5531 ι
2669 5479 2940 5550 Sabanum
2963 5489 3048 5535 est
3073 5482 3312 5535 linteum.
3337 5479 3745 5550 Classes-Grame-

2193 5550 2431 5605 Latinae:
2470 5545 2712 5616 ἒάϐανον,
2751 5549 3031 5615 Lentium;
3086 5551 3230 5621 lege,
3276 5549 3521 5621 linteum.
3566 5548 3621 5621 8.
3661 5545 3744 5600 [sic

2193 5622 2355 5675 dorus
2384 5635 2501 5691 cap.
2534 5622 2701 5675 citato
2748 5635 2915 5691 agens
2942 5621 3007 5675 de
3052 5619 3229 5676 linteis
3276 5620 3352 5673 ait
3374 5638 3461 5691 ε]
3492 5619 3739 5691 Sgbannm

2193 5705 2386 5747 nomen
2415 5684 2679 5749 G'rzecnm.
2717 5710 2735 5744 ι
2768 5684 2909 5747 fdem
2938 5690 3152 5761 planum
3187 5699 3267 5747 est
3306 5704 3374 5746 ex
3403 5689 3464 5745 D.
3505 5684 3738 5759 Gregorio

3657 3397 3761 3442 arta
