3940 6196
387 245 412 302 ί
423 243 527 300 059

1401 235 1459 292 S.
1497 235 1856 292 BENEDICTI
1891 234 2182 292 ABBATIS
2219 231 2629 290 ANIANENSIS

3516 240 3656 295 £060

388 361 526 416 nihil
553 359 770 414 omnino
800 375 813 411 :
842 369 866 398 α
899 355 1095 424 quippe
1137 352 1333 421 quibus
1365 351 1396 392 ιι
1439 365 1540 406 nec
1569 365 1795 420 corpora
1833 364 1952 414 sua,
1983 353 2034 411 Α
2058 346 2333 417 palliolum
2355 388 2370 412 ,
2407 355 2500 400 aut
2538 346 2708 416 epula:
2753 346 3032 415 lautiores,
3082 358 3176 404 aut
3223 347 3418 404 melior
3457 349 3653 418 lecms,

392 465 495 506 nec
520 449 822 504 voluntates
841 445 969 499 licet
999 444 1201 498 habere
1237 453 1259 481 ε
1300 443 1353 496 ἰιι
1403 443 1623 512 propria
1649 449 1916 520 potestate
1947 458 1959 494 :

392 540 573 595 omnia
596 553 722 591 vero
749 535 1053 591 necessaria
1076 534 1102 573 ἀ
1127 548 1158 588 a
1184 534 1348 588 Patre
1378 548 1602 604 sperare
1627 533 1962 588 monasterii.

393 631 503 685 Nec
542 630 831 698 quidquam
871 628 1029 683 liceat
1055 628 1276 690 habere,
1304 626 1448 695 quod
1475 626 1644 681 abbas
1665 641 1770 680 non
1801 625 1963 680 dede-

393 720 483 783 rit,
539 717 984 786 autpermiserit.
1034 715 1333 785 Omniaque
1371 716 1623 771 omnibus
1672 716 1782 770 sint
1819 731 1969 770 com—

390 809 573 862 munia
605 827 616 861 :
645 816 718 871 ut,
751 809 892 863 sicut
937 808 1195 877 scriptum
1219 815 1302 861 est
1327 806 1465 878 (Act.
1497 805 1594 879 tv),
1636 819 1659 847 ο
1690 824 1790 864 nec
1818 809 1968 878 quis-

391 915 554 969 quam
582 915 736 953 suum
762 898 967 964 aliquid
996 897 1012 935 ῖ
1043 898 1207 963 dicat,
1247 897 1331 952 vel
1363 907 1674 967 praesumat.
1730 898 1881 965 Quod
1920 900 1968 954 si

393 992 679 1060 quisquam
724 992 748 1028 ⁸
770 990 897 1044 huic
928 987 1258 1057 nequissimo
1298 988 1428 1041 vitio
1461 989 1826 1060 deprehensus
1855 988 1970 1044 fue-

393 1085 464 1136 rit
507 1080 786 1145 delcctari,
838 1080 1144 1134 admonitus
1184 1078 1350 1132 semel
1383 1088 1440 1132 et
1489 1079 1708 1144 iterum,
1760 1079 1808 1135 si
1851 1095 1961 1134 non

394 1173 784 1235 emendaverit,
818 1172 844 1211 h
867 1169 1194 1238 correptioni
1229 1167 1525 1236 suhjaceat.

709 1262 819 1334 §ll.
847 1292 916 1301 —
947 1261 1025 1314 Ex
1063 1275 1326 1315 noenum
1368 1258 1626 1314 Onsmsu.

467 1356 595 1422 Quae
637 1353 792 1407 nobis
829 1352 1042 1405 occasio
1067 1350 1254 1403 relicta
1283 1358 1365 1404 est
1396 1359 1455 1402 ut
1495 1349 1789 1404 habeamus
1814 1349 1970 1418 quid-

393 1446 541 1516 piam
572 1443 847 1514 proprium
891 1458 918 1495 a
955 1440 1188 1494 funiculo
1216 1455 1386 1509 usque
1426 1441 1493 1495 ab
1534 1441 1821 1511 corrigiam
1856 1441 1968 1496 cal-

394 1537 680 1600 ccamenti,
717 1537 732 1574 ί
768 1550 889 1588 cum
910 1533 1206 1588 habeamus
1225 1532 1539 1601 praepositos
1567 1532 1658 1602 qui
1686 1548 1785 1602 pro
1814 1533 1970 1588 nobis

394 1643 516 1682 cum
565 1627 758 1680 timore
801 1633 855 1679 et
903 1635 1136 1679 tremore
1182 1622 1397 1676 solliciti
1437 1630 1562 1676 sunt
1613 1630 1720 1676 tam
1763 1623 1816 1677 in
1850 1623 1970 1679 cibo

2065 439 2412 499 cumomnia
2464 439 2518 492 in
2548 453 2835 495 commune
2881 441 2991 495 sint
3025 452 3356 511 prteparata,
3392 452 3448 497 et
3491 459 3655 501 cruce

2063 529 2263 584 Christi
2293 529 2424 583 nihil
2448 530 2475 569 ιι
2505 528 2694 584 durius
2723 531 2830 586 sit?
2858 529 2875 570 ι
2906 531 3077 604 [quia]
3095 531 3251 599 juxta
3277 548 3443 602 quam
3471 537 3656 590 viven-

2065 627 2148 675 tes
2175 630 2360 689 patres
2385 622 2555 675 nostri
2584 620 2988 675 zediflcaverunt
3012 637 3112 676 nos
3138 638 3302 692 supra
3329 623 3656 679 fundamen-

2066 720 2180 765 tum
2234 710 2602 780 apostolorum
2643 718 2700 764 et
2720 711 3130 781 pr0phetarum,
3165 722 3220 768 et
3242 715 3652 785 evangeliorum

2066 800 2425 870 disciplinam,
2455 815 2577 869 quae
2611 799 2851 870 angulari
2881 800 3056 870 lapide
3083 803 3394 858 continetur
3425 804 3654 862 Domino

2065 889 2192 945 Jesu
2233 891 2468 954 Christo,
2501 906 2662 960 quem
2703 901 2992 960 sequentes
3039 893 3106 947 de
3140 893 3425 948 mortifera
3453 908 3490 934 ω
3521 896 3648 950 alti-

2067 980 2252 1033 tudine
2283 981 2351 1035 ad
2372 979 2589 1034 vitalem
2611 981 2989 1036 descendimus
3010 983 3397 1050 humilitatem,
3430 988 3652 1045 divitias

2067 1077 2385 1139 paupertate
2412 1079 2704 1135 mutantes,
2735 1079 2791 1124 et
2814 1071 3036 1126 delicias
3062 1073 3298 1143 simplici
3323 1077 3466 1131 cibo.

2103 1158 2131 1230 §
2168 1144 2251 1213 lll'.
2279 1189 2353 1200 -—
2378 1159 2458 1212 Ex
2495 1159 2714 1215 Rasum
2750 1176 2938 1216 SANCTI
2976 1163 3239 1219 Pacuouu
3291 1167 3431 1238 (cap.
3466 1167 3615 1235 £06).

2139 1247 2308 1303 Nemo
2335 1250 2403 1304 ab
2424 1249 2594 1305 altero
2614 1251 2846 1320 accipiat
2870 1253 3166 1323 quidpiam,
3191 1256 3295 1311 nisi
3330 1261 3652 1329 praepositus

2065 1339 2310 1408 jusserit.

2160 1435 2186 1508 §
2214 1435 2302 1490 IV.
2332 1466 2404 1475 —
2437 1436 2516 1490 Ex
2551 1435 2769 1492 Rasum
2808 1454 2995 1494 δικαίη
3033 1440 3234 1496 Basn."
3267 1443 3407 1514 (cap.
3439 1445 3552 1518 28).

2143 1526 2406 1595 Interrog.
2433 1535 2462 1563 τι
2492 1525 2550 1580 Si
2578 1527 2737 1581 debet
2761 1527 2962 1583 habere
2985 1529 3186 1599 aliquid
3226 1533 3528 1600 proprium,
3560 1535 3649 1603 qui

2073 1617 2212 1672 inter
2235 1616 2431 1672 fratres
2453 1618 2576 1672 est?
2606 1617 2850 1688 —Resp.
2875 1619 3013 1675 Huic
3039 1625 3372 1678 contrarium
3399 1635 3484 1679 est
3522 1628 3652 1682 illud

394 1735 556 1789 quam
591 1719 642 1772 in
674 1719 892 1780 vestitu,
920 1725 974 1770 et
1003 1715 1260 1784 languore
1281 1713 1604 1783 corpusculi,
1633 1713 1678 1767 si
1706 1712 1844 1768 forte
1873 1714 1969 1768 ob-
1996 1694 2043 1754 Β
2072 1709 2462 1772 testimonium,
2509 1709 2652 1778 quod
2686 1708 2741 1761 in
2779 1708 3005 1764 Actibus
3033 1713 3394 1780 apostolorum
3429 1715 3496 1769 de
3527 1716 3649 1779 illis,

396 1808 623 1862 venerit.
659 1805 730 1859 At
774 1805 827 1858 in
864 1803 1011 1857 nullo
1053 1805 1368 1865 timeamus,
1411 1809 1465 1856 et
1497 1815 1593 1869 per
1629 1801 1968 1855 occasionem

393 1899 570 1954 carnis
607 1897 799 1950 anima:
821 1895 1181 1949 emolumenta
1206 1892 1513 1961 perdamus.
1547 1891 1727 1945 Liberi
1761 1906 1968 1958 sumus,

393 1989 583 2059 jugum
626 1989 692 2042 de
751 1986 1055 2041 cervicibus
1104 1983 1306 2038 nostris
1351 1983 1633 2036 mundanae
1692 1983 1969 2038 servitutis

395 2082 710 2152 abjecimus,
743 2093 841 2132 cur
875 2092 1090 2132 rursum
1127 2075 1371 2130 volumus
1397 2075 1595 2130 reverti
1623 2075 1690 2130 ad
1711 2077 1970 2131 vomitum

396 2179 662 2234 nostrum,
687 2176 742 2223 et
767 2166 966 2236 aliquid
997 2165 1215 2230 habere,
1240 2167 1382 2220 unde
1404 2165 1618 2220 solliciti
1642 2166 1830 2232 simus,
1863 2164 1876 2216 i
1915 2175 1970 2222 et

394 2259 536 2331 quod
565 2258 790 2328 perdere
821 2265 1126 2310 metuamus
1149 2255 1172 2308 ?
1197 2255 1277 2310 Ad
1316 2269 1452 2325 quos
1477 2271 1608 2311 usus
1642 2255 1969 2326 superﬂuum

464 2403 489 2430 ιι
533 2388 732 2459 Quippe
766 2386 980 2459 quibus.
1033 2385 1116 2439 Ad
1160 2385 1301 2459 quod
1335 2385 1604 2441 referatur
1643 2389 1970 2445 antecedens

394 2459 600 2531 plurale
637 2456 1448 2531 illudrela_tivum,_obscurum
1499 2466 1603 2531 est,
1651 2468 1968 2531 cumantea

394 2526 619 2584 numero
646 2529 717 2581 sit
735 2542 865 2580 usus
893 2527 1171 2597 singulari,
1223 2526 1318 2581 sed
1345 2527 1630 2580 dicendum
1661 2539 1744 2582 est
1783 2529 1836 2582 in
1884 2529 1970 2584 his

390 2600 611 2654 verbis:
641 2597 722 2650 Ne
752 2597 868 2667 quis
909 2605 1216 2666 prwsumut,
1278 2597 1706 2667 subaudiendum
1742 2614 1862 2654 esse
1911 2599 1972 2657 τό

393 2665 790 2731 monachorum,
833 2665 987 2737 quasi
1014 2667 1239 2720 dixisset
1267 2681 1282 2720 :
1309 2665 1392 2720 Ne
1435 2669 1550 2737 quis
1596 2669 1971 2723 monachorum

394 2749 696 2810 presumat,
722 2747 829 2792 etc.
859 2736 1059 2806 Quippe
1080 2737 1290 2810 quibus,
1327 2744 1429 2810 etc.

465 2809 493 2847 δ
536 2807 647 2861 Nec
683 2823 902 2877 corpora
941 2823 1058 2859 sua.
1091 2807 1225 2860 Nam
1264 2817 1388 2877 sunt
1417 2808 1470 2861 in
1499 2807 1705 2875 prazlati
1733 2815 1972 2876 potesta-

394 2888 482 2940 te,
519 2878 666 2932 salvo
700 2875 877 2930 tamen
909 2877 1032 2946 jure
1061 2884 1287 2930 naturae.
1319 2875 1433 2932 Non
1463 2886 1642 2945 potest
1675 2875 1820 2932 enim
1852 2896 1969 2934 mo-

389 2949 617 3004 nasterii
658 2947 883 3000 antistes
913 2946 1208 3015 praecipere
1234 2947 1518 3007 monacho,
1551 2955 1611 3000 ut
1640 2962 1696 3001 se
1724 2949 1966 3014 mutilet,

2073 1799 2165 1868 qui
2207 1798 2498 1853 credebant
2525 1799 2798 1869 primitus,
2845 1802 3107 1871 scriptum
3151 1812 3253 1858 est.
3286 1805 3360 1858 lbi
3397 1808 3541 1860 enim
3582 1809 3652 1861 ita

2073 1889 2240 1943 dicit:
2276 1887 2413 1953 Quia
2461 1905 2610 1942 nemo
2641 1890 2926 1960 quidquam
2958 1907 3021 1946 ex
3057 1893 3201 1947 bonis
3231 1895 3342 1948 suis
3381 1897 3652 1965 proprium

2073 1978 2274 2032 dicebat
2314 1995 2442 2043 esse,
2468 1987 2491 2012 ⁰
2525 1978 2615 2032 sed
2656 1979 2760 2033 illis
2783 1991 2932 2034 erant
2973 1984 3147 2036 omnia
3181 1987 3482 2039 communia
3508 1985 3651 2054 (Act.

2074 2069 2170 2141 ιν).
2217 2069 2272 2124 Si
2304 2071 2425 2140 quis
2471 2086 2600 2125 vero
2633 2073 2910 2141 proprium
2964 2075 3066 2129 sibi
3106 2090 3226 2129 esse
3266 2078 3398 2131 dicit
3426 2078 3650 2147 aliquid,

2075 2159 2192 2214 sine
2217 2159 2376 2214 dubio
2413 2160 2646 2214 alienum
2675 2176 2733 2215 se
2763 2161 2892 2216 facit
2921 2163 2988 2217 ab
3014 2164 3201 2220 electis
3229 2166 3346 2232 Dei,
3389 2176 3447 2223 et
3473 2185 3501 2222 a
3521 2171 3654 2222 cha-

2076 2251 2238 2305 ritate
2253 2250 2488 2317 Domini,
2512 2263 2539 2302 P
2561 2252 2651 2322 qui
2668 2253 2852 2310 docuit
2869 2256 3054 2320 verbo,
3078 2265 3133 2311 et
3152 2271 3314 2326 opere
3335 2259 3646 2328 complevit.

2075 2394 2186 2440 tur.
2253 2403 2270 2436 ι
2305 2383 2528 2456 Dicebat
2579 2386 2724 2440 enim
2771 2385 3082 2456 frequenter
3125 2404 3232 2443 non
3280 2389 3502 2454 debere,
3551 2405 3651 2447 nec

2073 2470 2230 2525 posse
2255 2455 2577 2530 monachum
2599 2455 2986 2530 judicari,’cui
3026 2459 3274 2530 voluntas
3311 2461 3512 2515 habere
3536 2464 3650 2530 pri-

2077 2524 2567 2596 vatumpeculium
2603 2524 2972 2596 persuaserit.
3026 2528 3092 2584 Ut
3149 2529 3294 2583 enim
3353 2524 3650 2586 monachus

2075 2593 2394 2670 lautioribus
2416 2593 2598 2670 forsan
2622 2593 2762 2651 cibis
2796 2605 2981 2650 utatur
3015 2599 3285 2670 interdum
3325 2602 3470 2670 wgit
3501 2602 3649 2654 infir-

2075 2666 2238 2747 mitas
2277 2665 2567 2749 carperis;
2600 2673 2660 2719 ut
2709 2675 2885 2749 autem
2928 2668 3108 2749 cupiat
3131 2670 3194 2749 in_
3215 2665 3517 2749 quamlibet
3536 2672 3649 2725 exi-

2073 2736 2192 2858 lguis
2218 2735 2378 2789 rebus
2407 2734 2548 2801 juris
2573 2737 2778 2805 proprii
2811 2734 3105 2792 dominium
3146 2734 3424 2794 vindicare
3459 2757 3645 2810 super-

2109 2821 2156 2858 :e
2196 2805 2490 2858 voluntatis
2513 2817 2568 2858 et
2591 2821 2767 2858 avaras
2806 2807 3118 2858 cuniditatis
3148 2810 3373 2858 evidens
3404 2811 3645 2858 testimo-

2109 2821 2156 2858 :e
2196 2805 2490 2859 voluntatis
2513 2817 2568 2859 et
2591 2821 2767 2860 avarze
2806 2807 3118 2864 cupiditatis
3148 2810 3373 2864 exidens
3404 2805 3645 2864 testimo-

2072 2875 2222 2928 nium
2246 2885 2349 2929 est.
2390 2892 2408 2925 ι
2439 2874 2708 2930 Praeterea
2739 2874 3127 2944 peculiaritatis
3159 2879 3346 2932 vitium
3395 2880 3644 2935 adulterii

2072 2952 2128 2998 et
2153 2945 2282 2998 furti
2319 2945 2524 2998 crimen
2541 2953 2645 3008 est,
2683 2955 2741 2998 ut
2770 2955 2915 3000 recte
2938 2946 3096 3001 docet
3133 2946 3189 3002 S.
3224 2948 3493 3003 Leander.
3520 2951 3639 3004 libr.

393 3015 855 3104 percutiat,|fame
879 3014 1096 3080 enecet,
1133 3024 1188 3069 et
1221 3015 1439 3070 similia.
1481 3015 1616 3070 Vide
1652 3017 1966 3087 Cajetanum
1995 3042 2039 3104 ρ
2075 3014 2140 3094 de
2163 3014 2504 3104 Institutione
2550 3015 2828 3085 Virginum
2865 3031 2983 3104 cap.
3009 3018 3098 3104 i8.
3137 3035 3154 3067 ι
3195 3018 3476 3104 l’eculiare
3502 3021 3643 3088 quod

395 3086 450 3142 in
482 3086 774 3154 opusculis.

471 3152 603 3208 οἾη
644 3153 856 3225 propria
897 3162 1164 3225 potestate.
1217 3153 1275 3206 ln
1330 3152 1449 3225 cod.
1494 3169 1624 3210 mss.
1669 3155 1727 3212 8.
1777 3157 1963 3212 Ebrul.

393 3225 472 3348 S.’
497 3225 618 3278 Far.
647 3224 730 3278 et
769 3224 1045 3278 Victorino
1101 3231 1330 3292 utroque
1372 3224 1569 3294 legitur
1599 3241 1615 3279 :
1646 3226 1714 3281 In
1747 3229 1964 3299 propria

393 3305 677 3348 vountate.

390 3305 677 3351 voluntate.

463 3365 489 3405 ά
531 3368 749 3435 Αίραηε
765 3379 976 3435 sperare
1011 3363 1334 3435 monasterii.
1361 3361 1582 3434 Supple,
1627 3365 1798 3435 liceat.

475 3447 499 3474 θ
541 3433 652 3488 Nec
685 3434 959 3504 quisquam
1000 3450 1152 3504 suum
1193 3433 1394 3504 aliquid
1431 3433 1590 3488 dicat.
1625 3434 1783 3490 Juxta
1814 3437 1964 3492 insti-

389 3507 659 3577 tutionem
697 3501 993 3573 primorum
1012 3501 1479 3577 Christianorum,
1509 3520 1736 3577 quprum
1769 3508 1963 3577 imagi-

389 3591 516 3630 nem
548 3572 1085 3646 referuntmonacbi.
1114 3573 1370 3646 Actorum
1405 3590 1457 3629 tv
1486 3594 1498 3627 :
1527 3572 1649 3629 Nec
1684 3572 1961 3646 quisquam

390 3661 570 3700 eorum
613 3643 812 3714 aliquid
834 3659 1009 3714 suum
1045 3659 1154 3714 esse
1176 3643 1398 3707 dicebat,
1452 3660 1613 3714 quam
1646 3643 1856 3702 veteres
1885 3647 1961 3700 illi

389 3715 607 3786 Egypti
638 3712 885 3786 inetiacbi
917 3712 1321 3786 religiosissime
1349 3712 1725 3780 observarunt,
1758 3725 1818 3770 ut
1849 3718 1961 3786 pla-

392 3782 644 3839 nuin’cst
681 3799 748 3838 ex
787 3782 1068 3847 Cassiano,
1126 3784 1243 3837 loco
1284 3799 1445 3852 supra
1472 3786 1654 3840 citato.
1704 3782 1962 3841 Eamdem

391 3855 670 3908 monachis
720 3854 1042 3907 servandam
1098 3853 1266 3906 edixit
1312 3853 1442 3907 San.
1491 3854 1854 3910 Columbanus
1907 3857 1960 3911 in

390 3923 753 3978 Pmnitentiali
783 3938 864 3995 ms
890 3940 901 3973 :
933 3941 950 3971 ι
983 3921 1155 3995 Meum
1185 3932 1238 3978 et
1268 3931 1416 3977 tuum
1442 3924 1596 3990 dixit,
1620 3941 1673 3978 γι
1699 3926 1902 3995 plagis;
1935 3946 1954 3980 ι

391 3995 617 4064 supple:
647 3994 983 4064 emendetur.
1020 3990 1077 4044 S.
1107 3993 1437 4048 Fructuosus
1469 3990 1816 4064 archiprziasul
1838 3990 1956 4064 cap.

385 4066 420 4118 4
453 4061 471 4116 Ξ
496 4061 519 4112 ἰ
558 4063 666 4116 Nec
712 4061 996 4130 quisquam
1050 4074 1119 4114 ex
1175 4065 1452 4118 monachis
1505 4061 1662 4118 suum
1711 4061 1961 4120 asserens

390 4135 554 4188 dicat.
613 4151 630 4182 ι
674 4129 736 4184 8.
779 4129 1100 4202 Aurelianus
1163 4147 1287 4202 cap.
1325 4131 1396 4184 25
1439 4133 1676 4202 regulas:
1713 4153 1730 4186 ι
1768 4134 1958 4190 Nullus

389 4209 684 4272 pra-sumat
721 4199 1015 4272 quidquam
1046 4199 1439 4272 s_uum_’dicere_.
1481 4199 1758 4270 {Quidam
1799 4203 1961 4259 Pater

390 4269 775 4326 monachorum
825 4270 876 4323 in
926 4284 1020 4323 sua
1058 4269 1259 4339 Regula
1292 4288 1304 4322 :
1342 4287 1361 4320 ι
1407 4270 1509 4336 Qui
1538 4269 1714 4326 autem
1742 4274 1954 4328 dixerit.

392 4343 566 4395 Meum
617 4349 701 4395 est
747 4348 802 4394 et
844 4341 947 4395 hoc
974 4346 1030 4393 et
1070 4339 1231 4404 illud;
1287 4341 1531 4408 peccavit
1563 4356 1743 4396 coram
1791 4343 1902 4397 Deo
1941 4362 1954 4398 :

390 4413 495 4466 nisi
545 4420 752 4481 tantum
803 4425 899 4478 per
924 4410 1325 4481 subreptionem
1372 4412 1636 4464 sermonis
1679 4431 1696 4464 ι
1726 4412 1955 4481 supple:

389 4481 608 4536 dixerit.
664 4480 970 4533 Memoriale
1014 4479 1244 4548 qualiter
1278 4479 1330 4532 in
1363 4482 1692 4535 monasterio
1731 4479 1957 4537 conver-

390 4553 616 4605 sandum
645 4550 715 4602 sit
741 4567 755 4602 :
805 4567 823 4598 ι
875 4548 1063 4603 Nullus
1106 4565 1170 4603 ex
1197 4548 1454 4604 fratribus
1476 4564 1632 4604 suum
1655 4551 1855 4619 aliquid
1880 4553 1959 4606 di-

390 4629 497 4684 eat,
515 4628 608 4673 aut
638 4634 751 4672 rem
777 4619 1091 4703 quamlib‘et,
1111 4627 1213 4703 aut.
1233 4619 1531 4673 membrum
1563 4623 1831 4703 corporis,
1862 4623 1958 4677 sed

389 4705 642 4759 semper:
672 4697 938 4743 nostrum.
983 4688 1097 4743 Hoc
1138 4688 1309 4742 solum
1355 4698 1570 4759 Oportet
1618 4688 1798 4746 dicere
1835 4707 1959 4761 pro-

391 4761 588 4810 nrium.
618 4773 734 4810 mea
762 4758 939 4810 culpa.
978 4777 996 4810 ι

391 4775 588 4830 prium,
618 4773 734 4813 mea
762 4773 939 4828 culpa.
978 4777 996 4810 ι

466 4830 491 4910 ξ
525 4829 678 4910 ιλίεᾳτ
723 4827 797 4882 vel
837 4837 1142 4910 praesumat.
1167 4827 1462 4910 [iraesumat
1491 4839 1574 4884 est
1616 4838 1851 4910 arroget.

468 4901 491 4938 8
537 4899 672 4968 Huic
697 4897 1008 4968 nequissimo
1033 4898 1175 4952 vitio.
1194 4897 1588 4966 Nequissimum
1608 4897 1958 4955 sane'vitium

390 4979 474 5023 est
501 4967 861 5038 peculiaritas.
891 4967 984 5021 llla
1032 4970 1176 5022 enim
1222 4970 1484 5037 expungit
1530 4971 1880 5024 concordiam
1907 4979 1962 5025 et

392 5039 709 5093 charitatem
739 5052 806 5091 ex
836 5039 1184 5102 monasterio,
1223 5047 1382 5106 atque
1409 5038 1572 5091 etiam
1615 5040 1800 5093 mundi
1831 5055 1962 5094 con-

389 5115 672 5180 temptum,
695 5117 772 5180 Διιι
816 5107 1075 5180 prteclaue
1101 5106 1366 5180 monet‘S.
1400 5107 1696 5180 Gregorius
1736 5109 1959 5179 Magnus

389 5176 547 5247 epist.
573 5176 665 5240 22,
694 5176 874 5230 librfx
910 5192 922 5230 :
960 5195 977 5228 ς
1016 5176 1169 5243 Quia,
1203 5177 1247 5231 si
1275 5177 1380 5232 illis
1399 5176 1744 5247 peculiaritas
1772 5176 1959 5233 mona-

389 5194 419 5230 e
460 5194 547 5232 iSt.
573 5194 665 5240 zz,
694 5194 814 5230 unr.
843 5194 874 5229 x
910 5194 922 5230 :
960 5195 977 5228 ς
1016 5194 1169 5243 quia,
1203 5194 1247 5231 Si
1275 5194 1380 5232 nus
1399 5194 1744 5247 pecuuaruas
1772 5195 1959 5233 mona-

387 5194 508 5318 ciiis
534 5247 779 5318 debetur,
830 5262 929 5301 nec
959 5247 1245 5302 concordia
1276 5263 1376 5302 nec
1403 5249 1638 5302 charitas
1665 5249 1717 5301 in
1743 5263 1963 5318 congreo

387 5316 601 5389 gatioue
623 5317 819 5389 eadem
858 5318 1055 5386 poterit
1081 5331 1428 5389 permanere.
1459 5318 1609 5389 Quid
1637 5325 1722 5372 est
1746 5316 1961 5373 habitus

389 5386 660 5467 monachi,
689 5386 822 5467 _nisi
858 5386 1202 5467 contemptus
1237 5387 1473 5467 _mundi?
1524 5388 1803 5467 Quomodo
1820 5401 1958 5467 ergo

389 5458 647 5508 mundum
671 5455 991 5527 despiciunt,
1043 5455 1091 5510 si
1113 5457 1204 5526 qui
1236 5457 1289 5510 in
1317 5458 1649 5512 monasterio
1675 5459 1834 5527 positi
1863 5472 1959 5510 au-

389 5538 508 5597 rum
559 5535 805 5597 quaerunt
849 5526 872 5597 2
910 5544 929 5576 ι
967 5525 1232 5597 lmo_nec
1265 5529 1565 5597 monachus
1599 5525 1720 5583 esse
1758 5535 1956 5597 potest,

389 5593 481 5714 qui
515 5593 872 5672 peculiaritati
893 5595 1085 5674 studet.
1095 5592 1247 5676 juxta
1276 5596 1574 5677 doctrinam
1603 5597 1659 5652 8.
1689 5592 1957 5679 Fulgentii

414 5661 687 5714 {usuensm
709 5676 763 5714 in
792 5661 976 5714 Africa
1003 5677 1261 5714 eDlSCODl.
1318 5673 1378 5714 ut
1404 5682 1458 5714 m
1487 5681 1602 5714 eius
1621 5668 1766 5714 Aclts
1791 5667 1955 5714 habe.

414 5661 687 5731 iuspensis
709 5663 763 5715 in
792 5661 976 5717 Africa
1003 5664 1261 5732 episcopi,
1318 5673 1378 5721 ut
1404 5667 1458 5722 in
1487 5665 1602 5734 ejus
1617 5668 1766 5724 Actis
1789 5661 1955 5723 habeo
1992 5737 2005 5744 ,

1983 4378 2035 4436 D

2073 3084 2125 3137 in
2185 3083 2445 3159 cgenobiis
2486 3099 2582 3153 pro
2631 3083 2827 3159 magno
2865 3083 3094 3159 habetur
3141 3087 3391 3152 crimine,
3435 3097 3493 3141 tu
3519 3083 3645 3159 "pro

2065 3154 2253 3228 grandi
2278 3153 2419 3228 cviia
2453 3153 2826 3228 _contagione._
2850 3155 3182 3210 Adulterium
3211 3171 3343 3211 sane
3373 3167 3481 3223 est,
3518 3153 3642 3228 q'uia

2066 3224 2411 3296 conscientia:
2452 3223 2606 3296 hunae
2636 3223 2998 3294 integritatem
3030 3237 3301 3295 usurpata:
3333 3228 3412 3281 rei
3462 3223 3642 3296 prati-

2067 3302 2175 3347 tate
2204 3293 2456 3364 maculat.
2487 3293 2638 3346 Furti
2662 3293 2868 3347 crimen
2892 3304 2993 3358 est,
3036 3293 3314 3364 quoniam,
3368 3293 3496 3350 dum
3523 3313 3640 3352 om-

2064 3364 2152 3418 nia
2181 3378 2300 3432 quze
2327 3363 2593 3417 habentur
2615 3364 2668 3416 in
2701 3366 3029 3420 monasterio
3054 3363 3306 3420 omnibus
3342 3377 3472 3421 sunt
3494 3383 3639 3422 com-

2063 3433 2248 3504 munia
2301 3433 2503 3487 habere
2538 3433 2768 3504 latenter
2818 3437 3115 3503 przesumit,
3165 3437 3309 3504 quod
3355 3452 3385 3489 a
3431 3440 3642 3494 caeteris

2064 3502 2381 3574 ignoraturi;
2434 3511 2504 3574 et,
2539 3503 2682 3558 aliud
2726 3502 2938 3574 publice
2991 3521 3111 3560 cum
3153 3502 3406 3560 oniiiibus
3450 3510 3638 3571 utitur,

2062 3571 2206 3627 aliud
2235 3571 2430 3642 furtive
2460 3571 2764 3628 abscondii.
2811 3594 2830 3626 ι
2879 3575 3264 3641 Quamobrem,
3295 3589 3328 3630 ο
3355 3579 3634 3642 monacbe,

2063 3641 2338 3715 (utupaulo
2362 3650 2484 3715 post
2523 3645 2672 3698 addit
2712 3644 2770 3699 S.
2804 3644 3093 3715 Leander),
3123 3663 3142 3696 ι
3175 3655 3338 3699 tanta:
3388 3641 3640 3715 nequitia:

2061 3713 2264 3786 malum
2294 3713 2441 3786 velut
2489 3715 2748 3786 gehennae
2783 3716 2926 3768 evita
2978 3713 3356 3786 priecipitium,
3392 3726 3445 3770 et
3477 3713 3638 3786 “quasi

2061 3782 2166 3838 iter
2189 3781 2596 3838 conducens'ad
2625 3784 2916 3839 infernum.
2955 3804 2972 3837 ι

2132 3853 2161 3892 h
2201 3850 2528 3924 σοι-νεριὶρηὶ
2581 3855 2870 3924 subjaceat.
2917 3855 2974 3908 ln
3017 3854 3411 3924 proprietarios
3456 3871 3638 3909 mona-

2060 3922 2192 3977 chos
2223 3922 2413 3976 statuit
2437 3921 2509 3974 ita
2527 3921 3060 3978 animadvertendum
3080 3921 3137 3978 S'.
3161 3923 3413 3980 Columh.
3440 3925 3496 3980 in
3518 3925 3636 3978 Pue—

2061 3991 2326 4075 uitentiali
2358 4008 2370 4043 z
2397 4008 2430 4075 ξ.
2456 3992 2646 4074 Operis
2675 3993 2966 4075 peculiaris
2988 3996 3356 4074 praesumptio,
3381 4010 3411 4049 c
3443 3995 3634 4065 plagis.

2059 4059 2589 4134 Possessioalicujus
2622 4059 2720 4127 rei,
2763 4079 2926 4132 quam
2957 4059 3060 4134 non
3085 4059 3386 4134 necessitas
3415 4059 3638 4134 genera-

2060 4131 2182 4186 liter
2213 4131 2470 4201 fratribus
2506 4131 2868 4198 concesserit,
2917 4133 3213 4188 amissioue
3260 4131 3530 4201 ejusdem,
3583 4144 3638 4190 et

2060 4211 2278 4255 centum
2310 4199 2482 4268 plagis
2510 4212 2844 4256 coerceatur.
2873 4222 2891 4254 ι

2136 4272 2154 4311 ί
2197 4269 2326 4324 Cum
2357 4269 2636 4344 habeamus
2657 4276 2983 4342 pra'positosv.
3025 4271 3280 4344 Intelligit
3319 4273 3638 4344 praepositos

2061 4340 2399 4463 givegsarum
2440 4340 2740 4406 domorum,
2768 4340 2907 4411 qua:
2936 4352 3092 4398 erant
3131 4343 3184 4396 in
3207 4340 3543 4398 monasterio
3570 4342 3630 4398 S.

2105 4426 2168 4463 ac
2209 4426 2355 4463 omn.

2105 4426 2355 4464 acnonm.

2137 4479 2149 4529 i
2197 4479 2263 4552 Et
2287 4484 2424 4549 quod
2445 4479 2676 4552 perdere.
2702 4479 2779 4534 lta
2809 4481 2949 4552 apud
2965 4481 3326 4535 Trithemium
3350 4498 3468 4552 cap.
3497 4483 3550 4546 5,
3567 4482 3636 4536 de

2060 4548 2398 4623 Proprietate
2429 4548 2972 4623 monachorumISed
2997 4555 3054 4608 τὸ
3093 4553 3230 4623 quod
3259 4548 3508 4607 abest'ab
3529 4552 3634 4606 edi-

2062 4621 2298 4674 tionibus
2327 4620 2570 4676 Orsiesii.

2133 4691 2160 4728 ιι
2187 4690 2386 4746 Durius
2427 4690 2513 4744 sit.
2552 4691 2608 4744 τὸ
2633 4689 2698 4742 sit
2725 4690 2880 4744 abest
2905 4690 2971 4743 ab
3017 4690 3180 4746 editis
3204 4709 3216 4744 :
3249 4701 3434 4746 exstat
3456 4701 3630 4746 tamen

2060 4761 2198 4830 apud
2227 4760 2583 4830 'l‘rithemium
2621 4759 3004 4830 capite_citato.

2137 4829 2154 4901 ξ
2209 4829 2346 4894 Quia
2385 4831 2543 4900 juxta
2586 4845 2762 4898 quam.
2792 4827 2871 4882 lta
2901 4829 2954 4882 in
2978 4829 3174 4896 editis;
3200 4831 3259 4886 τὸ
3281 4833 3431 4901 quia,
3457 4839 3632 4884 tamen

2059 4900 2342 4954 redundat.
3297 4900 3300 4901 ⁷
3521 4910 3533 4916 “

2129 4979 2172 5007 m
2201 4969 2510 5022 Altitudiuc.
2538 4966 2593 5021 ld
2618 4973 2721 5031 est,
2750 4967 3018 5035 superbia.

2132 5048 2157 5075 τι
2187 5037 2242 5092 Si
2268 5040 2433 5092 debet.
2466 5039 2654 5090 Exstat
2689 5039 2828 5106 apud
2857 5035 2914 5089 S.
2939 5037 3198 5092 Basiliam
3224 5039 3418 5094 interr.
3442 5039 3512 5094 35
3532 5037 3636 5093 Re—

2060 5107 2168 5178 gul.
2193 5107 2376 5178 Brem,
2413 5117 2469 5161 et
2491 5107 2629 5178 apud
2665 5106 2917 5178 Ruﬁnum
2945 5122 3064 5176 cap.
3095 5108 3185 5161 9.5.

2133 5186 2158 5212 °
2189 5176 2292 5231 Sed
2331 5188 2479 5232 erant
2522 5176 2627 5230 illis
2669 5177 2843 5229 omnia
2877 5181 3209 5248 communia.
3239 5178 3318 5231 lta
3363 5179 3506 5248 apud
3527 5177 3638 5231 Ru-

2062 5245 2226 5300 finum
2251 5288 2266 5313 ,
2304 5263 2425 5317 quae
2475 5255 2654 5301 tamen
2694 5247 2747 5298 in
2786 5254 2936 5300 textu
2978 5245 3167 5302 Graeco
3197 5245 3633 5303 Basiliideside-

2059 5326 2267 5371 rantur.

2131 5396 2158 5436 ι»
2184 5387 2288 5452 Qui
2315 5387 2491 5440 docuit
2524 5385 2700 5449 verba,
2731 5391 2833 5456 etc.
2866 5384 3412 5456 ApudTrithemium
3443 5402 3566 5456 cap.
3597 5386 3635 5440 5

2059 5455 2127 5527 de
2155 5456 2495 5527 Proprietate
2543 5455 2935 5527 monachorum
2965 5473 2976 5506 :
3009 5454 3112 5520 Qui
3140 5473 3256 5525 qua:
3277 5457 3475 5520 docuit,
3509 5454 3631 5510 ‘etc.

2061 5525 2166 5580 Sed
2196 5525 2296 5580 ista
2321 5543 2487 5598 usque
2509 5528 2574 5580 ad
2597 5527 2756 5598 finem
2779 5525 2970 5598 capitis
2995 5542 3106 5598 non
3120 5536 3486 5598 assequuntur
3513 5541 3635 5580 seu.

2059 5610 2178 5650 sum
2221 5593 2617 5660 textus'Graaci,
2649 5594 2740 5663 qui
2766 5603 2849 5648 est
2868 5593 3130 5660 ejusmodi
3157 5613 3170 5650 :
3203 5593 3301 5650 Τόῦ
3329 5595 3634 5658 διδάξαντος

2058 5674 2131 5740 τῷ
2167 5664 2298 5739 λόγῳ
2332 5671 2415 5724 καὶ
2443 5667 2575 5744 ἔργω
2617 5672 2707 5726 τήν
2735 5665 2915 5736 ψυχὴν
2938 5666 3119 5722 ἑαυτοῦ
3150 5667 3333 5722 τιθέναι
3353 5667 3485 5740 ὑπὲρ
3524 5673 3632 5722 τῶν
