3940 6196
263 306 398 365 1061

1211 305 1600 362 CONCORDIA
1639 302 2101 360 REGULARUM.
2142 332 2213 344 —
2249 302 2400 359 CAP.
2442 305 2599 361 XLII.

3395 315 3538 373 1662

261 418 331 472 Et
383 414 510 486 quia
547 412 787 470 animam
815 430 969 470 suam
1012 430 1110 486 pro
1161 416 1357 474 amicis
1380 416 1547 481 dedit,
1585 415 1855 485 quomodo
1882 421 1934 480 Α
2030 411 2212 481 §Vlll.
2241 443 2311 452 —
2335 412 2413 468 Ex
2441 415 2662 470 Rncuu
2687 429 2874 472 sauc'rl
2896 414 3192 476 Aecusrtut
3211 421 3353 494 (cap.
3381 425 3463 493 1).

259 524 385 572 nos,
434 507 599 561 etiam
633 520 755 575 quae
802 514 956 559 extra
1001 507 1236 561 animam
1293 514 1441 572 sunt,
1482 504 1699 576 propria
1730 505 1850 558 vin-

260 598 552 654 dicamus?

574 685 602 759 ᾗ
630 687 693 740 ν.
717 716 789 726 —
813 685 949 744 Item
970 687 1204 760 ejusdem
1233 687 1372 759 (cap.
1406 685 1551 755 HS).

331 780 594 849 Interrog.
635 791 660 819 ιι
702 777 974 848 Pauperes
1019 781 1298 834 venientes
1328 784 1396 831 ad
1444 778 1642 832 ostium
1673 784 1728 830 et
1753 789 1852 844 po-

259 879 444 925 tentes
491 868 761 938 quomodo
813 867 1148 923 dimittemus
1195 885 1208 921 :
1265 875 1322 921 et
1364 867 1411 922 si
1459 867 1618 921 debet
1677 880 1846 919 unus-

259 965 499 1032 quisque
525 961 807 1030 porrigere
848 976 1044 1030 panem
1081 1001 1096 1026 ,
1139 959 1224 1013 vel
1271 958 1630 1029 quodcunque
1661 957 1844 1011 aliud:

257 1055 285 1093 δ
307 1061 406 1107 aut
431 1059 644 1120 oportet
670 1050 736 1104 ad
761 1065 906 1115 eum,
932 1051 1023 1120 qui
1048 1059 1260 1120 prmest,
1294 1047 1844 1119 pertinere?—Resp.

252 1144 395 1200 Cum
428 1146 687 1198 Dominus
707 1142 900 1197 dixerit
936 1160 950 1194 :
985 1141 1107 1196 Non
1136 1152 1209 1196 est
1242 1142 1430 1196 bonum
1459 1141 1639 1195 tollere
1659 1157 1846 1212 panem

254 1236 578 1303 ﬁliorum,et
605 1235 805 1286 mittere
834 1231 1277 1302 canibus(Matt/z.
1303 1248 1402 1297 xv;
1425 1231 1593 1285 Marc.
1620 1229 1736 1304 vn),
1754 1231 1846 1286 sed

253 1337 308 1381 et
334 1342 500 1382 canes
530 1325 852 1380 manducare
883 1323 949 1378 de
976 1324 1153 1388 micis,
1182 1339 1300 1393 qua:
1330 1324 1533 1378 cadunt
1564 1324 1630 1377 de
1661 1338 1846 1378 mensa

259 1430 282 1458 ε
323 1433 640 1489 puerorum,
678 1417 910 1470 libenter
938 1416 1209 1486 accipiunt
1241 1434 1252 1469 :
1287 1417 1351 1483 is,
1382 1417 1469 1472 cui
1509 1416 1847 1487 dispensatio

259 1507 506 1577 injuncta
548 1519 651 1574 est,
681 1523 804 1562 cum
845 1506 1282 1561 consideratione
1307 1508 1466 1562 debet
1507 1508 1611 1562 hoc
1643 1507 1844 1563 facere.

259 1597 321 1652 Si
351 1599 475 1666 quis
525 1610 704 1670 autem
737 1605 934 1665 praeter
981 1597 1121 1652 illius
1153 1597 1484 1653 voluntatem
1536 1598 1718 1652 facere
1745 1599 1847 1653 hoc

255 1689 561 1758 praesumit,
583 1697 835 1756 tanquam
859 1688 1134 1757 inquietus
1149 1696 1202 1743 et
1218 1687 1648 1758 indisciplinatus
1667 1687 1694 1727 ἀ
1717 1704 1846 1744 con-

258 1777 552 1842 fundatur;
583 1793 864 1847 usquequo
890 1777 1066 1833 discat
1095 1778 1200 1834 loci
1233 1779 1318 1832 sui
1365 1779 1616 1833 ordinem
1657 1787 1843 1834 eusto-
1875 1774 1922 1832 B
1953 1817 2076 1856 cum
2111 1774 2216 1857 alio
2246 1774 2434 1870 (faue,

256 1869 400 1934 dire,
439 1869 734 1923 secundum
770 1868 914 1936 quod
937 1866 1228 1937 Apostolus
1250 1868 1423 1922 dixit:
1461 1865 1848 1938 Unusquisque,

255 1957 315 2011 in
336 1973 439 2028 quo
466 1966 674 2010 vocatus
698 1965 798 2020 est,
826 1955 882 2009 in
906 1972 965 2009 eo
983 1965 1305 2025 permaneat.
1332 1956 1384 2026 (1
1407 1955 1528 2010 Cor.
1555 1954 1671 2029 vn).

560 2045 588 2117 §
613 2045 699 2101 VI.
722 2072 793 2085 -~
817 2043 952 2098 Item
973 2044 1205 2114 ejusdem
1233 2049 1369 2116 (cap.
1403 2044 1546 2115 109).

332 2137 598 2208 Interrog.
621 2148 643 2176 θ
660 2135 715 2190 Si
731 2135 1154 2205 licetuuicuiqne
1166 2145 1403 2190 veterem
1420 2137 1655 2192 tunicam
1671 2151 1850 2203 suam,

256 2230 346 2285 vel
375 2229 731 2283 calciamenta
757 2227 886 2281 dare
907 2227 994 2281 cui
1017 2225 1244 2282 voluerit
1273 2227 1658 2282 misericordia:
1684 2243 1852 2283 causa

257 2329 487 2391 propter
507 2319 938 2374 mandatunﬂ—
962 2317 1113 2389 Resp.
1148 2318 1168 2358 τ
1204 2319 1346 2374 Dare
1373 2319 1576 2390 aliquid
1606 2321 1850 2375 mandati

258 2413 442 2485 gratia
472 2427 580 2466 non
609 2418 692 2466 est
716 2410 978 2474 omnium,
1004 2411 1099 2465 sed
1127 2425 1336 2476 eorum,
1374 2411 1573 2480 quibus
1595 2411 1741 2466 istud
1769 2409 1853 2466 of-

260 2506 449 2560 ficium
478 2505 743 2560 creditum
771 2513 875 2559 est.
911 2503 1003 2559 Sic
1027 2519 1154 2575 ergo
1181 2505 1250 2560 ad
1299 2521 1459 2575 quem
1487 2506 1726 2576 pertinet
1750 2504 1855 2559 dis-

257 2600 510 2668 pensatio
542 2599 657 2653 sive
690 2613 907 2662 novum,
938 2597 1054 2652 sive
1094 2605 1272 2664 vetus,
1326 2598 1441 2668 ipse
1482 2599 1573 2652 det
1610 2598 1696 2652 cui
1721 2597 1854 2653 dare

257 2690 456 2755 debet;
489 2698 544 2744 et
581 2690 694 2758 ipse
720 2689 977 2758 suscipiat
1003 2705 1032 2742 a
1063 2705 1170 2760 quo
1192 2689 1390 2759 suscipi
1430 2691 1610 2745 debet.

543 2779 570 2851 §
599 2779 710 2835 VII.
742 2809 812 2819 —
841 2778 976 2832 Item
998 2779 1232 2848 ejusdem
1264 2778 1402 2851 (cap.
1441 2778 1582 2850 l87).

329 2871 594 2942 Interrog.
643 2873 667 2911 ε
687 2870 841 2936 Quod
867 2871 910 2925 si
939 2870 1110 2924 frater
1142 2871 1276 2925 nihil
1302 2871 1504 2926 habens
1549 2872 1850 2942 proprium,

257 2971 482 3034 petatur
515 2964 583 3017 ab
620 2961 800 3031 aliquo
827 2963 929 3017 hoc
960 2962 1157 3032 ipsum,
1176 2963 1320 3031 quod
1349 2964 1577 3018 vestitus
1597 2973 1697 3030 est,
1725 2965 1855 3033 quid

258 3053 427 3108 debet
454 3051 636 3107 facere
660 3091 675 3117 ,
709 3051 946 3106 maxime
987 3052 1032 3106 si
1072 3053 1248 3107 nudus
1294 3053 1364 3108 sit
1406 3054 1511 3118 ille,
1551 3055 1643 3124 qui
1681 3057 1856 3126 petit?

255 3175 332 3188 —-
357 3144 518 3216 Resp.
558 3144 684 3198 Sive
705 3144 903 3210 nudus,
936 3143 1050 3197 sive
1085 3143 1280 3210 malus,
1312 3143 1366 3198 id
1402 3153 1504 3210 est,
1531 3147 1645 3199 sive
1667 3161 1856 3201 neces-
1881 3125 1926 3186 (ἶ

258 3239 486 3293 sitatem
516 3237 774 3306 patiatur,
823 3235 937 3289 sive
975 3234 1128 3301 fallit,
1162 3235 1248 3290 vel
1290 3236 1335 3290 si
1381 3236 1510 3306 quid
1543 3236 1688 3290 aliud
1722 3245 1805 3290 est
1837 3277 1852 3304 ,

262 3329 438 3384 semel
484 3329 684 3383 dictum
715 3336 842 3382 est:
885 3328 1010 3396 quia
1039 3328 1171 3384 dare
1222 3329 1306 3382 vel
1335 3330 1582 3398 accipere
1635 3344 1739 3383 non
1771 3338 1856 3384 est

258 3419 534 3483 omnium,
561 3418 654 3473 sed
686 3417 872 3482 solius,
908 3418 996 3472 cui
1047 3419 1396 3474 commissum
1435 3427 1519 3473 est
1546 3419 1691 3474 istud
1735 3418 1852 3474 om-

259 3514 411 3569 cium
447 3530 459 3566 :
490 3512 583 3582 qui
624 3512 810 3580 utique
839 3526 963 3566 cum
994 3511 1140 3564 omni
1162 3511 1502 3580 providentia
1528 3551 1542 3575 ,
1569 3519 1624 3566 et
1645 3513 1852 3566 cautela

258 3602 574 3673 liujusmodi
601 3602 1060 3672 dispensationem
1091 3603 1251 3658 debet
1294 3601 1520 3672 implere
1555 3619 1569 3668 ;
1602 3610 1661 3656 ut
1682 3602 1854 3671 possit

261 3693 319 3747 in
342 3708 410 3748 eo
438 3692 806 3761 unusquisque
833 3732 848 3760 ,
877 3692 930 3745 in
961 3707 1068 3762 quo
1115 3699 1346 3746 vocatus
1373 3698 1492 3758 est,
1533 3706 1858 3762 permanere

261 3780 318 3855 (Ι
342 3781 468 3837 Cor.
499 3783 621 3856 vn).

260 3920 437 3992 φίλων,
469 3921 571 4002 οὐχ
605 3918 688 3975 ὅτι
717 3922 783 3976 τὰ
815 3920 980 3983 ἐκτὸς,
1013 3917 1066 3972 id
1110 3923 1225 3981 est,
1269 3933 1288 3966 α
1317 3915 1560 3998 docentis
1580 3914 1757 4002 ‘verbo
1803 3921 1858 3997 et

260 3984 432 4058 (apere
459 3984 694 4044 animam
725 4006 876 4044 suam
908 4004 1110 4061 ponere
1126 4002 1224 4058 pro
1241 3987 1452 4053 amicis,
1485 3984 1657 4040 multo
1686 3987 1859 4056 magis

264 4075 357 4113 res
384 4069 659 4114 externas.
699 4080 716 4110 ι

341 4141 366 4170 ει
412 4128 678 4197 Pauperes
726 4131 1000 4183 venientes.
1050 4127 1280 4181 Exstant
1300 4125 1474 4197 _ap_ud
1505 4122 1563 4178 S.
1594 4123 1858 4181 Basilium

262 4198 461 4254 interr.
496 4195 596 4252 100
634 4199 821 4268 Regul.
854 4200 1030 4262 brev.,
1053 4205 1109 4251 et
1129 4197 1269 4268 apud
1298 4195 1552 4250 Rufinum
1580 4210 1698 4268 cap.
1731 4197 1820 4268 52.

341 4270 371 4308 ι’
403 4270 504 4339 Aut
528 4271 574 4322 si
596 4265 796 4339 oportet
822 4268 890 4321 ad
914 4285 1071 4339 eum_,
1101 4266 1190 4336 qui
1216 4273 1402 4339 praeest
1428 4305 1441 4329 ,
1469 4265 1746 4339 pertinere.
1781 4267 1860 4322 Ita

263 4339 413 4407 apud
443 4335 694 4411 Rufinum
713 4378 734 4411 ί,
765 4338 820 4392 in
847 4346 998 4411 textu
1024 4335 1212 4411 Graeco
1260 4335 1453 4411 aliter_:
1536 4335 1606 4388 ivi
1640 4343 1751 4411 χρὴ
1777 4342 1860 4411 καὶ

263 4404 420 4488 ςόῦτ9
443 4409 808 4480 ἐπιτετάχθαι,
845 4407 900 4463 id
927 4414 1032 4472 est,
1069 4425 1089 4458 ι
1129 4404 1211 4459 vel
1237 4407 1329 4460 uni
1354 4405 1595 4474 cuipiam
1639 4404 1747 4461 hoc
1777 4409 1861 4462 in-

254 4493 450 4600 juncgtp
446 4488 680 4546 oportet.
727 4498 744 4530 ι
1317 4541 1330 4555 ⁸

454 4565 720 4602 uerorum.
747 4547 823 4600 lta
847 4545 987 4616 apud
1025 4544 1279 4616 Rufinum
1306 4551 1468 4616 juxta
1499 4541 1762 4616 _Marcum.
1790 4547 1846 4602 in

265 4625 420 4697 textu
451 4616 652 4697 ganeo
675 4615 860 4671 Basilii
881 4612 965 4670 est
995 4634 1007 4667 :
1035 4621 1239 4689 κυρίων,
1264 4615 1318 4670 id
1353 4622 1460 4680 est,
1485 4612 1850 4683 dominorum,

255 4687 422 4757 juxta
451 4687 785 4742 Matthaaum.
1098 4687 1107 4689 ἡ

341 4756 367 4795 ἀ
399 4756 790 4824 Coufundatur.
823 4753 960 4810 Male
996 4753 1138 4824 apud
1165 4752 1422 4807 Ruﬁnum
1448 4749 1645 4821 legitur
1673 4771 1686 4807 :
1716 4752 1853 4811 Con-

305 4837 412 4881 teat
416 4844 448 4879 tt
456 4843 500 4881 r.

261 4828 605 4967 ﬁlia‘Sliriicet
620 4895 918 4967 unicuique.
945 4893 1137 4967 Exstat
1151 4893 1292 4963 apud
1313 4890 1573 4946 Basilium
1589 4889 1849 4967 interrog.

265 4968 360 5031 87,
389 4976 446 5036 et
469 4965 617 5036 apud
641 4963 895 5036 Ruﬁnum
918 4978 1036 5033 cap.
1066 4963 1155 5036 531.

346 5029 366 5075 ἶ
396 5029 536 5107 Dare
563 5033 785 5107 aliquid.
815 5033 894 5107 Aln
929 5029 1078 5088 textu
1104 5031 1292 5087 Graeco
1341 5031 1559 5085 additur
1595 5029 1854 5107 λαμᾷὰ-

262 5129 388 5169 νην,
412 5105 467 5160 id
485 5114 590 5172 est,
607 5105 692 5159 vel
712 5105 992 5174 accipere;
1017 5110 1183 5168 recte,
1211 5110 1270 5156 ut
1289 5115 1352 5156 cx
1369 5104 1730 5172 sequentibus
1745 5104 1854 5160 cla-

268 5191 392 5231 rum
417 5183 520 5230 est.

345 5245 598 5326 _S'lntcrr.
631 5245 719 5299 91.
751 5241 808 5299 Si
833 5243 1081 5298 nimirum
1119 5241 1278 5296 abbas
1308 5250 1358 5296 et
1399 5239 1710 5300 cellerarius
1756 5246 1853 5299 rite

267 5315 440 5386 oﬂicio
475 5315 786 5385 fungantur.

340 5387 371 5425 ιι
410 5384 540 5439 Ηιεο
571 5395 713 5449 sunt,
761 5392 866 5440 etc.
905 5384 1040 5438 Sunt
1084 5383 1271 5438 ultima
1303 5385 1468 5441 verba
1517 5383 1850 5452 prmfationis

267 5455 493 5525 Regulae
515 5453 573 5508 S.
602 5455 888 5525 Augustini
921 5473 932 5507 :
961 5463 1017 5508 et
1038 5454 1345 5509 referuntur
1371 5471 1403 5525 a
1438 5455 1729 5510 I‘rithemio
1753 5456 1845 5510 lib.

267 5524 717 5596 pe’proprietate
771 5526 1182 5596 monachorum
1215 5538 1334 5596 cap.
1364 5524 1398 5579 5
1425 5566 1445 5596 ,
1492 5541 1558 5579 ex
1588 5540 1709 5594 cap.
1741 5525 1847 5596 14,

271 5593 864 5676 Βεεὶιιεξξτωηιιιθηεὶε
884 5637 898 5660 ,
924 5610 1092 5676 usque
1120 5594 1186 5676 ad
1216 5594 1305 5676 illa
1336 5595 1603 5676 verba,.ut
1646 5593 1851 5676 non‘di-

272 5663 425 5737 catis.
451 5664 818 5737 NecAmirum,
848 5665 973 5737 quia
989 5664 1192 5737 Regula
1223 5663 1575 5722 Tarnatensis
1602 5665 1848 5737 quaedam

273 5735 441 5791 sumit
465 5751 532 5791 ex
555 5735 762 5805 Regula
787 5734 846 5792 S.
871 5734 1177 5806 Augustini.

2025 504 2054 543 ιι
2087 501 2212 559 Haec
2237 513 2383 571 sunt,
2413 520 2530 575 quae
2557 515 2616 561 ut
2639 508 2958 575 observetis,
2981 512 3324 582 praecipimus
3347 515 3401 570 in
3423 531 3538 574 mo-

1953 586 2193 650 nasterio
2218 597 2517 652 constituti.
2549 596 2788 653 Primum
2825 640 2840 666 ,
2862 609 3083 670 propter
3111 605 3253 672 quod
3285 604 3339 658 in
3368 622 3536 662 unum

1950 687 2082 741 estis
2128 690 2463 760 congregati,
2515 699 2576 744 ut
2604 693 2886 747 unanimes
2913 694 2928 732 ί
2959 694 3214 749 habitetis
3247 695 3300 749 in
3348 698 3530 763 domo,

1949 787 2006 833 et
2025 795 2132 833 non
2144 780 2340 835 dicatis
2357 781 2558 859 aliquid
2581 783 2858 851 proprium
2884 800 2898 849 ;
2926 785 3021 839 sed
3041 787 3149 840 sint
3175 787 3325 843 vobis
3347 791 3531 843 omnia

1951 869 2254 923 communia
2279 909 2294 935 ,
2349 878 2407 923 et
2439 867 2452 919 i
2504 871 2861 944 distribuatur
2908 874 3197 946 unicuique
3223 885 3464 932 vestrum
3497 895 3526 933 a

1949 959 2236 1026 praeposito
2262 967 2466 1013 vestro.

1949 1068 2090 1140 §1X.
2119 1098 2192 1110 -—
2215 1069 2294 1124 Ex
2341 1069 2562 1128 ﬁscum
2591 1087 2902 1214 ῖὶματοέἓςι
2951 1073 3116 1131 quu
3142 1094 3211 1132 nr
3265 1078 3536 1135 STEPHANI

2673 1161 2762 1214 ap.
2890 1182 2904 1195 .

2673 1161 2762 1214 ap.
2788 1161 2904 1214 κο).

2023 1255 2048 1294 Ιι
2090 1253 2230 1308 Nulli
2259 1255 2422 1310 liceat
2451 1255 2534 1310 vel
2590 1257 3009 1314 instrumentum
3041 1301 3056 1324 ,
3096 1260 3178 1316 vel
3209 1262 3536 1319 calciamen-

1947 1355 2062 1401 tum
2096 1354 2190 1400 aut
2229 1345 2466 1413 tabulas,
2504 1347 2590 1402 vel
2639 1349 2900 1420 cujusque
2945 1353 3022 1406 rei
3056 1353 3393 1422 parvissima:
3425 1363 3532 1410 tam

1947 1456 2145 1494 novum
2173 1455 2338 1510 quam
2365 1449 2519 1495 vetus
2535 1442 2831 1511 quidquam
2857 1443 2998 1512 quod
3025 1445 3132 1500 alio
3163 1445 3319 1500 fratri
3352 1447 3536 1503 datum

1947 1530 2138 1595 fuerit,
2169 1546 2336 1602 prava
2362 1533 2783 1600 praesumptione
2818 1535 3132 1605 contingere
3158 1536 3224 1590 ad
3252 1538 3532 1592 utendum.

1945 1621 2056 1677 Nec
2083 1623 2224 1677 inter
2244 1638 2302 1678 se
2330 1623 2592 1677 fratribus
2621 1623 2788 1678 liceat
2817 1623 2864 1694 [1
2890 1624 2969 1695 ut]
3013 1626 3067 1680 id
3105 1628 3249 1697 quod
3292 1629 3358 1684 de
3387 1644 3537 1683 com-

1948 1712 2098 1766 muni
2149 1713 2436 1781 quisquam
2488 1715 2809 1784 acceperit;
2860 1715 2964 1770 nisi
3019 1718 3286 1786 permissu
3335 1720 3536 1789 prioris

2465 1805 2620 1872 quasi
2651 1804 2912 1873 peculiari
2956 1822 3141 1862 amore
3169 1820 3210 1848 ω
3242 1819 3488 1866 mutuare
3515 1827 3530 1866 :

1951 1907 2020 1946 ne
2047 1893 2146 1947 hac
2179 1894 2465 1947 occasione
2500 1902 2757 1948 nascatur
2782 1908 2938 1948 amor
2962 1896 3183 1953 illicitus
3213 1917 3225 1952 :
3258 1901 3352 1955 sed
3373 1917 3536 1957 unus-

1952 1982 2183 2052 quisque
2227 1983 2371 2052 quod
2414 1984 2465 2038 ei
2492 1984 2778 2038 charitatis
2805 1985 3185 2044 distributione
3229 1991 3406 2056 datur,
3432 1994 3536 2048 hoc

1949 2070 2144 2138 libens,
2175 2081 2229 2127 et
2253 2075 2389 2129 bona
2411 2075 2687 2130 voluntate
2709 2076 2962 2145 accipiat,
2993 2085 3048 2132 et
3067 2081 3135 2134 ad
3159 2081 3419 2138 utendum
3445 2085 3535 2140 de-

1951 2159 2182 2216 lectetur
2213 2163 2434 2218 habere.

2094 2270 2123 2343 ς
2147 2269 2212 2324 Χ.
2235 2301 2305 2311 -
2335 2272 2416 2326 Ex
2437 2272 2657 2330 Rscuu
2688 2289 2875 2330 sxucn
2899 2275 3098 2332 Ismeni
3125 2274 3262 2350 (cap.
3283 2276 3363 2351 6).

2023 2391 2052 2420 ιι
2079 2383 2326 2438 Monachi
2366 2384 2420 2439 in
2473 2401 2757 2442 commune
2789 2389 3033 2444 viventes
3084 2390 3218 2444 nihil
3259 2392 3537 2462 peculiare

1953 2471 2062 2528 sibi
2097 2471 2276 2528 facere
2305 2475 2569 2530 audeant:
2596 2491 2771 2546 neque
2794 2477 2847 2530 iu
2879 2478 2993 2532 suis
3013 2478 3220 2534 cellulis
3245 2481 3536 2552 quidquam

1951 2565 2099 2632 quod
2126 2572 2150 2600 ο
2176 2565 2246 2619 ad
2271 2565 2476 2620 victum
2503 2567 2587 2622 vel
2615 2571 2682 2622 ad
2713 2568 3014 2636 quamlibet
3047 2585 3161 2624 rem
3191 2569 3352 2624 aliam
3381 2572 3543 2641 perti-

1952 2663 2081 2708 neat
2123 2695 2137 2720 ,
2167 2655 2288 2710 sine
2327 2656 2560 2726 regulari
2592 2658 2994 2727 dispensatione
3040 2660 3241 2717 habere
3288 2663 3373 2718 vel
3397 2679 3528 2733 pos-

1954 2743 2135 2800 sidere
2174 2754 2524 2816 praesumant.
2563 2747 2623 2801 In
2674 2747 2996 2803 Pentecoste
3027 2759 3208 2805 autem
3246 2791 3261 2818 ,
3300 2754 3395 2822 qui
3444 2763 3533 2808 est

1954 2835 2070 2891 dies
2117 2835 2452 2891 remissionis
2474 2877 2488 2901 ,
2514 2851 2704 2892 omnes
2733 2836 2928 2893 fratres
2958 2839 3057 2894 sub
3100 2841 3280 2895 divina
3324 2841 3532 2912 profes-

1953 2927 2104 2983 sione
2151 2940 2210 2980 se
2237 2926 2458 2996 alligent
2485 2927 2620 2982 nihil
2646 2928 2925 2998 peculiare
2953 2929 3097 3000 apud
3146 2931 3538 2987 conscientiam

1955 3033 2109 3073 suam
2136 3018 2358 3072 habere.

2147 3129 2285 3201 §XL
2315 3161 2386 3169 —
2411 3129 2546 3184 Item
2575 3130 2809 3201 ejusdem
2849 3131 2936 3204 (ex
2958 3132 3136 3186 eodem
3161 3133 3374 3203 capite).

2029 3249 2057 3289 P
2077 3236 2192 3293 Non
2221 3249 2303 3293 est
2336 3239 2766 3309 pt'msumendum
2796 3241 2914 3295 sine
2940 3242 3275 3295 conscientia
3322 3243 3540 3299 abbatis

1956 3328 2141 3398 egenis
2171 3327 2254 3382 vel
2294 3327 2624 3398 quibuslibet
2658 3327 2905 3383 conferre
2930 3329 2996 3382 de
3043 3345 3108 3384 eo
3136 3331 3279 3400 quod
3305 3332 3542 3400 regulari

1957 3419 2362 3488 dispensatione
2402 3420 2647 3473 noscitur
2693 3420 2987 3474 monachus
3017 3422 3318 3489 possidere.
3354 3433 3380 3472 ει
3403 3423 3540 3478 Cum

1957 3510 2065 3563 alio
2091 3524 2306 3579 quoque
2326 3508 2494 3564 fratre
2523 3511 2799 3580 quippiam
2847 3519 3203 3576 commutare,
3235 3513 3340 3568 nisi
3371 3516 3541 3569 abbas

1956 3601 2041 3656 vel
2078 3603 2399 3671 prmpositus
2441 3601 2699 3668 jusserit,
2728 3602 2859 3655 nulli
2919 3601 3118 3656 licebit.
3152 3602 3262 3658 Nec
3314 3605 3537 3661 habebit

1957 3691 2233 3760 quippiam
2270 3690 2439 3744 frater
2484 3699 2682 3759 praeter
2709 3690 2820 3756 illa,
2874 3707 2993 3760 qum
3030 3692 3084 3747 in
3129 3694 3401 3748 communi
3425 3711 3542 3749 mo-

1961 3782 2184 3837 nasterii
2220 3781 2336 3852 lege
2363 3796 2619 3837 concessa
2650 3789 2793 3836 sunt.

2035 3916 2052 3956 ί
2084 3913 2345 3968 Habitetis
2374 3913 2428 3967 in
2451 3912 2626 3966 domo.
2661 3911 2717 3965 In
2747 3911 2952 3982 Regula
2989 3911 3045 3967 S.
3075 3913 3362 3983 Augustini
3394 3915 3538 3970 edita

1958 3993 2015 4040 et
2040 3986 2094 4039 in
2117 3985 2276 4054 epist.
2302 3986 2418 4038 haec
2445 3992 2743 4054 sequuntur
2769 4000 2782 4036 ;
2814 4001 2831 4032 ‹
2855 3983 2923 4036 Ει
2951 3985 3022 4037 sit
3048 3984 3199 4038 vobis
3227 3998 3322 4037 cor
3344 4001 3533 4050 unum,

1958 4064 2015 4111 et
2045 4052 2226 4109 anima
2255 4069 2361 4108 una
2389 4054 2441 4107 in
2465 4052 2590 4106 Deo.
2626 4071 2644 4103 ι

2034 4124 2048 4175 i
2085 4125 2153 4178 Et
2177 4125 2530 4178 distribuatur
2562 4122 2842 4192 unicuique
2863 4132 3106 4176 vestrum.
3140 4120 3342 4192 Nempe
3377 4125 3539 4179 victus

1959 4205 2007 4250 et
2034 4205 2409 4266 tegumentum,
2440 4193 2838 4266 utltabeturin
2859 4192 3053 4266 eadem
3086 4193 3289 4263 Regula
3312 4209 3536 4266 excusa.

2033 4267 2062 4305 ¹ί
2086 4261 2245 4319 Ναιιὶ
2281 4265 2456 4317 liceat.
2489 4262 2729 4317 Habetur
2759 4262 2812 4316 in
2859 4261 3060 4328 Regula
3092 4261 3195 4316 ms.
3224 4265 3539 4319 earumdem

1961 4335 2113 4390 Pauli
2153 4343 2208 4390 et
2238 4333 2496 4402 Stephani
2539 4333 2659 4386 cod.
2705 4330 2853 4386 Flor.
2888 4347 3005 4402 cap.
3046 4333 3138 4396 28,
3177 4343 3232 4387 et
3278 4335 3478 4388 citatur
3507 4350 3539 4390 a

1963 4405 2263 4461 Trithemio
2291 4419 2410 4473 cap.
2438 4402 2490 4457 5.
2514 4403 2587 4473 de,
2602 4403 2929 4471 proprietate
2952 4403 3359 4457 monachorum.

2036 4475 2053 4514 ι
2081 4475 2147 4528 Ut
2178 4475 2252 4528 id.
2279 4472 2522 4543 lta’apud
2550 4472 2814 4543 Trithem.
2841 4475 2900 4543 τὸ
2924 4481 3000 4543 ut,
3029 4481 3225 4543 tamen
3247 4472 3533 4543 redundat.

2031 4558 2071 4585 ιιι
2089 4545 2354 4598 Mutuare.
2386 4541 2464 4597 lia
2490 4543 2692 4596 in-cod.
2728 4541 2964 4612 Vindset
2985 4542 3038 4594 in
3058 4541 3262 4612 Regula
3287 4558 3387 4595 ms.
3415 4541 3534 4596 cod.

1956 4615 2107 4670 Flor.
2162 4615 2257 4670 sed
2311 4613 2453 4684 apud
2501 4611 2863 4666 'l‘rithemium
2897 4609 3096 4681 legitur
3121 4609 3165 4676 ,⁷
3189 4621 3533 4666 commutare.

1959 4686 2202 4739 Rectius.

2030 4764 2058 4791 η
2083 4751 2352 4807 Monaclti.
2384 4749 2527 4821 Haec
2552 4750 2794 4820 reperire
2817 4757 2903 4806 est
2933 4749 2986 4804 in
3013 4749 3220 4821 Regula
3247 4751 3418 4807 sancti
3441 4749 3539 4806 lsi-

1961 4824 2077 4879 dori
2101 4837 2300 4877 excusa
2322 4836 2442 4890 cap.
2470 4819 2556 4873 19.

2034 4900 2058 4928 ο
2103 4890 2191 4947 Vel
2220 4891 2290 4945 ad
2316 4887 2528 4945 victum.
2571 4887 2628 4941 In
2657 4887 2863 4956 Regula
2906 4903 3026 4943 exc.
3049 4889 3266 4944 additur
3300 4908 3313 4943 :
3356 4888 3450 4943 Vel
3468 4891 3538 4944 ad

1958 4962 2214 5016 habitum.
2251 4962 2480 5016 Cautum
2503 4956 2604 5010 fuit
2639 4956 2766 5010 olim
2792 4958 2846 5011 in
2883 4959 3250 5023 monasteriis,
3275 4967 3336 5013 ut
3357 4974 3541 5014 mona-

1957 5033 2044 5086 chi
2076 5032 2209 5086 nihil
2262 5031 2318 5085 in
2359 5027 2508 5084 cellis
2548 5034 2641 5080 aut
2684 5026 2840 5080 lectis
2893 5027 3001 5081 cibi
3038 5027 3452 5091 absconderent,
3483 5039 3541 5082 ut

1955 5103 2138 5157 videre
2167 5110 2250 5156 est
2278 5102 2332 5155 in
2360 5097 2560 5169 [tegula
2593 5095 2650 5169 S.
2684 5094 2983 5169 P_a_cho_mii,
3007 5097 3260 5169 cap.q43:
3297 5116 3316 5149 ε
3349 5097 3540 5169 Nullus

1956 5172 2011 5225 in
2035 5172 2169 5227 cella
2201 5187 2296 5226 sua
2324 5165 2551 5240 repo'nat
2575 5165 2776 5240 aliquid
2803 5166 2874 5240 ad
2897 5165 3261 5240 _vescendum.
3297 5187 3317 5220 ι
3347 5167 3408 5224 In
3437 5167 3541 5240 βεεν

1958 5242 2082 5312 gula
2139 5234 2540 5312 Teridii,'cap.
2575 5237 2684 5312 εει
2728 5252 2746 5287 ‹
2787 5235 2868 5312 A_d
2897 5234 3094 5290 lectum
3153 5252 3310 5312 suum
3361 5237 3543 5293 nullus

1957 5306 2252 5381 prmsulnat
2275 5310 2475 5365 habere
2497 5306 2646 5375 'quod
2668 5306 3138 5381 mandycetur_aut
3167 5307 3406 5381 bibatur.
3440 5326 3464 5381 ε

2032 5393 2059 5432 p
2086 5381 2211 5436 Non
2240 5391 2313 5435 est
2351 5373 2792 5451 prcesumendum.
2822 5373 3126 5432 Subscribit
3153 5377 3411 5433 doctrinae
3440 5377 3542 5432 Ba-

1956 5452 2062 5507 silii
2097 5452 2283 5523 magni
2309 5464 2492 5523 supra.

2027 5533 2054 5573 ιι
2082 5513 2224 5575 Cani
2269 5513 2391 5574 alio'
2415 5533 2633 5588 quoque
2659 5513 2825 5584 fratre
2845 5555 2869 5588 _,
2893 5523 2997 5570 etc.
3050 5517 3130 5572 Ita
3163 5517 3215 5572 in
3262 5517 3384 5588 cod.
3434 5530 3538 5571 ms.

1957 5591 2364 5651 Vindocinensi,
2413 5584 2574 5642 aliter
2624 5587 2678 5640 in
2706 5584 2892 5654 regula
2932 5601 3134 5642 excusa
3166 5606 3179 5642 :
3215 5605 3232 5640 ι
3271 5587 3380 5642 Nec
3417 5603 3542 5641 cum

1957 5663 2064 5717 alio
2082 5676 2297 5731 quoque
2337 5655 2806 5731 fratre-quippiam
2831 5667 3203 5731 commutare,
3232 5660 3336 5716 nisi
3366 5658 3538 5714 abbas

1957 5732 2041 5787 vel
2067 5723 2385 5802 praepbsitus
2409 5730 2482 5784 illi
2506 5723 2754 5800 jusserit,
2793 5723 2887 5780 ulli
2909 5726 3113 5785 licebit.
3146 5749 3165 5781 ι
