3940 6196
437 222 574 284 1065

500 338 664 416 μω.
694 336 859 391 -Ει
890 335 1107 391 ﬁscum
1143 344 1331 386 SANCTI
1355 327 1664 384 Faucruost
1693 327 1832 400 (cap.
1857 328 1933 399 6).

502 440 527 468 ⁸
546 430 659 487 Nec
683 428 967 499 quisquam
990 438 1054 477 ex
1077 419 1356 476 monachis
1382 433 1539 473 suum
1560 431 1810 473 asserens
1838 417 2005 484 dicat,

428 525 458 566 δ
472 526 653 581 Codex
674 536 846 584 meus,
870 516 1065 571 tabulae
1081 528 1235 580 mete,
1263 512 1345 567 vel
1363 511 1587 580 reliqua.
1612 509 1766 576 Quod
1784 509 2007 564 verbum

427 620 471 677 si
500 619 565 672 de
594 629 689 671 ore
727 611 845 681 ejus
893 607 1142 680 effugerit
1172 646 1188 673 ,
1231 604 1564 677 pamitentiae
1591 601 1907 671 subiacebit,
1938 616 2008 655 ne

425 710 575 765 velut
619 703 837 776 propria
864 713 887 741 ο
911 700 1167 771 quzelibet
1220 697 1272 751 in
1308 693 1639 750 monasterio
1685 693 1890 747 habere
1922 691 2007 745 vi-

429 804 642 864 deatur,
676 796 774 851 sed
795 796 905 850 sint
938 793 1064 858 illis,
1084 792 1226 848 sicut
1246 788 1509 859 scriptum
1535 794 1637 850 est,
1661 783 1843 840 omnia
1869 797 2010 839 com-

428 894 615 950 munia
641 891 780 963 (Act.
809 888 906 959 tv).

697 980 723 1053 §
761 978 897 1034 XIII.
935 1004 1007 1019 -—
1041 973 1178 1028 Item
1211 969 1444 1041 ejusdem
1483 967 1622 1041 (cap.
1662 964 1738 1037 6).

498 1076 526 1118 ἀ
568 1074 851 1130 Peculiare
898 1083 1034 1138 opus
1077 1064 1385 1119 institutum
1432 1069 1536 1125 est,
1571 1071 1594 1099 ε
1631 1066 1693 1112 ut
1733 1056 1881 1112 nulla
1924 1056 2012 1113 his

426 1175 680 1224 exerceat
706 1162 1024 1224 monachus,
1047 1156 1202 1227 quasi
1230 1155 1331 1209 sibi
1354 1152 1570 1223 proprie
1588 1149 1971 1205 vindicandum
1994 1166 2006 1203 :

426 1267 518 1315 aut
550 1258 789 1321 cuilibet,
820 1268 942 1309 cum
972 1248 1223 1312 voluerit,
1257 1261 1354 1301 sua
1382 1241 1802 1315 praesumptione
1830 1240 2014 1296 distri-

425 1350 718 1405 buendum.
767 1344 877 1399 Nec
917 1340 1190 1412 quodlibet
1228 1351 1363 1406 opus
1400 1335 1517 1389 sine
1557 1332 1918 1404 praeceptione
1956 1338 2013 1386 et

367 1441 370 1443 Α
430 1443 451 1481 ί
480 1437 825 1498 conhibentia
851 1434 1081 1489 senioris
1109 1427 1531 1499 suscipiendum,
1564 1426 1677 1481 sive
1706 1424 2012 1479 faciendum

422 1542 507 1589 est
536 1551 548 1585 :
583 1531 675 1586 sed
706 1530 760 1583 in
794 1525 943 1582 omni
978 1539 1037 1578 re
1065 1516 1327 1592 quidquid
1366 1517 1535 1573 abbas
1566 1515 1651 1571 vel
1689 1514 2013 1586 praepositus

422 1620 760 1697 praeceperit,
791 1620 894 1673 hoc
920 1613 1203 1685 agendum.

689 1728 718 1801 δ
754 1724 892 1782 XIV.
931 1754 1005 1766 —
1042 1722 1178 1776 Item
1215 1719 1449 1790 ejusdem
1485 1716 1623 1788 (cap.
1660 1716 1736 1788 8).

498 1842 524 1881 8
561 1835 911 1893 Peculiaritas
938 1839 1032 1886 aut
1052 1832 1108 1885 in
1128 1828 1449 1884 utensilibus
1474 1834 1568 1881 aut
1593 1826 1649 1880 in
1675 1823 2011 1881 vestimentis

422 1942 517 1987 aut
552 1928 881 2001 quibuslibet
917 1926 1077 1980 rebus
1116 1921 1391 1976 vilissimis
1422 1920 1448 1960 ι)
1482 1919 1663 1975 saltim
1699 1925 1755 1972 et
1789 1915 2012 1985 abjectis

422 2024 568 2081 omni
609 2021 765 2076 modo
802 2018 1002 2071 vitetur
1040 2033 1053 2069 :
1097 2014 1223 2084 quia
1261 2010 1591 2066 abominatio
1625 2008 1902 2064 monachis
1929 2016 2015 2063 est

428 2117 444 2157 ί
479 2122 535 2169 et
562 2110 842 2167 infamiam
867 2106 1158 2176 quidquam
1186 2101 1463 2173 possidere
1491 2098 1505 2149 i
1543 2097 1872 2169 superﬂuum
1902 2097 2015 2169 [au-

423 2214 533 2261 tem
542 2214 557 2277 ι
580 2212 672 2258 aut
688 2214 970 2257 reservare
989 2195 1285 2267 proprium,
1302 2192 1385 2247 vel
1408 2192 1709 2247 occultum:
1738 2190 1882 2260 quod
1906 2204 2012 2244 non

422 2298 581 2367 longe
622 2296 689 2349 ab
726 2291 952 2346 Ananiae
978 2287 1062 2343 vel
1101 2285 1350 2355 Saphiraa
1388 2282 1636 2352 exemplo
1674 2289 2009 2353 segregatum

422 2385 617 2442 Munus
643 2398 769 2438 vero
796 2379 1077 2451 quodlibet
1100 2379 1214 2432 sive
1236 2375 1495 2446 epistolas
1522 2388 1681 2428 nemo
1711 2373 2013 2427 monachus

420 2474 652 2544 accipiat
685 2490 697 2525 :
732 2458 908 2540 neque
940 2469 1145 2539 uspiam
1174 2467 1292 2522 sine
1324 2466 1698 2521 benedictione
1725 2464 1808 2520 sui
1833 2463 2013 2519 senio-

422 2568 501 2624 ris
537 2564 936 2638 progrediatur,
981 2576 1082 2615 nec
1112 2574 1236 2614 cum
1266 2558 1404 2613 laico
1441 2557 1712 2626 loquatur,
1749 2570 1851 2609 nec
1888 2570 2011 2610 cum

423 2660 690 2716 monacho
720 2672 847 2712 non
860 2655 1044 2726 jussus
1086 2660 1219 2717 stet,
1253 2653 1367 2708 sive
1396 2650 1682 2713 fabuletur,
1720 2648 1807 2703 vel
1844 2648 2012 2702 alium

421 2747 657 2817 aliquem
687 2745 989 2814 proximum
1025 2742 1225 2806 videat,
1262 2740 1345 2796 vel
1381 2748 1729 2803 extraneum,
1774 2735 2007 2808 regulari

423 2835 691 2891 sententia
721 2833 1001 2905 praefixum
1027 2840 1130 2885 est.

614 2946 642 3018 §
677 2945 794 3001 XV.
831 2974 902 2985 ——
939 2945 1019 2999 Ex
1057 2942 1279 2997 Racuu
1315 2955 1502 2996 SANCTI
1536 2938 1831 2993 Fnaasou.

500 3063 526 3105 ι
561 3061 695 3117 illud
720 3060 884 3115 etiam
910 3051 1074 3113 statui
1103 3056 1300 3112 debere
1326 3053 1719 3125 perspeximus,
1743 3061 1807 3107 ut
1829 3051 1923 3107 nul

494 3209 519 3238 ι
560 3192 671 3276 Nec
696 3194 990 3276 quicquam.
1022 3189 1301 3276 Habentur
1404 3185 1767 3276 iugulatus:
1779 3184 2009 3276 ‘Ssnliru:

423 3266 597 3322 ctuosi
641 3254 881 3335 episcopi
927 3259 1278 3314 Braearensis
1327 3257 1447 3313 cod.
1500 3254 1689 3311 Crass.
1740 3255 1932 3309 eodem
1975 3254 2011 3309 4

423 3337 619 3392 canite.

564 3404 713 3459 Meus
743 3401 937 3466 codex,
973 3409 1078 3455 etc.
1105 3398 1262 3469 Apud
1298 3396 1561 3469 Trithem.
1599 3408 1717 3464 cap.
1744 3394 1930 3469 ci_t_at_o,
1956 3402 2012 3450 et

422 3476 476 3532 in
505 3475 711 3547 Regula
722 3490 838 3547 (ms.
867 3464 1086 3547 {dicunt
1108 3464 1338 3547 cadi-cem
1363 3465 1596 3547 tabula-1n
1620 3481 1750 3547 esse.
1782 3464 1935 3518 Male.

495 3557 517 3585 c
549 3534 854 3625 _Qvlul.’lfbel..
885 3538 1376 3625 Melius,‘qui(ib‘et,
1425 3537 1481 3591 in
1527 3534 1733 3606 Regula
1782 3548 1907 3599 ms.,
1958 3543 2013 3590 et

424 3618 564 3688 apud
588 3615 952 3669 Trithemium
980 3615 1156 3679 capite
1184 3615 1372 3663 citato.

491 3686 518 3725 ἀ
558 3683 832 3737 Peculiare
867 3698 1015 3752 opus.
1058 3680 1250 3752 Esstat
1284 3677 1563 3752 incudem
1594 3674 1714 3752 cod.
1744 3689 1849 3730 m8.
1883 3689 2007 3752 cap.

421 3756 611 3810 eodem
639 3753 738 3808 sub
764 3744 945 3826 linem.
975 3749 1083 3806 Sed
1112 3749 1442 3826 haeeverba,
1479 3744 1741 3826 peculiare
1773 3760 1902 3826 opus
1926 3746 2012 3800 in-

421 3827 661 3879 stitutum
688 3832 783 3889 est,
816 3822 897 3892 (ut
926 3836 1051 3875 mox
1080 3818 1370 3892 videbitur)
1400 3825 1525 3872 sunt
1553 3818 1902 3892 transposuit:

500 3907 523 3934 ε
565 3893 630 3947 Ut
654 3884 800 3947 nulla
824 3884 924 3951 liis.
957 3899 1062 3946 etc.
1080 3889 1256 3943 Locus
1278 3884 1584 3957 corruptus,
1610 3886 1665 3939 in
1691 3884 1811 3957 cod.
1849 3884 2007 3940 Vind.

424 3964 623 4032 legitur
645 3962 941 4032 nullatenus
965 3961 1079 4032 his;
1102 3958 1255 4032 Apud
1283 3953 1658 4032 Smaragdum,
1690 3953 1888 4032 nullas,
1919 3971 2012 4010 ex-

422 4025 646 4105 puncto,
674 4032 781 4105 his.
814 4030 1001 4084 Recte.
1040 4025 1243 4105 Et_lioc_
1260 4028 1563 4105 membrum
1591 4026 1694 4105 hac
1721 4025 2010 4105 verborum

424 4094 566 4158 serie
596 4100 876 4172 legendum
903 4106 989 4153 est
1015 4114 1030 4150 :
1066 4115 1085 4149 ι
1116 4097 1424 4172 lnsti_t_utum
1453 4103 1566 4172 est,
1593 4102 1653 4172 ut
1687 4094 1864 4172 nullus
1894 4110 2012 4149 mo—

424 4173 631 4227 nachus
648 4164 920 4224 'exerceat
950 4183 1086 4239 opus
1111 4166 1401 4236 peculiare.
1445 4185 1464 4219 ι
1504 4165 1573 4220 Et
1599 4165 1678 4220 sic
1714 4164 1894 4219 clarus
1926 4173 2012 4220 est

426 4256 923 4366 seemtllsdnhibentia.
952 4307 1032 4362 ita
1063 4307 1117 4362 in
1143 4306 1263 4361 cod.
1292 4303 1621 4374 Vind.Apud
1649 4303 2008 4374 Smaragdum

420 4381 650 4453 legitur:
669 4379 1008 4453 conscientia1
1027 4377 1085 4453 In
1110 4377 1311 4453 Regula
1334 4391 1436 4453 ms.
1455 4374 1799 4453 conniventia.
1816 4373 2002 4453 _Recte.
2032 4392 2086 4452 ι)

497 4443 522 4494 δ
562 4449 932 4505 Pcculiaritas.
964 4443 1281 4502 Habetur'in
1305 4447 1493 4501 eodem
1514 4458 1635 4515 cap.
1660 4443 1876 4515 Regulae
1899 4461 2002 4501 ms.

420 4525 543 4579 cod.
572 4520 754 4576 Crass.
787 4529 842 4572 et
869 4518 1012 4589 apud
1039 4516 1417 4581 Trithemium,
1450 4529 1567 4585 cap.
1602 4514 1636 4570 5
1671 4515 1737 4570 de
1756 4514 2008 4585 proprie-

423 4602 536 4648 tate
569 4590 974 4645 monachorum.

415 4671 420 4676 '
490 4663 520 4703 ιι
561 4659 770 4716 Saltim.
807 4658 914 4713 Pro
953 4656 1136 4711 saltem
1163 4697 1177 4720 ,
1215 4663 1277 4711 ut
1313 4669 1475 4722 supra
1536 4662 1779 4710 notatum
1809 4663 1923 4722 est,
1954 4666 2011 4712 et

421 4733 618 4804 saepius
648 4729 885 4785 occurrit
913 4728 965 4781 in
994 4727 1264 4781 veteribus
1292 4726 1569 4782 codicibus
1594 4740 1726 4780 mss.

501 4818 517 4844 ι
561 4801 629 4854 Et
660 4798 958 4869 infamiam.
982 4796 1059 4850 lla
1084 4798 1138 4850 in
1164 4798 1408 4869 cod.ms.
1436 4795 1595 4851 Vind.
1621 4803 1676 4850 et
1702 4794 1845 4864 apud
1883 4795 1976 4850 Tri

501 4818 517 4844 ι
561 4814 629 4853 ιιι
660 4814 958 4853 mtammm.
984 4814 1059 4850 ua
1084 4814 1138 4850 ιη
1164 4814 1284 4852 000.
1308 4814 1408 4851 ms.
1444 4814 1595 4851 γιιιυ.
1621 4814 1676 4850 ει
1702 4814 1845 4853 21)υο
1892 4814 2005 4850 ιη·

421 4871 682 4927 themium
711 4867 833 4938 cap.
867 4867 1050 4931 citato,
1083 4868 1452 4938 projnfamia.

494 4942 507 4992 i
556 4935 903 5010 Super/ilium»
949 4935 1140 4991 autem.
1191 4935 1684 5010 Particulaaytem
1719 4935 2003 5000 redundat,

419 5026 521 5067 nec
545 5004 943 5080 est'in'itegula
969 5023 1070 5061 ms.
1103 5022 1277 5080 neque
1306 5009 1358 5080 in
1390 5006 1510 5080 c_od.
1546 5004 1730 5080 Yind.,
1754 5014 1809 5080 e_t
1833 5021 1896 5080 ea
1919 5019 2009 5059 ex-

420 5090 619 5151 puncta
641 5075 958 5139 omnia'rite
984 5075 1300 5151 procedunt.
1326 5077 1381 5131 In
1411 5075 1614 5151 Regula
1646 5090 1748 5151 ms.
1778 5075 2003 5151 legitur:

421 5091 619 5151 puncta
641 5095 822 5139 omnia
854 5091 958 5132 rite
984 5091 1300 5146 procedunt.
1326 5091 1381 5131 In
1413 5091 1614 5200 uagula
1646 5091 1748 5128 ms.
1778 5091 2003 5145 legitur:

421 5152 745 5221 superﬂuum
807 5165 1017 5221 vanam.
1072 5147 1228 5221 Diale.
1278 5147 1431 5217 Apud
1526 5146 1839 5199 rithemium
1873 5148 2008 5221 haec

420 5216 588 5276 verba
605 5218 798 5273 desunt
823 5236 836 5271 :
870 5238 886 5269 ι
918 5216 1258 5286 Superfluum
1283 5216 1378 5271 aut
1399 5231 1679 5271 reservare
1700 5218 2002 5286 proprium,

416 5291 501 5346 vel
526 5290 817 5353 occultum,
844 5288 986 5357 quod
1016 5303 1123 5341 non
1154 5287 1311 5357 longe
1339 5288 1407 5343 ab
1429 5286 1654 5341 Ananiae
1681 5295 1736 5341 et
1763 5286 2007 5359 Sapbirae

419 5361 669 5429 exemplo
694 5368 1027 5429 segregatur.
1068 5377 1086 5409 ι
1124 5426 1167 5429 __
1268 5410 1271 5411 ν
1352 5426 1363 5429 Α
1740 5410 1743 5413 η

494 5431 518 5469 ιτ
562 5426 705 5483 Illud
750 5426 927 5492 etiam,
970 5436 1074 5482 etc.
1124 5426 1250 5481 Haec
1279 5426 1587 5485 referuntur
1632 5446 1662 5485 a
1707 5430 2007 5488 Trithemio

420 5498 620 5572 cap._5
660 5500 731 5572 de
760 5499 1106 5572 proprietate
1150 5500 1541 5572 monachorum
1581 5516 1647 5555 ex
1690 5503 1867 5571 capite
1908 5503 2004 5572 10,

419 5566 661 5637 ejusdem
702 5566 917 5643 Regulae
962 5566 1022 5621 S.
1068 5566 1339 5638 Ferreoli,
1388 5586 1549 5641 quem
1599 5566 1910 5643 episcopum
1952 5566 2008 5632 et

421 5635 720 5704 martyrem
747 5635 994 5708 appellat.

1466 214 1523 271 S.
1565 212 1924 271 BENEDICTI
1960 216 2257 277 ABBATIS
2288 222 2706 283 ANIANENSIS

3555 235 3677 295 16M

2034 334 2086 392 A
2112 338 2501 394 monachorum
2530 339 2737 410 aliquid
2761 340 2865 396 sibi
2899 341 3182 413 proprium
3213 322 3420 417 absque
3442 347 3681 408 societate

2107 427 2341 487 fratrum
2377 429 2426 505 [ι
2457 431 2685 504 aliquid]
2722 433 2998 491 vindicare
3035 453 3050 491 :
3091 436 3167 493 ita
3200 447 3263 493 ut
3300 440 3469 495 etiam
3503 442 3556 496 in
3586 443 3683 512 his,

2108 536 2230 590 quae
2269 538 2366 578 sua
2413 532 2560 591 sunt,
2604 524 2739 579 nihil
2779 525 3011 596 amplius
3037 527 3225 583 credat
3252 530 3356 585 sibi
3378 530 3524 602 juris
3556 548 3684 603 ese,

2107 630 2271 684 quam
2309 616 2540 671 caeteris.
2582 616 2719 684 Quia
2754 633 2880 673 eum
2915 619 3155 690 seipsum
3200 620 3432 677 alterius
3471 626 3689 683 subdidit

2109 706 2386 775 potestati,
2404 706 2587 761 omnia
2605 722 2790 762 secum
2816 706 2870 762 in
2891 708 3066 763 aliena
3087 717 3359 779 potestate
3381 714 3686 769 transmisit.

2109 798 2381 869 Quidquid
2408 813 2540 871 ergo
2568 813 2754 855 secum
2783 812 2965 854 rerum
2995 799 3274 868 detulerit,
3301 805 3558 874 expedito
3580 821 3688 861 cort-

2110 892 2280 946 sortio
2307 891 2721 958 monachorum,
2748 903 2791 931 ω
2819 899 2876 946 at
2902 891 2991 948 ubi
3022 902 3052 931 ιι
3078 896 3297 965 corpori
3333 899 3693 966 congregatio-

2110 987 2197 1041 nis
2216 984 2520 1041 membrum
2540 982 2716 1040 factus
2737 984 3042 1050 adbmserit,
3067 987 3251 1041 statim
3272 999 3573 1059 cognoscat
3591 1006 3691 1045 om-

2111 1075 2202 1131 nia
2233 1075 2288 1129 in
2319 1074 2752 1130 communionem
2778 1075 3043 1130 transisse
3071 1094 3085 1130 :
3116 1085 3171 1131 et
3196 1077 3301 1132 hoc
3326 1085 3546 1133 tantum
3565 1080 3693 1148 judi-

2111 1176 2199 1223 cet
2212 1168 2488 1239 proprium
2503 1167 2766 1238 quidquid
2780 1182 2902 1222 cum
2920 1168 3179 1224 fratribus
3194 1172 3506 1239 possederit
3520 1173 3694 1228 indivi-

2113 1274 2253 1315 sum.
2271 1258 2406 1313 Nam
2426 1268 2480 1314 et
2495 1258 2655 1313 lectio
2666 1258 2897 1314 Actuum
2922 1262 3289 1331 apostolorum
3304 1262 3460 1335 (Cap.
3481 1266 3558 1336 η)
3577 1274 3691 1322 tam.

2112 1367 2246 1423 pore
2266 1352 2537 1423 surgentis
2562 1351 2818 1407 Ecclesiae
2846 1352 3029 1407 taliter
3053 1353 3240 1409 ﬁdeles
3265 1354 3474 1410 Christi
3511 1358 3693 1413 vixisse

2114 1452 2503 1499 commemorat
2533 1461 2546 1497 :
2584 1441 2780 1496 Nullus
2806 1443 3022 1517 (inquit)
3055 1450 3080 1479 ο
3109 1444 3174 1499 de
3195 1446 3343 1500 bonis
3367 1447 3484 1501 suis
3509 1448 3693 1502 diccbat

2114 1537 2316 1608 aliquid
2330 1553 2504 1600 suum,
2522 1535 2613 1589 sed
2634 1545 2784 1589 erant
2801 1534 2906 1589 illis
2921 1535 3097 1589 omnia
3118 1538 3437 1590 communia.

2119 1629 2146 1703 §
2180 1629 2321 1684 XVI.
2354 1657 2428 1669 —
2470 1627 2550 1682 Ex
2588 1627 2807 1682 Racuu
2844 1642 3033 1681 SANCTI
3067 1626 3368 1683 AURELIANI
3410 1628 3557 1700 (cap.
3594 1630 3693 1702 25).

2184 1731 2213 1771 P
2248 1719 2438 1774 Nullus
2475 1726 2770 1788 praesumat
2810 1717 3104 1786 quidquam
3151 1734 3311 1773 suum
3355 1721 3576 1787 dicere,
3615 1730 3695 1778 aut

2111 1826 2265 1867 suum
2300 1808 2580 1880 proprium
2607 1808 2910 1873 vindicare,
2943 1807 3036 1862 sed
3062 1810 3357 1863 secundum
3382 1811 3560 1867 Actus
3584 1827 3694 1882 apo-

2111 1904 2375 1960 stolorum
2398 1902 2508 1958 sint
2528 1900 2679 1955 vobis
2700 1899 2883 1953 omnia
2910 1900 3242 1966 communia,
3258 1900 3330 1954 sit
3346 1900 3510 1957 vobis
3531 1901 3694 1957 anima

2110 2012 2217 2050 una
2242 2003 2299 2049 et
2327 2008 2423 2049 cor
2455 2007 2621 2047 unum
2651 1991 2706 2046 in
2734 1991 2963 2045 Domino
2992 1990 3129 2062 (Act.
3155 1993 3252 2063 ιν).

2287 2084 2314 2157 ς
2350 2083 2511 2139 XVII.
2552 2113 2622 2123 —
2660 2082 2740 2136 Ex
2778 2081 2999 2138 Rasum
3033 2098 3220 2138 sucu
3260 2082 3538 2141 CASSIANI.

2182 2186 2211 2226 τι
2244 2174 2355 2230 Nec
2394 2173 2688 2245 quidquam
2728 2172 3005 2243 peculiare
3050 2172 3179 2228 licet
3222 2175 3499 2230 monacho
3539 2179 3695 2246 possi-

2112 2268 2259 2324 dere.
2300 2267 2565 2322 Similiter
2616 2273 2674 2321 et
2702 2264 2862 2329 illud,
2894 2265 2985 2334 qui
3017 2265 3351 2320 convertitur
3383 2282 3501 2336 pne
3536 2268 3692 2322 omni-

2112 2359 2213 2415 bus
2238 2357 2443 2414 erudiri
2476 2356 2667 2423 debet,
2702 2364 2761 2410 ut
2787 2354 2923 2410 nihil
2956 2356 3005 2408 ei
3041 2355 3314 2426 peculiare
3342 2355 3513 2410 liceat
3538 2355 3696 2427 possi-

2113 2452 2242 2506 dere
2268 2469 2281 2503 :
2310 2450 2405 2505 sed
2435 2450 2508 2503 ita
2542 2462 2601 2503 se
2629 2447 2892 2503 nudatum
2928 2462 2994 2501 ex
3024 2447 3169 2500 omni
3206 2457 3362 2517 parte
3391 2455 3691 2518 cognoscat,

2112 2549 2172 2595 ut
2194 2548 2390 2611 praeter
2412 2539 2668 2603 tunicam,
2699 2537 2943 2608 pallium,
2970 2537 3283 2592 caleiarium
3312 2537 3395 2591 vel
3418 2537 3692 2593 mattulam

2112 2646 2297 2695 suam,
2336 2628 2471 2684 nihil
2505 2627 2738 2698 amplius
2775 2629 2993 2683 habeat.
3031 2627 3099 2682 Et
3136 2643 3238 2683 nec
3274 2628 3444 2683 verbo
3487 2629 3692 2697 quidem

2111 2722 2308 2778 audeat
2342 2720 2524 2776 dicere
2557 2719 2757 2790 aliquid
2784 2735 2973 2785 suum,
3016 2719 3162 2790 quod
3197 2735 3455 2791 magnum
3493 2720 3567 2774 sit
3602 2719 3694 2776 eri—

2113 2829 2236 2869 men
2278 2829 2346 2868 ex
2389 2827 2487 2867 ore
2525 2810 2776 2866 monachi
2816 2812 3167 2880 processisse,
3214 2812 3455 2866 tunicam
3503 2826 3689 2877 meam,

2114 2904 2355 2959 codicem
2383 2917 2597 2967 meum,
2628 2900 2840 2956 tabulas
2874 2903 3373 2972 meas,-graphium
3404 2917 3616 2969 meum,
3644 2908 3693 2957 et

1925 3051 2008 3109 lus
2035 3034 2080 3097 Ο
2115 3003 2311 3051 caetera
2351 2993 2437 3049 his
2478 2992 2698 3048 similia.
2742 2991 2875 3047 Nam
2918 2992 2963 3047 si
3005 2991 3311 3062 huiusmodi
3341 2996 3573 3051 verbum
3606 3009 3692 3065 per

2113 3086 2510 3109 _--L_--.A!.._-...
2540 3085 2625 3109 ...Αι
2657 3084 3010 3109 εαηκ-,αιξιιμ
3046 3086 3105 3109 ,1-
3136 3101 3224 3109 Α..-
3260 3085 3370 3109 -2---
3403 3098 3425 3109 -
3460 3086 3691 3109 -.ΩΑΑΙΑᾼΑ

2111 3086 2513 3157 subreptionem
2540 3085 2626 3141 vel
2657 3084 3015 3156 ignorantiam
3041 3086 3107 3142 de
3133 3101 3230 3142 ore
3255 3085 3373 3155 ejus
3403 3098 3425 3125 ι·
3452 3086 3694 3145 eﬂ'uderit

2191 3212 2210 3253 ι
2246 3215 2459 3290 Aliquid
2496 3216 2781 3290 vindicare.
2818 3216 2995 3274 Locus
3029 3226 3337 3290 corruptus.
3384 3221 3553 3290 Lege,
3592 3224 3693 3277 Au-

2110 3284 2230 3363 deat
2256 3284 2550 3363 pindicafe.
2594 3287 2884 3363 Expuncto
2914 3284 3256 3363 pronomine,
3287 3284 3512 3363 aliquid.
3539 3284 3619 3350 'Ut
3643 3295 3690 3348 in

2110 3304 2230 3339 aeat
2270 3304 2550 3340 vtnatcare.
2594 3304 2877 3356 nxpuncm
2956 3305 3288 3354 ronomme,

2109 3355 2230 3410 cod.
2256 3355 2639 3429 Yindocinensi
2668 3366 2729 3411 et
2748 3358 2886 3429 apud
2914 3304 3288 3414 ΙΙῖνὶιινειῃὶυηι.

2182 3436 2223 3464 ω
2257 3426 2462 3500 grubi.
2499 3426 2662 3500 Lege,
2687 3444 2750 3480 ac
2777 3426 2866 3482 abi
2893 3444 2912 3482 :
2942 3437 3003 3483 ut
3029 3432 3170 3500 apud
3200 3430 3586 3500 Trithemium.

2182 3504 2212 3532 ιι
2252 3493 2351 3549 Ubi
2380 3493 2605 3568 corpori
2620 3493 3198 3568 congregationisfetc.
3233 3499 3382 3555 Idem
3407 3503 3600 3557 statuit
3631 3501 3682 3558 S.

2109 3563 2346 3621 Joannes
2367 3563 2745 3640 Gerundensis
2769 3563 3057 3640 episcopus
3083 3570 3136 3623 in
3174 3569 3383 3640 Regula
3412 3573 3687 3628 monacho-

2111 3650 2230 3689 rum
2257 3637 2397 3712 apud
2412 3636 2771 3692 Trithemium
2797 3636 2973 3712 capite
3002 3643 3168 3694 citato
3196 3636 3281 3712 τί
3301 3641 3614 3712 Quicunque
3634 3643 3685 3697 in

2109 3706 2494 3761 monasterium
2521 3715 2804 3776 susceptus
2828 3706 3008 3775 fuerit,
3033 3725 3141 3764 non
3167 3706 3341 3765 solum
3362 3713 3431 3767 de
3454 3706 3685 3768 substan-

2111 3776 2218 3850 tia,
2248 3790 2410 3850 quam
2430 3777 2652 3850 intulit,
2685 3775 2782 3850 sed
2805 3792 2906 3850 nec
2934 3779 3001 3850 de
3027 3781 3319 3850 semetipso
3344 3782 3413 3836 ab
3443 3782 3535 3837 illa
3564 3785 3681 3838 bon

2102 3843 2389 3914 judicabit.
2430 3845 2564 3901 Nam
2592 3847 2870 3923 si__aliquid
2894 3849 3050 3923 prius
3061 3843 3263 3923 intulit
3284 3848 3568 3923 fratribus,
3593 3854 3683 3923 ipsi

2111 3923 2292 3970 tamen
2345 3931 2451 3971 non
2494 3925 2579 3973 est
2626 3917 2857 3985 licitum,
2904 3927 2963 3973 ut
3005 3918 3209 3988 aliquid
3253 3921 3455 3976 habeat
3501 3925 3556 3978 in
3596 3917 3678 3977 sua

2108 3993 2393 4055 potestate.
2433 4006 2452 4039 ι

2182 4063 2207 4091 ο
2246 4055 2323 4109 De
2364 4056 2510 4112 bonis
2532 4059 2673 4127 suis,
2712 4065 2818 4114 etc.
2862 4058 2935 4115 Ut
2970 4058 3025 4114 in
3063 4067 3216 4115 textu
3254 4059 3470 4127 Graeco,
3510 4067 3560 4120 τὶ
3593 4070 3679 4118 τῶν

2108 4127 2475 4251 ὖςιᾶαςχόῖτωῖ.
2521 4126 2579 4183 In
2602 4130 2853 4185 versione
2874 4133 3145 4184 communi
3171 4149 3183 4184 :
3214 4130 3416 4185 Eorum
3444 4126 3560 4204 qua
3580 4150 3680 4203 pos-

2108 4213 2151 4250 st
2194 4214 2220 4249 e
2256 4213 2324 4250 an
2349 4236 2365 4251 .
2393 4213 2424 4251 e
2450 4213 2499 4251 c.

2106 4213 2365 4261 scaenam,
2393 4213 2499 4252 etc.

2180 4276 2209 4338 tt
2236 4265 2446 4338 (Nullus
2475 4277 2781 4338 praesumat,
2808 4278 2912 4324 etc.
2939 4268 3065 4325 [hec
3096 4269 3409 4327 referuntur
3434 4290 3462 4327 a
3490 4272 3677 4329 Joanne

2110 4334 2415 4413 Trithemio
2433 4334 2610 4406 capite
2633 4334 2821 4413 citato,
2847 4341 2938 4413 qui
2961 4340 3127 4413 etiam
3152 4342 3293 4413 infra
3318 4344 3507 4399 eodem
3521 4345 3676 4413 capite

2110 4406 2321 4482 profert
2341 4407 2731 4482 _al_ium_textum
2757 4406 2997 4482 ejusdem
3021 4410 3078 4464 S.
3102 4410 3381 4482 Aureliani
3405 4430 3473 4469 ex
3492 4406 3671 4482 Regula

2106 4475 2175 4555 ad
2212 4475 2610 4555 Mpnial_es__boc
2637 4475 2807 4555 modo
2844 4498 2865 4555 εΔ
2897 4479 3279 4555 «Aurelianus
3317 4475 3592 4555 episcopus
3623 4485 3669 4555 in

2106 4546 2312 4620 Regula
2352 4549 2421 4602 ad
2460 4547 2716 4620 Moniales
2751 4550 2984 4620 capitulo
3043 4551 3202 4605 tertio
3230 4553 3312 4608 sic
3347 4546 3520 4610 dicit}
3550 4550 3668 4608 Nihil

2105 4617 2317 4693 occulte
2359 4618 2685 4693 accipiatis;
2724 4617 2833 4676 sed
2852 4621 2897 4674 si
2926 4621 3050 4693 quis
3080 4622 3422 4693 propinquus
3450 4636 3537 4679 aut
3562 4623 3668 4678 ami-

2104 4702 2201 4742 cus
2225 4687 2851 4763 aliquidiuvestimento
2872 4687 2966 4763 aut
2996 4691 3049 4763 in
3077 4687 3230 4763 auro,
3255 4687 3341 4747 vel
3362 4694 3508 4749 aliud
3531 4694 3663 4763 quod-

2104 4771 2319 4832 cunque
2349 4758 2558 4832 dederit
2585 4769 2678 4832 aut
2708 4761 3095 4832 transmiserit,
3118 4761 3185 4832 in
3212 4773 3480 4832 potestate
3505 4758 3569 4819 sit
3594 4764 3670 4816 ab-

2105 4826 2342 4882 batissae.
2384 4828 2450 4881 Et
2489 4829 2534 4883 si
2586 4829 2660 4883 illi
2708 4832 2793 4885 cui
2833 4826 3229 4887 transmittitur
3265 4847 3487 4889 necesse
3529 4833 3666 4887 fuerit

2107 4897 2379 4982 tribuatur
2406 4912 2421 4952 :
2453 4899 2537 4980 sin
2564 4914 2692 4955 vero
2716 4900 2805 4955 illa
2831 4916 2937 4982 non
2964 4900 3193 4982 indiget,
3222 4902 3279 4956 in
3306 4917 3583 4982 commune
3603 4917 3667 4981 re-

2106 4965 2353 5042 ductu_m_
2382 4969 2471 5022 cui
2508 4979 2593 5042 est
2628 4972 2996 5042 necessarium
3021 4965 3327 5042 tribuatur.
3365 4992 3385 5026 ι
3423 4973 3548 5040 Qua:
3571 4972 3669 5042 quis

2107 5035 2629 5113 demnhabenturin
2667 5040 2871 5112 Regula
2906 5040 2963 5095 S.
3003 5040 3293 5111 Augustini
3321 5035 3669 5113 cap.'28,'sed

2104 5120 2214 5159 non
2240 5107 2427 5162 iisdem
2455 5110 2649 5165 verbis.

2130 5186 2205 5262 "tl
2245 5176 2357 5262 Νες
2395 5179 2702 5262 quidquam.
2744 5180 2870 5236 Hzec
2909 5189 3121 5262 sumpta
3159 5189 3287 5237 sunt
3324 5198 3403 5262 en
3435 5182 3666 5262 Cassiapa

2107 5245 2203 5300 lib.
2235 5262 2288 5301 IV
2319 5248 2384 5301 de
2408 5245 2680 5321 institutis
2716 5245 3145 5307 renuntiantium
3174 5267 3293 5321 cap.
3338 5254 3427 5320 t3,
3462 5266 3516 5310 et
3548 5247 3667 5306 refe-

2108 5326 2304 5439 Egntur
2341 5332 2371 5372 a
2410 5319 2733 5388 Trithemio,
2765 5336 2883 5391 cap.
2935 5321 2988 5387 5,
3030 5323 3097 5377 de
3134 5319 3468 5393 proprietate
3505 5335 3668 5379 mona-

2179 5402 2353 5439 orum.

2107 5400 2330 5441 cnorum
2341 5427 2353 5440 .

2183 5466 2204 5535 t
2245 5457 2529 5535 E/[uderiL
2571 5459 2817 5535 lta_apud
2842 5460 3231 5535 Trithemium;
3265 5465 3358 5520 sed
3384 5464 3664 5535 legendum.

2106 5526 2378 5604 effugerit,
2424 5537 2484 5604 ut
2521 5531 2662 5604 apud
2677 5526 3079 5604 _Sn1aragdum,
3115 5526 3580 5591 Cassianum'loco
3606 5530 3672 5604 ci-

2110 5603 2243 5664 tato,
2268 5599 2400 5655 etin
2429 5598 2635 5672 Regula
2669 5601 2727 5659 S.
2763 5598 3047 5662 Fructuosi
3066 5598 3455 5677 archiepiscopi
3479 5616 3590 5672 cap.
3615 5598 3660 5652 ‘-
