3940 6196
303 339 440 396 106⁸5

1248 333 1636 392 CONCORDIA
1677 326 2134 388 REGULARUM.
2174 356 2242 365 —
2278 325 2430 380 CAP.
2479 323 2640 377 XLII.

3438 323 3573 381 1066

298 455 462 524 digna
497 467 594 522 pro
632 450 734 504 hoc
763 447 1079 518 poenitentia
1119 446 1456 504 satisfaciens
1490 447 1701 502 veniam
1741 451 1887 516 petat
1915 446 1965 505 Α
1990 448 2045 492 et
2079 437 2260 493 omnia
2288 436 2390 491 ista
2420 449 2541 505 quae
2573 434 2818 488 videmus
2856 441 2910 487 et
2939 435 3163 500 utimur,
3193 451 3492 506 paucorum
3519 441 3572 493 in

298 546 354 598 in
386 551 530 597 terra
563 548 884 610 prostratus.

375 627 380 630 ’
530 635 559 705 §
594 631 776 687 XVIII.
815 661 886 670 —-
925 631 1057 685 Item
1093 631 1325 701 ejusdem
1365 633 1502 704 (cap.
1540 631 1653 702 54).

370 740 397 768 ι
437 725 662 781 Summa
705 733 760 778 et
804 724 935 780 illud
981 725 1139 779 debet
1183 724 1508 779 verecundia
1555 722 1885 794 prmcaveri,

297 819 326 859 δ
357 834 426 873 ne
454 817 540 872 vel
567 831 666 886 pro
694 815 889 870 vilibus
914 815 1117 885 aliquid
1145 817 1304 870 rebus
1332 813 1624 884 reponendi
1651 812 1888 884 peculia-

296 923 414 962 rem
460 907 668 960 clavem
713 906 1014 960 monachus
1060 906 1160 960 sub
1204 906 1385 974 priore
1431 904 1641 975 positus
1687 910 1883 973 portet.

295 998 523 1051 Multum
555 996 775 1050 inﬁmus
804 1004 859 1050 et
880 996 1086 1050 inutilis
1110 1006 1216 1061 est,
1250 1007 1271 1034 ο
1303 996 1394 1065 qui
1418 1009 1768 1064 quascunque
1801 1009 1887 1050 res

293 1085 588 1140 vilissimas
617 1087 691 1139 ita
719 1085 866 1139 velut
899 1086 1149 1154 proprias
1182 1086 1436 1151 vindicat,
1491 1094 1551 1139 ut
1588 1100 1687 1140 nec
1718 1084 1888 1155 digito

294 1193 390 1232 cas
417 1177 563 1246 tangi
592 1177 660 1232 ab
687 1176 791 1230 alio
818 1177 1084 1245 patiatur,
1117 1178 1210 1232 sed
1236 1185 1382 1231 tanta
1410 1186 1598 1231 contra
1623 1192 1750 1231 eum
1780 1177 1888 1230 ira-

293 1267 492 1321 cundia
524 1266 906 1331 inﬁammatur,
940 1275 1000 1321 ut
1038 1266 1277 1322 furorem
1309 1268 1489 1323 cordis
1525 1269 1608 1323 sui
1643 1283 1673 1321 a
1703 1268 1887 1323 convi-

293 1360 396 1415 ciis
426 1367 481 1414 et
511 1358 722 1427 injuriis
749 1374 1006 1414 revocare
1034 1360 1122 1414 vix
1148 1360 1337 1430 possit.

580 1467 607 1541 §
634 1467 774 1522 XIX.
801 1499 872 1507 —
897 1468 977 1522 Ex
1012 1468 1232 1525 REGULA
1271 1468 1593 1525 ORIENTALI.

365 1582 392 1622 ἀ
421 1582 575 1638 Inter
609 1580 815 1646 omnia,
846 1580 1063 1648 fratres,
1099 1583 1200 1636 hoc
1234 1582 1638 1646 observabitur,
1669 1591 1728 1635 ut
1757 1582 1884 1636 obe-

292 1677 508 1732 dientes
538 1676 758 1730 senibus
798 1676 910 1730 suis
961 1684 1016 1729 et
1055 1672 1360 1730 deferentes
1397 1675 1501 1730 sibi
1528 1675 1760 1730 invicem
1788 1675 1881 1727 ba-

293 1770 461 1824 beant
494 1767 839 1837 patientiam,
866 1767 1318 1832 moderationem,
1345 1766 1724 1828 humilitatem,
1760 1765 1884 1818 cha-

292 1863 537 1926 ritatem,
566 1876 752 1930 pacem
785 1861 903 1916 sine
935 1859 1192 1930 figmento
1216 1869 1270 1915 et
1296 1860 1601 1926 mendacio,
1631 1867 1688 1914 et
1716 1857 1882 1913 male-

291 1952 533 2007 dictione
558 1959 612 2005 et
639 1950 966 2005 verbositate
993 1959 1048 2006 et
1078 1951 1300 2022 jurandi
1327 1952 1721 2007 consuetudine
1755 1969 1768 2003 :
1803 1951 1880 2004 ita

293 2051 356 2095 ut
392 2056 552 2095 nemo
581 2057 739 2095 suum
793 2041 1088 2110 quidquam
1122 2039 1382 2107 vindicet,
1411 2056 1585 2110 neque
1623 2041 1764 2096 ullus
1783 2040 1881 2094 ali-

291 2134 426 2204 quid
458 2133 808 2202 peculiariter
831 2141 1056 2203 usurpet
1089 2151 1102 2185 :
1133 2132 1227 2188 sed
1259 2131 1497 2188 habeant
1523 2132 1705 2186 omnia
1729 2147 1881 2186 com-

291 2226 500 2281 munia.
530 2237 553 2264 ο
590 2226 720 2281 Sine
750 2226 1028 2281 seniorum
1057 2226 1222 2280 verbo
1257 2234 1312 2280 et
1340 2225 1666 2279 auctoritate
1704 2223 1884 2278 nullus

288 2315 467 2371 frater
493 2315 786 2385 quidquam
809 2323 955 2384 agat,
992 2329 1168 2384 neque
1197 2314 1430 2383 accipiat
1457 2313 1679 2382 aliquid,
1709 2326 1883 2381 neque

291 2405 412 2472 det,
439 2420 616 2474 neque
648 2404 666 2442 ί
700 2419 930 2473 usquam
959 2418 1178 2473 prorsus
1204 2402 1482 2471 procedat.

619 2516 784 2590 §XX.
811 2547 884 2558 ——
911 2516 989 2570 Ex
1029 2517 1246 2570 Restim
1284 2531 1567 2570 cuwsmu.

369 2631 518 2686 Nihil
552 2631 934 2700 possidendum
982 2638 1236 2698 tanquam
1275 2630 1552 2699 pr0prium
1593 2637 1648 2682 et
1677 2629 1885 2698 specia-

293 2723 423 2777 liter
450 2722 592 2777 inter
613 2721 915 2776 monachos
942 2735 956 2774 ε
981 2721 1075 2775 sed
1099 2721 1208 2775 sint
1227 2721 1312 2775 eis
1343 2721 1528 2774 omnia
1554 2719 1882 2774 communia.

302 2814 407 2880 Qui
433 2822 610 2868 autem
641 2812 841 2867 dixerit
872 2826 1049 2882 meum
1077 2821 1161 2866 est
1190 2813 1314 2877 hoc,
1343 2821 1438 2866 aut
1467 2812 1620 2877 illud,
1641 2812 1889 2882 peccavit

295 2919 484 2960 coram
517 2903 648 2970 Deo,
678 2902 781 2957 nisi
813 2910 1022 2956 tantum
1054 2916 1149 2972 per
1178 2903 1553 2972 obreptionem
1577 2901 1882 2958 sermonis:

293 2995 395 3051 sed
416 3010 515 3065 pro
541 2996 641 3050 hoc
669 2994 785 3062 ipso
837 3002 1014 3048 tamen
1056 2993 1270 3048 veniam
1309 3001 1458 3064 petat
1481 3009 1512 3048 a
1542 2995 1685 3062 Deo;
1715 3003 1772 3050 et
1795 3009 1887 3051 ca-

298 3096 425 3139 veat
451 3087 516 3139 de
539 3085 766 3154 reliquo,
797 3092 850 3138 et
877 3099 944 3138 ne
973 3085 1173 3138 iterare
1203 3087 1419 3140 audeat.
1447 3085 1508 3140 Si
1535 3087 1660 3158 quis
1683 3103 1753 3143 ex
1783 3087 1888 3142 hoc

1991 528 2146 581 nobis
2175 526 2385 580 dierum
2424 535 2552 579 sunt
2577 539 2728 588 usus,
2758 535 2812 578 et
2859 533 3237 578 momentanea
3289 541 3413 580 cum
3453 528 3579 582 vitae

1991 624 2190 671 nostrae
2217 624 2462 684 tempore
2504 621 2787 666 transeunt
2813 628 2828 665 :
2856 621 2910 666 et
2951 628 3047 682 per
3073 615 3317 682 corporis
3345 625 3578 670 mortem

1988 716 2191 763 caecam
2216 708 2271 760 in
2311 706 2467 761 nobis
2489 705 2835 768 saiculiluce,
2855 705 3054 760 clausis
3084 709 3208 758 vita:
3232 708 3422 780 oculis,
3456 725 3577 763 om-

1989 799 2079 852 nia
2111 814 2232 868 quze
2279 798 2543 852 habemus
2580 797 2776 850 saeculo
2821 796 3203 865 relinquuntur
3231 813 3244 851 :
3275 795 3288 848 i
3338 801 3433 854 sed
3463 800 3576 872 [de]

1989 889 2078 944 illa
2095 905 2309 958 semper
2327 898 2552 954 mterna,
2578 903 2696 957 quae
2718 904 2841 942 cum
2863 891 3113 944 venerint
3138 891 3366 946 ulterius
3393 902 3578 948 trans-

1988 979 2068 1034 ire
2106 995 2212 1033 non
2252 987 2453 1033 norunt
2484 997 2496 1031 :
2528 980 2625 1033 sed
2662 979 2714 1031 in
2765 979 2920 1032 bonis
2962 980 3084 1033 vita:
3127 991 3346 1039 aeternae
3380 983 3567 1051 justis,

1987 1081 2081 1126 aut
2115 1074 2168 1126 in
2193 1073 2368 1142 pmnis
2391 1074 2649 1143 gehennaa
2678 1072 3056 1141 peccatoribus
3091 1086 3460 1143 perseverant.
3495 1077 3572 1132 De

1989 1167 2186 1236 quibus
2242 1179 2373 1235 ergo
2407 1164 2692 1219 desideriis
2736 1164 3023 1236 bonorum,
3058 1163 3141 1217 vel
3187 1166 3380 1220 timore
3411 1167 3576 1222 malo-

1989 1271 2128 1320 rum,
2167 1255 2322 1325 quasi
2344 1255 2458 1324 jam
2493 1255 2564 1308 ibi
2597 1254 2880 1307 videamur
2928 1255 3180 1308 accersiti
3207 1265 3443 1309 mentem
3476 1271 3574 1309 no-

1988 1356 2159 1402 stram
2189 1347 2241 1399 in
2267 1347 2372 1401 hac
2391 1333 2501 1398 viia
2538 1346 2603 1399 de
2634 1345 2886 1415 supernis
2921 1360 3135 1415 semper
3157 1347 3576 1416 cogitationibus

1986 1451 2334 1506 occupemus.
2367 1434 2522 1490 Unde
2568 1435 2828 1490 Dominus
2865 1436 3125 1504 praecepit
3154 1437 3328 1490 servis
3369 1438 3482 1492 suis
3511 1438 3580 1491 de

1987 1525 2312 1580 necessariis
2347 1525 2468 1579 vita:
2521 1523 2680 1592 hujus
2711 1539 2819 1578 non
2871 1525 3068 1579 debere
3106 1540 3433 1595 quemquam
3459 1541 3580 1580 esse

1987 1615 2307 1680 sollicitum;
2341 1615 2508 1669 etiam
2533 1610 2718 1668 ﬁdeles
2747 1615 2801 1668 in
2837 1631 2897 1669 se
2936 1616 3207 1679 admonet,
3243 1619 3308 1670 de
3338 1618 3578 1671 crastino

1986 1724 2093 1762 non
2119 1705 2496 1778 cogitandum;
2550 1707 2644 1760 sed
2677 1722 2900 1777 regnum
2955 1716 3010 1760 et
3057 1705 3328 1774 justitiam
3351 1709 3465 1778 ejus
3491 1724 3582 1764 so-

1909 1813 1957 1872 Β
1984 1797 2259 1853 lummodo
2309 1797 2641 1860 desiderare,
2687 1797 2873 1852 dicens
2918 1797 2973 1861 in
3016 1808 3204 1852 sancto
3238 1799 3576 1870 Evangelio:

1985 1887 2165 1943 Nolite
2187 1889 2415 1958 cogitare
2444 1887 2570 1958 quid
2610 1888 2938 1941 manducetis
2979 1897 3070 1941 aut
3095 1889 3221 1956 quid
3250 1888 3438 1942 bibatis
3487 1901 3579 1943 aut

1981 1979 2301 2044 induamini,
2335 1979 2362 2016 ιι
2390 1978 2478 2031 sed
2501 1980 2721 2048 quwrite
2764 1994 2979 2048 regnum
3007 1989 3054 2030 et
3074 1978 3346 2048 justitiam
3383 1980 3501 2045 Dei,
3529 1990 3578 2034 et

1983 2073 2095 2124 lucc
2127 2072 2302 2124 omnia
2329 2081 2658 2141 opponentur
2684 2071 2824 2123 vobis
2855 2069 3072 2142 (Matth.
3106 2071 3242 2141 xv1).
3281 2071 3424 2142 Ergo
3456 2087 3581 2126 cum

1986 2165 2099 2218 haec
2125 2164 2308 2218 omnia
2350 2163 2662 2217 necessaria
2687 2163 2844 2217 nobis
2883 2177 2912 2215 a
2954 2161 3066 2217 Deo
3109 2172 3501 2232 prteparantur,
3529 2173 3584 2218 et

1987 2254 2053 2308 de
2074 2255 2330 2310 omnibus
2352 2255 2800 2309 administrandis
2828 2270 2951 2310 cum
2985 2255 3095 2309 Deo
3131 2255 3278 2310 solus
3303 2263 3387 2310 est
3415 2257 3583 2311 abbas

1986 2347 2280 2413 sollicitus,
2311 2363 2482 2417 quare
2528 2347 2824 2418 discipulus
2862 2350 2961 2403 sibi
2990 2349 3341 2418 peculiariter
3374 2349 3578 2418 aliquid

1988 2445 2183 2499 audeat
2205 2444 2408 2508 facere,
2434 2453 2528 2498 aut
2556 2446 2789 2511 habere,
2822 2455 2916 2498 aut
2955 2445 3271 2499 vindicare?
3293 2444 3428 2498 Nam
3457 2445 3580 2498 ideo

1989 2532 2187 2601 aliquid
2207 2519 2481 2602 peculiare
2506 2535 2707 2588 habere
2733 2535 3048 2604 denegatur,
3088 2536 3211 2606 quia
3261 2552 3411 2589 nemo
3465 2553 3579 2589 ser-

1988 2626 2128 2679 viens
2161 2626 2298 2692 Deo,
2324 2627 2556 2696 implicat
2586 2644 2640 2680 se
2665 2629 2884 2697 negotiis
2911 2628 3280 2693 srecularibus,
3312 2640 3368 2682 ut
3399 2631 3445 2682 ei
3467 2629 3584 2700 pla-

1989 2729 2105 2772 ceat
2133 2721 2219 2774 cui
2265 2736 2320 2774 se
2365 2720 2602 2790 probavit
2629 2720 2715 2786 (ΙΙ
2749 2720 2882 2774 Tim.
2913 2721 3010 2792 u):
3043 2730 3121 2786 ut,
3161 2737 3284 2774 cum
3329 2723 3583 2776 omnibus

1989 2809 2152 2864 rebus
2180 2809 2295 2864 suis
2327 2810 2506 2865 alieno
2529 2825 2652 2864 cum
2693 2826 2755 2864 se
2802 2810 3028 2881 imperio
3076 2811 3377 2866 subdiderit
3406 2811 3452 2885 [ι
3490 2813 3575 2884 ut]

1991 2916 2102 2956 non
2137 2901 2209 2956 sit
2235 2917 2344 2968 res,
2395 2902 2487 2956 ubi
2534 2902 2753 2972 propria
2802 2902 2920 2972 ejus
2982 2903 3231 2958 voluntas
3261 2905 3579 2969 extollatur,

1989 3009 2112 3064 quae
2138 2993 2403 3049 voluntati
2449 2994 2545 3049 Dei
2595 3003 2680 3066 est
2719 2994 2958 3050 inimica.
2993 2994 3126 3048 Nam
3154 3008 3194 3034 ιιι
3219 2997 3284 3050 de
3321 2997 3582 3066 peculiari

1990 3086 2234 3140 Ananias
2268 3096 2324 3140 et
2348 3085 2578 3157 Saphira
2601 3085 2773 3140 ﬁdem
2818 3086 2886 3140 ab
2920 3086 3177 3156 apostolis
3219 3102 3326 3142 non
3365 3103 3582 3144 merue-

295 3177 434 3232 vitio
461 3176 776 3233 insanabilis
800 3177 1022 3242 existat,
1049 3177 1396 3247 expellendus
1416 3187 1501 3234 est
1519 3179 1589 3234 ab
1617 3179 1890 3236 universis
1917 3152 1961 3215 C
1996 3185 2124 3231 runt
2153 3175 2435 3247 percipere
2467 3177 2607 3248 (Act.
2637 3175 2713 3247 v),
2743 3192 2864 3231 cum
2896 3177 3079 3231 omnia
3121 3193 3217 3231 sua
3248 3187 3373 3232 ante
3418 3180 3583 3248 pedes

298 3269 382 3324 fra
393 3269 587 3324 l'ribus.

462 3361 652 3434 §XXL
677 3392 748 3402 —
768 3361 850 3416 Ex
889 3363 1106 3418 REGULA
1146 3361 1414 3418 MAGISTBI
1443 3363 1582 3433 (cap.
1609 3363 1721 3434 82).

377 3455 404 3492 ⁸
433 3453 620 3508 Omnis
640 3453 804 3508 homo
837 3453 890 3507 in
923 3455 1031 3507 vita
1076 3454 1258 3508 saeculi
1305 3452 1486 3522 hujus,
1516 3456 1689 3510 tribus
1732 3455 1893 3510 rebus

296 3543 594 3609 excitatur,
634 3543 850 3597 laborat
875 3551 930 3597 et
959 3543 1139 3598 studet
1167 3563 1179 3596 :
1221 3545 1542 3614 peregrinus
1571 3545 1628 3598 in
1654 3545 1761 3609 via,
1791 3545 1894 3598 tni-

296 3635 383 3688 les
411 3635 462 3688 in
486 3649 686 3704 pugna,
711 3635 1007 3704 imperator
1037 3635 1092 3690 in
1118 3635 1339 3705 palatio,
1375 3635 1614 3705 agricola
1645 3637 1699 3690 in
1737 3651 1888 3704 agro,

306 3725 684 3779 mercenarius
707 3725 761 3777 in
805 3725 1042 3795 negotio,
1081 3739 1270 3780 omnes
1302 3727 1630 3790 excitantur,
1662 3735 1718 3780 et
1747 3726 1896 3781 labo-

302 3825 432 3871 rant
457 3824 516 3870 ut
541 3817 795 3882 habeant,
829 3817 954 3872 dum
998 3817 1207 3880 vivunt,
1247 3817 1388 3871 unde
1423 3816 1749 3882 vestiantur,
1781 3817 1892 3870 cal-

301 3908 520 3963 cientur
543 3908 570 3946 h
597 3916 656 3962 et
683 3907 884 3961 vivant.
917 3906 1024 3962 Sed
1053 3908 1251 3976 quibus
1273 3892 1544 3961 Dominus
1571 3907 1781 3960 servitii
1809 3906 1892 3961 sui

302 3999 534 4055 contulit
558 4000 789 4065 donum,
828 4007 884 4053 et
927 3999 1166 4054 ostendit
1194 3999 1274 4052 eis
1307 3999 1321 4038 ί
1356 4013 1462 4052 non
1485 3999 1617 4054 satis
1656 3999 1722 4053 de
1753 4013 1892 4068 prie-

303 4092 448 4146 senti
469 4091 668 4146 saeculo
692 4092 954 4162 cogitare,
985 4091 1113 4161 quia
1134 4091 1250 4145 haec
1275 4093 1458 4146 omnia
1487 4099 1890 4161 pertranseunt,

380 4241 406 4270 ε
433 4227 650 4283 Summa
677 4237 724 4282 et
761 4226 914 4292 illud,
950 4235 1054 4281 etc.
1105 4227 1230 4283 llaec
1262 4237 1476 4298 sumpta
1524 4237 1736 4284 suntex
1764 4228 1894 4284 Cas-

307 4301 486 4363 siano,
513 4299 604 4351 lib.
625 4315 684 4369 tv
709 4298 776 4351 de
809 4298 1074 4369 Institutis
1097 4300 1524 4353 renuntiantium
1565 4315 1682 4369 cap.
1716 4300 1800 4353 15.

381 4372 410 4410 ι’
445 4369 526 4441 Ne
556 4368 632 4421 vel
661 4385 754 4441 pro
777 4368 961 4441 vilibus
983 4369 1183 4441 aliquid
1206 4369 1358 4441 rebus
1386 4368 1688 4441 reponendi.
1719 4369 1889 4441 Lege:

311 4441 396 4498 Ne
423 4440 498 4493 vel
521 4455 614 4508 pro
643 4437 828 4491 vilibus
856 4437 1116 4507 aliquibus
1148 4439 1297 4492 rebus
1324 4437 1656 4508 reponendis.

1996 3266 2366 3336 apostolorum
2395 3267 2756 3336 assignarent,
2790 3268 2856 3321 de
2885 3268 3251 3338 peculiaribus
3278 3269 3586 3324 fraudulen-

1997 3366 2078 3412 ter
2109 3358 2404 3413 subtractis
2430 3356 2639 3425 judicio
2684 3357 2876 3414 subita:
2922 3359 3114 3416 mortis
3151 3361 3394 3416 damnati
3417 3370 3541 3415 sunt
3569 3381 3580 3415 :

1997 3451 2122 3519 quia
2154 3449 2304 3504 fraus
2329 3449 2441 3504 Deo
2468 3449 2582 3503 fieri
2608 3465 2714 3502 non
2738 3458 2947 3518 potest;
2975 3465 3097 3502 cum
3129 3450 3264 3502 nihil
3293 3458 3376 3504 est
3401 3453 3587 3506 occul-

1995 3551 2132 3605 tum,
2172 3542 2317 3612 quod
2347 3543 2416 3596 ab
2454 3557 2519 3596 eo
2551 3557 2657 3595 non
2687 3540 3036 3594 revelabitur.
3069 3540 3210 3612 Ergo
3234 3557 3356 3596 cum
3382 3543 3585 3598 victum

1993 3639 2050 3686 et
2072 3632 2325 3694 vestitum
2371 3633 2610 3701 corpori,
2643 3629 2998 3685 calciamenta
3037 3633 3265 3701 pedibus
3295 3634 3587 3704 unicuique

1996 3724 2150 3778 fratri
2176 3725 2344 3778 abbas
2376 3724 2831 3794 praecogitaverit,
2860 3732 2921 3778 ut
2949 3725 3078 3793 quid
3107 3724 3268 3780 alicui
3284 3726 3357 3780 sit
3380 3726 3586 3796 aliquid

1992 3815 2268 3885 peculiare
2289 3817 2426 3884 opus
2447 3815 2673 3879 habere,
2692 3822 2787 3867 aut
2813 3829 2926 3868 rem
2951 3815 3210 3885 aliquam,
3240 3824 3334 3870 aut
3365 3831 3582 3881 aurum,

1994 3913 2088 3959 aut
2117 3921 2382 3969 nummos,
2417 3912 2512 3960 aut
2557 3906 2786 3974 quodvis
2826 3907 3220 3973 necessarium,
3250 3923 3372 3962 eum
3402 3909 3586 3962 omnia

1994 3997 2220 4052 emenda
2248 3997 2330 4052 vel
2361 3997 2604 4053 habenda
2627 3996 2772 4054 Deus
2789 3997 2846 4064 .ei
2865 4013 2975 4068 {per
2998 3996 3248 4052 abbatem
3270 3999 3586 4053 monasterii

1995 4088 2253 4157 apparat?
2272 4099 2296 4124 η
2325 4087 2381 4142 Si
2415 4088 2558 4156 quod
2580 4102 2710 4157 ergo
2734 4087 3035 4158 peculiare,
3062 4097 3156 4142 aut
3185 4086 3389 4158 aliquid
3411 4087 3583 4161 [cum]

2071 4227 2094 4263 8
2122 4223 2304 4278 Omnis
2347 4225 2521 4277 homo.
2560 4223 2687 4278 Haec
2736 4225 2979 4293 reperire
3019 4233 3106 4280 est
3140 4224 3194 4278 in
3235 4223 3438 4294 Regula
3477 4239 3581 4280 ms.

1997 4293 2238 4366 Magistri
2266 4296 2469 4366 codicis
2497 4296 2843 4350 Corbeiensis
2869 4297 3062 4350 eodem
3087 4295 3267 4366 capite
3295 4293 3384 4349 82.

2068 4365 2105 4405 h’
2140 4365 2207 4417 Et
2232 4367 2423 4419 vivant.
2448 4365 2505 4419 ld
2533 4373 2637 4430 est,
2670 4367 2976 4420 comedant.

2077 4437 2092 4475 i
2143 4436 2267 4489 Non
2290 4438 2436 4489 satis.
2457 4437 2534 4489 lta
2559 4438 2613 4490 in
2641 4435 2969 4505 chulams.
2995 4444 3051 4490 et
3074 4436 3130 4490 in
3154 4434 3467 4501 cod."ind.;
3487 4438 3583 4493 sed

385 4521 407 4548 c
436 4503 539 4573 Qui
580 4523 915 4577 quascunque
943 4503 1027 4559 res
1053 4508 1333 4562 vilissimas
1353 4503 1500 4573 ,'etc.
1528 4510 1643 4562 Non
1671 4511 1894 4564 minima
1920 4503 1972 4560 D
1999 4505 2226 4577 subaudi
2257 4508 2480 4560 verbum
2507 4523 2637 4561 esse.

310 4581 427 4634 haec
476 4577 710 4632 hominis
765 4577 1080 4644 inﬁrmitas,
1117 4587 1177 4630 ut
1205 4579 1297 4647 qui
1341 4580 1396 4632 in
1449 4582 1650 4634 mundo
1696 4582 1894 4634 multas

310 4665 441 4718 opes
466 4656 521 4701 et
566 4647 803 4717 pretiosa
838 4662 1066 4716 quaeque
1103 4648 1412 4716 reliquerit,
1460 4650 1511 4702 in
1562 4648 1799 4703 claustro
1827 4652 1894 4705 ad

314 4719 496 4774 nescio
519 4733 652 4787 quas
678 4732 863 4790 gerras
897 4727 953 4770 et
982 4718 1301 4787 quisquilias
1337 4719 1578 4790 animum
1610 4719 1890 4790 adjungat,

310 4806 432 4858 quae
464 4803 594 4842 sane
620 4803 719 4841 nos
748 4787 916 4844 aDoo
954 4796 1231 4858 separant,
1268 4804 1390 4841 cum
1433 4789 1538 4844 illis
1563 4787 1756 4845 aﬂ‘eCtu
1781 4787 1894 4845 ser-

310 4861 545 4921 viamus,
586 4872 691 4910 non
746 4859 886 4921 Deo;
937 4858 1200 4926 nobisque
1237 4858 1341 4912 illa:
1389 4858 1754 4925 dominentur,
1785 4877 1893 4915 non

313 4930 474 4984 Deus.
505 4926 866 4994 Quamobrem
889 4928 1095 4997 antiqui
1131 4927 1206 4980 illi
1231 4927 1420 4982 Patres
1448 4929 1502 4982 id
1526 4945 1689 4982 unum
1715 4932 1892 4984 maxi-

315 5016 402 5053 me
430 4997 738 5068 studebant,
765 5006 824 5052 ut
845 4999 1088 5052 animum
1121 4999 1503 5067 discipulorum
1533 5001 1601 5054 ab
1626 4998 1893 5068 ejusmodi

314 5084 498 5124 rerum
533 5066 728 5121 affectu
781 5077 1134 5123 averterent:
1163 5066 1615 5138 quemadmodum
1658 5066 1790 5126 fecit
1831 5070 1888 5126 S.

316 5139 642 5212 Dorotheus,
662 5141 754 5212 qui
769 5137 1272 5212 discipulumsuum
1294 5137 1609 5212 Dositheum
1631 5141 1894 5212 elegantis

314 5208 594 5280 c‘ujusdam
624 5209 822 5280 cultelli
870 5225 968 5280 usu
998 5209 1306 5278 prohibuit,
1333 5212 1475 5279 quod
1507 5208 1748 5266 animum
1777 5211 1894 5280 ejus

315 5276 445 5352 erga
482 5276 744 5352 ejusmodi
766 5276 1012 5352 reculani
1054 5276 1379 5352 propensum
1409 5281 1634 5336 videret.
1668 5280 1739 5336 Ut
1776 5276 1894 5352 ipse

315 5349 621 5403 Dorotheus
648 5349 701 5402 in
731 5349 848 5416 ejus
877 5350 1000 5402 Vita
1022 5349 1206 5403 refert.

389 5418 414 5456 ά
442 5417 468 5470 1
475 5428 590 5472 nter
610 5419 807 5472 omnia.
832 5419 957 5474 Rrec
969 5420 1318 5490 proferuntur
1340 5435 1372 5474 a
1396 5419 1695 5488 Trithemio
1721 5423 1897 5492 capite

319 5488 509 5544 citato.

397 5569 419 5596 ε
445 5557 571 5613 Sine
597 5559 767 5614 verba.
796 5559 850 5614 ld
877 5569 978 5626 est,
1009 5559 1128 5615 sine
1151 5559 1428 5626 mandato,
1461 5571 1522 5615 ut
1549 5576 1714 5630 supra
1743 5570 1898 5618 nota-

323 5637 435 5682 tum
465 5639 568 5683 εει.

400 5699 420 5736 τ
455 5697 706 5771 Usquam.
731 5701 892 5771 Lege,
923 5702 1146 5771 uspiam.
1172 5701 1312 5755 Idem
1350 5709 1528 5756 autem
1560 5702 1816 5758 statuitur
1844 5702 1900 5758 in

326 5767 529 5840 Regula
542 5767 789 5826 secunda
812 5767 1030 5824 Patrum
1060 5771 1263 5826 codicis
1284 5771 1661 5827 Floriaccnsis.

745 5863 1024 5925 ΡΑτιιοι.
1078 5861 1242 5924 Cll].

2073 4576 2086 4625 i
2128 4575 2230 4647 sed
2260 4577 2324 4630 de
2347 4577 2440 4630 illa
2460 4593 2664 4647 semper
2685 4586 2901 4647 attet‘na.
2952 4575 3031 4630 Ita
3073 4577 3128 4630 in
3158 4575 3496 4647 Regulagms.
3529 4584 3586 4630 et

1998 4647 2120 4699 cod.
2174 4645 2364 4709 Vind.;
2407 4645 2512 4700 sed
2565 4645 2830 4715 particula
2891 4647 2956 4700 de
3019 4648 3302 4701 redundat.
3355 4645 3585 4714 Sapien-

1998 4727 2082 4770 ter
2129 4725 2308 4770 autem
2366 4717 2478 4770 haec
2528 4719 2672 4771 dicta
2730 4725 2858 4770 sunt
2903 4733 2934 4770 a
2994 4717 3269 4786 Magistro.
3324 4716 3584 4772 Monacho

1996 4787 2142 4909 ﬁnim
2195 4802 2300 4908 rion
2343 4786 2408 4840 de
2454 4788 2715 4853 crastino,
2763 4789 2858 4847 sed
2893 4789 2963 4847 de
2996 4788 3301 4845 aeternitate
3339 4787 3587 4855 cogitan-

2037 4871 2124 4908 um
2147 4871 2207 4909 es
2238 4895 2250 4907 .

2037 4871 2124 4908 um
2147 4864 2250 4910 (εει.

2070 4926 2096 4997 ξι
2136 4926 2241 4980 Sed
2269 4926 2485 4997 quazrite
2506 4943 2718 4996 regnum
2755 4937 2809 4986 et
2841 4927 3108 4995 justitiam
3130 4925 3247 4997 Dei.
3282 4924 3580 4997 [taginRe-

1997 4995 2122 5066 gula
2152 5011 2252 5050 ms.
2277 4995 2523 5050 eamdem
2560 4999 2848 5051 lectionem
2879 5011 3043 5066 supra
3087 4997 3144 5049 in
3183 4996 3288 5050 hoc
3325 4995 3580 5068 Magistro

1997 5068 2424 5122 observavimus.

2075 5135 2092 5174 1
2133 5135 2198 5189 Ut
2228 5154 2333 5190 non
2375 5139 2441 5191 sit
2484 5153 2584 5190 res.
2613 5137 2693 5191 lta
2738 5137 2793 5191 in
2827 5135 3028 5208 Regula
3055 5151 3183 5203 ms.;
3221 5137 3489 5208 particula
3521 5147 3578 5194 ut

1998 5214 2179 5261 tamen
2204 5207 2413 5262 videtur
2437 5207 2758 5262 redundare.

2071 5289 2110 5316 ιη
2138 5277 2214 5352 l_)e
2246 5279 2521 5352 peculiari.
2569 5277 2648 5352 ita
2688 5279 2744 5352 in
2790 5279 2912 5352 cod.
2940 5277 3237 5352 Vindocin.
3269 5277 3326 5333 in
3373 5278 3578 5352 Regula

1998 5363 2103 5419 ms.
2136 5347 2200 5419 de
2235 5348 2522 5419 peculiare
2561 5348 2788 5416 fraudis.
2845 5349 2954 5405 Sed
3009 5349 3144 5418 lege,
3179 5348 3267 5419 Ade
3299 5347 3578 5419 peculiaris

1997 5417 2205 5487 fraude.
2235 5416 2369 5489 l‘iam
2393 5432 2463 5489 ea
2502 5418 2602 5489 fuit
2653 5419 2803 5474 fraus
2829 5416 3136 5474 Ananiae—et
3171 5416 3420 5489 Saphira:
3451 5422 3578 5475 reti-

1998 5489 2185 5560 uendo
2201 5487 2405 5560 aliquid
2433 5488 2710 5560 peculiare
2737 5491 2804 5544 de
2831 5491 2946 5560 agri
2969 5487 3301 5546 venditione.
3656 5520 3659 5522 -

2075 5567 2101 5594 η
2127 5555 2186 5612 Si
2222 5556 2359 5630 quod
2384 5555 2505 5628 ergo
2546 5559 2829 5630 peculiare.
2853 5555 2912 5614 ιῖι
2939 5560 3145 5630 Regula
3170 5574 3271 5614 ms.
3314 5578 3327 5613 :
3368 5577 3387 5610 ‹
3425 5559 3578 5628 Quod

2001 5641 2130 5699 ergo
2155 5627 2424 5698 peCuliare
2449 5627 2654 5699 aliquid
2690 5646 2814 5685 cum
2845 5627 3122 5686 inventum
3154 5633 3207 5684 in
3247 5631 3427 5699 aliquo
3454 5627 3580 5685 iue-

2003 5698 2145 5772 ritL‘»
2173 5699 2393 5772 Rectius
2415 5698 2554 5772 apud
2584 5700 2941 5756 Trithemium
2963 5703 3143 5772 capite
3166 5702 3324 5756 toties
3351 5701 3534 5772 citato
3558 5715 3574 5752 :

2010 5785 2030 5818 ι
2069 5766 2127 5822 Si
2150 5768 2278 5837 quid
2304 5766 2578 5838 peculiare
2603 5772 2747 5842 apud
2767 5773 3000 5843 aliquem
3030 5766 3311 5826 inventum
3339 5770 3568 5826 fuerit»

3100 5869 3177 5931 3!:-
