3940 6196
366 299 396 350 ’1
408 294 506 348 067

1388 280 1444 333 S.
1484 274 1835 330 BENEDICTI
1876 269 2162 325 ABBATIS
2201 265 2605 322 ANIANENSIS

3491 263 3624 318 1068

368 412 649 466 inventum
684 404 735 458 in
763 403 941 471 aliquo
972 399 1151 461 fuerit,
1180 395 1366 467 grandi
1394 407 1516 447 eum
1553 391 1721 445 abbas
1749 398 1802 440 ct
1826 389 1941 442 diu-
1971 397 2016 450 Α
2045 388 2188 437 omni
2223 381 2487 471 monacho
2523 398 2533 431 :
2562 388 2619 471 ut
2649 377 2849 471 nullam
2901 375 3214 471 remuveliu
3262 376 3629 471 vestimentis,

373 508 534 554 turna
594 489 1150 549 excommunicatioue
1204 484 1550 548 condemnet,
1595 489 1653 535 ut
1702 478 1950 547 exemplo

377 604 406 634 ι
438 589 581 644 illius
632 585 880 640 vitidictze
929 580 1106 634 uullus
1170 579 1274 632 hoc
1320 574 1516 629 audeat
1561 571 1782 626 imitari.
1840 568 1952 622 Hoc

374 682 523 739 enim
554 695 623 734 ne
643 679 713 732 sit
734 677 788 730 in
814 674 994 742 aliquo
1026 671 1343 741 frequenter
1365 680 1554 721 omnes
1583 670 1896 719 scrutentur
1923 675 1953 712 a

377 774 679 846 praepositis
710 772 852 834 suis;
885 779 939 824 et
963 769 1006 820 si
1045 768 1098 821 in
1133 765 1312 834 aliqua
1361 778 1418 817 re
1465 762 1611 814 visus
1647 757 1812 812 fuerit
1854 755 1954 846 sibi

379 843 547 918 frater
566 859 793 916 multum
815 859 843 896 δ
869 855 1071 927 gavisci
1123 861 1215 907 aut
1250 851 1526 921 plaudere,
1579 847 1800 902 tollatur
1824 843 1872 896 ei
1903 851 1957 896 et

379 955 486 1009 alio
524 954 711 1017 detur;
745 957 801 1004 et
837 947 1058 1001 alterius
1096 945 1197 1008 illi,
1236 954 1257 981 ο
1291 940 1432 1011 quod
1483 940 1631 994 visus
1673 937 1834 991 fuerit
1865 946 1957 990 :ut

381 1045 598 1115 propria
623 1044 680 1097 in
699 1056 764 1097 eo
801 1055 910 1093 non
936 1036 1225 1092 extollatur
1253 1034 1520 1088 voluntas.

453 1135 482 1207 §
508 1133 672 1189 XXII.
699 1161 770 1173 ——
789 1131 869 1184 Ex
909 1129 1349 1269 Restitgpsaissc)rt
1387 1123 1624 1177 Οεειιιιιι
1654 1133 1888 1174 εριδεοιιι

460 1293 484 1332 ἀ
513 1291 681 1347 Nemo
705 1290 806 1346 sibi
829 1287 1033 1358 aliquid
1064 1299 1085 1325 θ
1108 1286 1313 1356 judicet
1335 1283 1613 1353 premium
1637 1282 1751 1334 sive
1784 1279 1836 1333 in
1872 1293 1965 1332 ve-

387 1384 665 1446 stimento,
693 1381 806 1436 sive
852 1379 869 1417 ί
900 1379 953 1433 in
988 1389 1308 1446 quacunque
1343 1373 1449 1426 alia
1479 1387 1556 1425 re.
1595 1373 1619 1410 ε
1649 1370 1817 1424 Nemo
1842 1384 1962 1423 cum

391 1471 817 1527 murmuratione
847 1468 1049 1537 aliquid
1079 1467 1259 1521 faciat.
1289 1464 1366 1519 Ne
1399 1463 1561 1518 simili
1589 1461 1796 1532 judicio
1821 1478 1966 1514 mur-

391 1574 723 1619 muratorum
760 1569 948 1633 pereat
973 1559 1267 1615 secundum
1299 1558 1430 1611 illud
1457 1555 1697 1626 Apostoli
1730 1573 1742 1606 :
1775 1553 1964 1608 Omnia

392 1659 550 1728 facite
571 1659 680 1711 sine
704 1651 1204 1709 murmurationibus
1232 1647 1400 1720 (Phil.
1425 1649 1508 1718 ιι).

537 1746 566 1819 §
589 1745 858 1800 XXIII.—
884 1743 962 1797 Ex
990 1742 1207 1796 REGULA
1229 1755 1491 1795 cuiu-snitu
1519 1738 1654 1809 (cap.
1686 1738 1793 1807 I7).

463 1843 490 1882 ιι
515 1839 725 1910 Proprii
756 1837 958 1906 aliquid
979 1836 1033 1890 in
1059 1832 1390 1888 monasterio
1424 1832 1437 1871 ί
1467 1829 1601 1884 nihil
1629 1828 1963 1884 habendum:

397 1932 493 1988 sed
526 1930 706 2001 potius
751 1935 974 1998 propter
1011 1939 1204 1979 nomen
1235 1921 1448 1976 Domini
1510 1919 1691 1974 omnia
1732 1926 1973 1974 contem-

397 2022 593 2079 nenda.
639 2020 779 2088 Quid
816 2019 962 2074 enim
1011 2015 1286 2087 proprium
1333 2013 1536 2082 aliquid
1586 2027 1742 2066 suum
1800 2010 1973 2066 ﬁdelis

401 2113 582 2167 anima
607 2111 676 2167 de
702 2109 866 2165 rebus
890 2107 1073 2161 mundi
1096 2105 1352 2168 vindicet,
1384 2103 1470 2158 cui
1511 2103 1743 2157 mundus
1792 2099 1972 2156 cruci-

403 2203 543 2256 fixus
563 2208 668 2265 est,
691 2207 747 2255 et
776 2199 892 2268 ipsa
923 2196 1157 2251 mundo?
1177 2194 1279 2261 Qui
1301 2193 1468 2248 semel
1496 2193 1696 2246 mundo
1723 2199 1974 2246 mortuus

403 2307 616 2362 curper
645 2290 883 2360 aliquam
925 2285 1303 2356 temporalium
1359 2299 1541 2338 rerum
1597 2283 1974 2352 cupiditatem,

404 2381 489 2436 vel
544 2377 874 2434 desiderium
917 2389 1302 2438 aerumnosum,
1339 2374 1513 2428 denuo
1557 2371 1749 2442 incipit
1796 2371 1978 2424 vivere

405 2467 625 2533 mundo,
667 2466 759 2536 qui
787 2471 1096 2533 contempto
1125 2461 1324 2518 mundo
1375 2471 1612 2532 cmperat
1647 2459 1760 2530 jam
1799 2461 1980 2514 vivere

404 2557 550 2612 Deo?
584 2555 982 2625 Amputandum
1010 2569 1140 2624 ergo
1166 2563 1249 2608 est
1273 2553 1376 2608 hoc
1398 2553 1588 2606 vitium
1611 2552 1870 2607 radicitus
1912 2550 1981 2605 ab

478 2705 503 2734 ιι
528 2691 685 2745 Illius
727 2690 989 2746 vindictw.
1042 2689 1198 2748 Apud
1235 2690 1591 2747 Tritbemium
1641 2707 1746 2746 nou
1797 2700 1881 2746 est
1923 2697 1982 2748 τὸ

405 2762 646 2817 uindicta:
660 2777 678 2826 ;
700 2768 780 2815 est
802 2769 977 2815 tamen
994 2761 1048 2814 in
1070 2759 1270 2830 Regula
1297 2777 1399 2816 ms.
1419 2780 1431 2814 :
1457 2762 1571 2816 ham
1593 2769 1770 2815 autem
1792 2761 1982 2830 penul-

410 2833 542 2885 tima
567 2831 816 2900 periodus
836 2830 1076 2900 refertur
1101 2829 1445 2885 a'l'rithcmio
1472 2832 1572 2885 sub
1594 2829 1810 2884 nomine
1839 2830 1986 2900 Vigi-

409 2903 464 2955 lii
493 2901 704 2970 abbatis
736 2908 792 2954 et
816 2899 1028 2954 diaconi
1048 2939 1063 2963 ,
1105 2900 1340 2968 capitulo
1384 2901 1454 2955 55
1488 2916 1599 2954 suae
1626 2901 1844 2970 Regulze
1875 2917 1886 2952 :
1912 2899 1986 2954 ex

409 2985 517 3038 quo
539 2968 770 3024 eﬂicitur
794 2970 938 3023 hunc
967 2969 1284 3038 magistrum
1323 2968 1842 3024 monacliorum'non
1865 2985 1986 3026 esse

412 3041 576 3094 alium
619 3040 686 3092 ab
724 3038 827 3093 hoc
880 3038 1076 3108 Vigilio
1126 3038 1354 3092 diacono
1384 3047 1438 3093 et
1475 3039 1687 3100 abbate,
1735 3040 1984 3107 quamvis

413 3108 936 3178 apudTritliemium
952 3104 1172 3178 'citetur
1190 3107 1484 3178 capitulum
1509 3109 1599 3170 '55,
1624 3109 1713 3162 hic
1740 3104 1869 3163 vero
1891 3109 1981 3175 82,
2012 3116 2056 3176 ί]
2091 3105 2254 3178 timus
2281 3120 2312 3158 a
2343 3112 2529 3178 nostro
2555 3104 2754 3178 citatur
2779 3114 3022 3172 auctore,
3047 3107 3308 3178 cujusque

413 3191 536 3231 nam
559 3177 693 3247 ipsis
711 3177 1068 3230 arithmeticis
1091 3177 1230 3231 uotis
1256 3177 1409 3232 facile
1450 3178 1622 3248 potuit
1649 3193 1803 3232 error
1831 3179 1987 3234 obre-

413 3261 561 3318 pere.

484 3339 512 3379 ιι
541 3336 765 3393 Gavisci.
794 3337 1023 3404 Quidam
1065 3338 1118 3393 in
1169 3348 1354 3395 nostro
1383 3356 1483 3396 ms.
1510 3339 1823 3396 Concordiae
1869 3356 1989 3396 cor-

413 3409 577 3481 rexit,
609 3407 868 3481 gaudere;
897 3408 953 3462 in
977 3408 1176 3481 Regula
1200 3417 1378 3464 tamen
1406 3427 1508 3466 ms.
1543 3411 1740 3481 legitur
1773 3411 1986 3481 gavisci.

413 3480 473 3535 Id
502 3487 586 3534 est
613 3479 869 3550 gaudere,
889 3494 1051 3546 quam
1080 3479 1363 3550 lectionem
1392 3479 1617 3545 retineo,
1640 3479 1990 3550 quemadmo-

414 3551 540 3605 dum
562 3548 711 3620 Aapud
739 3548 980 3603 Plautum
1011 3550 1064 3602 in
1087 3549 1349 3620 Budente,
1374 3551 1556 3620 fruisci
1592 3548 1689 3620 pro
1718 3550 1841 3604 frui.

486 3629 510 3658 ο
542 3617 694 3700 Quod
725 3620 864 3672 uisus
891 3618 1265 3742 {uerit._Lege,
1291 3617 1425 3674 utin
1457 3617 1656 3691 Regula
1681 3636 1804 3686 [llS.,
1824 3621 1988 3690 quod-

486 3707 492 3740 :
525 3689 701 3742 fuerit.
730 3688 797 3742 Et
823 3704 884 3742 su
926 3689 1349 3742 Intelligendum.
1386 3690 1559 3742 detur.

417 3689 492 3744 vis
523 3689 701 3758 fuerit.
730 3688 797 3742 Et
823 3688 1349 3760 subiutelligetidum,
1386 3688 1559 3745 detur:

487 3779 514 3818 ἀ
549 3777 736 3850 Nemo.
763 3779 954 3850 Exstat
976 3780 1028 3834 in
1056 3780 1260 3850 Regula
1291 3781 1782 3837 sanctimonialium
1796 3782 1986 3836 eodem

417 3865 538 3920 cap.
560 3849 738 3923 55,_et
769 3848 1002 3923 refertur
1025 3866 1056 3923 a
1082 3848 1384 3923 Irithemio
1406 3854 1580 3923 capite
1610 3869 1769 3923 supra
1797 3854 1982 3907 citato.

501 3917 786 3995 gladia};
804 3918 879 3995 Ita
911 3921 1050 3995 apud
1079 3921 1436 3995 Tritbemium
1464 3917 1517 3975 in
1545 3917 1747 3995 Regula
1765 3937 1982 3980 excusa.

419 3988 696 4112 evtjujcod.
725 3988 886 4044 Vind.
921 3989 1259 4059 plausibilius
1297 3999 1476 4046 tamen
1503 4001 1607 4059 est,
1627 3988 1704 4048 'si
1737 3993 1944 4064 legatur
1973 4009 1985 4044 :

477 4076 532 4112 in
570 4075 647 4112 tce
676 4096 689 4110 .

477 4076 689 4112 ιηαιεει.

500 4148 520 4187 τ
548 4145 613 4200 In
627 4162 933 4220 quacunque
950 4147 1058 4202 alia
1083 4166 1158 4204 re.
1180 4149 1336 4220 Apud
1356 4151 1709 4209 Trithemium
1737 4153 1989 4209 additur:

427 4215 480 4272 Μ
487 4215 647 4288 agna,
677 4216 754 4271 uel
766 4215 948 4286 parva.

2051 473 2132 527 vel
2160 473 2211 525 iu
2269 469 2659 534 calciamentis,
2713 468 2797 521 vel
2837 468 2890 521 iu
2944 468 3275 536 quibuslibet
3323 469 3487 522 rebus
3537 468 3636 522 sibi

2050 563 2313 627 vindicet,
2345 561 2423 616 vel
2457 576 2611 614 suum
2648 575 2768 614 esse
2797 559 2964 624 dicat,
3004 559 3109 614 nisi
3131 571 3398 628 quantum
3437 576 3514 616 ex
3543 561 3638 614 ab-

2052 655 2194 709 batis
2214 655 2457 724 jussione
2479 668 2642 722 penes
2677 666 2735 706 se
2767 652 3098 721 praecipitur,
3130 667 3194 706 ac
3229 652 3276 706 si
3329 662 3524 708 custos
3569 653 3642 706 al-

2057 743 2247 806 terius,
2281 757 2384 796 non
2411 741 2640 810 propriae
2660 741 2738 795 rei
2761 741 3029 794 dominus.
3070 739 3134 793 Et
3163 755 3249 805 ea,
3282 757 3402 810 qua!
3431 742 3547 796 sibi
3579 743 3644 796 ab

2057 835 2249 889 abbate
2270 833 2471 887 fuerint
2509 831 2908 894 commendata,
2938 831 2991 884 id
3022 840 3126 894 est,
3160 832 3227 886 ad
3256 834 3646 886 necessitatem

2055 933 2400 996 prtesentem,
2427 930 2520 977 aut
2565 923 2619 976 in
2663 922 3008 987 vestimento,
3067 931 3161 975 aut
3191 923 3243 976 in
3289 923 3545 992 qualibet
3595 940 3650 978 re

2060 1017 2193 1072 nihil
2215 1017 2410 1071 exinde
2436 1023 2528 1069 aut
2550 1016 2681 1070 dare
2703 1024 2796 1068 aut
2835 1016 3185 1070 commodare
3219 1015 3476 1084 cuiquam
3509 1029 3652 1084 prm-

2061 1115 2270 1171 sumat;
2297 1107 2400 1161 nisi
2434 1114 2642 1159 tantum
2671 1105 2716 1160 si
2748 1106 2816 1160 ab
2841 1106 3038 1160 abbate
3077 1105 3152 1158 illi
3204 1103 3368 1158 fuerit
3421 1104 3651 1158 ordina—

2063 1209 2196 1254 tum.
2230 1199 2368 1266 Quid
2390 1199 2532 1252 enim
2549 1198 2614 1252 de
2631 1199 2789 1252 rebus
2811 1198 2994 1251 mundi
3019 1197 3176 1251 alteri
3196 1196 3350 1250 fratri
3372 1195 3652 1259 conferat,

2064 1289 2154 1360 qui
2176 1304 2301 1344 suas
2322 1289 2374 1342 in
2399 1289 2650 1342 omnibus
2674 1287 2984 1343 voluntates
3013 1296 3234 1358 propter
3267 1287 3562 1341 Christum
3603 1288 3653 1339 iu

2065 1379 2276 1434 abbatis
2315 1377 2535 1431 tradidit
2558 1375 2958 1448 potestatem?i
3003 1375 3194 1432 Omnia
3227 1390 3378 1446 ergo,
3423 1391 3558 1444 qua:
3607 1376 3656 1428 iu

2066 1470 2395 1524 monasterio
2415 1467 2702 1532 habentur,
2734 1468 2841 1521 siut
2870 1466 3122 1543 omnibus
3145 1467 3657 1535 communia,juxta

2066 1560 2208 1629 quod
2244 1560 2298 1612 in
2323 1557 2546 1613 Actibus
2575 1557 2943 1627 apostolorum
2971 1557 3200 1626 legimus
3225 1571 3237 1609 :
3268 1556 3334 1609 Et
3363 1569 3548 1616 erunt,
3583 1558 3658 1610 iu-

2069 1649 2204 1717 quit,
2242 1648 2313 1701 εἰς
2345 1647 2519 1700 omnia
2550 1647 2847 1700 communia
2877 1644 3032 1717 (Cap.
3059 1646 3158 1716 1v).
3185 1645 3276 1699 Sic
3302 1655 3487 1700 tamen
3510 1661 3662 1700 com-

1998 1745 2046 1803 Β
2076 1737 2258 1791 munia
2292 1744 2419 1791 sunt
2459 1736 2725 1800 habenda,
2752 1743 2810 1790 ut
2851 1736 3028 1790 nullus
3050 1735 3180 1790 dare
3231 1746 3323 1789 aut
3379 1737 3658 1805 accipere,

2071 1827 2176 1880 nisi
2198 1825 2390 1880 abbate
2426 1825 2734 1890 ordinante,
2762 1835 3052 1894 prmsumat
3087 1844 3100 1878 :
3135 1840 3202 1879 ue
3222 1827 3542 1896 cupiditatis
3573 1838 3664 1882 aut

2074 1917 2395 1971 temeritatis
2420 1917 2621 1970 malum
2646 1917 2934 1971 incurrens
2956 1918 3012 1971 in
3047 1917 3299 1986 laqueum
3335 1917 3487 1973 Iuda:
3537 1935 3663 1989 pru-

2072 2008 2263 2063 ditoris
2286 2007 2560 2062 consortio
2598 2015 2931 2072 numeretur,
2980 2007 3071 2076 qui
3121 2007 3268 2063 solus
3322 2009 3374 2062 in
3427 2025 3664 2064 numero

2073 2099 2437 2170 apostolorum
2479 2098 2683 2153 loculos
2722 2100 2975 2154 habuisse
3006 2099 3258 2165 refertur,
3288 2101 3378 2155 ubi
3407 2117 3665 2156 commu-

2074 2191 2305 2244 tantium
2355 2200 2446 2245 aut
2510 2191 2857 2246 vendentium
2909 2195 3235 2248 commercia
3293 2195 3660 2263 ponebantur.

2078 2284 2102 2322 ιι
2125 2284 2280 2350 Quod
2301 2284 2346 2338 si
2374 2283 2502 2338 huic
2529 2284 2659 2338 vitio
2684 2283 2879 2354 aliquis
2901 2283 3068 2339 frater
3095 2286 3352 2341 delectari
3382 2285 3553 2342 fuerit
3573 2286 3665 2341 de-

2076 2373 2394 2443 prehensus,
2419 2383 2473 2428 et
2494 2382 2618 2444 post
2656 2374 2908 2443 primam,
2961 2373 3254 2432 secundam
3299 2375 3384 2430 vel
3439 2378 3662 2430 tertiam

2077 2465 2473 2534 corr‘eptionem
2501 2465 2794 2520 emendare
2821 2465 3074 2532 noluerit,
3106 2467 3400 2537 disciplinae
3420 2469 3662 2539 regulari

2079 2551 2378 2622 subjaceat.

2157 2687 2182 2726 ε
2206 2683 2372 2757 Nemo
2404 2701 2520 2738 cum
2555 2688 2990 2740 murmuratione.
3023 2686 3122 2742 Hic
3153 2687 3340 2756 incipit
3365 2701 3488 2757 cap.
3521 2687 3585 2741 16
3612 2688 3662 2741 in

2087 2755 2293 2825 Regula
2311 2769 2530 2825 excusa.

2154 2823 2664 2897 h'Propriialiquid.
2707 2823 2834 2897 Ilaec
2857 2827 3316 2897 prima‘periodus
3369 2842 3548 2895 usque
3599 2827 3664 2880 ad

2085 2892 2372 2967 illaverba
2398 2911 2412 2947 :
2448 2892 2551 2958 Qui
2567 2895 2738 2967 gemet
2767 2892 2980 2967 mundo,
3006 2892 3280 2967 profertur
3301 2913 3332 2950 a
3362 2892 3665 2952 Tritbemio

2085 2965 2260 3034 capite
2290 2967 2454 3034 citato
2476 2979 2545 3020 ex
2567 2963 2772 3034 Regula
2795 2965 2951 3020 Servi
2980 2963 3074 3021 Dei
3098 2969 3166 3022 ad
3191 2983 3429 3032 sorores,
3473 2969 3664 3022 eodem

2087 3033 2264 3115 capite
2295 3036 2379 3088 l7.
2416 3033 2494 3087 Ita
2517 3042 2576 3087 ut
2589 3033 2692 3114 .hic
2716 3036 2879 3092 Pater
2908 3039 3300 3117 monachorum
3320 3039 3412 3158 «iiii
3430 3037 3551 3093 fere
3585 3039 3664 3090 ul-

2091 3114 2254 3158 timus
2281 3120 2312 3158 a
2343 3112 2527 3158 nostro
2555 3113 2754 3158 ettatur
2779 3114 3022 3158 auctore.
3047 3123 3308 3158 cuiusaue
3383 3108 3544 3158 eaula
3600 3107 3664 3158 ad

3383 3108 3544 3162 eaula
3600 3124 3628 3159 a

2092 3125 2254 3159 umus
2281 3125 2312 3158 a
2343 3125 2527 3158 nosu'o
2555 3125 2754 3159 utatur
2779 3125 3022 3172 auctore,
3047 3125 3308 3178 cujusque
3334 3125 3544 3178 neguta
3600 3125 3664 3159 au

2091 3175 2149 3228 S.
2184 3174 2461 3248 Benedicti
2494 3173 2755 3248 Regulam
2780 3178 2974 3248 magis,
3000 3192 3160 3248 quam
3191 3188 3402 3232 caelone
3442 3180 3533 3233 hic
3570 3180 3664 3248 fci-

2091 3252 2236 3308 tataz,
2265 3244 2498 3313 accedit,
2523 3244 2596 3298 sit
2624 3244 2781 3313 hujus
2809 3244 2962 3300 Servi
2996 3244 3090 3301 Dei
3113 3248 3181 3302 ad
3202 3247 3664 3308 sanetimouiales,

2091 3315 2184 3383 qui
2208 3313 2446 3385 regulam
2479 3311 2536 3367 S.
2561 3311 2740 3370 Patris
2765 3316 3038 3372 Benedicti
3068 3319 3135 3372 ad
3165 3317 3489 3372 feminarum
3511 3333 3664 3371 usum

2092 3383 2603 3456 aecum—inodaverit,
2639 3400 2800 3454 quam
2828 3395 3005 3440 tamen
3035 3396 3241 3442 mutato
3280 3403 3476 3456 genere
3513 3387 3665 3442 femi-

2093 3455 2297 3527 niuoin
2321 3453 2677 3527 masculinum
2694 3457 3145 3527 quemadmodum
3174 3458 3227 3511 in
3251 3453 3452 3527 [tegula
3476 3457 3536 3511 S.
3561 3458 3665 3510 Au-

2093 3524 2307 3596 gustini
2336 3533 2391 3576 et
2445 3523 2504 3577 S.
2535 3523 2779 3588 Ciesarii,
2814 3533 2870 3578 et
2916 3526 2973 3579 S.
3019 3525 3293 3581 Aureliani
3335 3523 3499 3596 quasi
3538 3529 3666 3580 viris

2091 3593 2424 3662 praescripta:
2447 3603 2646 3656 essent,
2676 3604 2868 3649 auctor
2890 3605 3078 3649 noster
3105 3597 3276 3652 citare
3302 3593 3457 3651 solet.

2170 3665 2184 3734 ᾖ
2225 3663 2374 3734 Nihil
2402 3663 2718 3718 habendum.
2768 3665 2924 3734 Apud
2960 3666 3316 3722 Tritbemium
3350 3685 3363 3721 :
3396 3666 3547 3720 Nihil
3592 3678 3663 3720 est

2091 3733 2406 3788 habendum.
2817 3733 2831 3734 ί
3619 3779 3625 3784 .

2165 3802 2182 3876 i_
2217 3801 2413 3876 Omnia
2435 3820 2576 3876 ergo.
2609 3804 2734 3859 Haec
2765 3805 3096 3860 contractius
3124 3807 3199 3860 ita
3251 3805 3600 3876 proferuntur
3633 3823 3663 3859 a

2093 3872 2395 3927 Tritbemio
2429 3892 2442 3927 :
2479 3872 2670 3928 Omnia
2696 3891 2817 3944 ergo
2839 3891 2958 3944 qua:
2989 3877 3045 3928 in
3073 3872 3394 3932 monasterio
3416 3876 3666 3929 habentur

2095 3944 2199 3997 sint
2222 3943 2459 3997 omnibus
2481 3943 2776 4015 communia
2800 3959 2818 3996 :
2847 3943 2902 3998 ut
2945 3946 3090 3999 nulla
3113 3947 3242 4000 dare
3294 3955 3387 4000 aut
3438 3947 3663 4015 accipere

2096 4024 2382 4085 pra’sumat
2415 4015 2526 4085 sine
2560 4013 2800 4082 jussione
2837 4015 3133 4070 abbatissae.

2171 4082 2196 4121 ιε
2231 4082 2382 4147 Quod
2401 4085 2458 4156 si
2492 4084 2614 4136 huic
2664 4085 2804 4149 vitio,
2848 4095 2953 4156 etc.
3008 4085 3237 4156 Brevius
3279 4085 3420 4156 apud
3459 4083 3662 4156 Tritbe-

2102 4152 2270 4227 mium
2323 4171 2336 4207 :
2389 4153 2449 4209 Si
2491 4170 2608 4224 qua
2645 4171 2792 4208 secus
2847 4155 3045 4223 fecerit,
3097 4152 3332 4227 regulari
3383 4154 3662 4224 disciplima

1995 4256 2003 4264 ν-
2101 4224 2390 4293 subjaceat.

453 4331 3652 4365 .._.______.______________________________

1696 4437 2030 4515 CAPUT
2101 4439 2389 4546 XLIII.

1063 4587 1130 4646 SI
1164 4585 1398 4646 OMNES
1433 4586 1858 4656 EQUALITER
1895 4591 2164 4648 DEBENT
2203 4592 2628 4651 NECESSARIA
2666 4595 3020 4652 ACCIPERE.

655 4766 745 4840 ει.
770 4764 935 4822 -Ει
972 4764 1191 4822 Bacon
1224 4781 1410 4822 SANC'I'I
1449 4766 1764 4824 BENEDICTI.

501 4875 527 4903 ι
552 4862 705 4917 Sicut
727 4859 990 4929 scriptum
1034 4866 1120 4914 est
1151 4877 1164 4913 :
1205 4858 1543 4914 Dividebatur
1567 4861 1809 4932 singulis,
1851 4874 2004 4933 prout

433 4955 618 5025 cuique
645 4968 774 5021 opus
795 4960 906 5005 erat
923 4949 1174 5022 (Ασίαν).
1195 4949 1296 5006 Ubi
1325 4966 1432 5006 non
1459 4951 1710 5016 dicimus,
1729 4962 1789 5007 ut
1815 4970 2007 5022 perso-

502 5063 715 5135 tdS'icut
735 5065 994 5135 scriptum
1019 5071 1118 5135 est,
1147 5070 1251 5117 etc.
1290 5063 1454 5135 quue
1477 5062 1631 5135 juxta
1665 5067 2007 5135 prudentiain

439 5142 495 5187 et
525 5133 904 5188 discretionem
931 5133 1119 5200 optimi
1165 5134 1411 5199 rectoris,
1444 5143 1503 5187 ut
1531 5133 1688 5189 docet
1721 5136 1778 5189 S.
1830 5136 2008 5191 Lean-

434 5203 548 5263 der,
581 5218 700 5272 cap.
726 5204 792 5257 15
822 5204 886 5257 de
919 5202 1093 5273 lnstit.
1127 5201 1392 5273 virginum
1419 5221 1432 5255 :
1468 5221 1485 5253 ι
1513 5202 1802 5260 Laudanda
1829 5216 2008 5262 tamen

435 5282 526 5346 est
566 5273 762 5346 senior,
805 5274 847 5326 si
892 5272 1124 5326 discrete
1161 5272 1642 5346 cu’mﬂsiugulisse
1672 5279 1921 5346 gesserit,
1953 5289 2008 5332 et

437 5341 747 5410 unicuique,
777 5350 937 5412 prout
960 5357 1094 5412 opus
1129 5350 1232 5406 est,
1264 5341 1525 5396 diviserit.
1556 5344 1619 5397 Et
1643 5341 1741 5399 ista
1775 5357 1901 5400 sunt
1928 5348 2009 5401 di-

435 5414 617 5482 etarde
645 5421 812 5476 veste,
846 5413 987 5476 cibo,
1027 5420 1176 5482 potu,
1227 5412 1311 5482 vel
1338 5429 1497 5480 opare
1526 5430 1624 5482 pro
1651 5417 1903 5470 invalidis
1954 5427 2008 5471 et

439 5479 680 5553 delicatis
712 5501 727 5553 ξ
760 5493 820 5534 ιιι
839 5497 959 5551 qua:
1003 5479 1192 5553 durius
1218 5479 1492 5553 ferre’uon
1527 5479 1722 5553 potest,
1749 5495 2009 5542 tractetur

441 5547 631 5621 lenius.
655 5571 674 5603 ι
697 5551 826 5617 Quae
849 5547 990 5607 hunc
1010 5549 1205 5621 regula:
1225 5549 1393 5604 locum
1411 5547 1603 5606 mirum
1630 5556 1679 5608 in
1705 5547 1916 5610 modum
1942 5557 2008 5608 il-

442 5618 690 5738 lustlrant,
731 5625 918 5738 igquo
951 5618 1420 5691 post'seuteutiam
1452 5622 1744 5692 Scripturie
1775 5626 2006 5681 subaudi

443 5702 537 5738 ver
577 5702 664 5738 um
697 5707 711 5738 :
797 5699 890 5738 tat.

443 5699 664 5739 verbum
697 5707 711 5741 2
749 5699 890 5740 Μαι.

2026 4787 2080 4847 D
2105 4787 2318 4838 narum,
2335 4773 2476 4841 quod
2501 4772 2657 4838 absit,
2682 4771 2924 4842 acceptio
2937 4769 3138 4837 sit,sed
3161 4770 3537 4830 inﬁrmitatum
3551 4789 3657 4828 oon-

2111 4865 2283 4919 sidera
2293 4866 2383 4920 tio.
2406 4865 2530 4929 Ubi,
2548 4865 2637 4934 qui
2655 4865 2830 4919 minus
2846 4863 3066 4934 indiget,
3087 4872 3208 4934 agat
3223 4863 3334 4918 Deo
3346 4867 3566 4935 gratias,
3581 4867 3604 4903 δ
3617 4872 3657 4918 et

2111 4969 2218 5007 non
2255 4954 2608 5008 contristetur
2646 4972 2658 5006 :
2696 4964 2717 4992 ε
2744 4954 2836 5023 qui
2865 4966 2994 5007 vero
3035 4951 3157 5021 plus
3176 4953 3402 5023 indiget,
3436 4954 3657 5009 humilie-

2185 5066 2212 5105 δ
2237 5063 2305 5117 Et
2333 5081 2434 5118 non
2457 5066 2810 5118 contristetur.
2846 5062 3138 5116 Invideudo
3180 5063 3321 5127 aliis,
3374 5064 3564 5133 quibus
3605 5062 3657 5113 ob

2114 5136 2490 5190 necessitatem
2522 5135 2674 5203 plura
2703 5133 3131 5203 suppeditantur.
3171 5133 3419 5186 Occurrit
3445 5135 3581 5187 enim
3610 5133 3640 5184 S

2115 5205 2435 5260 Benedictus
2470 5200 2682 5258 invidiae
2735 5200 2921 5257 tuut'bo
2968 5204 3038 5255 ob
3087 5200 3346 5268 ejusmodi
3408 5204 3657 5271 indulgctr

2114 5276 2241 5328 tiam
2273 5276 2414 5328 circa
2457 5274 2718 5328 inﬁrmos.
2761 5274 2856 5327 Cui
2887 5272 3062 5325 simile
3097 5282 3179 5326 est
3207 5271 3333 5325 illud
3367 5271 3422 5324 S.
3451 5271 3656 5326 Leandri

2109 5361 2228 5414 cap.
2254 5346 2548 5414 8.~ejusdem
2579 5345 2701 5398 libri
2737 5358 2751 5396 :
2787 5362 2803 5393 ι
2843 5341 3132 5414 Necdelmt
3161 5342 3657 5414 scandalizari,‘qu;e

2111 5412 2242 5468 saua
2269 5412 2372 5478 est,
2407 5415 2453 5468 si
2484 5414 2766 5468 remissius
2802 5423 2854 5466 et
2891 5412 3275 5480 indulgentius,
3308 5427 3426 5478 (pia:
3471 5412 3656 5464 iniit-un

2109 5496 2211 5548 est,
2247 5486 2435 5547 alitur;
2471 5485 2563 5537 sed
2597 5485 2771 5553 magis
2797 5499 2874 5553 eo
2901 5497 2958 5553 se
2995 5481 3296 5553 melioreur
3322 5481 3656 5553 sanctiorem-

2110 5547 2215 5623 quc
2241 5571 2359 5608 esse
2382 5547 2713 5616 consideret,
2741 5552 2883 5622 quod
2915 5550 3194 5619 fragilibus
3225 5551 3382 5604 rebus
3406 5566 3510 5603 non
3537 5547 3657 5601 iudi-

2111 5635 2216 5695 get,
2247 5625 2442 5695 quibus
2471 5633 2592 5694 eget
2623 5623 2856 5695 inﬁrma.
2888 5642 2909 5695 ι
3227 5687 3256 5695 _
3382 5689 3391 5695 _
3620 5683 3630 5693 .

2186 5707 2206 5733 ε
2237 5687 2340 5759 Qui
2361 5711 2476 5747 vero
2497 5687 2612 5763 plus
2636 5694 2852 5764 indiget,
2879 5689 3197 5744 humilietur.
3224 5687 3436 5752 Statuit,
3465 5702 3529 5741 ne
3551 5687 3656 5754 quis
