3940 6196
338 318 359 373 ι
370 314 472 377 069

1260 315 1646 373 CONCORDIA
1683 315 2137 373 IlEGULARUM.
2172 348 2237 357 —--
2276 318 2424 372 CAP.
2466 314 2645 372 XLIII.

3427 320 3563 377 {0’0

331 443 422 488 tur
445 447 544 504 pro
569 430 902 495 inﬁrmitate,
931 438 987 485 et
1007 444 1115 484 non
1153 430 1443 485 extollatur
1473 446 1571 500 pro
1599 431 1902 484 misericor-
1928 444 1978 501 Α
2009 431 2032 469 ⁸
2070 440 2521 493 stramentorum,
2575 432 3030 500 operimentorum
3075 433 3235 485 datur
3275 432 3416 500 quod
3453 433 3573 489 aliis

331 524 422 580 dia
442 530 527 577 :et
554 522 630 576 ita
650 521 832 577 omnia
853 522 1097 577 membra
1124 528 1285 575 erunt
1309 522 1363 575 in
1383 536 1536 591 pace.
1570 520 1760 576 a‘Ante
1781 536 1899 576 om—

332 614 423 668 nia
450 626 521 667 ne
538 610 981 667 murmurationis
1004 609 1207 666 malum
1218 625 1317 681 pro
1343 611 1707 681 qualicunque
1736 626 1900 666 causa

331 705 388 758 in
412 703 595 774 aliquo
635 702 997 773 qualicunque
1025 702 1192 757 verbo
1215 701 1301 757 vel
1330 702 1359 743 ιδ
1389 702 1781 774 signiﬁcatione
1803 717 1900 772 ap-

330 800 541 863 pareat.
567 791 723 860 Quod
748 791 796 847 si
827 801 849 831 ο
881 791 1247 862 deprehensus
1274 789 1456 858 fuerit,
1478 791 1799 847 districtiori
1822 791 1903 846 di-

331 885 577 956 sciplina:
603 885 884 941 subdatur.

438 992 468 1066 δ
501 993 563 1048 ll.
589 1023 660 1033 —
691 993 773 1048 Ex
810 990 1028 1049 Rasum
1057 957 1245 1047 salven
1282 992 1485 1047 ΒΑδιιιι
1514 992 1652 1062 (cap.
1680 991 1792 1063 94).

403 1103 432 1143 ἀ
455 1102 718 1172 Interrog.
750 1100 807 1157 Si
831 1108 1046 1171 oportet
1066 1116 1189 1156 cum
1212 1101 1303 1170 qui
1328 1101 1450 1171 plus
1470 1101 1697 1163 laborat,
1726 1101 1906 1170 requi—

333 1208 459 1249 rere
495 1191 618 1263 plus
664 1190 868 1261 aliquid
896 1206 928 1244 a
955 1191 1377 1246 consuetudine?
1412 1222 1483 1231 —-
1506 1189 1659 1261 Resp.
1696 1190 1753 1245 Si
1784 1206 1907 1261 pro-

330 1299 457 1362 pter
480 1288 892 1344 retributionem
912 1287 1007 1342 Dei
1036 1285 1277 1342 laborem
1303 1282 1552 1354 suscipit,
1581 1298 1691 1336 non
1714 1281 1802 1336 hic
1825 1297 1907 1336 re-

334 1379 558 1451 quirere
593 1378 751 1435 debet
783 1376 991 1432 laboris
1029 1375 1114 1431 sui
1143 1373 1470 1439 mercedem,
1497 1369 1584 1427 vel
1616 1371 1858 1440 requiem
1888 1385 1923 1424 εκ

334 1469 434 1525 sed
455 1484 556 1540 pro
598 1468 684 1523 his
729 1467 797 1521 ad
820 1466 1085 1537 promissa
1133 1463 1348 1519 Domini
1398 1460 1681 1527 festinare,
1730 1460 1908 1515 Sciens

335 1559 464 1630 quia
489 1558 631 1613 sicut
657 1571 756 1627 pro
793 1554 1067 1611 laboribus
1088 1553 1366 1608 mercedes
1386 1550 1599 1621 paravit
1624 1549 1907 1615 Dominus,

336 1645 412 1700 ita
462 1645 623 1699 etiam
646 1659 747 1715 pro
771 1643 1033 1715 angustiis
1073 1641 1486 1697 consolationes.
1518 1639 1907 1695 Verumtamen

336 1736 391 1791 hi
440 1737 533 1806 qui
576 1744 848 1805 praesunt,
903 1733 1268 1791 observabunt
1322 1731 1564 1803 regulam
1606 1731 1753 1785 illam
1791 1745 1911 1802 quae

335 1827 468 1882 dicit
494 1845 507 1881 :
538 1826 880 1881 Dividebatur
899 1825 1342 1896 unicuiquepraut
1365 1832 1617 1892 Opuserat
1646 1822 1785 1895 (Act.
1807 1821 1905 1896 tv).

339 1918 508 1974 Debet
536 1918 681 1972 enim
708 1929 1143 1985 unumquemque
1169 1911 1489 1984 praevenire,
1522 1920 1579 1966 ut
1615 1915 1911 1969 secundum

337 2007 581 2063 laborem
606 2007 769 2062 etiam
795 2006 989 2061 solatia
1024 2003 1336 2060 refectionis
1364 2002 1623 2058 inveniat.

380 2118 519 2192 §III.
543 2148 615 2158 —
641 2117 721 2173 Ex
756 2116 975 2174 Rasum
1008 2131 1197 2172 sane“
1231 2115 1529 2172 Auensnm
1556 2113 1695 2185 (cap.
1727 2113 1782 2187 2)
1816 2124 1862 2168 ο.

412 2229 599 2287 Victus
618 2238 676 2287 et
694 2237 1061 2301 tegumentum
1083 2243 1194 2285 non
1221 2231 1505 2300 aequaliter
1524 2230 1777 2288 omnibus
1801 2228 1912 2285 dis-

338 2322 634 2388 tribuatur,
666 2321 795 2391 quia
842 2336 950 2376 non
986 2320 1271 2392 aequaliter
1311 2322 1509 2379 valetis
1551 2336 1743 2379 omnes
1776 2320 1913 2376 :sed

338 2412 518 2482 potius
544 2410 857 2481 unicuique,
880 2410 1024 2466 sicut
1045 2410 1239 2481 cuique
1264 2425 1401 2481 opus
1426 2410 1612 2467 fuerit.
1647 2408 1741 2466 Sic
1769 2409 1910 2465 enim

338 2503 519 2574 legitis
540 2502 598 2557 in
621 2501 849 2558 Actibus
889 2500 1258 2570 apostolorum
1288 2518 1304 2556 :
1337 2500 1478 2567 Quia
1503 2509 1652 2555 erant
1692 2500 1768 2554 eis
1808 2515 1917 2555 om-

338 2594 429 2647 nia
455 2593 777 2659 communia,
798 2601 849 2646 et
879 2590 1291 2646 distribuebatur
1311 2591 1593 2662 unicuique
1614 2598 1770 2662 prout
1802 2590 1915 2644 cui-

335 2702 438 2759 que
462 2701 592 2757 opus
616 2693 749 2740 erat.
1298 2680 1309 2685 ”

637 2794 668 2869 ς
697 2794 787 2852 Ν.
808 2825 880 2836 -
900 2794 1033 2850 Item
1070 2794 1305 2866 ejusdem
1325 2792 1464 2869 (cap.
1495 2794 1605 2866 15).

416 2906 439 2947 ί
469 2906 529 2964 Si
554 2907 634 2963 eis
655 2907 748 2978 qui
775 2915 1040 2964 venerunt
1060 2923 1129 2964 ex
1151 2908 1396 2965 moribus
1414 2906 1821 2964 delicatioribus
1842 2909 1914 2964 ad

339 3002 756 3069 monasterium,
783 3001 987 3073 aliquid
1007 3001 1409 3069 alimentorum,
1442 3002 1913 3071 vestimentorum,

2001 517 2316 574 fortioribus
2348 527 2402 573 et
2421 517 2754 573 felicioribus
2776 534 2883 573 non
2910 519 3089 584 datur,
3112 521 3351 589 cogitare
3376 521 3577 576 debent

1999 606 2029 646 ιι
2062 616 2321 677 quantum
2349 608 2414 661 de
2436 623 2534 661 sua
2564 608 2810 662 saeculari
2842 609 2948 662 vita
2975 608 3048 662 illi
3071 610 3137 663 ad
3166 611 3325 664 istam
3350 610 3577 665 desoen-
3657 607 3669 613 ”

2001 697 2200 761 derint,
2240 699 2258 738 ί
2293 697 2440 770 [Qui]
2470 699 2718 767 quamvis
2749 713 2919 767 usque
2946 700 3013 754 ad
3041 699 3291 766 aliorum,
3323 701 3415 769 qui
3450 710 3577 756 sunt

2000 801 2232 855 corpore
2271 786 2561 853 ﬁrmiores,
2599 786 2961 856 frugalitatem
3008 790 3292 858 pervenire
3320 791 3578 860 nequive-

2004 873 2134 938 rint,
2160 872 2174 923 ἱ
2228 873 2338 928 Nec
2363 874 2564 929 debent
2596 875 2737 930 velle
2756 890 2965 942 omnes,
2997 878 3141 945 quod
3167 893 3368 946 paucos
3396 880 3582 935 vident

2003 963 2258 1033 amplius,
2290 979 2396 1018 non
2428 964 2555 1034 quia
2602 965 2955 1029 honorantur,
2988 966 3079 1019 sed
3104 967 3230 1033 quia
3258 967 3579 1032 tolerantur,

2003 1053 2274 1121 accipere,
2306 1067 2373 1107 ne
2401 1053 2680 1123 contingat
2699 1054 3019 1107 detestanda
3045 1056 3409 1123 perversitas:
3437 1065 3497 1111 ut
3526 1059 3580 1111 in

2006 1148 2359 1210 monasterio,
2394 1146 2484 1199 u'..i
2516 1155 2779 1215 quantum
2807 1154 3051 1215 possunt,
3094 1146 3233 1203 ﬁunt
3279 1131 3475 1204 divites
3500 1150 3579 1203 la—

2005 1231 2229 1297 boriosi,
2266 1234 2400 1288 ﬁant
2427 1247 2696 1304 pauperes
2724 1232 2960 1289 delicati.

2112 1361 2141 1435 δ
2165 1362 2225 1418 V.
2257 1392 2330 1402 —
2356 1362 2436 1418 Ex
2466 1362 2681 1419 Rasum
2709 1379 2897 1420 saxcrt
2932 1364 2973 1420 F
2977 1381 3204 1422 sant-101.1
3231 1365 3370 1440 (cap.
3398 1366 3473 1440 7).

2081 1495 2151 1551 Ut
2182 1496 2382 1551 nullius
2407 1497 2462 1550 in
2488 1497 2904 1569 congregatione
2929 1512 3196 1565 murmur,
3226 1499 3254 1539 ιι
3285 1506 3379 1554 aut
3400 1499 3583 1555 detra-

2008 1586 2117 1640 ctio
2169 1584 2308 1658 [sit],
2353 1588 2497 1655 quod
2526 1586 3011 1643 familiarissimum
3061 1588 3263 1655 habent
3307 1591 3579 1656 monachi,

2009 1686 2199 1733 contra
2252 1679 2527 1745 abbatem,
2580 1688 2676 1734 aut
2702 1679 2981 1750 quodlibet
3011 1680 3159 1736 aliud
3206 1681 3275 1738 de
3322 1681 3586 1739 fratribus

1937 1788 1984 1847 Β
2010 1771 2262 1826 audiatur
2290 1788 2305 1825 :
2334 1786 2402 1826 ne
2427 1772 2508 1826 ira
2537 1771 2654 1837 Dei,
2685 1786 2807 1842 qua:
2828 1787 2972 1843 saepe
2996 1773 3067 1829 ob
3086 1774 3227 1830 hanc
3252 1773 3467 1845 culpam
3487 1776 3587 1831 mi-

2009 1861 2295 1919 serabilem
2319 1862 2574 1933 populum
2602 1863 3005 1931 condemnavit,
3039 1865 3096 1919 in
3126 1865 3483 1934 perditionem
3512 1868 3588 1922 si-

2009 1954 2212 2009 militer
2239 1955 2696 2010 murmurantium
2736 1955 2909 2011 turba:
2949 1958 3236 2025 excitetur,
3286 1968 3343 2015 et
3384 1967 3585 2017 terram

2008 2045 2467 2116 repromissionis,
2500 2044 2521 2084 ι
2553 2061 2718 2115 quam
2743 2061 2845 2101 nos
2869 2055 3017 2104 recte
3059 2049 3359 2120 accipimus
3407 2052 3586 2107 locum

2008 2134 2205 2191 futurae
2226 2136 2596 2202 beatitudinis,
2610 2136 2803 2206 perdat
2827 2138 3187 2194 murmuratio
3202 2141 3443 2211 propria,
3464 2156 3586 2211 qua:

2010 2226 2240 2283 debetur
2266 2225 2559 2297 sponsione
2585 2226 2792 2281 divina.
2825 2224 2921 2284 Sic
2947 2228 3092 2284 enim
3120 2229 3456 2287 damnandos
3487 2233 3589 2286 hu-

2003 2320 2096 2392 jus
2123 2320 2241 2376 vitii
2267 2326 2564 2376 sectatores
2588 2317 2836 2374 Psalmus
2879 2319 3205 2376 annuntiat:
3229 2331 3271 2360 III
3295 2318 3585 2376 Detrahe»

2009 2420 2112 2466 tem
2140 2400 2390 2466 aduersus
2407 2411 2703 2482 proximum
2727 2425 2883 2466 suum
2909 2408 3131 2477 occulte,
3159 2412 3300 2468 hunc
3321 2407 3615 2484 peraeque?

2012 2500 2111 2555 bar
2149 2499 2323 2573 (Psal.
2354 2498 2467 2571 ex).
2496 2499 2564 2555 Et
2606 2500 2805 2555 iterum
2831 2513 3067 2570 arguens
3090 2499 3378 2573 Apostolus
3412 2504 3543 2561 dicit
3572 2521 3583 2558 :

2013 2592 2358 2660 Susurrones,
2405 2593 2746 2659 detractores,
2792 2591 2902 2648 Deo
2945 2591 3163 2648 odibiles
3201 2593 3383 2665 (Rom.
3431 2594 3587 2666 t).'Et

2012 2685 2209 2741 iterum
2233 2702 2247 2739 :
2279 2683 2354 2739 Hi
2371 2693 2495 2739 sunt
2511 2691 2981 2750 rtturmuratores,1|
2999 2682 3277 2755 quereloei,
3300 2684 3588 2741 secundum

2012 2776 2277 2832 desideria
2317 2792 2417 2831 sua
2447 2773 2797 2840 ambulantes,
2828 2781 2878 2829 et
2903 2788 2964 2830 os
3008 2773 3226 2831 illorum
3248 2773 3481 2850 loquitur
3500 2793 3591 2834 eu-

2011 2866 2244 2939 perbiam
2265 2863 2420 2940 (Iud.
2452 2863 2515 2937 ι).

340 3160 593 3232 inﬁrmus
625 3161 693 3217 ob
726 3161 1128 3232 indulgentiam
1177 3162 1356 3218 animo
1401 3162 1472 3218 sit
1504 3161 1725 3228 elatior;
1755 3163 1911 3232 quasi
1941 3133 1987 3199 δ
2016 3166 2353 3224 Coloniensis
2378 3175 2434 3223 et
2458 3164 2776 3222 Duacensis.

341 3231 621 3304 remissius
646 3240 701 3304 e_t
725 3231 1111 3304 leniusisecum
1134 3240 1325 3304 agatur
1339 3234 1407 3289 ob
1427 3232 1645 3304 aliquod
1686 3231 1913 3288 suime-

343 3300 712 3373 ritum._lta_S.
741 3301 987 3373 Leander
1009 3317 1129 3373 cap.
1153 3300 1321 3358 citato
1346 3323 1359 3357 :
1396 3322 1414 3354 ι
1446 3300 1538 3357 Illa
1567 3309 1767 3373 autem,
1791 3317 1913 3372 quae

341 3370 678 3443 inﬁrmitatis
705 3371 931 3443 obtentu
954 3370 1193 3428 meretur
1225 3373 1429 3443 aliquid
1473 3372 1671 3439 lenius,
1700 3373 1772 3427 sit
1800 3370 1913 3443 pra:

339 3441 556 3496 caeteris
605 3441 844 3512 humilis,
897 3442 1184 3512 doleatque
1229 3456 1288 3498 se
1315 3441 1423 3498 non
1448 3457 1608 3512 posse
1633 3457 1752 3511 quae
1794 3442 1914 3497 alite

341 3519 609 3582 possunt:
643 3519 697 3565 et
719 3510 1365 3582 abstinentiam—tempore
1404 3510 1659 3566 laxatam
1682 3527 1796 3582 non
1829 3527 1911 3566 re-

342 3588 498 3649 putet
543 3581 751 3645 virtuti,
801 3583 897 3637 sed
943 3580 1262 3637 inﬁrmitati.
1311 3603 1330 3635 ι
1362 3582 1617 3637 Eamdem
1645 3580 1802 3650 plane
1858 3582 1914 3635 in

340 3650 729 3707 distribuendis
775 3652 1191 3707 necessitatibus
1223 3652 1485 3706 rationem
1511 3659 1566 3706 et
1609 3651 1912 3705 doctrinam

341 3728 563 3792 secutus
586 3729 672 3792 est
714 3720 773 3775 S.
813 3720 1127 3792 Fulgentius
1171 3723 1454 3792 episcopus
1488 3720 1803 3792 Buspensis,
1853 3729 1913 3792 ut

341 3789 557 3862 in‘ejus
572 3790 725 3862 Actis
753 3789 984 3862 habetur
1011 3792 1115 3846 hoc
1140 3789 1300 3846 modo
1326 3789 1501 3862 (Apud
1529 3789 1680 3862 Sun,
1711 3791 1733 3844 1
1759 3790 1935 3860 lam):

348 3878 367 3909 ι
381 3859 765 3942 Distribuebat
785 3875 918 3942 sane
940 3861 1054 3942 ipse
1070 3875 1194 3942 eum
1220 3859 1435 3942 summa.
1450 3860 1774 3942 discretione
1799 3859 1913 3941 ser;

342 3929 429 4001 vis
453 3929 549 4001 Dei
588 3932 893 3986 necessaria
926 3929 1051 4001 vita:
1093 3931 1353 3996 subsidia,
1393 3929 1727 4001 singulorum
1772 3931 1913 4001 vires

342 3998 823 4070 inﬁrmitatemque
841 4000 1207 4056 considerans.
1254 3998 1642 4070 Verumtamen
1692 4000 1913 4068 quibus-

341 4084 558 4140 cunque
603 4069 751 4140 plus’
773 4071 982 4140 caeteris
1027 4069 1360 4140 consulebat,
1404 4084 1498 4125 eos
1550 4069 1912 4140 humilitatem

342 4138 623 4194 custodire
669 4139 897 4209 amplius
939 4140 1263 4195 admonebat
1290 4139 1476 4195 dicens
1512 4139 1593 4194 eis
1620 4157 1635 4192 :
1666 4140 1743 4193 De
1790 4139 1914 4193 sub-

342 4209 557 4280 stantia
575 4210 845 4265 communi
869 4210 1117 4280 quisquis
1132 4210 1260 4280 aliis
1283 4209 1404 4280 plus
1428 4209 1643 4279 accipit,
1669 4210 1910 4264 omnium

344 4225 545 4262 stantia
575 4225 845 4265 communi
869 4225 1114 4280 quisquis
1140 4225 1260 4265 ants
1320 4225 1404 4264 tus
1428 4225 1643 4279 accipit,
1669 4225 1910 4264 omnium

344 4278 418 4332 sit
442 4278 673 4360 debito_r,
701 4294 928 4360 quorum
969 4279 1177 4360 est_an
1221 4225 1569 4360 substantia:
1605 4281 1911 4360 debitorem

341 4361 507 4418 porro
552 4349 667 4418 sola
711 4348 865 4417 juvat
894 4349 1200 4413 humilitas;
1230 4350 1309 4405 sic
1351 4348 1641 4414 efﬁciebat,
1694 4367 1759 4403 ne
1789 4350 1912 4418 quis

343 4417 658 4489 Scandalum
692 4427 989 4488 pateretur,
1012 4420 1229 4489 quando
1259 4420 1351 4473 uni
1371 4428 1589 4488 propter
1619 4417 1908 4473 inﬁrmita-

344 4494 456 4541 tem
491 4487 609 4544 nlus
637 4487 768 4544 dare
796 4487 1087 4543 videretur.
1121 4507 1142 4540 ι

414 4567 443 4597 ει
472 4555 605 4613 Ante
625 4559 801 4612 omnia
844 4574 908 4612 ne
957 4558 1385 4611 murmurationis
1428 4555 1645 4610 malum.
1675 4556 1732 4612 S.
1760 4557 1905 4609 Dun—

342 4632 532 4683 stanus
555 4627 681 4688 legit
709 4645 722 4681 :
745 4627 879 4684 Ante
903 4628 1079 4682 omnia
1104 4642 1461 4681 ammonentus
1478 4666 1493 4688 ,
1520 4642 1583 4678 ne
1608 4641 1909 4679 murmura-

341 4694 500 4749 tionis
528 4694 749 4762 malum,
793 4707 960 4763 recte,
1002 4711 1127 4751 nam
1178 4696 1222 4750 si
1248 4711 1358 4750 non
1404 4695 1631 4750 addatur
1661 4696 1909 4759 verbum,

341 4762 730 4831 Ammonemue,
786 4766 915 4822 illud
948 4762 1145 4822 saltem
1183 4764 1610 4822 subaudiendum
1662 4772 1764 4828 est,
1817 4774 1912 4817 aut

342 4833 489 4888 aliud
513 4836 709 4888 simile.

342 4848 489 4888 anno
513 4848 709 4890 stmue.

414 4903 443 4942 δ
471 4901 884 4976 Significatione.
931 4907 1086 4976 Apud
1117 4903 1473 4976 Smaragdum
1491 4901 1707 4974 legitur,
1736 4903 1911 4958 consi-

341 4970 632 5037 deratidne,
658 4990 764 5030 non
786 4976 861 5031 ita
882 4970 1048 5032 recte.

420 5041 834 5115 ‘?_Deprehensus
861 5045 1038 5115 fuerit.
1070 5045 1129 5100 In
1160 5058 1291 5100 mss.
1334 5041 1394 5099 S.
1425 5041 1608 5101 Germ.
1634 5050 1690 5098 et
1719 5042 1778 5099 S.
1813 5042 1915 5098 F3-

342 5108 514 5183 retiis,
545 5108 922 5182 deprehensum
955 5116 1133 5183 fuerit.

414 5180 442 5219 ά
469 5180 733 5254 Interrog.
760 5184 885 5251 150,
922 5180 1102 5240 Ruﬁn.
1131 5199 1251 5254 cap.
1278 5183 1368 5240 50.

420 5262 444 5332 ξ
472 5251 710 5332 {Epistula
729 5254 863 5332 _109,
897 5263 952 5308 et
977 5269 1102 5332 cap.
1128 5254 1163 5308 2
1190 5251 1410 5332 [legulae
1437 5269 1670 5332 excussa.

421 5319 446 5393 ξ
470 5319 531 5375 Si
549 5324 623 5375 eis
646 5324 739 5393 qui
762 5319 1185 5379 veneruntfllznc
1216 5319 1484 5379 habentur
1512 5324 1566 5377 in
1592 5324 1757 5377 citata
1797 5322 1915 5392 epi-

344 5390 501 5472 stola,
525 5400 580 5445 et
606 5390 726 5475 cap.
760 5394 824 5475 αξ)
864 5394 1098 5475 Regulae.
1148 5394 1356 5475 Quibus
1390 5395 1443 5475 in
1470 5394 1608 5475 locis
1638 5390 1853 5475 legitur}
1869 5401 1916 5475 et

344 5461 414 5531 si,
444 5461 909 5531 quemadmodum
952 5461 1012 5517 in
1062 5464 1247 5518 codice
1292 5463 1623 5519 Corbeiensi.
1667 5461 1920 5531 Intelligit

346 5530 564 5595 divites,
585 5533 730 5602 quia
753 5534 1051 5589 delicatiori
1077 5534 1466 5589 consuetudine
1492 5534 1703 5587 vivendi
1728 5534 1795 5585 ad
1825 5530 1921 5585 au-

346 5602 632 5657 steriorem
655 5611 958 5659 transeunt.

422 5671 449 5710 ⁸
476 5671 916 5728 Stramentorum.
949 5672 1059 5728 Hoc
1071 5673 1389 5730 vocabulum
1401 5679 1577 5726 exstat
1599 5671 1650 5725 in
1673 5669 1915 5737 epistola,

351 5748 409 5796 et
436 5740 489 5795 in
515 5743 637 5797 eod.
662 5744 996 5805 Corbeiensi,
1023 5758 1127 5798 non
1153 5752 1330 5798 tamen
1358 5744 1411 5795 in
1438 5741 1637 5811 Regula
1668 5741 1919 5794 editionis

1935 4480 1989 4539 Ι)
2093 4490 2107 4528 l

2084 3238 2112 3277 ιι
2143 3237 2414 3304 Quantum
2433 3237 2498 3290 de
2518 3252 2617 3291 sua
2643 3233 2891 3290 saeculari
2915 3236 3042 3306 uita.
3074 3235 3131 3291 Id
3187 3243 3304 3303 est,
3328 3250 3395 3292 ex
3424 3251 3588 3306 quam

2011 3306 2294 3376 splendida
2319 3306 2502 3362 saeculi
2522 3307 2632 3361 vita
2669 3306 2737 3361 ad
2765 3304 3020 3361 humilem
3057 3307 3372 3362 monasterii
3420 3304 3589 3363 vitam

2010 3377 2408 3432 descenderint.

2088 3449 2125 3517 i_
2147 3445 2521 3517 Quiquamvis.
2549 3442 2674 3517 Qui,
2702 3443 3135 3517 expungendum.
3181 3443 3293 3501 Nec
3322 3447 3591 3514 reperitur

1993 3517 2068 3571 ‘in
2091 3513 2322 3591 Begula‘,
2348 3530 2449 3591 nec
2468 3514 2522 3568 in
2543 3513 2773 3591 epistola
2796 3513 2986 3591 citata.

2087 3584 2101 3635 i
2140 3581 2252 3638 Nec
2276 3583 2460 3638 debent
2478 3581 2603 3637 velle
2624 3590 2946 3652 omnes,etc.
2976 3581 3052 3652 Ita
3083 3581 3135 3635 in
3166 3581 3370 3652 Regula
3395 3581 3585 3639 S.Au-

2012 3653 2356 3726 gustini;__at
2384 3650 2695 3726 inepistola
2726 3650 2949 3726 praefata
2986 3650 3144 3726 aliter
3189 3650 3293 3726 hoc
3329 3655 3500 3726 modo
3517 3654 3592 3708 Ie-

2013 3719 2203 3796 gitur:
2237 3722 2349 3776 Nec
2377 3719 2562 3796 debent
2589 3720 2699 3774 illw
2726 3719 3058 3796 conturbari,
3090 3721 3228 3790 quod
3246 3737 3361 3796 _eas
3415 3722 3589 3796 uident

2014 3789 2385 3865 amplius,ete.
2411 3790 2549 3865 _Haec
2587 3798 2767 3865 autem
2798 3791 3035 3865 notanda
3086 3789 3260 3865 sancti
3298 3789 3589 3865 augustini

2014 3856 2299 3919 doctrina:
2334 3862 2491 3935 quia2
2533 3868 2595 3935 ut
2618 3860 2796 3935 _aiunt
2835 3856 3218 3927 iureconsulti,
3247 3856 3589 3935 privilegium

2011 3947 2309 4004 paucorum
2330 3928 2436 3986 non
2465 3930 2596 4004 iacit
2618 3928 2790 4004 legem
2814 3944 3183 4004 communem.

2086 4004 2113 4043 ι
2136 4002 2240 4056 Aut
2270 4000 2520 4071 detractio
2547 4000 2652 4071 sit._
2673 4001 2762 4071 ’ΐρΔ
2780 3999 2846 4071 sit
2880 3998 3162 4071 redundat,
3176 4014 3291 4071 _nec
3328 4008 3415 4056 est
3446 4001 3587 4071 apud

2015 4070 2392 4143 Smaragdum.
2449 4069 2510 4124 In
2555 4069 2674 4143 cod.
2702 4068 2861 4124 Vind.
2911 4069 3027 4125 haec
3066 4068 3141 4124 ita
3173 4069 3428 4142 leguntur
3462 4067 3498 4125 ξ
3521 4067 3589 4125 Ut

2013 4142 2188 4198 nullus
2210 4141 2264 4196 in
2284 4141 2679 4211 congregatione
2699 4148 3078 4211 murmurator,
3098 4156 3190 4211 seu
3209 4141 3478 4195 detractor
3497 4143 3588 4205 sit,

2011 4213 2150 4282 quod
2187 4208 2657 4282 familiarissimum
2690 4208 2886 4282 habent
2918 4210 3183 4282 monachi,
3214 4220 3399 4282 contra
3429 4211 3590 4282 abba-

2012 4277 2137 4346 tem,
2170 4277 2259 4336 aut
2285 4279 2548 4350 quodlibet
2577 4278 2724 4350 aliud
2746 4278 2816 4350 de
2857 4277 3111 4350 fratribus
3138 4280 3430 4350 audiatur.
3475 4279 3589 4335 Hoc

2013 4360 2194 4407 autem
2243 4346 2406 4420 caput
2441 4350 2640 4420 citatur
2665 4348 2737 4404 ob
2763 4346 2934 4404 illa'S.
2971 4346 3291 4406 Benedicti:
3329 4349 3414 4405 Ne
3439 4366 3588 4404 mur-

2015 4418 2327 4476 murationis
2350 4418 2571 4482 malum,
2601 4428 2707 4474 etc.

2157 4488 2329 4556 Quam
2357 4506 2449 4544 nos
2473 4499 2609 4543 recte
2633 4487 2917 4557 accipimus
2963 4487 3136 4543 locum
3179 4485 3376 4556 futura:
3410 4487 3591 4557 beati-

2015 4560 2235 4614 tudinis.
2273 4557 2328 4612 Id
2359 4568 2462 4623 est,
2488 4573 2648 4627 quam
2691 4572 2790 4611 nos
2820 4568 2978 4627 recte
3030 4557 3363 4627 appellamus
3407 4556 3587 4625 locum

2014 4629 2210 4684 futune
2243 4626 2623 4692 beatitudinis;
2668 4634 2743 4697 et,
2775 4626 2897 4680 ideo
2938 4626 3427 4697 interpunctiones,
3468 4642 3589 4697 quae

2013 4698 2281 4754 habentur
2316 4698 2456 4767 apud
2486 4694 2862 4767 Sinaragdum,
2889 4694 3149 4752 delendae.

2088 4780 2129 4807 ω
2152 4764 2517 4821 Detrahentem
2542 4764 2811 4830 adversus,
2842 4774 2947 4821 etc.
2991 4767 3069 4822 Ita
3110 4767 3162 4820 in
3187 4765 3452 4821 Psalterio
3482 4764 3591 4821 Ro-

2016 4852 2198 4892 mano.

2085 4916 2115 4945 ιι
2168 4904 2456 4972 Querelosi.
2482 4903 2691 4974 Inicap.
2719 4902 2931 4974 t_Epist.
2958 4903 3025 4974 S._
3041 4903 3191 4959 Juda:
3219 4903 3445 4974 legitur,
3470 4919 3592 4974 que-

2014 4971 2357 5047 rulosi,quod
2379 4973 2602 5044 perinde
2619 4971 2798 5047 estJn
2826 4980 2972 5047 textu
2994 4972 3207 5047 Gnaeo,
3229 4971 3584 5047 pipdiporpoz,

2012 5046 2160 5123 (109d
2194 5040 2338 5123 idet!)
2365 5040 2540 5123 sonat.
2560 5045 2934 5123 .Mt‘ui'pipafpoc,
2958 5043 3132 5123 inquit
3162 5040 3378 5123 Stlitlns,
3396 5040 3586 5123 :(ptltr'l-

2011 5111 2234 5185 imum,
2260 5114 2315 5168 id
2362 5121 2466 5178 est,
2496 5111 2834 5185 criminandi:
2865 5111 3161 5185 studiesus.
3206 5111 3288 5165 Ad
3333 5111 3583 5185 verbum,

2014 5181 2111 5255 qui
2134 5186 2199 5239 de
2227 5189 2382 5254 parte
2417 5198 2534 5255 sua,
2566 5189 2660 5255 au_t
2695 5181 2960 5255 portione,
2991 5182 3144 5255 quasi
3178 5182 3388 5255 caeteris
3441 5184 3588 5255 dete-
3660 5204 3667 5211 ’

2019 5249 2164 5308 riore
2212 5249 2585 5326 (_Eonqueritur.
2601 5251 2677 5326 Iit
2704 5249 3061 5326 μεμψιμοιρίὰ,
3088 5249 3248 5326 juxta
3273 5251 3587 5326 Theophra-

2019 5316 2532 5402 stutn,‘Cbzlt-'actere
2559 5321 2649 5386 49,
2679 5316 2755 5373 es!
2772 5316 3074 5402 ’ἐὶτιξτὶμξησις
3092 5316 3348 5402 veroquid-ro
3390 5316 3589 5402 τίεῡσῆτ

2017 5416 2101 5470 κον
2132 5392 2387 5470 dmentem
2419 5392 2478 5470 id.
2511 5390 3021 5470 est,_expostul'atio,
3043 5406 3143 5470 seu
3186 5390 3511 5470 olxjargatio,
3535 5398 3592 5445 et

2017 5459 2263 5533 criminis
2287 5460 2688 5533 objectiotmllo
2709 5459 2853 5533 jure.
2880 5459 3587 5533 Latinis_querela.7Corne-‘

2017 5532 2123 5587 lius
2159 5529 2366 5585 Fronto
2409 5531 2464 5584 in
2498 5529 2856 5586 differentiis:
2894 5547 2913 5580 ι
2949 5529 3295 5595 Querimonia
3324 5541 3485 5585 cert-ae
3509 5529 3588 5586 rei

2017 5611 2101 5657 est
2130 5620 2143 5656 :
2168 5599 2387 5672 querela
2411 5615 2744 5672 supervacua
2789 5608 2892 5672 est.
2922 5599 3107 5668 Itaque
3137 5601 3286 5671 priur
3308 5600 3589 5672 gravitatis

2017 5681 2120 5736 e.t,
2146 5667 2414 5742 posterior
2451 5667 2706 5742 levitatis.
2746 5688 2765 5722 ι
2812 5667 3015 5742 Glossa:
3053 5667 3264 5725 veteres
3297 5667 3584 5735 :‘Querela,

2019 5740 2212 5814 μέμψις
2237 5746 2449 5811 ματαία,
2483 5741 2536 5795 id
2575 5749 2679 5806 est,
2708 5740 2983 5797 accusatio
3013 5755 3162 5793 vana,
3342 5798 3349 5806 .
3527 5774 3537 5805 π
