3940 6196
314 371 334 424 Ι
347 370 452 425 073

1219 365 1608 435 CONCORDIA
1649 364 2100 422 REGULARUM.
2141 396 2211 405 —
2247 365 2399 420 CAP.
2441 364 2621 420 XLIV.

3418 366 3554 420 ωτι

305 489 506 534 nantnr
527 477 739 543 divites,
770 491 1033 548 pauperes
1060 476 1355 545 erigantur.
1387 476 1528 532 Sane
1552 489 1576 516 α
1601 476 1874 545 inaequali-
1899 491 1950 548 Α
1975 477 2238 545 integram
2269 474 2468 528 fuerint
2498 475 2750 528 virtutem
2781 474 3291 544 corporisassecuti
3325 490 3552 530 consuc-

305 577 416 622 tate
452 567 752 633 constricti,
786 567 860 620 ita
900 575 1024 621 sunt
1067 567 1356 630 tractandi,
1382 575 1440 620 ut
1488 568 1632 620 vires
1676 565 1879 619 incom-

302 659 565 713 moditate
608 657 884 711 confectas
912 656 1149 712 velocius
1173 657 1500 726 prtestolatio
1523 656 1681 724 darga
1721 655 1879 710 robo-

305 757 408 802 rct.
470 747 577 802 Nec
622 748 675 801 in
741 747 1056 802 inﬁrmitate
1104 747 1442 800 manentibus
1501 745 1877 799 discretionem

303 837 480 891 victus
515 835 707 892 aﬁ‘erat
731 837 984 893 distantia
1021 852 1395 906 personarum.
1422 835 1524 903 Qui
1552 844 1732 890 tamen
1755 848 1877 888 cum

1985 564 2265 618 tudinariis
2293 562 2517 617 habenis
2558 563 2897 618 abstinentite
2933 572 3202 618 tenentur.
3235 563 3370 629 Quia
3404 564 3558 620 decet

1982 655 2212 709 famulos
2235 655 2330 709 Dei
2350 654 2476 710 boni
2497 653 2680 722 operis
2695 637 3136 708 consuetudinem
3156 667 3264 708 non
3289 653 3554 715 minuere,

1982 747 2075 799 sed
2103 758 2320 816 augere.

379 986 402 1012 α
429 971 816 1043 Ianualitate.
855 973 912 1026 ld
946 981 1049 1038 est,
1081 972 1290 1026 morbo.
1321 971 1452 1026 Vide
1496 970 1742 1040 superius
1776 974 2052 1023 annotata.

1618 1212 1951 1290 CAPUT
2027 1211 2311 1290 XLIV.

1397 1362 1487 1418 DE
1527 1360 2054 1416 SEPTIMANARIIS
2092 1362 2441 1430 COQUlN/E.

558 1596 643 1668 δι.
665 1625 732 1637 -
754 1594 833 1648 Ex
861 1593 1076 1648 “suum
1100 1608 1287 1648 SANCTI
1316 1592 1628 1649 BENEDICTI.

378 1701 404 1730 α
419 1689 640 1742 Fratres
667 1686 764 1740 sibi
793 1685 1020 1739 invicem
1047 1685 1305 1750 serviant,
1323 1692 1382 1738 ut
1401 1684 1576 1738 nullus
1595 1692 1884 1738 excusetur

1991 1593 2276 1662 egreditur,
2307 1600 2412 1646 tam
2445 1590 2532 1646 ille
2571 1591 2660 1660 qui
2701 1591 2998 1644 intraturus
3027 1599 3129 1657 est,
3182 1590 3431 1646 omnibus
3481 1563 3576 1645 la:

1989 1693 2134 1738 vent.
2173 1686 2187 1724 ί
2231 1684 2372 1738 Vasa
2409 1683 2698 1737 ministerii
2729 1682 2813 1737 sui
2847 1681 3046 1736 munda
3079 1680 3170 1737 eti
3218 1697 3350 1737 sana
3397 1681 3556 1737 cella-

303 1795 337 1834 ἃ
360 1778 603 1846 coquinae
624 1774 820 1839 οπῖείο,
847 1775 874 1814 δ
893 1773 997 1828 ηίεί
1021 1774 1464 1844 aumgl‘iludine,
1487 1784 1509 1813 ο
1532 1781 1625 1826 aut
1646 1773 1698 1826 in
1721 1787 1882 1826 causa
1910 1785 1958 1844 Β
1985 1777 2131 1831 rario
2161 1777 2519 1847 reconsignet.
2547 1774 2646 1841 Qui
2678 1775 2989 1830 eellararius
3015 1776 3144 1830 item
3175 1775 3398 1829 intranti
3421 1789 3554 1829 eon—

302 1868 488 1938 gravis
518 1866 768 1920 utilitatis
793 1865 915 1935 quis
960 1872 1252 1934 occupatus
1283 1863 1484 1918 fuerit:
1525 1863 1650 1933 quia
1689 1863 1885 1918 exinde

304 1959 484 2028 major
535 1971 742 2012 merces
789 1963 845 2009 et
897 1955 1139 2011 charitas
1171 1955 1490 2024 acquiritur.
1521 1954 1883 2009 Imbecillibns

305 2062 491 2106 autem
519 2059 875 2121 procurentur
902 2048 1112 2114 solatia,
1154 2055 1214 2101 ut
1244 2064 1351 2102 non
1391 2063 1514 2102 cum
1543 2046 1759 2101 tristitia
1783 2046 1886 2099 hoc

306 2143 536 2207 faciant,
560 2141 653 2195 sed
682 2140 916 2194 habeant
952 2153 1140 2192 omnes
1175 2137 1366 2192 solatia
1389 2136 1412 2175 ἀ
1445 2137 1740 2192 secundum
1764 2149 1882 2189 mo-

307 2235 436 2288 dum
477 2230 905 2302 congregationis
933 2239 957 2268 °
989 2245 1053 2284 ac
1093 2229 1415 2299 positionem
1461 2227 1586 2282 loci.
1623 2227 1682 2281 Si
1715 2224 1888 2294 major

283 2321 862 2392 'fucritcongregatio,
893 2319 1207 2374 cellararius
1232 2328 1524 2382 excusetur
1565 2334 1596 2373 a
1631 2320 1880 2389 coquina,

316 2416 335 2453 ί
370 2415 456 2467 vel
480 2416 523 2468 si
555 2414 667 2483 qui,
697 2423 755 2466 ut
779 2411 1030 2476 diximus,
1077 2408 1374 2478 majoribus
1419 2410 1744 2464 utilitatibus
1791 2423 1886 2463 oc-

309 2515 576 2576 cnpantur
608 2524 620 2558 :
653 2504 834 2559 cancri
871 2503 972 2558 sibi
1019 2503 1118 2556 sub
1159 2501 1426 2555 charitate
1474 2501 1708 2555 invicem
1763 2515 1884 2554 ser-

310 2599 481 2651 viant.
514 2599 839 2668 Egressurus
868 2597 934 2650 de
951 2595 1256 2663 septimana
1286 2593 1508 2648 sabbato
1542 2595 1566 2632 ε
1595 2592 1887 2647 munditias

314 2691 500 2746 faciat.
531 2690 864 2744 Lintcamina
892 2703 1011 2742 cum
1061 2685 1254 2754 quibus
1288 2685 1389 2740 sibi
1422 2685 1617 2770 fratres
1640 2682 1664 2719 ⁵
1697 2698 1888 2737 manus

315 2791 409 2836 aut
454 2781 620 2852 pedes
671 2787 909 2848 tergunt,
966 2777 1127 2831 lavet.
1155 2775 1326 2831 Pedes
1364 2791 1492 2830 vero
1523 2782 1631 2829 tam
1654 2773 1769 2845 ipse
1795 2771 1886 2842 qui

386 2968 410 2996 ε
445 2954 660 3008 Fratres
698 2954 796 3006 sibi
837 2950 1052 3004 invicem
1080 2949 1325 3002 serviant.
1355 2946 1431 3000 lta
1460 2945 1518 3000 S.
1551 2945 1883 2999 Dunstanus.

309 3026 447 3082 Cod.
477 3024 536 3079 S.
575 3023 802 3077 Faronis
851 3036 955 3076 non
991 3019 1153 3074 habet
1199 3032 1517 3086 pronomen,
1563 3014 1682 3086 sibi.
1718 3012 1888 3086 Vllng

312 3105 492 3149 autem
526 3093 781 3147 :Fratres
803 3092 877 3144 sic
899 3091 998 3142 sibi
1026 3083 1241 3141 invicem
1269 3086 1513 3140 serviant.
1566 3084 1734 3152 llujus
1782 3083 1884 3137 loci

311 3166 520 3220 mentio
565 3164 626 3217 ﬁt
674 3164 727 3216 in
767 3162 885 3216 Vita
943 3160 999 3212 S.
1055 3156 1278 3212 Sturmii
1322 3157 1530 3209 abbatis
1579 3154 1877 3208 Fuldensis.

311 3235 510 3290 Praxis
535 3233 744 3288 videtur
765 3233 817 3285 in
842 3230 962 3285 Vita
986 3228 1042 3282 S.
1066 3226 1348 3291 Bathildis,
1381 3225 1595 3294 Regina:
1622 3223 1881 3288 Franciae,

313 3321 438 3375 cap.
464 3306 497 3359 8
523 3323 535 3358 :
575 3322 592 3354 ‹
639 3303 723 3375 lta_
754 3309 932 3375 autem
961 3298 1284 3375 humilitatis
1306 3293 1511 3375 magnae
1552 3293 1676 3348 forti
1705 3294 1886 3373 animo

310 3363 569 3428 omnibus
598 3372 938 3426 ministrabat
963 3366 1289 3437 exemplum,
1329 3363 1532 3437 ut'ipsa
1575 3363 1887 3437 quoquein

311 3444 492 3497 oﬁicio
516 3444 758 3510 coquinre
783 3433 1574 3504 ministraretsororibus,ipsa
1594 3433 1888 3487 munditias

311 3529 505 3568 omnes
528 3513 748 3566 faceret.
789 3529 807 3561 ι

388 3585 418 3663 ξι
460 3583 580 3663 Nisi
608 3591 698 3635 aut
734 3579 1060 3650 wgritudine.
1083 3576 1214 3632 Cod.
1246 3575 1383 3630 Vict.
1416 3590 1470 3643 p.
1503 3575 1603 3627 nisi
1623 3581 1712 3626 aut
1735 3573 1888 3641 trgri-

313 3652 556 3802 “101:3;
576 3724 632 3803 in
668 3736 850 3803 causa.
880 3717 1034 3786 Apud
1074 3722 1318 3770 sanctum
1345 3714 1682 3769 Dunstanum
1739 3710 1892 3764 deest

313 3801 647 3860 praepositio,
671 3801 746 3844 in.

386 3860 415 3899 τι
442 3861 740 3914 Secundum
768 3857 976 3912 modum
1004 3853 1439 3925 congregationis.
1475 3851 1534 3927 id
1561 3858 1665 3916 est,
1699 3864 1890 3904 secun-

317 3931 447 3984 dum
476 3946 756 3984 numerum
789 3930 1038 3981 fratrum.

395 4000 517 4053 eAc
535 4000 851 4070 positionem
900 3995 1019 4049 loci.
1050 3993 1108 4057 Si
1154 3992 1366 4066 longius
1416 3991 1719 4062 quaerenda:
1766 3995 1892 4043 sunt

395 4085 495 4116 nm-
521 4071 721 4116 herlim-
762 4069 924 4116 ligna.
962 4073 1017 4116 et
1042 4065 1257 4116 similia.
1674 4102 1686 4112 .

316 4085 495 4139 aqure,
520 4069 721 4134 herbae,
762 4069 924 4138 ligna,
962 4073 1017 4119 et
1042 4069 1257 4119 similia.
1674 4102 1686 4112 .
1785 4127 1797 4138 .

399 4140 418 4178 ί
456 4139 567 4222 l’el,
607 4141 651 4193 si
682 4140 790 4210 qui,
811 4146 915 4192 etc.
945 4134 1236 4200 Particula,
1268 4132 1363 4200 vel,
1387 4133 1492 4187 hoc
1514 4130 1633 4186 loco
1663 4135 1893 4184 sumitur

317 4210 639 4278 copulative.

393 4282 419 4320 8
445 4279 740 4331 Munditias
788 4277 968 4345 faciat.
1016 4275 1070 4345 ld
1115 4281 1216 4345 est,
1251 4267 1891 4345 verrat__monasterium.

322 4348 474 4404 Unde
500 4349 753 4418 Magister
773 4336 892 4418 cap.
927 4345 992 4400 l9
1022 4336 1256 4414 Regulae,
1279 4341 1564 4418 munditias
1595 4336 1894 4418 monasterii

317 4407 615 4472 exerceant:
662 4418 727 4471 Et
771 4407 929 4485 paulo
974 4407 1131 4483 post':
1165 4407 1716 4485 munditias__oratori_i
1750 4407 1896 4485 eali/ti.—

276 4525 282 4530 .
320 4487 496 4611 bgant.
525 4475 811 4542 Munditias
833 4475 1012 4539 facere
1037 4492 1120 4538 est
1157 4496 1394 4537 verrere.
1443 4479 1666 4533 Plautus
1697 4479 1751 4531 in
1791 4475 1898 4529 Sti-

319 4573 352 4612 c
391 4571 464 4612 o:

450 4646 710 4697 Munditias
734 4645 841 4696 volo
864 4643 969 4694 ﬂerl
994 4658 1007 4706 ;
1034 4643 1206 4692 atferte
1228 4651 1416 4703 scopas.

319 4752 508 4821 Neque
530 4751 618 4806 hic
641 4751 790 4805 locus
817 4751 874 4806 S.
903 4749 964 4821 P7.
983 4747 1308 4821 Benedictus
1334 4741 1742 4812 comprehendit
1768 4757 1896 4796 vasa

319 4832 377 4877 et
407 4815 625 4876 lances:
660 4836 786 4874 nam
812 4819 1048 4889 quotidie
1087 4815 1354 4889 tergendze
1380 4821 1524 4889 sunt.

258 4915 268 4952 ;
322 4961 358 4970 η
394 4893 420 4930 ιι
453 4890 664 4969 Manus,
697 4898 789 4941 aut
814 4880 965 4970 pedes
987 4880 1212 4970 terguni.
1235 4885 1313 4970 l‘ta
1340 4883 1500 4963 vulgo
1523 4880 1751 4970 habetur
1771 4895 1896 4970 cum

255 5006 260 5007 ν
322 4961 536 5015 Κετοηθ
562 4961 615 5012 in
645 4952 976 5028 expositione
1016 4952 1212 5026 regula:
1238 4952 1576 5028 Alamanica,
1621 4968 1652 5028 ε
1683 4957 1899 5028 tergunt

321 5031 571 5094 swerben,
624 5018 829 5083 scilicet
878 5018 1160 5081 manus'ac
1185 5024 1366 5093 pedes.
1408 5042 1428 5075 ι
1465 5020 1595 5076 Cod.
1621 5018 1678 5072 S.
1710 5018 1892 5072 Germ.

322 5116 433 5154 ma.
463 5109 677 5167 tergent.
707 5099 844 5152 Vict.
877 5113 931 5167 p.
957 5095 1216 5167 terserint.

401 5172 417 5209 ί
466 5157 605 5222 Vasa
657 5157 1079 5238 ntinister'iisui,
1137 5171 1240 5238 etc.
1291 5160 1477 5238 Hujus“
1505 5159 1608 5238 _loci
1652 5157 1899 5238 meminit

323 5235 561 5292 Joannes
609 5238 906 5292 monachus
953 5225 1121 5288 lib/It
1153 5232 1289 5285 Vitae
1330 5225 1389 5284 SI
1439 5227 1642 5284 Odonis
1686 5225 1897 5281 abbatis

324 5307 691 5362 Cluniacensis
716 5324 730 5360 :
761 5325 779 5357 ‹
815 5305 905 5360 Sic
924 5304 1066 5358 enim
1086 5302 1216 5374 alibi
1239 5297 1636 5374 septimanariis
1655 5297 1897 5374 coquinae

326 5378 468 5431 idem
502 5377 617 5445 ipse
647 5377 728 5446 (S.
767 5372 1107 5446 Benedictus)
1131 5366 1398 5446 praecipit,
1421 5377 1481 5422 ut
1504 5381 1632 5446 vasa
1655 5366 1898 5446 ministe-

326 5448 392 5500 rii
420 5449 501 5502 sui
523 5437 728 5500 inun'da
773 5455 828 5500 et
854 5460 987 5516 sana
1012 5437 1315 5516 cellarario'
1337 5437 1746 5516 recgnsignent:
1777 5449 1896 5516 qua:

326 5517 577 5570 videlicet
611 5523 737 5569 sunt
778 5515 962 5569 ﬁctilia
991 5523 1150 5581 atque
1189 5509 1334 5564 vilia.
1379 5528 1398 5562 ι
1426 5508 1504 5561 Ex
1525 5505 1722 5581 quibus
1765 5505 1894 5581 _ulti-

327 5587 432 5640 mis
461 5585 641 5638 verbis
669 5585 958 5638 notandum
989 5574 1081 5636 est
1092 5581 1221 5636 olim
1247 5594 1425 5652 vasa,_
1448 5574 1896 5652 quibu_s_uteb_an-

330 5666 419 5708 tur
449 5654 717 5717 monachi,
770 5653 936 5707 fuisse
982 5651 1164 5706 ﬁctilia
1197 5663 1262 5703 ac
1313 5643 1553 5718 proinde
1572 5643 1715 5718 vilia.
1747 5643 1891 5698 Idem

328 5735 508 5778 autem
545 5740 606 5778 ac
639 5712 714 5778 SI
739 5723 1055 5777 Benedictus
1095 5712 1336 5791 principii
1385 5717 1441 5772 S.
1488 5712 1724 5769 lsidorus
1771 5727 1888 5782 cap.

1921 4456 1973 4515 D

1985 1869 2256 1939 signet,ut
2277 1867 2412 1923 sciat
2435 1867 2462 1908 ι
2486 1867 2628 1937 quod
2651 1867 2760 1932 dat,
2776 1876 2868 1922 aut
2893 1867 3037 1937 quod
3057 1866 3268 1936 recipit.
3297 1864 3558 1934 Septima-

1985 1959 2122 2012 narii
2149 1967 2330 2013 autem
2357 1957 2373 1996 ι
2405 1967 2529 2012 ante
2548 1974 2713 2013 unam
2735 1959 2925 2013 horam
2953 1957 3267 2015 refectionis
3292 1957 3558 2026 accipiant

1986 2064 2202 2120 Insuper
2229 2059 2486 2105 statutam
2517 2065 2785 2104 annonam
2808 2059 2835 2086 η
2861 2049 3102 2121 singulas
3127 2049 3342 2104 biberes
3365 2057 3420 2102 et
3465 2061 3559 2116 pa-

1985 2159 2129 2209 nem,
2163 2151 2223 2197 ut
2249 2144 2380 2198 hora
2403 2142 2711 2198 refectionis
2734 2143 2852 2197 sine
2877 2142 3308 2198 murmuratione
3333 2149 3384 2195 et
3407 2139 3557 2210 gravi

1985 2235 2170 2290 labore
2199 2231 2730 2289 serviantfratribus.
2767 2239 2790 2268 °
2824 2233 2885 2287 In
2916 2233 3106 2288 diebus
3139 2239 3318 2286 autem
3358 2229 3556 2286 solem-

1985 2326 2146 2382 nibus
2188 2336 2214 2375 ι)
2260 2341 2432 2395 usque
2469 2327 2536 2380 ad
2576 2327 2767 2382 missas
2815 2326 3138 2381 sustineant.
3183 2325 3456 2380 lntrantes
3503 2331 3559 2378 et

1986 2427 2246 2472 exeuntes
2299 2418 2699 2472 hebdomadarii
2749 2418 2802 2472 in
2852 2418 3092 2472 oratorio
3121 2433 3244 2471 mox
3280 2415 3559 2470 matutinis

1988 2507 2154 2561 ﬁnitis
2182 2507 2457 2562 Dominica
2508 2507 2748 2562 omnium
2792 2509 3018 2578 genibus
3044 2508 3430 2577 provolvantur
3457 2522 3557 2578 po-

1988 2599 2250 2653 stulantes
2282 2613 2381 2667 pro
2411 2613 2468 2653 se
2499 2599 2663 2654 orari.
2717 2599 3009 2668 Egrediens
3058 2608 3239 2654 autem
3274 2601 3340 2655 de
3393 2599 3560 2668 septi-

1986 2705 2146 2744 mana
2174 2689 2316 2744 dicat
2367 2690 2508 2743 hunc
2538 2704 2754 2744 versum
2781 2707 2792 2741 :
2823 2700 2850 2738 ιι
2879 2687 3190 2743 Benedictus
3228 2705 3303 2753 es,
3336 2688 3560 2741 Domine

1987 2779 2152 2844 Deus,
2173 2779 2420 2849 quoniam
2448 2777 2696 2848 adjuvisti
2721 2795 2820 2844 nte,
2845 2789 2893 2832 et
2929 2778 3224 2833 consolatus
3247 2795 3301 2833 es
3320 2794 3420 2832 me.
3443 2776 3560 2844 Quo

1988 2953 2058 3008 20
2099 2968 2208 3008 suae
2234 2953 2488 3022 Regulae:
2521 2973 2538 3006 ι
2575 2953 2713 3008 Huic
2744 2952 3068 3078 Scellarario)
3111 2950 3561 3034 hebdomadarius

1988 3023 2197 3078 exoleta
2215 3023 2546 3078 hebdomada
2565 3039 2695 3078 vasa
2712 3039 2757 3078 sx
2798 3025 3024 3077 ttradtta
3047 3023 3338 3078 exhibebit.
3364 3022 3428 3075 ad
3445 3035 3561 3078 pcr-

1988 3023 2197 3094 expleta
2215 3023 2546 3078 hebdomada
2565 3039 2695 3078 vasa
2712 3022 2812 3094 sibi
2830 3023 3024 3077 tradita
3047 3022 3338 3094 exhibebit,
3364 3022 3428 3075 ad
3445 3035 3563 3090 pcr-

1988 3093 2320 3163 spiciendum
2350 3095 2557 3162 utique,
2603 3094 2648 3148 si
2692 3093 3047 3165 negligentius
3088 3093 3272 3165 habita
3319 3099 3472 3165 sunt,
3509 3100 3574 3150 et,

1988 3160 2058 3218 ad
2084 3164 2262 3218 denuo
2289 3160 2667 3218 succedentem
2716 3160 3194 3218 hébdomadarium
3249 3175 3433 3215 coram
3461 3160 3560 3214 isto

1987 3234 2286 3304 tradentur.
2333 3253 2351 3285 ›
2392 3233 2594 3304 Regula
2627 3232 2866 3304 Magistri
2909 3249 3028 3304 cap.
3053 3234 3122 3286 l6
3144 3230 3510 3304 degcellerario
3542 3246 3556 3282 :

1991 3322 2009 3354 ι
2041 3302 2371 3358 lntrantibus
2396 3305 2448 3357 in
2479 3301 2822 3358 'hcbdomada
2863 3301 3260 3373 septimanariis
3306 3314 3431 3373 vasa
3472 3313 3564 3354 co-

1985 3374 2161 3442 quinte
2178 3375 2290 3442 ipse
2315 3375 2590 3444 consignet
2610 3392 2620 3425 :
2639 3373 2905 3444 completa
2920 3371 3259 3444 hebdomade
3280 3371 3348 3425 ab
3367 3385 3564 3444 exeun-

1987 3440 2130 3498 tibus
2157 3440 2352 3496 tnunda
2381 3440 2494 3512 ipse
2533 3440 2788 3512 recipiat,
2843 3442 2963 3512 aliis
3011 3441 3338 3512 intrantibus
3377 3440 3560 3493 consi-

1987 3513 2222 3582 gnanda.
2264 3532 2280 3564 ι
2316 3507 2419 3582 Per
2443 3528 2572 3566 vasa
2607 3507 2860 3580 intelligit
2884 3511 3066 3564 lances
3095 3519 3149 3564 et
3177 3507 3393 3563 similia.

2061 3581 2073 3631 i
2112 3583 2278 3636 Sana.
2317 3581 2372 3634 1d
2401 3590 2503 3645 est,
2537 3583 2762 3651 integra.

2063 3652 2083 3690 ιι
2117 3651 2269 3716 Quod
2300 3653 2414 3716 dat,
2441 3662 2531 3704 aut
2557 3647 2694 3720 quo'd
2723 3651 2922 3720 recipit.
2954 3647 3134 3720 Mss.
3169 3647 3560 3720 Faronis,quot

1989 3720 2108 3802 dat,
2140 3715 2234 3773 aut
2260 3729 2390 3802 ‘quot
2423 3715 2621 3790 recipit.
2655 3715 2842 3789 Vulgo,
2887 3719 3011 3789 quid
3041 3718 3155 3782 dat,
3193 3726 3283 3770 aut
3309 3715 3455 3785 quid
3483 3733 3564 3769 re-

1988 3798 2130 3861 cipit,
2163 3798 2378 3844 rectius.

2031 3930 2043 3942 ν
2067 3857 2083 3898 ι
2113 3861 2422 3942 Antennam
2451 3861 2635 3913 horam
2655 3857 2968 3926 refectionis.
2998 3857 3094 3911 Ms.
3131 3855 3262 3912 Cod.
3289 3854 3346 3909 S.
3391 3854 3561 3908 Faro-

1990 3933 2076 3984 nis
2099 3933 2304 3983 omittit
2329 3933 2386 3985 τὸ
2407 3946 2586 3982 unam.

2062 4011 2102 4038 ω
2123 3998 2294 4068 Super
2323 4009 2573 4052 statutam
2596 4012 2877 4050 annonam.
2903 3995 2981 4050 lla
3003 4005 3064 4050 ut
3081 3996 3267 4050 vinum
3296 3993 3362 4048 de
3389 3993 3562 4048 hemi-

1991 4084 2095 4134 nae,
2121 4069 2275 4138 panis
2300 4069 2362 4122 de
2394 4069 2544 4122 librae
2574 4076 2774 4138 statuta
2801 4081 3051 4138 mensura
3077 4073 3380 4138 sumantur;

2066 4131 2093 4176 ιί
2116 4131 2363 4208 Singulas
2395 4139 2611 4192 biberes.
2645 4136 2834 4208 Vulgo,
2857 4135 3114 4208 singulos.
3141 4133 3295 4208 Apud
3345 4131 3562 4208 Sosipa-

1994 4217 2138 4263 trnm
2185 4206 2490 4263 Charisium
2540 4207 2807 4275 reperitur
2848 4206 3009 4270 biber,
3062 4207 3155 4259 sed
3184 4213 3268 4275 est
3298 4207 3480 4265 πίνειν,
3509 4209 3568 4255 ut

1995 4280 2110 4348 ipse
2133 4279 2541 4346 interpretatur,
2568 4273 2749 4348 idest,
2780 4275 2970 4348 bibere
3002 4293 3018 4327 :
3060 4275 3132 4328 ita
3161 4283 3221 4326 ut
3243 4273 3299 4326 ﬁt
3331 4286 3566 4348 apocope

1994 4341 2169 4412 hiber,
2193 4341 2293 4419 pro
2337 4347 2524 4419 bibere.
2552 4346 2757 4419 Biberis
2780 4345 2881 4419 hoc
2907 4345 3024 4419 loc_o
3057 4353 3142 4419 est
3164 4341 3565 4419 _vas__potorium

1996 4410 2285 4489 parvulum
2317 4436 2330 4472 :
2371 4417 2753 4489 cujusmentio
2784 4414 2920 4489 fitin
2969 4413 3227 4489 Capitulis
3252 4410 3527 4489 llincniari
3549 4447 3564 4472 ,

1999 4479 2118 4558 cap.
2152 4488 2218 4542 15
2262 4507 2274 4541 :
2323 4506 2351 4558 «ν
2387 4479 2453 4540 Εἰ
2490 4485 2760 4558 singulos
2793 4479 3322 4558 biberes‘accipiant.
3357 4498 3377 4530 ι
3404 4479 3568 4558 ‘lline

1999 4546 2311 4628 castiganda
2336 4557 2538 4627 Regula
2563 4546 2762 4628 Teridii
2810 4567 2942 4628 cap.
2960 4552 3030 4628 22
3057 4570 3087 4628 :_
3110 4569 3127 4600 ι
3153 4546 3216 4603 in
3249 4546 3567 4628 prandio‘li:

1997 4617 2219 4683 berisvet
2253 4629 2305 4680 in
2332 4617 2487 4682 cmiia
2531 4625 2820 4694 accipiant,
2847 4617 2900 4694 in
2930 4622 3128 4694 jejunio
3164 4617 3361 4694 ternas.
3395 4617 3564 4694 D_§8d

1996 4697 2145 4770 locus
2177 4706 2462 4770 corruptus
2487 4697 2557 4749 ita
2585 4687 3050 4770 castigandus—est.
3071 4690 3142 4770 η
3163 4688 3384 4770 prandio
3423 4687 3564 4770 bibe:

1997 4783 2076 4820 res
2103 4767 2228 4831 duo,
2260 4776 2305 4820 et
2330 4756 2384 4819 in
2413 4781 2556 4818 coena
2603 4756 2887 4833 accipiant,
2915 4763 2966 4833 in
3003 4756 3206 4833 jejunio
3243 4767 3463 4833 ternas;
3512 4756 3566 4833 id

1997 4845 2098 4901 est,
2126 4824 2246 4888 cum
2285 4850 2393 4888 non
2436 4824 2730 4902 jejunatur,
2776 4824 3199 4904 accipiant'duos
3243 4826 3457 4879 biberes
3511 4824 3564 4904 in

1996 4899 2224 4974 prandio
2252 4905 2385 4959 etin
2421 4899 2755 4974 eaina;__cum
2785 4899 3098 4974 jejuhatnr,_
3120 4906 3468 4974 tres_n_empe_
3509 4899 3566 4946 in

1997 4962 2172 5038 coena,
2201 4975 2325 5042 quia
2379 4980 2507 5025 tunc
2536 4962 2737 5042 nullum
2780 4962 2865 5024 est
2913 4967 3216 5042 prandium.
3246 4962 3352 5042 Hic
3384 4962 3564 5042 autem

1998 5032 2237 5112 locus'dé
2262 5051 2388 5112 potu
2419 5040 2791 5112 intelligendus
2814 5046 2900 5093 est
2913 5032 2937 5092 ἐ
2970 5052 3093 5092 nam
3140 5032 3449 5087 immediate
3476 5047 3567 5085 an-

1997 5121 2080 5165 tea
2109 5113 2175 5165 de
2203 5110 2422 5166 ferculis
2447 5110 2576 5181 egit.

2070 5190 2094 5216 ο
2124 5181 2190 5233 In
2227 5181 2406 5234 diebus
2427 5174 2600 5233 au'tem
2623 5178 2954 5232 solemnibus.
2982 5176 3106 5230 Dies
3127 5174 3395 5230 solemnes
3441 5179 3566 5226 sunt

1997 5251 2285 5304 Dmninicae
2314 5259 2370 5304 et
2388 5249 2522 5304 festa
2553 5249 2617 5302 de
2640 5257 2926 5317 praecepto.

2067 5332 2092 5369 P
2119 5317 2292 5390 Usque
2325 5319 2394 5372 ad
2433 5317 2617 5370 missas
2644 5311 2976 5390 sustineant.
3018 5314 3301 5369 lnclusive.
3342 5311 3408 5390 _ld
3456 5318 3559 5390 est,

1995 5405 2165 5458 usque
2194 5381 2260 5443 ad
2291 5385 2801 5458 missascompletas
2836 5392 3163 5458 exspectent,
3211 5382 3446 5437 maxime
3482 5381 3564 5458 ob

1996 5449 2205 5512 sae-ram
2233 5449 2681 5512 communionem.
2715 5456 2886 5509 Missa:
2908 5449 3012 5509 hoc
3031 5454 3149 5507 loco
3192 5459 3318 5507 sunt
3356 5449 3568 5506 sacriﬁ-

1996 5527 2478 5608 ciumnliturgicum
2506 5526 2750 5608 corporis
2774 5524 2998 5608 Christi.

2067 5609 2094 5646 q
2123 5590 2435 5649 Benedictus
2457 5612 2528 5649 es.
2558 5590 2656 5649 llic
2678 5593 2976 5658 versiculus
2999 5600 3242 5663 sumptus
3264 5598 3345 5646 est
3365 5590 3567 5661 partim

1995 5682 2060 5722 ex
2098 5666 2232 5736 psal.
2265 5681 2452 5729 cxvm,
2476 5665 2669 5735 partim
2693 5679 2755 5718 ex
2795 5664 3003 5734 psalmo
3028 5677 3258 5718 Lxxxtu.
3323 5723 3334 5728 η
