3940 6196
423 320 562 376 1083

1420 285 1487 361 εξ
1518 301 1876 360 ΒΕΝΕΒΙΟΤΙ
1913 297 2203 355 ABBATIS
2238 290 2651 352 ANIANENSIS

3533 283 3672 344 1⁸181

434 455 3680 499 .____________.________________________________~

1743 572 2079 651 CAPUT
2150 569 2385 648 XLV.

1609 724 1699 780 DE
1736 720 2039 779 lNFlRMlS
2074 716 2491 776 FRATRIBUS.

1869 842 2220 862 ____

635 949 662 1022 §
691 948 733 1003 1.
768 977 835 990 -—
860 946 941 1002 Ex
969 945 1188 1003 Rasum
1217 959 1405 1000 SANCTI
1444 944 1760 998 Bassareu.

493 1082 835 1137 lnﬁrmorum
885 1094 1015 1135 cura
1070 1084 1195 1132 ante
1245 1076 1428 1130 omnia
1477 1082 1533 1130 et
1590 1087 1752 1143 super
1813 1071 1995 1126 omnia

430 1172 733 1229 adhibenda
760 1177 845 1225 est
871 1187 885 1223 :
917 1177 979 1223 ut
1003 1168 1143 1223 sicut
1184 1181 1373 1221 revera
1408 1164 1646 1228 Christo,
1675 1163 1748 1217 ita
1770 1163 1851 1216 eis
1878 1175 1995 1215 ser-

425 1264 628 1327 viatur,
655 1260 781 1330 quia
828 1259 944 1329 ipse
989 1256 1163 1312 dixit:
1198 1255 1451 1324 Inﬁrmus
1498 1253 1596 1321 fui,
1656 1260 1703 1305 et
1750 1250 1998 1305 visitastis

428 1368 528 1405 me.
558 1351 661 1405 Et:
690 1348 828 1420 quod
856 1347 1053 1417 fecistis
1074 1345 1165 1398 uni
1195 1355 1221 1383 α
1272 1343 1337 1397 de
1364 1341 1444 1396 his
1489 1340 1740 1404 minimis,
1764 1338 1895 1392 mihi
1923 1338 2000 1408 fe—

433 1441 578 1495 cistis
608 1438 823 1511 (Matth.
856 1434 1005 1507 xxv).
1036 1434 1142 1489 Sed
1170 1442 1227 1487 et
1264 1432 1365 1503 ipsi
1423 1430 1624 1485 inﬁrmi
1654 1428 2001 1484 considerent

429 1533 485 1587 in
513 1533 774 1587 honorem
802 1529 899 1583 Dei
943 1527 1046 1583 sibi
1077 1525 1309 1591 serviri;
1344 1531 1400 1580 et
1437 1538 1545 1578 non
1571 1523 1599 1563 ιι
1631 1520 2001 1592 superfluitate

503 1697 528 1722 δ
564 1683 640 1736 De
666 1683 745 1747 his
784 1679 1031 1735 minimis.
1070 1678 1148 1733 Ita
1178 1679 1319 1748 apud
1369 1675 1747 1748 Smaragdum.
1792 1673 1998 1748 In_cod.

434 1753 493 1809 S.
535 1743 718 1807 Germ.
757 1767 877 1805 cum
909 1751 965 1804 S.
999 1743 1296 1813 Dunstano,
1328 1755 1383 1816 et
1415 1743 1588 1816 vulgo
1614 1743 1917 1816 editisaDe
1936 1744 2002 1798 iis

432 1822 663 1876 minimis
694 1822 841 1875 meis.
869 1820 929 1873 ln
955 1826 1104 1874 textu
1143 1815 1449 1888 evangelica
1477 1833 1489 1868 :
1514 1813 1633 1869 'Uni
1681 1814 1745 1868 de
1787 1814 1853 1867 iis
1882 1813 2001 1882 frau-

432 1891 595 1945 tribus
623 1892 749 1943 meis
778 1890 1028 1942 minimis.
1346 1916 1357 1922 -
1493 1940 1496 1943 λ

503 1962 532 2000 b
565 1960 937 2030 superﬂuitate
969 1975 1087 2012 sua.
1100 1956 1354 2030 ‘Petendo
1367 1952 1792 2030 irrationabilia.

506 2041 529 2069 ο
568 2021 782 2081 Fratres
807 2044 929 2081 suos
977 2027 1255 2082 servientes
1309 2025 1428 2079 sibi.
1463 2023 1521 2079 Si
1568 2022 1817 2077 monachi
1856 2021 2005 2077 sanis

434 2098 694 2151 fratribus
727 2097 992 2161 serviunt,
1035 2110 1250 2164 aequum
1284 2103 1368 2149 est
1413 2094 1577 2148 etiam
1642 2101 1706 2164 ut
1744 2091 1999 2164 aegrotis;

432 2176 489 2222 et
533 2167 577 2222 si
603 2166 837 2221 maxima
876 2160 1116 2219 Charitas
1155 2171 1208 2219 et
1240 2179 1450 2218 merces
1505 2163 1806 2231 acquiritur
1839 2160 2001 2215 abiis

2018 903 2070 964 Α
2096 913 2194 954 sua
2246 895 2567 952 contristent
2597 904 2618 932 ε
2652 894 2850 949 fratres
2894 907 3022 949 suos
3075 891 3377 948 servientes
3406 892 3534 949 sibi.
3577 892 3683 961 Qui

2098 996 2283 1042 tamen
2315 984 2589 1055 patienter
2622 980 2874 1054 portandi
2928 990 3078 1048 sunt,
3114 982 3241 1053 quia
3268 984 3335 1038 de
3360 982 3570 1039 talibus
3599 1000 3695 1039 eo—

2097 1077 2304 1149 piosior
2368 1088 2577 1130 merces
2633 1072 2954 1144 acquiritur.
2986 1072 3129 1145 Ergo
3179 1088 3305 1129 cura
3343 1066 3590 1128 maxima
3621 1074 3696 1129 sit

2099 1166 2303 1231 abbati,
2335 1181 2404 1220 ne
2455 1165 2690 1235 aliquam
2739 1163 3119 1236 negligentiam
3171 1164 3471 1234 patiantur.
3550 1165 3690 1232 Qui-

2099 1254 2201 1310 bus
2229 1255 2487 1310 fratribus
2542 1254 2772 1309 inﬁrmis
2802 1253 2829 1294 ιι
2862 1254 2934 1309 sit
2963 1254 3098 1310 cella
3134 1266 3157 1295 ε
3188 1270 3353 1325 super
3405 1269 3467 1311 se
3508 1256 3694 1328 depu-

2100 1353 2230 1412 tata,
2286 1351 2340 1400 et
2373 1344 2394 1383 ι
2427 1344 2659 1399 scrvitor
2699 1345 2725 1384 ε
2757 1343 2955 1399 timens
3002 1343 3192 1409 Deum,
3231 1352 3287 1400 et
3335 1343 3576 1415 diligens
3626 1363 3692 1402 ac

2102 1437 2381 1493 sollicitus.
2414 1437 2443 1477 ιι
2482 1435 2813 1491 Balnearum
2866 1452 3000 1492 usus
3035 1436 3287 1504 inﬁrmis,
3319 1437 3537 1508 quoties
3588 1454 3690 1493 ex-

2102 1529 2265 1598 pedit,
2287 1527 2584 1584 oll'eratur:
2618 1528 2634 1568 ί
2671 1528 2819 1583 sanis
2867 1536 3073 1594 autem,
3109 1536 3165 1583 et
3213 1528 3451 1584 maxime
3470 1528 3690 1599 juveni-

2104 1682 2132 1737 1
2165 1682 2396 1753 Capitul.
2424 1682 2573 1753 Lud.
2603 1682 2760 1751 imp.,
2787 1683 2870 1736 tit.
2901 1680 2971 1736 44
2998 1699 3012 1735 :
3046 1699 3067 1733 ι
3107 1681 3179 1738 Ut
3202 1682 3490 1738 abbatibus
3516 1682 3687 1739 liceat

2102 1752 2306 1807 habere
2334 1752 2498 1807 cellas
2525 1752 2578 1805 in
2611 1753 2807 1821 quibus
2843 1761 2937 1805 aut
2963 1752 3215 1807 monachi
3249 1753 3359 1807 sint
3394 1762 3492 1807 aut
3526 1769 3693 1808 cano-

2104 1822 2232 1876 nici.
2287 1841 2305 1874 »
2342 1821 2410 1875 Et
2455 1822 2623 1875 abbas
2675 1821 2955 1889 provideat
2992 1836 3060 1874 ne
3092 1823 3271 1875 minus
3300 1822 3367 1877 de
3397 1823 3690 1878 monachis

2104 1891 2178 1961 ibi
2206 1891 2453 1946 habitare
2478 1891 2780 1961 permittat,
2812 1906 2972 1958 quam
3000 1906 3115 1944 sex.
3166 1911 3184 1942 ι
3212 1890 3347 1961 Hoc,
3363 1892 3688 1946 vocabulum

2104 1958 2281 2015 Graeci
2321 1958 2513 2014 Patres
2565 1969 2919 2028 usurparunt,
2956 1968 3178 2014 sanctus
3210 1959 3461 2023 Basilius,
3507 1961 3679 2015 Palla-

2105 2030 2250 2093 dius,
2302 2030 2609 2099 Dorotheus
2636 2037 2691 2099 et
2708 2028 2828 2099 alii,
2861 2030 3002 2099 apud
3026 2044 3164 2099 quos
3192 2028 3391 2099 legitur
3417 2049 3431 2083 :
3464 2032 3613 2090 κέλὶη
3635 2040 3690 2086 et

2105 2099 2311 2153 κιλλίον.
2372 2098 2615 2167 Meminit
2675 2097 3055 2167 Moschopulus
3104 2098 3157 2151 in
3206 2097 3421 2152 sclicdis
3482 2101 3686 2154 item”

2105 2167 2305 2245 town-ig,
2321 2166 2725 2245 «apd'ltrrizoi';
2749 2166 3020 2245 δῳμάὲτιον,
3046 2166 3099 2220 id
3123 2176 3226 2232 est,
3251 2186 3269 2217 ι
3299 2170 3685 2233 communiter,

434 2237 529 2305 qui
557 2237 704 2307 sanis
741 2235 1004 2307 serviunt,
1056 2241 1257 2307 quanta
1296 2230 2003 2307 mercedecmnulabuntur
2030 2249 2077 2307 Β
2105 2239 2245 2306 apud
2270 2230 2478 2292 Atticos
2504 2230 2849 2307 domuncula.
2884 2256 2904 2288 ι

435 2301 495 2369 ii,
523 2306 614 2375 qui
651 2314 882 2376 aegrotos
910 2301 1110 2376 fovent.
1148 2303 1360 2376 Quanta
1390 2301 1763 2376 sollicitudine
1786 2308 1841 2376 et
1869 2315 1999 2376 cura

435 2369 590 2431 Suam
630 2369 849 2444 0péram
900 2374 1045 2444 circa
1094 2369 1338 2427 infirmos
1382 2372 1579 2444 fratres
1620 2369 1909 2444 contulerit
1940 2371 1998 2422 S.

437 2439 744 2508 Dositheus,
762 2444 891 2514 ejus
940 2443 1075 2498 Acta
1106 2451 1389 2514 testantur.
1425 2440 1530 2514 Qni
1558 2439 2002 2514 totoquinquen-

436 2515 550 2579 nio,
610 2529 718 2583 quo
758 2509 818 2567 in
844 2512 1173 2583 monasterio
1229 2512 1384 2573 vixit,
1420 2509 1732 2583 inﬁrmisjn
1769 2522 2005 2583 nosoco-

436 2586 548 2639 mio
577 2578 919 2638 ministravit.
961 2581 1211 2652 Singulos
1238 2595 1480 2651 quosque
1500 2579 1688 2633 humili
1717 2593 1815 2652 suo
1850 2578 2005 2632 obse-

438 2655 566 2722 Quio
595 2651 944 2717 refocillabat,
975 2647 1143 2707 lectos
1189 2647 1449 2722 concinne
1477 2657 1531 2702 et
1557 2647 2005 2722 commodehster:

438 2715 621 2787 nebat,
644 2723 823 2777 omnia
846 2715 1044 2775 munde
1064 2736 1301 2790 pureque
1329 2721 1539 2791 agebat.
1564 2717 1620 2771 Si
1644 2733 1771 2791 casn
1804 2715 2006 2791 aliquid

437 2808 504 2847 ex
537 2792 854 2863 negligentia
884 2787 1172 2863 omisisset,
1202 2787 1310 2863 aut
1356 2787 1627 2863 subiratus
1657 2787 2007 2863 verbum_ali-

438 2863 578 2943 quod
603 2854 930 2943 protulisset,
963 2854 1427 2943 statim'dimissis‘
1456 2858 1706 2914 omnibus
1751 2854 2003 2910 cellulam

437 2929 717 3000 ingressus
741 2931 793 2984 in
818 2930 1084 3000 lacrymas
1119 2929 1453 2999 erumpebat.

508 3000 534 3039 ά
570 3000 652 3055 Sit
679 2999 830 3053 cella.
867 2999 1012 3053 ldem
1044 2999 1277 3053 instituit
1321 2996 1379 3051 S.
1410 2994 1697 3065 Eugendus
1727 2993 1917 3054 abbas.
1942 3001 2003 3047 ut

438 3069 495 3123 in
550 3068 665 3135 ejus
733 3068 917 3137 Actis;
943 3068 1083 3137 apud
1137 3067 1363 3137 Suriumr
1412 3066 1643 3137 habetur
1688 3083 1701 3117 :
1741 3081 1760 3115 ‹
1804 3065 2006 3137 Verum

439 3134 603 3193 etiam
632 3146 852 3207 propter
894 3134 1132 3207 laborem
1172 3135 1521 3207 inﬁrmitatis,
1576 3134 1748 3207 donec
1801 3135 2008 3207 sanitas

443 3203 1065 3276 suppeteret,ppr:nstitit
1112 3204 1492 3276 sequestratitn
1531 3204 1756 3276 reﬁcere
1782 3203 1865 3256 vel
1896 3217 2008 3276 ma-

439 3272 592 3330 nere.
629 3296 648 3329 ι
689 3272 833 3331 Cella
863 3276 967 3330 hoc
994 3274 1113 3329 loco
1137 3272 1221 3330 est
1278 3273 1604 3329 cubiculum.
1654 3273 1750 3326 Est
1776 3280 1832 3327 et
1875 3272 2008 3327 cella

440 3345 592 3415 locus
622 3346 673 3399 in
727 3360 834 3415 quo
879 3345 1186 3415 necessaria
1237 3352 1589 3415 reponuntur.
1629 3342 1921 3415 Varrolib.
1950 3358 2006 3396 iv

440 3416 519 3486 de
537 3412 965 3486 Lingua'iLatina
992 3434 1005 3468 :
1036 3435 1073 3486 ς
1092 3413 1190 3486 Ubi
1216 3412 1491 3486 conditum
1544 3426 1665 3486 esse
1684 3412 2007 3486 volebant,_a

442 3481 670 3555 celando
693 3485 881 3539 cellam
907 3484 1266 3555 appellabant.-
1317 3503 1336 3536 ι
1371 3481 1635 3555 ξιοωξηίη
1665 3482 1899 3555 templo,
1919 3482 2008 3555 ubi

443 3555 600 3609 sedes
634 3554 729 3609 Dei
759 3563 896 3611 erat.
931 3552 1072 3610 Idem
1100 3554 1272 3609 Varro
1296 3553 1484 3608 eodem
1519 3552 1658 3607 libro
1688 3566 1702 3605 :
1736 3570 1755 3601 ε
1792 3552 1859 3604 Ει
1888 3553 2008 3606 ideo

442 3624 497 3678 in
532 3624 736 3679 aedibus
765 3624 938 3679 sacris
966 3632 1091 3679 ante
1116 3624 1334 3687 cellam,
1382 3622 1472 3677 ubi
1522 3622 1679 3677 sedes
1714 3620 1809 3675 Dei
1859 3630 2002 3684 sunt,

439 3694 611 3769 Graeci
660 3695 844 3769 dicunt
900 3693 1170 3769 πρὸδομον.
1216 3713 1234 3746 ι
1286 3694 1350 3769 βε
1384 3691 1481 3769 lib.
1505 3708 1581 3769 v_:
1615 3690 1806 3769 ullan
1830 3691 2008 3769 etiam

442 3763 674 3833 amplius
712 3765 896 3819 dicunt
923 3760 1101 3833 eloqui
1135 3771 1191 3817 et
1231 3762 1436 3833 reloqui
1467 3761 1521 3815 in
1547 3760 1687 3815 fanis
1718 3760 1952 3833 Sabinis,
1979 3775 2011 3815 e

442 3830 576 3888 cella
610 3833 704 3886 Dei
738 3834 829 3903 qui
889 3830 1209 3904 loquuntur.
1236 3852 1254 3885 ι
1309 3830 1513 3887 Nomen
1537 3839 1735 3904 postea
1764 3831 1831 3884 ad
1859 3830 2009 3883 clau-

443 3910 554 3957 stra
602 3902 990 3958 monachorum
1046 3902 1363 3957 translatum
1414 3902 1680 3970 signiﬁcat
1723 3908 2008 3970 angustum

443 3972 692 4027 monachi
730 3973 1058 4043 cubiculum,
1088 3980 1150 4026 ut
1196 3987 1335 4043 saepe
1380 3969 1708 4043 occ’unrit‘in
1718 3971 1826 4043 hoc
1849 3969 2006 4043 libro,

441 4050 499 4096 et
556 4043 697 4109 apud
749 4042 1084 4108 Cassianum,
1145 4038 1493 4105 Dorotheum,
1530 4038 1848 4105 Palladium,
1901 4038 2010 4093 Mo-

443 4112 630 4181 schum
677 4119 732 4165 et
765 4120 1012 4181 exteros,
1059 4113 1149 4181 qui
1178 4113 1245 4165 de
1273 4127 1332 4166 re
1385 4111 1615 4181 ascetica
1650 4110 2006 4181 scripserunt,

442 4180 828 4233 Diminutivum
873 4178 1092 4235 cellula:
1126 4180 1277 4236 Unde
1331 4189 1388 4234 et
1413 4179 1659 4232 cellulani
1697 4178 1946 4233 monachi
1978 4192 2008 4230 a

446 4249 506 4304 S.
536 4249 759 4304 Sidonio
779 4248 1087 4319 Apollinare
1111 4250 1359 4319 appellati
1400 4257 1526 4303 sunt
1546 4249 1638 4302 lib.
1668 4264 1742 4311 1x,
1766 4248 2004 4319 cpist.i3,

444 4321 535 4374 ubi
565 4319 777 4373 celebre
808 4318 1197 4375 monasterium
1240 4319 1531 4375 Lerinense
1562 4319 1823 4371 nominat.
1857 4336 1875 4369 ‹
1915 4318 2012 4372 Se-

444 4399 627 4445 natum
657 4389 1027 4445 Lerinensium
1081 4389 1487 4445 cellulanorum.
1523 4406 1543 4439 ι
1579 4386 1823 4442 Sumitur
1846 4388 2008 4441 etiam

443 4460 580 4516 cella
608 4474 707 4529 pro
728 4461 1077 4515 monasterio.
1120 4460 1178 4515 8.
1209 4458 1500 4529 Gregorius
1531 4457 1633 4529 lib.
1658 4473 1695 4520 ι,
1724 4458 1884 4529 epist.
1918 4456 2004 4510 54.

448 4548 469 4581 ι
512 4527 919 4586 Ρεέιίνίιιιιίιηιε
947 4540 1258 4586 sanctorum
1297 4527 1725 4585 desiderabiliter
1758 4528 2011 4582 insisten-

445 4609 528 4655 tes
545 4600 836 4679 praesentis
878 4601 1253 4679 praeceptionis
1300 4598 1777 4679 nostrtepaginam
1824 4598 1891 4678 ad
1919 4611 2011 4679 egi-

444 4666 762 4738 perientiam
791 4666 935 4723 tuam
959 4666 1181 4726 necesse
1209 4670 1461 4723 duximus
1490 4666 1843 4738 dirigendam,
1873 4666 2011 4738 indi-

444 4736 634 4793 cantes
686 4739 734 4792 ei
765 4740 1061 4793 oratorium
1095 4741 1290 4795 beatae
1325 4738 1527 4801 Μυίας,
1565 4736 1709 4805 quod
1756 4751 1928 4805 nuper
1954 4736 2009 4789 in

444 4809 576 4863 cella
615 4808 842 4863 fratrum
872 4810 1192 4865 aediﬁcatum
1234 4816 1336 4872 est,
1366 4808 1456 4862 ubi
1491 4807 1818 4860 Marinianus
1843 4807 2010 4860 abbas

446 4894 679 4948 praeesse
704 4880 1069 4949 cognoscitur.
1104 4899 1123 4931 ι
1154 4879 1298 4934 idem
1328 4878 1420 4949 lib.
1469 4878 1732 4949 v|,_epist.
1762 4876 1863 4928 1οε
1897 4892 1918 4949 _i
1952 4873 2008 4928 Si

2176 2317 2200 2345 ο
2239 2306 2410 2377 Super
2438 2324 2521 2377 se.
2546 2305 2982 2377 liaeodicest.
3024 2305 3211 2377 Germ.
3259 2305 3318 2360 S.
3360 2306 3591 2377 Fiaronis
3629 2317 3688 2364 et

2104 2375 2369 2446 Victorini
2417 2385 2473 2431 et
2516 2376 2691 2446 Vind.
2725 2390 2847 2430 cum
2878 2375 3109 2441 Kerone,
3133 2375 3448 2446 gSmaragdo
3476 2388 3536 2432 et
3572 2379 3689 2433 edi-

2104 2446 2249 2500 tione
2302 2445 2628 2500 Coloniensi.
2674 2445 2904 2500 Sanctus
2950 2460 3081 2500 vero
3126 2444 3436 2499 Dunstarius
3475 2456 3532 2501 et
3570 2448 3686 2501 vul-

2102 2524 2241 2638 g’atae
2262 2516 2526 2570 editiones
2552 2513 2736 2583 legunt
2766 2533 2778 2567 :
2818 2513 2918 2568 Per
2937 2530 3011 2567 se.
3046 2514 3197 2569 Unus
3218 2514 3631 2570 Turrecremata
3665 2535 3679 2569 :

2155 2601 2355 2638 esuner.
2395 2584 2503 2638 Sed
2532 2584 2645 2638 sive
2676 2600 2770 2638 ver
2793 2601 2869 2638 se.
2894 2584 3007 2638 sive
3033 2600 3193 2638 super
3217 2600 3274 2637 se
3298 2584 3528 2638 legatur.
3554 2588 3679 2638 nihil

2155 2601 2355 2653 esuper.
2395 2584 2503 2639 Sed
2532 2584 2645 2638 sive
2676 2600 2770 2653 per
2793 2601 2869 2648 se,
2894 2584 3007 2638 sive
3033 2600 3193 2654 super
3217 2600 3274 2637 se
3298 2584 3528 2653 legatur,
3554 2588 3685 2641 nihil

2105 2654 2250 2724 aliud
2289 2664 2374 2708 est
2407 2668 2567 2724 quam
2607 2667 2853 2707 seorsum
2888 2663 2970 2724 et,
2990 2654 3282 2724 separatim
3328 2671 3342 2706 :
3384 2654 3461 2708 ita
3490 2664 3549 2708 ut
3576 2671 3680 2709 non

2097 2722 2316 2795 jaceant
2338 2722 2605 2795 aegroti~in
2627 2722 2897 2795 communi
2930 2722 3161 2795 fratrum
3187 2722 3343 2789 cella,
3374 2738 3541 2793 quam
3569 2726 3685 2780 dor.

2067 2842 2076 2849 .
2106 2792 2703 2863 mitorium'appellant,
2737 2792 2830 2846 sed
2855 2793 2919 2863 in!
2936 2792 3130 2845 altera.

2182 2862 2201 2900 ί
2246 2862 2315 2943 Et
2336 2860 2572 2943 serviren.
2624 2860 3401 2943 Per“servitorem‘jntelligit
3451 2862 3681 2943 aliquem

2104 2933 2427 2986 monachum
2467 2932 2557 3001 qui
2592 2931 2811 3001 aegrotis
2848 2933 3070 2985 serviat.
3113 2929 3249 2985 Nam
3300 2929 3468 3001 supra
3506 2929 3680 2987 dixit.

2112 3019 2131 3052 ι
2166 3002 2229 3056 Et
2274 3016 2379 3055 non
2419 2999 2788 3070 superﬂuitate
2837 3016 2932 3054 sua
2974 3001 3296 3055 contristent
3325 2999 3527 3056 fratres
3564 3017 3684 3057 suos

2106 3071 2403 3127 servientes
2440 3070 2567 3133 sibi,
2603 3090 2622 3121 ι
2669 3078 2724 3124 et
2766 3070 2818 3123 in
2858 3071 2961 3124 line
3000 3071 3232 3139 capitis:
3272 3091 3291 3121 ι
3326 3071 3472 3124 Cura
3503 3081 3679 3126 autem

2105 3141 2342 3195 maxima
2370 3141 2439 3195 sit
2479 3139 2693 3203 abbati,
2725 3152 2792 3192 ne
2839 3155 2868 3192 a
2916 3140 3210 3194 cellerariis
3235 3148 3291 3193 et
3325 3141 3683 3196 servitoribus

2106 3210 2444 3290 negligantur
2465 3208 2664 3290 inﬁrmi
2690 3208 2850 3290 :quia
2877 3209 2943 3262 ad
2961 3210 3145 3290 ipsum
3172 3209 3409 3290 respicit,
3427 3210 3684 3290 qnidquid

2107 3295 2139 3334 a
2179 3278 2452 3350 discipulis
2489 3278 2840 3350 delinquitur.
2889 3298 2907 3330 ι
2961 3278 3094 3332 Nam
3137 3278 3339 3350 passim
3379 3280 3433 3350 in
3484 3279 3681 3350 Regula

2106 3346 2358 3405 monachi
2385 3348 2632 3417 discipuli
2657 3346 3015 3417 appellantur,
3051 3346 3171 3417 cap.
3214 3348 3269 3401 2.
3316 3366 3335 3397 ‹
3383 3346 3596 3409 Memor.
3619 3350 3686 3403 sit

2108 3433 2325 3489 semper
2352 3416 2555 3489 abbas,
2601 3416 2728 3487 quia
2762 3416 3020 3471 doctrina:
3057 3416 3169 3489 sure
3199 3428 3255 3471 et
3300 3417 3683 3489 discipulorum

2109 3486 2427 3543 obedientia:
2470 3486 2826 3556 utrarumque
2856 3502 3033 3540 rerum
3072 3487 3127 3539 in
3159 3486 3457 3541 tremendo
3481 3486 3683 3555 judicio

2034 3588 2080 3650 c
2110 3556 3031 3650 Pii-fifiﬁmliﬁ‘if..‘3‘533133‘33
3066 3557 3536 3650 EE_P?_‘.’,'°-B92L=
3564 3558 3684 3650 ξεί

2113 3627 2402 3696 capacibus
2443 3625 2724 3695 discipulis
2770 3626 3022 3679 mandata
3067 3626 3282 3681 Domini
3334 3625 3519 3680 verbis
3564 3641 3681 3696 pro-

2109 3706 2458 3820 pogalimens
2490 3764 2679 3818 Deum.
2716 3764 2861 3819 Idem
2886 3766 3080 3820 statuit
3108 3765 3167 3819 8.
3192 3764 3464 3820 Cznsarius
3500 3766 3555 3819 in
3582 3764 3682 3818 Re-

2112 3835 2232 3905 gula
2261 3837 2582 3905 sanctimon.
2608 3835 2821 3905 cap.i50
2851 3851 2865 3888 :
2902 3853 2920 3884 ι
2958 3834 3359 3905 ίΕεισοιειηιίιιιη
3382 3850 3537 3899 cura,
3558 3835 3681 3905 Asive

2110 3903 2287 3974 aliqua
2328 3903 3093 3974 imbecillitate‘laborantiuin
3138 3904 3231 3974 uni
3279 3906 3414 3959 satis
3450 3903 3593 3959 fideli
3627 3910 3679 3974 et

2109 3971 2450 4044 compuncta:
2466 3973 2625 4028 debet
2645 3971 2871 4042 iujuugi,
2889 3989 3008 4043 quae
3029 3974 3095 4028 de
3116 3973 3335 4044 cellario
3355 3982 3508 4044 petat
3529 3972 3683 4044 quod-

2112 4042 2328 4114 cunque
2365 4058 2501 4113 opus
2533 4057 2675 4114 esse
2696 4042 3032 4112 prospexerit
3070 4057 3085 4095 :
3134 4050 3190 4097 et
3214 4042 3335 4097 talis
3354 4042 3482 4114 eligi
3510 4043 3676 4114 debet.

2109 4111 2305 4182 quat—et
2330 4111 2766 4182 monasterialem
2794 4114 3029 4181 rigorem
3050 4113 3338 4174 custodiat,
3369 4111 3681 4167 et'inﬁrmis‘

2112 4198 2235 4237 eum
2265 4183 2464 4237 pietate
2487 4181 2772 4237 deserviat.
2805 4201 2823 4233 ι

2180 4253 2205 4292 h
2247 4249 2565 4306 Balnearum
2610 4267 2756 4304 usus.
2792 4249 3059 4305 Additiol
3095 4249 3325 4319 Capitol.
3354 4249 3495 4303 Lud.
3529 4251 3675 4319 imp.,

2111 4322 2195 4375 tit.
2236 4323 2266 4374 7
2297 4340 2309 4375 :
2351 4339 2370 4371 α
2405 4319 2726 4374 Balnearum
2767 4335 2895 4374 usus
2921 4321 2976 4373 in
3015 4320 3240 4374 arbitrio
3274 4319 3484 4374 Prioris
3511 4320 3680 4373 consi-

2109 4400 2236 4445 stat.
2269 4411 2288 4443 ι
2319 4390 2639 4445 lntelliaitur
2673 4397 2852 4443 autem
2895 4389 2961 4443 de
2984 4390 3195 4444 balneis
3224 4397 3333 4443 tam
3375 4389 3679 4443 artiﬁciosis

2110 4405 2236 4445 Stat.
2269 4411 2288 4443 ι
2319 4405 2639 4512 intelligitur
2673 4405 2852 4443 autem
2895 4405 2961 4443 ne
2985 4405 3195 4444 balneis
3224 4405 3333 4443 tam
3375 4405 3677 4443 al'llIICIOSIS

2110 4475 2273 4528 quam
2299 4469 2490 4515 natura
2516 4460 2656 4522 ibus,
2688 4467 2796 4512 tam
2825 4459 2894 4513 de
2919 4458 3147 4526 publicis
3164 4475 3323 4528 quam
3353 4459 3677 4528 domesticis,

2110 4526 2229 4599 qua:
2263 4531 2481 4600 quidem
2520 4528 2587 4583 ad
2625 4528 2911 4582 sanitatem
2951 4526 3277 4592 conducant,
3310 4543 3421 4582 non
3450 4530 3521 4582 ad
3543 4526 3680 4582 volu-

2150 4608 2334 4653 tatem.
3001 4640 3009 4649 .

2108 4615 2408 4722 Ρῐῗωὲἒιήίδ
2433 4676 2604 4722 autem
2625 4707 2639 4731 ,
2669 4675 2775 4722 etc.
2793 4706 2808 4729 ,
2831 4640 3034 4720 tardius
3055 4666 3390 4720 concedatur.
3439 4666 3679 4728 Tardius,

2108 4739 2163 4794 id
2203 4746 2307 4803 est,
2359 4738 2554 4791 rarius.
2610 4737 2760 4790 Hane
2788 4737 2932 4790 enim
2979 4735 3292 4789 balnearum
3330 4736 3679 4805 voluptatem,

2110 4816 2368 4876 tanquam
2401 4807 2623 4861 Veneris
2652 4807 3072 4876 irritamentum,
3103 4806 3287 4876 carnis
3322 4805 3681 4876 titillationegn

2112 4872 2275 4946 atque
2302 4876 2703 4931 enervationem
2732 4875 2916 4946 sancti
2938 4874 3128 4946 Batres
3165 4874 3589 4946 abhorrnerunt.
3626 4872 3678 4926 S.

445 4924 585 5018 Ergo
624 4924 1461 5018 qvuivvbsV—exvoi'dineuseuquilur
1502 4924 1635 5001 talisr
1655 4953 1746 5018 est
1769 4953 1829 4998 ut
1853 4924 2008 4999 eirea
2032 4924 2086 4983 D
2112 4924 2926 5018 ﬁ'ié?6n}"nih§'ih"éﬁﬁt6ig3a
2938 4924 3680 5018 saginari}?'siiiiéimin

446 5015 592 5073 cella:
642 5015 1043 5073 ordinationem
1092 5015 1427 5085 fratrumque
1483 5015 1799 5085 custodiam,
1843 5022 1948 5085 etc.
1983 5034 2001 5066 ι

446 5085 584 5158 llinc
619 5089 908 5158 capiendus
946 5089 1097 5144 locus
1125 5088 1217 5142 lib.
1272 5103 1310 5141 ιι
1342 5083 1521 5149 ’ὓίει.,
1551 5100 1670 5158 cap.
1715 5084 1820 5138 εὖτ
1854 5102 1873 5158 ς
1904 5083 2005 5158 _C_ui

448 5157 538 5211 ille
584 5152 897 5227 respondit:
931 5159 1068 5226 Quid
1107 5166 1192 5212 est
1218 5158 1363 5226 quod
1411 5152 1875 5227 loqueris,sor_nr?
1904 5152 2011 5227 Ma-

449 5242 578 5281 nere
608 5223 760 5281 extra
787 5223 975 5282 cellam
1012 5223 1318 5282 nullatenus
1360 5240 1599 5296 possum.
1620 5246 1660 5296 ι»
1695 5223 1841 5296 Cella
1864 5223 2006 5296 enim

450 5246 578 5281 nere
608 5246 760 5281 CXll'll
787 5246 975 5282 08112111
1012 5246 1318 5282 nuuatenus
1360 5246 1599 5296 pOSSlllll.
1695 5246 1841 5278 uena
1864 5246 2006 5277 Cllllll

450 5296 523 5367 ibi
552 5298 783 5367 sumitur
808 5313 907 5367 pro
930 5298 1282 5361 monasterio,
1313 5296 1510 5364 alioqui
1565 5246 1759 5367 falsum
1788 5294 2012 5348 dixisset

450 5363 508 5419 8.
545 5363 901 5434 Benedictus;
936 5383 1063 5437 nam
1082 5374 1293 5437 poterat
1318 5367 1371 5437 in
1394 5363 1636 5437 oratorio
1668 5373 2008 5437 pernoctare,

450 5444 544 5488 aut
586 5436 638 5489 in
673 5437 988 5492 dormitorio
1041 5434 1271 5490 fratrum
1315 5435 1515 5503 jacere.
1566 5434 1807 5503 Sumitur
1847 5435 2011 5487 etiam

450 5518 547 5572 pro
566 5520 731 5574 parvo
756 5506 1102 5571 monasterio,
1131 5506 1273 5575 quod
1296 5501 1481 5561 subest
1501 5504 1661 5559 alicui
1687 5501 1875 5575 majori
1900 5518 2014 5557 mo-

451 5575 703 5646 nasterio,
736 5584 793 5646 et
819 5576 976 5646 vulgo
1005 5574 1499 5646 diciturprioratus
1524 5590 1617 5646 seu
1639 5574 2010 5646 praepositum.

452 5641 634 5712 Lupus
662 5645 829 5699 abbas
884 5641 1252 5699 Ferrariensis
1298 5645 1457 5712 epist.
1495 5645 1555 5697 ll
1588 5661 1601 5695 :
1640 5641 1672 5693 ⁷(
1708 5641 1911 5697 Cellam
1954 5641 2012 5695 S.

456 5711 665 5774 ludoci,
693 5726 856 5777 quam
883 5712 1106 5779 Magnus
1126 5711 1350 5768 Carolus
1371 5713 1616 5778 Alcuino,
1641 5721 1743 5768 etc.
1785 5732 1817 5765 »ν
1835 5712 2014 5766 Addit.

2112 5012 2350 5072 fomenta
2374 5031 2479 5070 non
2509 5012 2713 5082 quzerat
2733 5013 2825 5084 qui
2849 5012 3081 5084 calorem
3103 5014 3349 5084 corporis
3362 5012 3681 5084 ieiuniorum

2111 5087 2259 5155 cupit
2282 5085 2481 5155 frigore
2506 5081 2869 5155 exstinguere.
2900 5101 2919 5134 ι
2947 5082 3177 5155 Sanetus
3202 5082 3532 5155 Athanasius
3564 5081 3678 5155 libr.

2112 5102 2175 5140 cu
2219 5101 2259 5140 ιι
2282 5101 2481 5155 [rigore
2506 5101 2869 5154 exsunguere.
2900 5101 2919 5134 ι
2947 5101 3177 5136 nanetus
3202 5101 3532 5136 AtuanaSIus
3564 5101 3678 5134 unr.

2112 5101 2532 5226 deglirginitate,
2549 5153 2864 5226 balnearum
2875 5166 3030 5226 usum
3044 5151 3237 5226 virgini
3255 5152 3551 5226 interdicit,
3567 5151 3682 5226 dum

2113 5240 2243 5279 sana
2275 5216 2397 5278 é'rit.
2423 5221 2681 5276 Eumdem
2713 5222 2965 5291 prohibet
2984 5219 3045 5291 S.
3070 5216 3399 5291 Florentium
3423 5222 3603 5291 sorori

2113 5294 2356 5349 Leander
2377 5294 2471 5348 lib.
2492 5293 2560 5346 de
2581 5285 2921 5345 Institutione
2932 5290 3234 5357 Virginum,
3255 5305 3377 5359 cap.
3400 5289 3466 5343 10
3492 5308 3505 5342 :
3535 5307 3552 5339 ι
3570 5285 3685 5359 Bal:

2112 5380 2218 5418 neo
2255 5379 2365 5418 non
2397 5377 2495 5432 pro
2521 5361 2702 5432 studio
2744 5360 2832 5432 vel
2870 5354 3053 5432 nitore
3080 5359 3257 5432 utaris
3298 5354 3565 5432 corporis,
3595 5354 3681 5410 sed

2113 5441 2320 5488 tantum
2350 5427 2448 5502 pro
2480 5430 2718 5502 remedio
2736 5429 2945 5502 salutis.
2981 5427 3458 5502 Uteretinquam,‘
3478 5429 3683 5502 lavacro

2114 5504 2330 5572 quando
2353 5495 2529 5572 poscit
2551 5500 2855 5561 inﬁrmitas,
2881 5513 2987 5552 non
3013 5499 3226 5572 quando
3253 5495 3490 5572 suaserit
3513 5495 3683 5572 volun-

2116 5564 2219 5627 tas.
2246 5564 2398 5640 Quod
2437 5570 2581 5624 enim
2606 5583 2827 5640 necesse
2848 5583 2951 5640 non
2972 5564 3084 5632 est,
3115 5570 3158 5622 si
3188 5569 3366 5640 egeris
3384 5608 3399 5629 ,
3422 5564 3677 5640 peccabis.

2120 5632 2390 5711 Seriplum
2404 5648 2495 5711 est
2509 5640 2652 5694 enim
2672 5656 2695 5711 :_
2715 5638 2781 5692 Et
2789 5638 2969 5711 carnis
2982 5653 3167 5701 curam
3185 5632 3252 5691 ne
3269 5632 3506 5711 feceritis
3523 5635 3578 5711 in
3593 5632 3681 5711 de-

2120 5702 2349 5768 sideriis.
2382 5710 2527 5766 Cura
2549 5708 2730 5764 carnis
2752 5707 2972 5762 veniens
2984 5722 3048 5761 ex
3070 5706 3499 5777 concupiscentia
3523 5702 3677 5757 habe-
