3940 6196
463 290 595 344 1087

459 494 627 548 dariis
653 495 744 564 qui
773 499 1155 564 :egrotantibus
1193 500 1450 566 serviant,
1477 503 1522 555 si
1553 501 1691 558 forte
1737 505 1789 558 in
1835 505 2030 561 itinere

458 584 544 640 vel
571 601 701 655 agro
730 585 955 654 languor
981 587 1300 658 obrepserit.

496 720 522 790 §
550 718 762 772 Vlll.—
783 719 862 773 Ex
894 718 1108 774 Renum
1138 735 1321 774 SANCTI
1350 721 1650 777 Fnucruosr
1675 725 1813 794 (cap.
1833 723 1918 794 10)
1944 736 1992 776 ιι.

527 848 741 920 Egroti
770 851 916 904 omni
946 851 1292 906 miseratione
1316 861 1372 905 ct
1405 855 1774 922 eompassione
1815 853 2030 909 fovendi

459 951 610 1006 sunt;
640 957 826 996 eorum
867 943 1152 1014 languores
1194 960 1432 1015 congruo
1474 947 1744 1000 revelandi
1782 956 1904 1001 sunt
1933 948 2031 1002 mi-

457 1035 702 1088 nisterio.
728 1035 886 1089 Tales
913 1046 1089 1089 tamen
1113 1046 1236 1090 sunt
1267 1039 1345 1092 eis
1372 1039 1605 1092 ministri
1628 1040 1911 1110 deligendi,
1938 1040 2030 1110 qui

458 1135 514 1179 et
550 1126 824 1194 pulmenta
852 1134 1067 1182 strenue
1104 1137 1426 1196 prmparent,
1455 1139 1508 1183 et
1539 1129 1730 1184 devoto
1761 1131 1839 1184 eis
1877 1131 2034 1185 mini-

459 1218 626 1270 sterio
651 1217 1041 1279 obseenndent,
1073 1226 1126 1271 et
1151 1220 1215 1270 de
1247 1219 1329 1271 his
1370 1233 1488 1286 quae
1512 1219 1616 1273 illis
1646 1221 1856 1274 residua
1885 1230 2030 1286 sunt,

460 1320 634 1372 neque
675 1305 913 1358 fraudem
963 1305 1196 1370 faciant,
1238 1321 1410 1373 neque
1456 1307 1666 1361 occulte
1702 1309 2034 1364 comestione

460 1407 521 1447 se
551 1394 735 1448 illicita
762 1394 1020 1463 polluant.

576 1505 613 1577 §'
633 1506 722 1560 lX.
743 1536 815 1545 —
837 1505 914 1559 Ex
942 1507 1160 1560 Renum
1193 1522 1378 1562 ssnon
1406 1507 1607 1562 BASILII
1638 1511 1776 1578 (cap.
1800 1509 1912 1582 37).

532 1619 794 1689 lnterrog.
821 1619 850 1658 δ
877 1619 1030 1685 Quali
1081 1618 1274 1674 aﬂ‘cctn
1318 1620 1574 1675 debemus
1599 1631 1620 1658 ο
1654 1619 1886 1675 infirmis
1927 1619 2035 1674 fra-

459 1713 634 1767 tribus
663 1712 1004 1766 ministrare?
1026 1741 1094 1752 —
1116 1711 1270 1781 Resp.
1305 1711 1457 1766 Sicut
1494 1712 1593 1781 ipsi
1633 1713 1858 1766 Domino
1898 1711 2030 1766 olfe—

459 1811 642 1858 rentes
671 1801 1007 1870 obsequium,
1035 1801 1125 1870 qui
1157 1800 1293 1854 dixit
1317 1819 1330 1854 :
1355 1799 1382 1840 d
1407 1800 1544 1865 Quia
1572 1817 1686 1853 cum
1719 1800 1914 1868 fecistis
1945 1802 2036 1854 uni

457 1907 526 1944 ea:
555 1891 783 1943 minimis
821 1889 934 1942 istis
983 1888 1233 1956 fratribus
1263 1889 1408 1953 meis,
1441 1889 1568 1940 mihi
1593 1888 1785 1956 fecistis
1819 1887 2031 1958 (Matth.

460 1977 610 2047 xxv).
643 1978 871 2046 Expedit
914 1985 1094 2030 autem
1141 1977 1208 2029 ad
1252 1978 1678 2032 conservandum
1726 1979 2033 2048 hujusmodi

458 2068 711 2123 allectum
749 2068 802 2121 in
832 2067 1127 2139 obsequiis,
1154 2075 1213 2120 ut
1238 2074 1294 2120 et
1320 2068 1374 2121 hi
1406 2069 1496 2136 qui
1536 2068 1790 2136 obsequia
1822 2083 1850 2120 a
1882 2069 2035 2120 nobis

459 2161 782 2230 suscipiunt,
807 2161 940 2215 tales
971 2162 1078 2215 sint
1114 2173 1137 2200 θ
1167 2161 1361 2230 quibus
1403 2163 1600 2217 merito
1640 2162 1836 2216 deferri
1882 2163 2036 2216 obse-

457 2252 649 2320 quium
689 2251 899 2305 debeat.
932 2251 998 2304 Et
1042 2251 1162 2304 ideo
1189 2259 1404 2319 oportet
1439 2266 1532 2306 eos
1561 2252 1651 2320 qui
1681 2261 1918 2320 priesunt
1944 2268 2035 2305 cu-

465 2358 580 2396 ram
613 2355 821 2411 gerere,
858 2349 913 2395 et
945 2356 1013 2395 ne
1056 2342 1110 2397 hi
1146 2341 1339 2410 quibus
1384 2343 1722 2398 ministratur
1760 2343 1896 2399 tales
1925 2345 2035 2421 sint

458 2433 552 2500 qui
576 2431 725 2486 carni
763 2430 1073 2500 indulgeant
1109 2437 1166 2485 et
1202 2431 1403 2494 ventri,
1432 2431 1524 2485 sed
1555 2433 1735 2501 potius
1769 2433 1822 2485 in
1849 2447 2035 2486 amore

459 2523 553 2578 Dei
576 2532 627 2577 et
654 2521 856 2578 Christi
882 2520 996 2589 ejus
1022 2522 1326 2591 probabiles
1353 2522 1716 2589 inveniantur,
1739 2531 1795 2578 et
1821 2539 1918 2592 per
1938 2539 2034 2591 pa-

459 2612 700 2666 tientiam
725 2626 879 2665 suam
911 2625 975 2664 ae
1000 2611 1124 2664 vita:
1166 2611 1418 2665 meritum
1458 2611 1684 2666 fratrum
1724 2621 2035 2668 mereantur

458 2702 734 2771 oliseqtiia,
764 2709 824 2754 ut
853 2701 1154 2754 habeantur
1201 2701 1268 2754 ad
1303 2701 1528 2770 gloriam
1571 2701 1804 2767 Christi,
1849 2711 1905 2756 et
1932 2717 2030 2772 op-

455 2795 730 2863 probrium
755 2793 973 2857 diaboli,
1005 2794 1143 2846 sicut
1169 2801 1222 2847 et
1250 2802 1471 2847 sanctus
1499 2791 1618 2847 Job.

724 2904 750 2974 §
779 2904 845 2956 Χ.
867 2933 936 2943 -
959 2903 1044 2956 Ea:
1067 2903 1248 2956 eadem
1276 2902 1476 2973 Regula
1507 2903 1645 2975 (cap.
1670 2905 1778 2976 '57).

531 3016 791 3088 Interrog.
833 3018 965 3072 Cum
1005 3019 1148 3087 quali
1178 3019 1480 3074 humilitate
1520 3021 1680 3075 debet
1709 3022 1829 3090 quis
1858 3022 2030 3076 susci-

460 3121 590 3173 pere
620 3122 648 3160 a
682 3105 938 3162 fratribus
964 3108 1316 3176 obsequium?
1334 3138 1405 3148 —
1424 3108 1575 3178 Resp.
1605 3107 1758 3164 Sicut
1785 3125 1974 3164 servus
1996 3125 2026 3164 a

459 3199 698 3263 domino,
726 3207 778 3252 et
807 3199 946 3252 sicut
985 3201 1219 3253 ostendit
1256 3199 1447 3254 Petrus
1493 3201 1768 3269 apostolus
1811 3217 1934 3256 eum
1978 3202 2027 3255 ei

459 3287 718 3342 Dominus
765 3289 1116 3342 ministraret.
1153 3288 1210 3343 ln
1250 3305 1356 3358 quo
1393 3291 1549 3344 simul
1599 3292 1760 3345 etiam
1811 3291 2027 3360 perieu-

458 3375 570 3428 lnm
611 3391 797 3430 eorum
828 3377 1092 3442 ostendit,
1134 3379 1223 3447 qni
1274 3379 1462 3433 nolunt
1491 3379 1729 3447 recipere
1770 3380 2027 3449 obsequia

461 3463 714 3518 fratrum.

533 3608 558 3666 ξι
599 3595 654 3666 lu
687 3597 805 3650 cod.
837 3596 1017 3650 Crass.
1047 3597 1166 3650 cod.
1195 3613 1313 3666 cap.

530 3665 558 3740 ξ’
591 3663 753 3740 Quali
780 3666 990 3740 affectu.
1022 3663 1374 3740 Exstatiajpud
1404 3666 1458 3719 S.
1488 3668 1738 3740 Basiliam
1757 3669 2024 3740 interrog.

460 3734 562 3788 160
590 3734 986 3814 l'iegul._Br_ev.,
1013 3746 1066 3789 et
1092 3737 1528 3814 apud‘llulinnm.
1556 3754 1676 3806 cap.
1709 3738 1798 3791 50.

532 3814 552 3839 α
588 3802 838 3871 Inﬁrmis.
867 3803 945 3858 Ita
976 3806 1114 3875 apud
1129 3802 1426 3870 Rufinum;
1458 3823 1562 3861 non
1602 3802 1780 3862 exstat
1803 3808 1855 3862 in
1880 3818 2028 3863 textu

458 3871 500 3926 Ο
513 3885 670 3925 rmeo.

525 3940 552 3979 «1
589 3941 891 4015 Quia_cum.
923 3943 999 4015 ita
1031 3943 1167 4015 apud
1197 3942 1449 4015 Rufinum
1474 3953 1529 3998 et
1561 3943 1947 4015 Smaragdum;
1974 3956 2030 4001 at

525 3959 552 3979 υ
589 3959 725 4005 quia
754 3959 891 3994 cum.
923 3959 999 3996 lla
1031 3959 1058 3995 a
1100 3959 1167 3996 nn
1198 3959 1449 3997 uunnum
1474 3959 1529 3998 et
1561 3959 1947 4015 Smaragdum;
1974 3959 2025 4001 at

459 4011 512 4092 in
539 4019 685 4092 testu
710 4011 1018 4092 Evangelii“:
1043 3959 1310 4092 éuandiu.
1337 4013 1563 4092 ln_te_xtu
1585 4015 1774 4092 αξξεοᾳ
1792 4015 1864 4088 ἄγ’
1889 4015 2025 4082 ὅσον,

460 4080 514 4134 id
539 4089 654 4148 est,
685 4080 940 4148 quandiu.
971 4081 1027 4135 S.
1051 4082 1371 4136 Benedictus
1396 4084 1556 4136 habet
1581 4102 1593 4136 :
1622 4084 1795 4148 Quod.

535 4159 576 4236 eo
589 4147 799 4236 Quibus
816 4151 1000 4236 mocrito
1021 4150 1212 4236 dejfet'n'
1236 4151 1537 4236 gbsequium
1559 4147 1758 4236 debeat.
1786 4154 1862 4236 lta
1889 4157 2028 4236 apud

459 4217 710 4287 Rufinum
749 4227 804 4271 et
835 4217 1209 4287 Smaragdum.
1233 4217 1573 4284 Quaetamcn
1611 4226 1774 4277 verba
1819 4217 2030 4280 deside-

458 4285 566 4341 rari
596 4285 844 4339 videntur
871 4288 923 4340 in
953 4285 1102 4340 textu
1129 4286 1335 4343 Graeco.

535 4355 553 4394 ί
590 4353 732 4408 Cura
755 4355 1104 4431 inﬁrmorum.
1128 4356 1412 4426 Reperitur
1434 4359 1487 4413 in
1519 4359 1722 4431 Regula
1750 4361 1807 4416 S.
1835 4363 2024 4418 Isidori

459 4439 678 4498 excusa,
709 4441 828 4498 cap.
853 4427 941 4479 21.
987 4497 995 4498 ί
1604 4427 1625 4431 ⁷
2024 4489 2033 4498 ,

534 4497 559 4533 8
596 4492 662 4565 Ut
685 4495 750 4548 de
777 4492 1073 4565 sumptibus
1094 4512 1294 4552 eorum.
1324 4498 1400 4553 lta
1431 4498 1587 4554 docet
1615 4498 1672 4552 S.
1699 4492 2030 4557 Fructuosus

459 4564 708 4641 eap._10:
740 4582 761 4641 ε
791 4565 858 4641 Et
900 4564 965 4620 de
1000 4567 1085 4620 his
1117 4581 1235 4633 quae
1270 4567 1376 4641 illis
1422 4569 1634 4641 residua
1685 4580 1810 4624 sunt
1857 4584 2030 4641 neque

458 4632 705 4704 fraudem
736 4633 959 4699 faciant,
985 4632 1158 4704 neque
1177 4637 1389 4692 occulte
1410 4653 1467 4692 se
1500 4638 1681 4693 illicita
1702 4632 2030 4697 comestione

457 4703 732 4771 polluant;
764 4723 782 4756 ι
821 4711 986 4759 recte.
1015 4703 1322 4760 Cavendum
1368 4716 1452 4762 est
1492 4710 1634 4763 enim
1684 4709 2023 4765 infirmorum

457 4772 746 4847 ministris,
772 4787 840 4826 ne
869 4773 994 4826 dum
1019 4776 1255 4847 _:egrotis
1300 4777 1458 4847 simul
1486 4779 1649 4831 etiam
1677 4779 1812 4847 gulae
1851 4779 2030 4834 illece-

458 4841 573 4895 bris
607 4843 872 4908 serviant;
905 4851 960 4897 et
1002 4841 1127 4916 dum
1159 4844 1302 4899 circa
1339 4845 1498 4902 alieni
1540 4841 1783 4916 corporis
1821 4851 2024 4902 sanita-

458 4918 575 4987 tem
618 4921 971 4987 occupantur,
1027 4913 1220 4987 animae
1271 4930 1381 4987 suae
1437 4913 1665 4971 salutem
1728 4918 2021 4987 negligant.

456 4979 662 5057 Qttibus
705 4979 1100 5057 SIDositheum
1125 4984 1447 5057 imitandum
1486 5001 1747 5057 propono,
1774 4979 2020 5056 q'uivcum

457 5049 687 5126 infirmis
701 5121 713 5126 _
731 5051 993 5126 sentiret,
1011 5053 1263 5126 lautiores
1276 5054 1446 5126 _eibos
1486 5049 1672 5126 eorum
1713 5049 1807 5109 ne-
1821 5057 2022 5126 primo-

455 5117 604 5192 ribus
624 5121 838 5192 quidem
863 5120 1027 5192 labris
1046 5121 1386 5192 degustnbat,
1415 5125 1509 5179 sed
1537 5125 1672 5180 viles
1702 5117 1910 5180 tantum
1942 5141 2024 5180 re-

457 5187 674 5264 liquias,
703 5198 762 5241 ut.
785 5187 1383 5264 piseieulorntncapila,
1406 5192 1676 5261 iocinera,
1703 5203 1758 5250 et
1793 5196 2022 5264 insipida

457 5258 702 5376 quaedam
746 5258 897 5312 easta
939 5258 1281 5324 comedebat,
1313 5258 1762 5330 quemadmodum
1808 5265 1863 5318 in
1899 5258 2022 5334 ejus

507 5327 608 5376 etis
635 5336 819 5376 narrat
841 5338 1060 5376 sanctus
1084 5330 1401 5376 Dnrmheun-

507 5327 608 5380 etis
635 5336 819 5382 narrat
841 5338 1060 5384 sanctus
1083 5327 1402 5386 Dorotheus.

526 5394 552 5432 δ
589 5394 696 5471 P_ro
716 5397 1030 5471 _necessit_ate
1059 5398 1348 5468 languoris.
1375 5402 1432 5456 ln
1460 5402 1598 5471 Reg.
1621 5401 1678 5456 S.
1710 5401 1898 5456 lsidori
1927 5417 2020 5456 ex-

457 5475 581 5541 cusa
630 5465 821 5535 legitur
862 5484 877 5520 :
915 5464 1568 5541 Propter'necessitatem'
1583 5470 1882 5541 languoris;
1917 5473 2018 5524 ad-

459 5532 727 5608 diturque,
769 5545 829 5608 et_
863 5532 1172 5608 nocturnam
1225 5538 1609 5606 pollutionem:
1656 5532 1775 5608 quae
1827 5532 2014 5595 ultima

457 5601 617 5669 verba
666 5603 752 5657 hic
799 5603 1196 5669 desiderantur,
1225 5601 1441 5663 'omissa
1505 5601 1686 5664 forsan
1732 5625 1796 5664 ex
1858 5612 2011 5664 indu-

462 5668 613 5725 stria.

1455 295 1516 350 S.
1552 295 1912 356 BENEDlC'l'l
1949 299 2240 358 ABBATIS
2276 301 2687 362 ANIANENSIS

457 405 637 458 locum
669 406 819 460 missi
853 405 1050 460 fuerint
1081 407 1292 473 fratres,
1329 411 1606 466 habebunt
1638 415 1703 468 de
1731 416 2024 472 hebdoma-
2053 418 2103 476 A

3571 315 3706 371 {083

2245 417 2272 489 ς
2299 419 2390 473 Xl.
2413 450 2484 459 —
2507 420 2585 474 Ex
2616 395 2834 477 Raetiis
2865 436 3051 478 ssnon
3083 423 3280 482 Ismeni
3313 426 3453 498 (cap.
3477 427 3592 493 22,.

2209 506 2228 547 τ
2255 507 2397 562 Cura
2428 508 2925 580 infirmorumsano
2951 522 3256 585 sanctaque
3282 520 3711 573 conversationis

2130 595 2247 651 viro
2296 599 2679 654 committenda
2736 612 2851 668 est,
2892 604 2985 672 qui
3030 619 3129 673 pro
3171 607 3251 661 eis
3287 607 3712 663 sollicitudinem

2129 684 2276 741 ferre
2307 688 2498 755 possit,
2527 705 2828 760 magnaque
2849 706 2974 747 eum
3021 693 3283 750 industria
3316 705 3517 766 prmsto
3549 696 3714 754 faciat

2132 776 2390 845 quidquid
2442 778 2782 836 imbecillitas
2839 784 3163 852 expostulat.
3221 785 3340 855 lpse
3392 797 3581 842 autem
3639 790 3716 844 sic

2130 866 2348 934 aegrotis
2395 867 2696 934 deserviat,
2731 872 2756 910 ε
2782 879 2842 926 ut
2873 872 2940 927 de
2975 875 3279 943 sumptibus
3323 891 3517 931 eorum
3568 878 3714 932 vesci

2131 971 2238 1009 non
2266 967 2573 1025 praesumat.
2602 959 2846 1031 AEgrotis
2890 963 3205 1020 delicatiora
3249 969 3544 1037 praabenda
3591 980 3715 1024 sunt

2132 1044 2409 1110 alimenta,
2443 1063 2725 1118 quousque
2765 1051 2835 1105 ad
2880 1052 3307 1112 incolumitatem
3347 1060 3708 1128 perveniant;

2130 1143 2416 1204 postquam
2439 1145 2618 1192 autem
2645 1138 2873 1195 salutem
2903 1144 3222 1212 receperint,
3245 1147 3312 1200 ad
3345 1163 3504 1201 usum
3529 1149 3713 1218 pristi-

2132 1239 2262 1278 num
2307 1234 2668 1281 revertantur.
2711 1228 2914 1285 Inﬁrmi
2959 1247 3058 1301 pro
3086 1247 3193 1302 quo
3227 1235 3514 1292 delicatius
3563 1239 3715 1293 alun-

2132 1319 2240 1378 tur,
2281 1312 2534 1370 fortiores
2572 1317 2696 1373 inde
2737 1335 3076 1389 nequaquam
3117 1324 3582 1382 scandalizentur.
3614 1330 3715 1396 Qui

2132 1403 2276 1456 enim
2303 1405 2417 1457 sani
2445 1415 2571 1460 sunt
2598 1406 2844 1466 infirmos
2885 1411 3116 1468 tolerare
3141 1415 3338 1470 debent
3363 1434 3376 1470 :
3411 1419 3504 1487 qui
3533 1429 3712 1474 autem

2133 1491 2332 1548 infirmi
2362 1504 2486 1548 sunt
2525 1512 2686 1552 sanos
2721 1509 2776 1554 et
2815 1499 3125 1558 laborantes
3166 1509 3579 1576 anteponendos
3615 1511 3710 1565 sibi

2132 1597 2240 1636 non
2286 1583 2549 1639 dubitent.
2606 1585 2817 1644 Nullam
2861 1600 3073 1660 oportet
3107 1594 3189 1648 vel
3231 1611 3417 1651 veram
3465 1602 3716 1668 corporis

2135 1672 2502 1730 infirmitatem
2531 1684 2734 1745 tacere,
2760 1681 2843 1735 vel
2867 1681 3057 1737 falsam
3091 1687 3463 1754 praetendere;
3495 1692 3594 1744 sed
3623 1693 3711 1762 qui

2061 1757 2109 1816 B
2135 1772 2362 1832 possunt
2403 1767 2604 1834 gratias
2632 1770 2742 1825 Deo
2771 1781 2964 1841 agant,
2990 1783 3042 1829 et
3071 1786 3364 1846 Operentur
3402 1794 3417 1831 :
3447 1781 3543 1849 qui
3586 1757 3712 1837 vero

2133 1871 2242 1910 non
2285 1866 2539 1926 possunt,
2584 1860 2931 1916 manifestent
2959 1880 3084 1919 suos
3122 1865 3412 1937 languores
3453 1879 3509 1923 et
3540 1871 3712 1926 levius

2133 1944 2528 2016 humaniusque
2573 1956 2888 2004 tractentur.
2929 1952 3040 2007 Sub
3071 1965 3334 2023 praetextu
3377 1959 3714 2017 infirmitatis

2135 2036 2268 2088 nihil
2299 2039 2574 2107 peculiare
2618 2040 2953 2108 habendum;
2986 2062 3052 2099 ne
3095 2047 3258 2101 lateat
3303 2049 3471 2106 libido
3496 2054 3710 2122 cupidi-

2133 2127 2262 2180 tatis
2289 2129 2390 2182 sub
2434 2129 2709 2200 languoris
2751 2135 2949 2202 speeie.
2980 2135 3220 2193 Lavacra
3261 2141 3391 2195 nulli
3439 2147 3709 2201 monacho

2134 2217 2378 2272 adeunda
2425 2214 2603 2275 sludio
2646 2222 2857 2278 lavandi
2887 2228 3152 2295 corporis,
3190 2231 3293 2285 nisi
3337 2237 3707 2291 tantummodo

2133 2306 2159 2345 ιι
2181 2321 2279 2375 pro
2305 2309 2628 2365 necessitate
2662 2311 3078 2383 languoris.Nee
3093 2317 3446 2376 differendum
3474 2333 3558 2378 est
3585 2341 3706 2394 pro-

2131 2405 2255 2466 pter
2281 2399 2566 2464 medelam,
2589 2402 2634 2455 si
2659 2404 2906 2470 expedit;
2941 2405 2955 2441 ί
2991 2422 3092 2461 nec
3117 2413 3563 2467 murmurandum
3587 2424 3668 2470 est
3690 2417 3704 2470 Ξ

2132 2487 2256 2556 quia
2284 2503 2387 2541 non
2415 2488 2471 2542 fit
2498 2506 2594 2559 pro
2615 2494 2852 2561 appetitu
2879 2494 3187 2565 voluptatis,
3217 2501 3312 2555 sed
3336 2517 3436 2572 pro
3462 2507 3694 2560 remedio

2135 2584 2344 2630 tantum
2376 2577 2585 2633 salutis.

2183 2665 2218 2753 ᾗ
2247 2665 2358 2718 XII.
2381 2697 2452 2705 —
2472 2667 2553 2720 Ex
2580 2667 2795 2724 REGULA
2823 2686 3010 2726 SANCTI
3039 2673 3333 2730 Aucesrtst
3366 2677 3507 2749 (cap.
3538 2681 3645 2753 l3).

2206 2751 2220 2803 i
2260 2753 2360 2819 Qui
2394 2754 2594 2810 inﬁrmi
2631 2769 2756 2811 sunt
2785 2759 2810 2797 ιι
2847 2774 2912 2812 ex
2950 2761 3177 2830 pristina
3215 2751 3626 2834 consuetudine,
3660 2773 3701 2825 si

2131 2842 2289 2897 aliter
2326 2851 2629 2898 tractantur
2659 2847 2715 2900 in
2749 2847 2912 2914 victu,
2945 2865 3053 2904 non
3085 2853 3240 2907 debet
3271 2855 3392 2910 aliis
3425 2858 3701 2917 molestum

2130 2946 2272 2998 esse,
2305 2949 2407 2988 nec
2445 2934 2700 3004 iniustum
2731 2937 2924 3003 videri,
2953 2956 3087 3009 quos
3118 2943 3251 2997 facit
3286 2943 3304 2982 Ι
3332 2946 3436 3000 alia
3480 2964 3702 3004 consue-

2129 3025 2258 3078 tudo
2287 3023 2561 3081 fortiores.
2609 3027 2718 3083 Nee
2752 3029 2870 3084 illos
2906 3030 3175 3089 feliciores
3217 3045 3430 3104 putent,
3459 3042 3586 3109 quia
3620 3058 3703 3096 su-

2054 3091 2100 3154 C
2131 3123 2284 3168 munt
2310 3116 2451 3184 quod
2480 3132 2588 3171 non
2619 3127 2838 3172 sumunt
2879 3121 3012 3191 ipsi;
3045 3125 3138 3178 sed
3171 3091 3272 3181 sibi
3304 3091 3494 3198 potius
3531 3145 3703 3203 gratu-

2130 3202 2326 3270 lentur,
2355 3205 2477 3274 quia
2506 3205 2701 3270 valent,
2731 3209 2874 3276 quod
2901 3225 3002 3264 non
3032 3212 3211 3267 valent
3233 3215 3329 3269 illi.

2398 3296 2424 3366 §
2461 3296 2594 3350 XIII.
2619 3329 2689 3336 —
2716 3297 2850 3352 Item
2872 3301 3106 3369 ejusdem
3137 3302 3274 3375 (cap.
3306 3306 3417 3377 16).

2200 3397 2240 3424 ιη
2258 3385 2400 3440 Sane
2423 3389 2871 3455 quemadmodum
2902 3401 3224 3461 aegrotantes
3252 3410 3477 3451 necesse
3506 3400 3698 3454 habent

2131 3486 2158 3512 ιι
2186 3478 2361 3532 minus
2386 3479 2648 3546 accipere,
2678 3497 2743 3535 ne
2771 3491 3081 3551 graventur,
3114 3487 3189 3540 ita
3221 3497 3244 3522 °
3268 3491 3517 3558 exposita
3551 3495 3696 3564 mgri-

2207 3608 2379 3688 inNec
2407 3613 2859 3688 murmurandum.
2887 3615 2945 3670 ln
2974 3616 3176 3688 Regula
3203 3619 3258 3675 S.
3284 3621 3476 3678 [sideri
3504 3643 3695 3682 excusa

2131 3676 2386 3747 additur:
2421 3680 2480 3733 Si
2511 3682 2626 3747 ﬁat.

2204 3745 2216 3796 i
2247 3747 2360 3828 .Qui
2391 3745 2619 3836 inﬁrmi.
2799 3754 2981 3834 videre
3010 3766 3091 3836 est
3121 3757 3408 3836 inﬁl‘legula
3435 3762 3492 3817 S.
3530 3764 3693 3836 Augu-

2131 3817 2641 3894 stiniLeodemcap.
2674 3822 2757 3886 14,
2789 3833 2843 3877 et
2870 3825 2922 3878 in
2954 3827 3107 3894 epist.
3137 3828 3256 3882 109.

2204 3886 2227 3957 ξε
2264 3887 2348 3957 Ea:
2372 3886 3012 3957 pristina—consuetudine.
3043 3897 3336 3953 Delieatius
3363 3901 3595 3956 vivendi.

2206 3954 2224 3992 1
2254 3954 2393 4042 Alia"
2409 3961 2744 4042 consuetudo.
2771 3962 2986 4042 puriter
3009 3975 3063 4019 et
3088 3983 3252 4036 parce
3277 3954 3516 4026 vivendi.
3531 3954 3687 4042 Xpud

2133 4025 2486 4101 Smaragdum
2513 4028 2708 4099 legitur
2733 4051 2744 4084 :
2775 4033 2983 4101 Aliqua.

2201 4106 2241 4133 ιη
2279 4097 2420 4166 Sane
2463 4097 2929 4166 quemadmodum,
2987 4113 3092 4159 ete.
3147 4105 3274 4161 Haec
3331 4109 3602 4165 habentur
3642 4113 3688 4166 in

2130 4165 2263 4234 Reg.
2291 4164 2348 4245 S.
2383 4164 2665 4250 Augustini
2688 4185 2883 4224 excusa
2918 4175 3250 4298 eodemcap.
3297 4177 3384 4231 16.

2204 4245 2230 4271 ιι
2271 4234 2448 4289 Minus
2475 4254 2725 4298 accmere.
2761 4239 2950 4298 Suom.
3005 4243 3138 4297 Cibi.
3220 4247 3251 4298 d
3273 4247 3384 4298 doc:

2204 4234 2448 4312 Bullinus
2475 4234 2725 4312 accipere.
2761 4239 2950 4312 Supp.,
3005 4243 3138 4297 Cibi.
3195 4234 3251 4299 id
3273 4247 3470 4301 docent
3516 4265 3692 4304 omnes

2133 4304 2351 4385 medici.
2403 4305 2556 4371 Quod
2587 4304 2782 4385 tamen
2837 4304 3168 4385 pensandum
3204 4325 3287 4369 est
3317 4316 3474 4385 juxta
3526 4321 3690 4374 morbi

2133 4374 2490 4454 intensionem
2539 4386 2593 4429 et
2636 4374 3009 4454 remissionem
3059 4391 3113 4454 et
3137 4385 3278 4438 vires
3316 4374 3524 4454 ἔξιθι-οιὶ,
3566 4388 3688 4442 Cum

2054 4433 2353 4520 D,morbus
2379 4444 2430 4497 in
2475 4448 2781 4520 suo_vigore
2808 4433 3128 4516 constiterit,
3163 4433 3476 4509 tenuissima
3515 4459 3685 4520 diaeta,

2133 4529 2228 4567 seu
2258 4513 2400 4592 victu
2436 4513 2692 4592 utendum
2720 4527 2835 4592 est,
2855 4528 2914 4572 ut
2964 4513 3123 4592 docet
3163 4522 3516 4592 Hippocrates
3567 4513 3681 4581 libr.

2134 4598 2152 4636 ι
2199 4584 2512 4665 aphorismo
2537 4588 2590 4640 8.
2622 4587 2677 4639 ln
2703 4589 2908 4643 morbis
2933 4584 3415 4665 etiamperﬁéutis,
3450 4611 3568 4665 qua
3589 4597 3685 4650 cito

2132 4653 2359 4730 veniunt
2381 4655 2447 4706 ad
2478 4669 2632 4730 suum
2661 4664 2881 4723 statum,
2928 4653 3317 4730 celerrimeque
3342 4653 3494 4718 suam
3516 4666 3686 4721 absol-

2131 4733 2263 4776 vunt
2307 4723 2606 4794 historiam,
2659 4741 2818 4794 quam
2868 4730 3178 4783 tenuissima
3229 4723 3397 4787 'dimta
3438 4736 3684 4789 utendum

2130 4799 2235 4873 est,
2291 4800 2349 4844 ut
2377 4791 2533 4873 docet
2565 4791 2920 4873 Hippocrates
2951 4798 3200 4873 ejusdem
3219 4801 3384 4873 libr.
3422 4806 3610 4873 aphor.
3635 4805 3678 4856 7.

2131 4859 2268 4914 lline
2293 4859 2698 4938 capiendasunt
2717 4865 2830 4938 haec
2857 4859 3014 4920 verba
3041 4868 3273 4924 Cornelii
3299 4871 3440 4926 Celsi
3458 4859 3598 4927 'libr.
3629 4891 3682 4938 ιι,

2132 4944 2251 4999 cap.
2281 4931 2376 5006 -16_
2391 4950 2411 5006 εΔ
2442 4949 2460 4982 ‹
2498 4931 2651 4987 Initia
2688 4936 2995 5006 morborum
3025 4939 3256 5006 primum
3287 4941 3487 4998 famem
3517 4931 3682 4997 sitim;

2130 5013 2236 5072 que
2265 4999 2590 5055 desiderant.
2637 5023 2654 5054 ι
2689 5003 2824 5058 Nam
2856 5008 2906 5059 in
2939 4999 3366 5064 diuturnioribus
3391 5013 3613 5072 morbis.
3640 5012 3679 5065 si

2129 5069 2229 5122 sub
2259 5084 2443 5122 eorum
2470 5071 2678 5149 initium
2701 5089 2859 5149 quam
2891 5077 3198 5149 tenuissima
3213 5079 3370 5133 diasta
3393 5069 3681 5149 praescribi-

2131 5145 2220 5190 tur
2251 5153 2373 5219 eum
2423 5139 2487 5192 ad
2515 5157 2690 5219 suum
2719 5139 2960 5219 vigorem
3015 5144 3368 5219 efﬂoruerint,
3393 5139 3500 5204 'ubi
3531 5167 3679 5219 quam

2130 5207 2452 5287 tenuissimo
2477 5211 2622 5265 victu
2672 5207 2926 5287 utendum
2965 5224 3065 5277 est,
3096 5216 3243 5271 vires
3269 5207 3473 5287 aegroto
3508 5207 3573 5274 ad
3605 5236 3676 5272 sa-

2128 5276 2933 5364 nitatem.recuperandamhno‘n
2955 5276 3261 5364 suppetent,
3306 5276 3462 5364 quta
3492 5289 3676 5364 Hippo'

2125 5347 2474 5427 cratem
2508 5347 2525 5401 ἰ
2550 5351 2851 5427 apbo_r._10.
2875 5353 2986 5418 (hia
3021 5347 3075 5406 in
3094 5369 3152 5407 re
3171 5347 3396 5427 consilio
3429 5347 3677 5427 peritissi-

2125 5417 2198 5468 mi
2236 5418 2429 5472 medici
2473 5417 2619 5474 stare
2667 5421 2827 5476 debet
2879 5417 3132 5492 aagrotus.
3162 5441 3182 5474 ι
3228 5425 3414 5495 Neque
3430 5417 3548 5481 'ulla
3598 5442 3677 5480 res

3516 5497 3674 5564 magis

2195 5622 2218 5647 ο
2261 5615 2529 5685 Exposita.
2553 5617 2607 5673 ιιι
2629 5629 2732 5684 est,
2756 5619 3113 5690 tlcpositaaDc
3129 5639 3237 5692 quo
3257 5625 3512 5680 vocabulo
3523 5624 3666 5679 infra.
