3940 6196
489 319 618 376 1091

1497 308 1554 363 S.
1594 303 1953 361 BENEDICTI
1993 298 2282 356 ABBATIS
2319 295 2724 353 ANIANENSIS

3582 291 3720 346 £093

487 427 514 499 ς
567 426 749 481 XVIII.
773 455 841 464 -—-
865 425 942 478 Ex
966 423 1183 477 Recuu
1207 434 1390 474 sucu
1418 419 1715 470 AUBELIASI
1747 415 1884 486 (cap.
1933 413 2043 483 59.).
2076 422 2125 480 Α
2151 409 2331 464 abbati
2354 409 2560 479 justum
2589 408 2762 462 visum
2789 405 2972 471 fuerit,
3004 405 3174 459 ctiam
3208 403 3542 459 cellariolum
3567 421 3720 460 suum

553 531 580 559 ι
611 517 844 572 Inﬁrmis
871 529 997 568 vero
1025 514 1099 566 ita
1129 507 1610 580 obtemperantium
1638 516 1741 572 est,
1775 517 1835 560 ut
1858 507 1903 560 si
1925 521 2051 560 san-

483 619 575 665 cto
623 609 802 663 abbati
833 605 1038 674 justum
1065 605 1239 658 visum
1265 600 1452 668 fuerit,
1507 601 1668 653 etiam
1717 597 2050 653 cellariolum

483 716 638 756 suum
674 700 727 752 in
763 697 1056 760 communi,
1103 705 1158 750 et
1183 694 1469 763 coquinam
1509 699 1902 760 sequestratam
1956 690 2052 743 ha-

480 790 665 853 beant,
701 796 754 841 et
790 801 919 840 cura
955 786 1062 842 illis
1091 785 1176 841 vel
1213 784 1448 839 studium
1478 782 1836 851 impendatur,
1878 781 2052 835 donec

481 880 885 935 convalescant.

591 970 618 1041 §
648 970 788 1024 XIX.
818 1001 889 1010 —
917 971 994 1024 Ex
1018 969 1236 1024 Renum
1276 969 1616 1022 TARNATENSI
1662 965 1799 1034 (cap.
1831 963 1944 1033 21).

552 1060 954 1115 Inﬁrmantibus
999 1075 1246 1129 quoque;
1285 1059 1368 1112 vel
1415 1059 1590 1127 aliqua
1624 1058 1652 1096 δ
1693 1055 2056 1123 inmqualitate

483 1149 854 1204 laborantibus
875 1151 1007 1204 satis
1039 1149 1211 1203 ﬁdelis
1253 1157 1308 1203 et
1354 1157 1573 1202 strenua
1624 1146 1780 1200 debet
1825 1158 2055 1213 persona

481 1239 742 1308 pratponi,
783 1254 902 1307 qua:
949 1248 1004 1292 et
1043 1239 1259 1308 aegrotis
1285 1253 1406 1290 cum
1445 1237 1644 1305 pietate
1687 1235 1904 1297 serviat,
1941 1245 1961 1272 ο
2002 1241 2059 1287 et

484 1326 922 1380 monasterialem
973 1326 1310 1393 disciplinam
1339 1324 1659 1393 regulariter
1681 1323 1977 1387 custodiat,
2003 1328 2057 1376 et

484 1433 605 1496 qua:
631 1417 952 1472 conveniant
980 1416 1208 1476 inﬁrmis
1227 1456 1239 1479 ,
1257 1415 1668 1476 .rationabiliter
1698 1413 1985 1482 expendat.

591 1507 618 1579 §
645 1507 763 1561 XX.
804 1537 870 1549 —-
897 1507 975 1560 Ex
997 1507 1215 1646 [lacrima
1244 1521 1428 1646 51%;)“
1452 1505 1682 1560 Caesam!
1720 1520 1950 1560 EPISCOI‘I

1144 1592 1259 1645 cap.
1386 1615 1399 1628 .

1144 1592 1259 1645 cap.
1286 1592 1399 1645 κδ).

561 1669 586 1708 δ
612 1668 748 1736 Quia
783 1667 918 1722 solet
939 1667 1076 1732 ﬁeri,
1110 1675 1167 1722 ut
1191 1667 1322 1721 cella
1351 1667 1664 1721 monasterii
1694 1681 1799 1720 non
1847 1680 2059 1734 semper

485 1763 670 1816 vinum
695 1763 892 1816 bonum
928 1761 1144 1825 habeat,
1173 1762 1238 1814 ad
1267 1759 1438 1813 sancti
1473 1757 1685 1812 abbatis
1713 1773 1899 1812 curam
1939 1772 2060 1826 per-

487 1854 646 1918 tinet,
677 1861 736 1906 ut
759 1851 863 1905 tale
889 1851 1070 1904 viuum
1099 1850 1399 1919 provideat,
1429 1851 1568 1902 unde
1598 1856 1691 1902 aut
1723 1847 1940 1911 inﬁrmi,
1967 1857 2060 1900 aut

487 1942 561 1997 illi
584 1943 674 2013 qui
704 1951 825 1997 sunt
849 1941 1132 1995 delicatius
1152 1940 1360 2003 nutriti,
1393 1939 1698 2008 palpentur.

777 2030 962 2105 §XXI.
993 2061 1064 2070 —
1087 2030 1221 2084 Item
1247 2031 1482 2099 ejusdem
1511 2031 1646 2101 (cap.
1673 2029 1780 2099 29).

561 2137 585 2165 ο
613 2124 854 2179 Lavacra
885 2125 1068 2188 etiam,
1105 2123 1125 2188 ἵ
1167 2124 1320 2192 cujus
1359 2123 1646 2176 inﬁrmitas
1675 2121 1937 2190 exposcit,
1962 2119 2064 2174 mi-

484 2217 631 2273 nime
660 2217 1008 2287 denegcntur.
1073 2215 1179 2270 Sed
1228 2215 1320 2268 ﬁat
1368 2216 1487 2268 sine
1540 2214 1965 2267 murmuratione
1995 2212 2062 2266 de

485 2309 716 2364 consilio
754 2310 778 2346 ⁸
805 2307 1104 2361 medicinze.
1140 2305 1221 2360 Ita
1273 2313 1332 2359 ut
1378 2305 1541 2358 etiam
1574 2305 1687 2358 sive
1736 2303 1900 2356 lavari
1932 2303 2064 2356 nolit

485 2398 596 2461 ille,
625 2398 714 2466 qui
746 2397 990 2452 inﬁrmus
1016 2404 1119 2460 est,
1136 2396 1357 2465 jubente
1383 2395 1596 2448 seniore
1619 2393 1734 2458 ﬁat,
1762 2394 1904 2462 quod
1927 2408 2063 2464 opus

484 2487 643 2542 fuerit
676 2503 773 2556 pro
796 2486 987 2541 salute.
1015 2485 1072 2539 Si
1097 2494 1275 2538 autem
1305 2483 1451 2537 nulla
1490 2482 1805 2537 inﬁrmitate
1829 2480 2062 2552 compel-

484 2578 614 2633 litur
635 2577 912 2647 cupiditati
935 2592 1046 2630 sua:
1075 2593 1182 2632 non
1213 2576 1518 2646 praibeatur
1555 2588 1829 2629 assensus.

617 2668 643 2739 §
674 2667 834 2721 XXII.
862 2697 937 2708 —
956 2665 1090 2720 Item
1114 2683 1177 2720 ex
1199 2666 1378 2720 eadem
1406 2663 1603 2735 Regula
1635 2666 1771 2736 (cap.
1813 2663 1926 2734 50).

558 2755 960 2828 Egrotantium
995 2770 1158 2819 cura,
1205 2755 1321 2810 sive
1366 2754 1542 2824 aliqua
1574 2754 1943 2808 imbecillitate
1981 2753 2062 2808 Ia-

483 2847 811 2911 borantium,
851 2847 941 2900 uni
969 2847 1102 2901 satis
1151 2845 1294 2900 ﬁdeli
1323 2855 1378 2900 et
1423 2853 1744 2915 compuncto
1772 2845 1933 2900 debet
1979 2844 2062 2898 in-

482 2938 659 3012 jungi,
705 2938 796 3008 qui
828 2939 893 2992 de
931 2938 1150 2992 cellario
1189 2945 1336 3007 petat
1381 2939 1737 3007 quodcunque
1766 2951 1900 3005 opus
1940 2951 2061 3005 per-

485 3030 746 3100 spexerit.
803 3031 871 3083 Et
925 3030 1045 3084 talis
1075 3029 1201 3100 eligi
1250 3029 1444 3083 debeat
1494 3029 1584 3098 qui
1624 3027 2060 3082 monasterialem

485 3121 722 3190 rigorem
748 3119 1037 3183 custodiat,
1061 3128 1115 3174 et
1140 3119 1366 3174 inﬁrmis
1393 3135 1515 3174 cum
1545 3119 1745 3188 pietate
1770 3118 2055 3172 deserviat.
2087 3150 2131 3211 ρ

483 3209 554 3264 Et
585 3210 631 3264 si
655 3209 758 3264 hoc
784 3210 1078 3264 necessitas
1134 3209 1470 3263 inﬁrmorum
1511 3209 1770 3278 exegerit,
1815 3217 1872 3263 et
1913 3208 2060 3263 Patri

485 3299 1024 3368 monasteriijustum
1047 3301 1220 3355 visum
1245 3300 1423 3365 fuerit,
1453 3301 1615 3354 etiam
1640 3299 1974 3354 cellariolum
2006 3308 2062 3355 et

488 3392 777 3461 coquinam
801 3406 954 3445 suam
987 3390 1185 3444 inﬁrmi
1212 3391 1266 3444 in
1289 3405 1572 3445 commune
1594 3390 1849 3444 habeant.

519 3481 547 3554 ᾗ
570 3481 753 3536 XXIII.
779 3511 851 3521 —
875 3481 955 3536 Ex
981 3480 1197 3554 Renum
1235 3495 1421 3554 siser!
1455 3481 1750 3535 AURELIANI
1782 3496 2019 3536 cpiscort

1125 3549 1262 3622 (cap.
1299 3551 1414 3621 57).

553 3639 788 3696 Inﬁrmis
811 3654 941 3696 vero
969 3641 1046 3694 ita
1070 3639 1550 3710 obtemperandum
1581 3648 1686 3704 est,
1723 3648 1782 3693 ut
1807 3639 1852 3694 si
1873 3648 2062 3694 sancto

559 3825 582 3851 ιι
614 3810 850 3880 Inﬁrmis
881 3827 1021 3875 vero,
1053 3821 1158 3865 etc.
1191 3811 1314 3866 Haec
1341 3819 1552 3880 sumpta
1585 3809 1835 3880 videntur
1859 3824 1925 3862 ex
1957 3807 2062 3862 Re-

487 3881 610 3950 gula
648 3878 704 3934 S.
738 3881 978 3946 (lmsarii,
1012 3897 1128 3950 cap.
1176 3883 1283 3936 50:
1319 3899 1336 3931 t
1378 3878 1530 3934 Etsi
1577 3880 1691 3950 hoc
1728 3878 2063 3950 inﬁrmarum

485 3947 782 4006 necessitas
818 3947 1091 4019 exegerit;
1109 3960 1162 4004 et
1188 3951 1339 4005 Matri
1383 3949 1694 4003 monasterii
1733 3947 1938 4019 justum
1982 3948 2064 4000 vi-

485 4020 803 4084 sumfuerit,
836 4027 890 4074 et
919 4016 1248 4075 cellariolum
1271 4028 1325 4074 et
1345 4019 1631 4089 coquinam
1661 4033 1812 4072 suam
1839 4016 2065 4071 inﬁrma:

487 4105 827 4144 communem
858 4091 1110 4143 habeant.
1147 4109 1165 4140 ι
1195 4090 1359 4145 Recta
1393 4089 1661 4143 institutio
1683 4129 1698 4151 ,
1737 4103 1803 4141 ne
1831 4101 2064 4141 conven-

485 4168 574 4213 tus
599 4159 973 4228 mgrotantium
1000 4159 1343 4212 multitudine
1375 4161 1642 4222 turbetur,
1670 4165 1722 4210 et
1751 4156 1850 4226 ipsi
1894 4170 2067 4226 {egro-

486 4227 668 4297 tantes
688 4227 1046 4297 negligentius
1078 4228 1395 4281 habeantur.

558 4297 585 4336 ι)
616 4295 1005 4367 latequalitate.
1053 4297 1110 4351 Id
1155 4306 1266 4361 est,
1308 4297 1516 4359 morbo,
1560 4305 1620 4350 ut
1661 4296 1819 4350 toties
1861 4295 2062 4350 dictum

485 4374 588 4421 est.

559 4447 582 4475 ο
615 4434 682 4488 Et
730 4435 1150 4490 monasterialem
1215 4434 1567 4504 disciplinam.
1627 4433 1761 4504 Quia
1814 4434 1866 4487 in
1933 4450 2061 4488 cura

483 4513 809 4574 aegrotorum
833 4506 1013 4559 multa:
1039 4515 1162 4560 sunt
1187 4503 1498 4558 occasiones
1535 4503 1870 4571 disciplinam
1907 4520 2063 4571 regu-

486 4575 654 4629 larem
676 4576 1084 4644 przevaricandi.
1112 4575 1251 4628 Idetn
1277 4576 1467 4628 statuit
1495 4574 1552 4627 S.
1583 4574 1853 4644 (lzcsarins
1884 4575 2064 4644 capite

484 4643 821 4708 citato,cum
847 4645 912 4698 de
935 4645 1163 4698 inﬁrmis
1197 4645 1306 4711 agit
1337 4663 1349 4696 :
1389 4663 1407 4694 ι
1450 4645 1514 4697 Et
1548 4643 1668 4697 talis
1713 4643 1834 4711 eligi
1879 4643 2059 4707 debet,

484 4730 605 4784 quae
633 4721 686 4784 et
714 4714 1146 4768 monasterialem
1178 4715 1408 4783 rigorem
1440 4715 1726 4778 custodiat,
1756 4722 1808 4767 et
1831 4712 2064 4768 inﬁrmis

485 4783 838 4854 eumpietate
854 4785 1154 4854 deserviat.
1195 4801 1214 4835 ι

556 4853 582 4893 ιι
609 4852 666 4908 In
698 4853 898 4922 Regula
921 4869 1143 4916 excusa,
1174 4852 1360 4907 eodem
1393 4853 1587 4921 capite.

563 4935 587 4963 ο
616 4919 850 4977 Lavacra
881 4925 1055 4977 etiam.
1087 4924 1314 4977 Exstant
1367 4923 1419 4975 in
1460 4919 1670 4992 Regula
1725 4920 1790 4992 S.
1840 4919 2062 4992 Cmsarii

484 4992 674 5048 eodem
720 5008 836 5062 cap.
880 4993 973 5058 29,
1027 5002 1237 5062 sumpta
1281 4992 1496 5062 quidem
1518 4990 1583 5045 ei
1627 4991 1826 5059 Regula
1859 4990 1915 5062 ξι.
1949 4991 2062 5062 {lu-

485 5062 706 5130 gustini,
737 5059 853 5132 cap.
889 5065 976 5116 5|.
1007 5059 1166 5116 Juxta
1197 5059 1336 5116 hanc
1380 5062 1817 5114 constitutionem
1950 5059 2061 5132 Ra-

486 5132 745 5203 degundis
779 5130 897 5203 qua:
937 5133 993 5186 S.
1024 5134 1243 5187 Cucsnrii
1269 5132 1484 5200 Regula:
1511 5132 1826 5203 serviebat,
1871 5130 2063 5203 funda-

487 5198 593 5254 trix
624 5198 853 5256 emnobii
885 5213 1081 5257 sancta:
1109 5203 1297 5256 Crucis
1347 5198 1399 5254 in
1443 5201 1573 5254 urbe
1603 5199 1903 5252 Pictavcnsi
1951 5198 2066 5251 bal-

486 5285 647 5324 neum
675 5271 729 5324 in
761 5273 947 5326 eodem
973 5273 1301 5326 monasterio
1330 5271 1568 5323 construi
1600 5269 1762 5336 jussit
1794 5269 1860 5322 ad
1909 5284 2064 5321 usum

485 5341 1000 5404 sanctimonialium,
1026 5351 1083 5394 ut
1115 5351 1296 5396 notum
1330 5349 1412 5394 est
1442 5355 1506 5392 ex
1550 5341 1607 5393 S.
1651 5339 1910 5409 Gregorio
1957 5337 2063 5392 Tu-

485 5411 726 5480 ronensi,
754 5411 845 5463 lib.
875 5429 908 5464 κ
940 5412 1102 5474 IIist.,
1130 5428 1247 5480 cap.
1284 5411 1364 5464 16.

541 5477 582 5558 ,ί
617 5479 782 5550 Cujus
822 5482 1101 5558 infirmitas
1151 5477 1398 5550 eiposcit.
1448 5479 1525 5534 Ita
1573 5480 1626 5533 in
1675 5494 1784 5548 reg.
1837 5491 2059 5541 excusa,

486 5544 641 5609 alias,
677 5544 794 5601 cum
829 5544 1126 5617 inﬁrmitas.

561 5619 585 5688 ε
617 5615 910 5688 Medicina’.
939 5620 1013 5671 Ita
1046 5621 1095 5672 in
1120 5618 1318 5688 Regula
1349 5633 1562 5672 excusa.
1594 5617 1764 5679 Alias,
1787 5615 1990 5688 medici.

557 5685 583 5722 ι
620 5684 826 5752 Infirmi
857 5689 1076 5752 quolibet
1107 5684 1303 5740 morbo.
1338 5688 1459 5742 Haec
1487 5704 1592 5742 non
1633 5686 1976 5756 reperiuntur
2008 5685 2061 5739 in

2154 502 2207 554 in
2231 516 2537 563 commune,
2568 506 2622 553 et
2640 498 2928 567 coquinam
2957 504 3359 564 sequestratam
3384 495 3640 549 habeant.
3664 495 3725 549 Et

2154 607 2282 646 cura
2325 590 2432 645 illis
2459 589 2543 644 vel
2573 589 2808 644 studium
2847 588 3212 658 impendatur,
3263 585 3437 640 donec
3477 585 3732 640 convaleo

2161 689 2334 735 scant.
2975 690 2980 694 '

2192 792 2521 865 §XXIV..—
2550 793 2627 846 Ex
2658 791 2875 846 Ilccuu
2901 806 3090 846 SANCTI
3118 790 3422 844 Funcruosr
3450 790 3591 860 (cap.
3623 789 3695 859 7).

2223 886 2250 923 ιι
2281 883 2483 938 Inﬁrmi
2519 883 2758 952 quolibet
2788 882 2975 937 morbo
3001 880 3202 935 defessi
3232 882 3248 920 ἱ
3290 881 3344 934 in
3374 895 3480 933 una
3514 878 3731 947 jaceant

2156 974 2337 1037 domo,
2365 981 2418 1027 et
2447 989 2586 1026 unus
2612 972 2704 1040 qui
2743 980 2900 1040 aptus
2932 979 3015 1025 est
3043 969 3329 1039 deligatur;
3355 979 3410 1022 et
3444 980 3602 1023 tanto
3631 970 3727 1022 mi—

2156 1061 2381 1116 nisterio
2409 1059 2714 1123 foveantur,
2767 1068 2826 1112 ut
2869 1074 2969 1114 nec
3015 1058 3439 1127 propinquorum
3483 1056 3729 1120 affectus,

2157 1167 2261 1207 nec
2307 1152 2520 1206 urbium
2553 1151 2772 1204 delicias
2815 1149 3116 1218 requirant,
3174 1149 3267 1203 sed
3317 1149 3462 1216 quod
3513 1163 3733 1202 necesse

2160 1243 2472 1305 habuerint,
2530 1240 2847 1295 ccllararius
2901 1248 2954 1293 et
3008 1238 3330 1308 praepositus
3379 1238 3730 1307 prmvideant.

2163 1327 2177 1378 i
2213 1328 2318 1398 Ipsi
2341 1345 2470 1383 vero
2504 1328 2702 1382 inﬁrmi
2729 1336 2876 1382 tanta
2914 1327 3274 1382 sollicitudine
3321 1327 3730 1388 admoneantur,

2160 1429 2222 1474 ut
2249 1422 2314 1476 de
2341 1436 2437 1475 ore
2460 1436 2648 1476 eorum
2681 1435 2780 1474 nec
2811 1419 3319 1488 quantuluscunque
3348 1418 3431 1472 vel
3467 1417 3604 1470 levis
3631 1433 3734 1470 ser-

2161 1526 2250 1565 mo
2268 1511 2710 1565 murmurationis
2729 1510 3017 1579 procedat;
3047 1509 3140 1563 sed
3170 1510 3224 1563 in
3276 1524 3370 1562 sua
3419 1507 3732 1562 inﬁrmitate

2162 1617 2284 1656 cum
2313 1601 2468 1656 hilari
2498 1609 2678 1656 mente
2707 1602 2824 1656 sine
2855 1600 3255 1655 intermissione
3283 1607 3338 1654 et
3364 1601 3389 1638 κ
3422 1599 3558 1653 tulta
3595 1615 3734 1652 mur-

2164 1693 2484 1747 murationis
2511 1693 2812 1756 occasione,
2843 1701 2899 1745 et
2927 1707 3052 1746 vera
3102 1692 3283 1746 cordis
3323 1691 3734 1761 compunctione

2162 1798 2376 1854 semper
2403 1783 2514 1839 Deo
2533 1785 2735 1854 gratias
2763 1792 2946 1852 agant.
2975 1784 3045 1837 Et
3078 1781 3096 1820 1
3128 1782 3300 1837 frater
3321 1784 3412 1852 qui
3447 1784 3528 1837 eis
3577 1783 3731 1836 mini-

2161 1882 2319 1940 strat,
2381 1875 2528 1928 nullo
2572 1884 2730 1944 pacto
2781 1873 3051 1929 offendere
3077 1885 3115 1911 ω
3145 1873 3361 1928 audeat.
3386 1873 3542 1940 Quod
3566 1873 3610 1927 si
3642 1873 3735 1925 ali-

2161 1965 2303 2032 quis,
2334 1973 2396 2018 ut
2422 1965 2679 2029 diximus,
2708 1979 2775 2019 ex
2803 1980 2900 2018 ore
2925 1979 3112 2018 eorum
3139 1965 3585 2018 murmurationis
3615 1979 3733 2034 pro-

2162 2053 2387 2106 cesserit
2410 2053 2716 2123 scrupulus,
2770 2054 2838 2107 ab
2891 2052 3086 2106 abbate
3144 2053 3514 2122 increpcntur,
3570 2061 3622 2107 et
3671 2067 3735 2105 ne

2164 2142 2286 2196 talia
2316 2158 2480 2212 supra
2510 2145 2649 2198 dicta
2683 2143 2862 2198 facere
2901 2153 3261 2213 praesumant,
3299 2145 3731 2197 admoneamur:

2162 2233 2236 2286 ita
2265 2243 2323 2286 ut
2363 2233 2454 2288 ille
2483 2249 2577 2288 eos
2606 2245 2842 2299 accuset,
2878 2235 2968 2303 qui
3009 2235 3113 2288 hoc
3156 2235 3519 2289 ministerium
3565 2235 3731 2305 injun-

2161 2333 2308 2378 ctum
2338 2324 2519 2378 habet.

2310 2432 2338 2505 θ
2365 2434 2529 2490 XXV.
2567 2466 2636 2476 —
2665 2436 2745 2490 Ex
2777 2436 2996 2493 REGULA
3021 2452 3283 2492 cotusnu
3313 2437 3452 2508 (cap.
3486 2437 3593 2508 I5).

2155 2557 2166 2568 -
2232 2537 2258 2564 ιι
2289 2526 2494 2582 Horum
2521 2545 2651 2584 cura
2676 2531 2766 2599 qui
2791 2531 3196 2585 inﬁrmitatibus
3230 2531 3542 2584 detinentur
3562 2571 3577 2593 ,
3607 2545 3728 2600 qua-

2161 2617 2229 2673 lis
2255 2632 2376 2673 esse
2407 2618 2586 2685 debet,
2621 2629 2645 2654 °
2668 2621 2842 2692 pietas
2859 2621 3097 2676 auctoris
3131 2620 3392 2685 declarat,
3421 2636 3547 2674 cum
3578 2620 3725 2673 dicit:

2163 2710 2498 2782 Quaecunque
2522 2710 2698 2776 vultis,
2727 2721 2782 2764 ut
2810 2712 2950 2766 vobis
2997 2711 3197 2780 faciant
3237 2711 3496 2774 homines,
3554 2719 3604 2764 et
3652 2727 3728 2764 ros

2161 2801 2319 2870 facite
2342 2803 2415 2856 eis
2439 2812 2465 2852 ι)
2487 2801 2729 2856 similiter
2752 2801 2966 2874 (Matth.
2999 2801 3119 2872 vn).
3144 2802 3296 2856 Licet
3323 2802 3426 2856 hoc
3473 2801 3528 2856 in
3566 2801 3728 2854 omni-

2161 2892 2261 2946 bus
2285 2892 2358 2947 sit
2382 2893 2670 2964 agcndum,
2697 2892 2965 2962 przccipue
2998 2901 3177 2948 tamen
3231 2892 3286 2946 in
3344 2890 3726 2945 inﬁrmantium

2161 2996 2294 3036 cura
2321 2983 2436 3036 haec
2461 2983 2751 3052 praeceptio
2801 2990 2886 3036 est
2931 2981 3277 3036 exhibenda:
3317 2981 3444 3051 quia
3484 2981 3729 3036 Dominus

2163 3071 2318 3137 dixit,
2341 3072 2581 3140 inﬁrmus
2609 3073 2710 3142 fui,
2741 3082 2789 3126 et
2818 3083 2847 3122 (ι
2880 3073 3093 3126 venistis
3117 3076 3184 3126 ad
3215 3089 3297 3126 me
3336 3072 3556 3143 (Matth.
3592 3072 3725 3141 xxv).

2209 3179 2240 3216 a
2271 3178 2401 3234 ergo
2427 3180 2556 3218 cura
2598 3164 2827 3218 inﬁrmis
2856 3164 3142 3233 quaerenda
3180 3171 3286 3227 cst,
3318 3178 3380 3218 ac
3411 3164 3457 3217 si
3487 3165 3727 3233 presenti

2161 3253 2379 3310 Christo
2406 3255 2716 3310 ministrare
2744 3263 2983 3324 putetur.
3017 3253 3095 3306 Re
3116 3268 3243 3307 vera
3267 3254 3469 3307 etenim
3516 3255 3728 3322 quicuu-

2161 3360 2267 3416 que
2287 3362 2386 3416 pro
2424 3346 2643 3401 Christo
2672 3345 2901 3400 inﬁrmis
2955 3359 3142 3398 curam
3186 3343 3480 3412 impendit,
3526 3344 3730 3397 Christo

2163 3441 2217 3495 in
2245 3441 2475 3494 inﬁrmis
2511 3440 2802 3494 ministrat.
2837 3438 2927 3493 Sic
2954 3447 3133 3492 tamen
3150 3438 3368 3498 abbatis
3402 3454 3533 3492 cura
3565 3437 3654 3500 sit,
3682 3446 3732 3488 ut

2163 3531 2453 3602 separatim
2476 3531 2668 3586 cellam
2690 3530 2925 3584 habeant
2946 3544 3068 3583 cum
3100 3527 3350 3582 omnibus
3372 3528 3732 3596 Opportunita-

2163 3622 2333 3687 tibus,
2367 3629 2425 3676 ut
2478 3621 2684 3674 nullum
2723 3621 3045 3676 exteriorem
3095 3619 3335 3674 laborem
3368 3619 3604 3682 sentiat,
3649 3618 3730 3687 qni

2162 3793 2366 3864 Regula
2393 3792 2450 3848 S.
2470 3793 2752 3864 Fructuosi
2769 3793 3004 3864 episcopi
3030 3791 3381 3864 Bracarensis
3398 3791 3520 3846 cod.
3538 3792 3726 3855 Crass,

2163 3863 2263 3919 sed
2279 3864 2532 3918 videntur
2557 3879 2679 3918 esse
2707 3863 2933 3917 alterius
2955 3863 3260 3916 Fructuosi.

2240 3933 2357 3989 iIn
2388 3949 2492 3986 una
2521 3934 2675 3986 domo
2717 3933 2952 4002 jaceant.
3008 3931 3071 4002 In
3119 3931 3251 3986 cella
3298 3930 3632 4002 inﬁrmorum
3676 3940 3726 3984 ut

2163 4003 2402 4073 loquitur
2430 4001 2485 4056 S.
2522 4000 2863 4056 Benedictus.
2893 4002 2952 4073 S.
2985 4001 3250 4056 Caesarius
3273 4002 3325 4054 in
3355 4000 3558 4071 Regula
3584 4016 3723 4073 sanc-

2166 4071 2543 4136 timonialium,
2577 4089 2694 4142 cap.
2723 4073 2751 4124 7
2780 4086 2794 4124 :
2833 4091 2849 4121 ι
2876 4071 3005 4137 Quae
3034 4085 3163 4126 vero
3179 4086 3336 4142 senes
3361 4080 3488 4124 sunt
3512 4079 3564 4125 et
3594 4071 3724 4142 inﬁr-

2162 4159 2286 4208 mre,
2321 4145 2392 4196 ita
2426 4143 2530 4196 illis
2553 4141 2804 4196 convenit
2846 4143 3208 4210 obtemperari
3256 4141 3342 4194 vel
3389 4141 3647 4204 ordinari,
3674 4149 3723 4192 ut

2163 4229 2272 4267 non
2307 4212 2528 4283 singula:
2550 4213 2790 4283 singulas
2814 4211 2978 4267 cellas
3004 4212 3269 4274 habeant,
3305 4211 3402 4266 sed
3428 4211 3484 4264 in
3518 4226 3619 4265 una
3647 4224 3722 4264 re-

2163 4281 2433 4353 cipiantur
2457 4281 2667 4345 omnes,
2696 4281 2785 4334 ubi
2814 4291 3170 4353 etmaneant.
3210 4301 3229 4333 ι

2237 4351 2250 4400 i
2285 4353 2400 4422 ‘Ipsi
2429 4368 2544 4406 vero
2579 4353 2798 4419 inﬁrmi.
2840 4350 2967 4406 Haec
3017 4359 3328 4405 statuuntur
3361 4350 3523 4419 juxta
3568 4346 3722 4406 sancti

2164 4421 2439 4477 Benedicti
2468 4431 2725 4475 mentem.

2088 4478 2140 4536 D
2237 4494 2262 4532 ιι
2292 4492 2465 4544 Ταιεα.
2493 4492 2550 4545 ld
2577 4501 2678 4554 est,
2709 4491 2938 4545 sublata.
2969 4493 3307 4561 ’Δρχαῐσμὸς.

2243 4562 2257 4599 1
2294 4561 2504 4615 Frater.
2549 4561 2673 4614 llaec
2724 4560 3050 4615 conﬁrmant
3085 4560 3438 4630 superiorem
3499 4567 3718 4630 nostram

2162 4633 2468 4701 Opinionem
2494 4631 2635 4700 quod
2664 4632 2912 4684 monachi
2941 4628 3181 4701 debeant
3208 4629 3436 4684 inﬁmis
3462 4628 3719 4684 monachis

2163 4699 2492 4755 ministrare.
2514 4699 2668 4769 Lege
2694 4710 2874 4754 tamen
2895 4702 2950 4755 τὸ
2984 4699 3220 4767 fratrem.

2235 4782 2274 4809 ω
2303 4771 2524 4824 Audeat.
2552 4769 2712 4838 Lege,
2739 4771 2986 4822 audeant.

2236 4851 2265 4877 ιι
2300 4839 2501 4894 Horum
2525 4828 2672 4904 cura,
2701 4828 2807 4893 etc.
2837 4839 2949 4893 Hoc
2977 4848 3136 4909 caput
3161 4844 3246 4909 est
3292 4828 3459 4893 veluti
3495 4838 3717 4909 quadam

2203 4911 2512 4980 araphrasis
2571 4908 3108 4980 superioriscapitis
3159 4907 3570 4980 S._Benedicti.
3601 4907 3716 4980 Cod.

2193 4976 2319 5035 Vind:
2346 4981 2421 5034 ita
2452 4979 2578 5048 legit
2601 4976 2662 5031 εἰ
2699 4979 2902 5032 Horum
2942 4978 3032 5047 qui
3077 4978 3131 5031 in
3169 4978 3576 5032 inﬁrmitatibus
3599 4976 3718 5032 deti-

2161 5059 2376 5174 ;iietitur,
2404 5050 2577 5120 qualis
2603 5050 2758 5104 debet
2780 5065 2897 5104 esse
2918 5049 3423 5118 pietas,auctoritas
3445 5049 3714 5102 declarat.»

2215 5137 2242 5173 a
2267 5136 2316 5174 c.

2215 5136 2316 5174 ille.

2234 5199 2258 5224 ο
2287 5190 2546 5242 Auctoris.
2573 5188 2627 5241 Id
2649 5197 2750 5252 est,
2768 5187 3045 5258 principis,
3071 5187 3496 5257 capitis,nempe
3515 5184 3714 5258 Christi.

2234 5271 2260 5309 ιδ
2287 5260 2559 5314 Similiter.
2579 5259 2690 5312 Hoc
2711 5257 3026 5314 vocabulum
3049 5272 3154 5310 non
3185 5268 3266 5311 cst
3299 5259 3350 5311 in
3382 5267 3530 5312 textu
3563 5257 3717 5309 Evan-

2200 5331 2308 5386 eiii.

2163 5347 2520 5453 8cituI’enistis
2548 5399 2617 5450 ad
2646 5415 2745 5452 me.
2792 5399 2848 5452 In
2883 5406 3031 5451 textu
3067 5397 3378 5466 emugelico
3411 5397 3645 5456 habemr’
3674 5401 3714 5466 ῃ

2163 5471 2412 5526 risitastis
2433 5486 2530 5522 me.
2561 5468 2666 5522 Sed
2695 5470 2762 5538 ad
2791 5483 3021 5536 sequens
3065 5463 3607 5538 Opus—misericorditc
3640 5463 3714 5514 illa

2165 5544 2325 5596 verba
2365 5537 2755 5610 spectantiln
2783 5534 2990 5591 car—cere
3031 5534 3198 5610 eram,
3231 5551 3278 5590 et
3307 5537 3511 5591 renisus
3537 5534 3600 5585 ad
3625 5548 3708 5583 mc.

2165 5613 2350 5681 Itailne
2387 5607 2597 5664 videtur
2627 5609 2904 5681 hicl’ater
2929 5610 3072 5663 hunc
3101 5607 3276 5661 locum
3303 5611 3496 5662 citasse
3516 5619 3578 5657 ex
3611 5618 3708 5655 mc-

2168 5680 2358 5748 meiia,
2398 5696 2502 5734 non
2533 5695 2598 5734 ex
2627 5680 2832 5734 codice.
