3940 6196
1570 223 1597 244 Ι

302 306 326 361 Ι
338 304 444 361 095

1222 301 1607 360 CONCORDIA
1649 304 2099 364 REGULARUM.
2139 337 2210 348 -—
2246 308 2403 365 CAP.
2444 308 2601 364 XLV".

3411 317 3550 374 109$

299 414 516 469 inﬁrma
539 428 702 469 carne
724 427 939 483 poenam
988 421 1185 482 portat.
1239 413 1395 482 Quod
1445 415 1492 471 si
1546 424 1758 485 tempus
1783 430 1878 487 po-
1902 418 2087 488 Adiei
2111 418 2312 474 dictum
2356 422 2714 485 surrexerint,
2759 424 3313 481 excommunicentur.
3365 426 3431 481 Et
3483 429 3552 483 ad

296 503 557 576 poscerit,
587 502 726 558 sicut
755 511 965 573 tempus
994 503 1451 574 quadragesimae,
1499 506 1765 559 uteteteri
1794 506 1878 560 vi-

301 602 415 648 tam
448 601 677 659 mutent,
704 592 934 648 inﬁrmis
960 607 1172 663 semper
1194 605 1221 633 α
1248 595 1544 650 cedendum
1567 604 1744 661 est,ut
1768 604 1878 651 tam

298 692 464 755 potus
492 699 654 754 quam
700 683 905 738 cibaria
954 685 1174 740 uberius
1227 685 1624 742 ministrentur.
1656 687 1880 744 Balnea—

297 791 421 830 rum
444 791 574 830 usus
597 774 679 829 vel
705 790 834 830 cura
860 776 1110 831 medendi
1152 791 1363 833 summo
1408 779 1730 848 adhibeatur
1767 786 1880 834 stu-

297 866 411 921 dio.
445 863 605 920 Sanis
630 879 757 920 vero
791 865 1060 934 praecipue
1091 866 1394 936 juvencnlis
1429 867 1636 923 tardius
1683 882 1879 923 conce-

297 958 478 1012 datur.
507 956 688 1012 Abbas
712 955 873 1011 talem
905 971 1091 1012 curam
1130 957 1195 1011 de
1225 956 1457 1013 inﬁrmis
1488 959 1713 1023 habeat,
1742 974 1878 1028 qua-

298 1048 408 1103 lem
441 1063 500 1102 se
532 1047 773 1117 recipere
799 1061 829 1100 a
860 1046 1087 1103 Domino
1114 1055 1296 1117 sperat
1325 1063 1339 1101 :
1368 1055 1547 1102 utnec
1585 1063 1615 1101 a
1656 1049 1879 1103 cellara-

296 1141 382 1194 rio
422 1154 521 1193 nec
570 1153 600 1192 a
651 1138 899 1192 ministro
933 1137 1311 1208 negligentiam
1365 1139 1563 1193 inﬁrmi
1618 1141 1874 1195 sentiant.

300 1230 589 1298 Decrepita
619 1244 746 1284 vero
766 1235 925 1283 aetate
953 1226 1111 1284 fessis
1156 1228 1277 1283 talis
1306 1229 1379 1283 sit
1411 1244 1537 1284 cura
1568 1270 1583 1295 ,
1610 1239 1878 1300 quatenus

295 1321 444 1375 nulla
473 1321 527 1374 in
553 1320 632 1374 eis
660 1319 1005 1390 negligentia,
1037 1322 1130 1375 sed
1153 1320 1305 1390 juxta
1326 1322 1606 1377 arbitrium
1639 1324 1873 1389 abbatis,

292 1418 460 1480 prout
486 1410 681 1479 cuique
703 1409 1065 1464 necessarium
1091 1425 1214 1465 esse
1235 1411 1428 1465 viderit
1448 1412 1877 1469 consideratione

293 1502 386 1568 pia
433 1514 617 1553 eorum
670 1497 1024 1553 imbecillitati
1072 1501 1419 1554 concedatur.
1480 1500 1598 1555 Non
1643 1502 1789 1555 enim
1819 1502 1875 1556 hi

294 1595 525 1657 possunt
558 1587 774 1658 Regulae
794 1585 1093 1655 subiacere,
1122 1587 1216 1643 sed
1244 1588 1425 1659 potius
1460 1589 1678 1660 pietatis
1717 1590 1771 1644 in
1794 1588 1876 1646 eis

297 1677 690 1749 impendendus
710 1684 796 1733 est
819 1675 1065 1732 affectus.

440 1768 678 1841 §XXVL
700 1797 776 1809 —
806 1767 886 1822 Ex
919 1766 1139 1823 Recuu
1167 1766 1432 1824 MAGISTRI
1456 1766 1595 1840 (cap.
1618 1767 1733 1838 28).

370 1858 660 1914 1tinﬁrmis
703 1867 851 1915 certa
892 1857 1098 1927 jejunia
1148 1858 1506 1923 resolvantur,
1555 1867 1612 1915 et
1664 1860 1879 1929 quando

298 1951 495 2004 fratres
521 1949 587 2002 ad
612 1956 823 2003 sextam
844 1948 1112 2015 reﬁciunt,
1130 1948 1327 2004 inﬁrmi
1359 1949 1517 2004 tertia
1543 1960 1875 2015 recreentur,

295 2039 504 2109 absque
532 2039 638 2093 illis
674 2039 767 2108 qui
811 2039 1049 2110 graviter
1090 2050 1113 2078 ε
1160 2038 1359 2095 defessi
1403 2040 1722 2110 sunt:quia
1771 2040 1880 2095 illis

299 2127 449 2182 nulla
498 2127 630 2182 hora
680 2127 1019 2192 decernitur,
1066 2127 1121 2181 in
1166 2128 1364 2196 quibus
1417 2128 1636 2183 timetur
1690 2129 1880 2185 mortis

297 2224 545 2270 eventus.
576 2214 806 2284 Ideoque
851 2215 1121 2285 quomodo
1169 2216 1466 2272 necessitas
1498 2216 1632 2283 visa,
1681 2226 1737 2273 et
1782 2232 1880 2288 pro

296 2312 454 2361 certo
506 2305 727 2373 probata
779 2306 1042 2374 quosdam
1073 2306 1405 2375 permiserit,
1450 2317 1787 2363 recreentur.
1821 2306 1880 2362 Si

300 2410 432 2450 vero
460 2394 579 2449 sani
608 2394 803 2450 fratres
828 2410 993 2461 nona,
1022 2394 1221 2450 inﬁrmi
1272 2406 1427 2453 sexta
1462 2397 1726 2454 reﬁciant.
1775 2398 1882 2454 Sed

302 2488 408 2543 hoc
434 2486 594 2541 debet
617 2485 857 2557 diligenti
904 2486 1218 2541 curiositate
1267 2489 1502 2557 probare
1556 2488 1882 2558 quibusdam

300 2575 492 2647 signis,
514 2574 599 2629 vel
625 2589 916 2645 agnoscere
943 2576 1129 2630 abbas.
1162 2574 1239 2629 Ne
1260 2576 1382 2644 quis
1397 2591 1455 2631 se
1478 2577 1647 2647 ﬁngat
1675 2575 1703 2615 ἀ
1726 2591 1886 2647 prop-

303 2674 389 2723 ter
417 2665 729 2722 refectionis
749 2667 936 2721 vitium
975 2666 1363 2736 edacitatisque
1400 2667 1692 2723 inﬁrmum.
1746 2666 1884 2722 Nam

302 2765 427 2820 ideo
456 2762 688 2819 inﬁrmis
713 2762 909 2820 resolvi
931 2764 1136 2835 jejunia
1165 2764 1421 2830 diximus,
1462 2773 1684 2835 propter
1711 2762 1878 2833 fragi-

304 2856 516 2911 litatem
543 2855 810 2926 corporis,
835 2870 932 2925 per
957 2871 1122 2925 quam
1170 2870 1279 2910 non
1326 2863 1553 2925 possunt
1593 2854 1886 2924 adimplere

308 2948 453 3020 quod
486 2949 712 3018 cupiunt
734 2947 945 3003 dicente
975 2946 1278 3016 Scriptura,
1310 2958 1334 2985 °
1366 2945 1882 3017 spirituspromptus,

310 3055 438 3094 caro
466 3038 678 3108 infirma
704 3036 919 3109 (Matth.
942 3035 1114 3110 xxvi).

557 3126 587 3198 ᾗ
610 3125 820 3182 XXVII.
845 3156 915 3165 —
934 3124 1069 3180 Item
1089 3124 1321 3195 ejusdem
1340 3124 1478 3196 (cap.
1511 3123 1623 3195 69).

386 3215 406 3255 ί
432 3214 652 3271 Fratres
673 3224 904 3288 aegrotos
930 3215 1020 3285 qui
1045 3231 1103 3270 se
1128 3215 1365 3270 dixerint
1383 3229 1520 3278 esse,
1562 3220 1616 3268 et
1649 3213 1717 3268 ad
1745 3227 1883 3282 opus

310 3305 409 3360 Dei
435 3321 496 3361 se
520 3321 627 3361 non
650 3305 964 3371 levaverint,
1001 3313 1057 3359 et
1081 3304 1335 3359 continuo
1356 3303 1649 3372 jacuerint,
1680 3302 1746 3358 ad
1765 3302 1886 3357 cul-

311 3411 437 3468 pam
486 3411 593 3451 non
630 3404 925 3461 vocentur;
975 3395 1070 3451 sed
1108 3395 1162 3450 in
1207 3393 1500 3449 refectione
1552 3389 1889 3447 solummodo

316 3490 341 3528 δ
365 3501 562 3542 succus
588 3486 674 3541 vel
695 3501 796 3542 ova
819 3494 910 3540 aut
946 3485 1176 3542 calidam
1196 3499 1390 3554 aquam
1414 3483 1682 3552 accipiant
1707 3522 1721 3546 ,
1745 3482 1888 3550 quod

315 3580 404 3634 vix
432 3587 658 3649 possunt
688 3579 715 3618 ιι
754 3579 857 3633 viri
904 3578 1112 3633 ttediosi
1166 3577 1454 3647 accipere:
1485 3585 1567 3641 ut,
1609 3576 1655 3630 si
1701 3590 1760 3630 se
1788 3573 1890 3629 ﬁu-

315 3679 473 3742 gunt,
504 3670 587 3726 vel
642 3669 783 3725 fame
833 3670 1222 3741 compellantur
1266 3668 1452 3723 levari.
1492 3667 1550 3722 Si
1602 3681 1731 3721 vero
1768 3672 1890 3736 post

392 3832 418 3859 ι
447 3816 767 3873 Cedendum.
798 3818 854 3874 ld
888 3827 971 3874 est
999 3817 1440 3888 permittendum.

389 3889 419 3928 ιν
458 3888 881 3958 Inﬁrmisicerta
917 3886 1151 3958 jejimia,
1202 3897 1304 3941 etc.
1360 3887 1483 3958 llam
1501 3886 1783 3958 habentur
1836 3886 1892 3942 in

320 3956 531 4027 Regula
546 3973 650 4027 nis.
678 3956 1060 4027 Magistricod.
1090 3956 1251 4013 Corb.
1281 3956 1469 4012 eodem
1490 3957 1579 4011 28.

395 4024 429 4067 ὅ
446 4026 670 4096 Defessi.
698 4024 886 4081 ln_ms.
916 4026 1249 4090 Concordite,
1276 4026 1583 4096 prodefessi.
1612 4024 1739 4092 Sed,
1775 4042 1889 4096 pro,

395 4043 418 4067 ε
446 4043 670 4096 υειεεδι.
699 4043 759 4080 ιιι
784 4043 886 4081 ms.
916 4043 1249 4090 uoncorune,
1274 4043 1583 4149 Kroaeiessr.
1613 4043 1739 4092 Sea,
1775 4043 1889 4096 pro,

319 4106 544 4168 apparet
565 4096 927 4168 obliteratum.
946 4097 1002 4168 in
1023 4098 1144 4168 cod.
1167 4096 1272 4168 Cor
1315 4136 1328 4148 .
1355 4095 1567 4168 legitur,
1589 4096 1892 4166 perdefessi,

321 4165 512 4229 idest,
542 4166 769 4220 multum
801 4166 1021 4222 defessi.
1058 4166 1225 4221 Recta
1255 4165 1434 4219 lectio.

395 4237 422 4276 ά
461 4234 682 4306 Propter
706 4236 1229 4306 refectionis__ritium
1275 4235 1666 4305 edacitatisque.
1713 4234 1810 4306 lta_
1839 4234 1895 4306 in

322 4308 446 4361 cod.
474 4303 808 4370 Concordiae,
829 4306 919 4375 ubi
952 4323 964 4359 :
1005 4303 1198 4375 Vitium
1218 4314 1273 4360 et
1304 4321 1421 4375 que,
1459 4303 1720 4375 apparent
1747 4304 1897 4358 addi-

323 4385 379 4432 ta
413 4375 516 4429 alia
563 4375 849 4444 scriptura.
886 4373 1081 4444 itaque
1132 4374 1268 4444 lege,
1316 4373 1379 4428 ut
1420 4373 1613 4444 in
1652 4374 1894 4444 Corb.‘et

1978 523 2218 563 mensam
2239 509 2511 565 carnalem
2541 525 2648 565 non
2673 511 2951 575 accedant,
2994 513 3086 580 qui
3130 513 3198 568 ad
3247 514 3547 583 spiritalem

1976 598 2204 652 oratorii
2233 613 2340 653 non
2370 598 2677 663 adfuerunt,
2728 600 2855 669 quia
2892 599 3131 655 laborem
3183 602 3457 673 fugerunt,
3501 614 3557 661 et

1976 703 2113 757 opus
2142 690 2236 743 Dei
2257 699 2716 762 contempserunt.
2746 691 2884 746 Nam
2921 693 2976 746 in
3016 693 3102 748 bis
3152 694 3350 750 talibus
3388 712 3556 767 agno-

1977 778 2147 832 scitur
2173 779 2421 836 diabolus
2453 796 2553 851 per
2598 781 3005 837 excusationem
3036 782 3179 837 taedii
3212 783 3231 823 ί
3270 786 3555 854 somnique

1974 869 2248 940 pigritiam
2278 871 2607 926 ministrare.
2655 870 2888 940 Ideoque
2921 871 3083 926 talem
3114 872 3418 928 mercedem
3463 888 3553 928 re-

1976 959 2199 1027 cipiant.
2230 958 2331 1026 Qui
2359 975 2488 1015 vero
2514 959 2684 1014 frater
2713 961 2830 1015 sine
2884 959 3051 1015 febris
3080 962 3558 1033 membrorumque

1977 1048 2160 1106 dolore
2182 1050 2438 1117 lassatur,
2465 1052 2510 1106 si
2539 1064 2756 1121 pinnam
2782 1067 2945 1121 supra
2968 1051 3122 1105 dicta:
3146 1049 3184 1122 [i
3229 1051 3556 1125 lassitudini]

1976 1142 2550 1197 excommunicationis
2574 1141 2846 1197 sustinere
2867 1156 2975 1196 non
3000 1140 3143 1206 vult,
3169 1141 3334 1196 intret
3376 1152 3558 1197 tamen

1978 1230 2034 1284 in
2061 1232 2357 1285 oratorium
2383 1238 2641 1287 consueta
2681 1246 2804 1286 cum
2860 1229 3122 1285 fratribus
3170 1230 3346 1295 hora;
3392 1239 3449 1283 et
3501 1230 3549 1284 si

1977 1327 2123 1376 stare
2144 1336 2250 1375 non
2276 1319 2657 1391 potestjacens
2692 1321 2746 1375 in
2790 1327 2959 1375 matta
3005 1320 3152 1375 velut
3203 1321 3258 1373 in
3307 1321 3554 1375 oratione

1974 1410 2187 1480 psallat.
2218 1409 2316 1466 Cui
2345 1411 2574 1465 avicino
2610 1410 2781 1465 fratre
2805 1417 2985 1464 stante
3024 1409 3307 1464 insidietur
3349 1420 3558 1475 tamen,

1976 1514 2044 1555 ne
2079 1499 2344 1554 dormiat.
2392 1499 2450 1554 Si
2476 1515 2605 1555 vero
2631 1507 2821 1570 postea
2847 1515 2914 1554 ex
2952 1507 3067 1554 toto
3100 1498 3235 1553 nihil
3277 1498 3558 1554 laborave—

1976 1592 2068 1658 rit,
2094 1608 2255 1648 unam
2281 1593 2543 1663 quadram
2571 1592 2727 1662 panis
2753 1591 2932 1646 minus
2960 1591 3013 1645 in
3044 1605 3257 1645 annona
3284 1606 3380 1645 sua
3406 1590 3556 1645 acci-

1975 1682 2106 1750 piat,
2149 1690 2205 1736 et
2247 1681 2495 1750 potiones
2541 1681 2677 1735 duas
2716 1681 3030 1735 subductas.
3061 1679 3128 1733 Et
3167 1679 3271 1732 hoc
3320 1687 3554 1743 tantum,

1904 1772 1953 1831 B
1981 1770 2107 1840 quia
2132 1769 2216 1824 vel
2262 1770 2332 1825 ad
2380 1784 2516 1840 opus
2563 1768 2661 1824 Dei
2705 1768 2959 1823 surrexit.
2989 1766 3017 1806 ιι
3040 1766 3177 1832 Quia
3221 1780 3319 1820 nec
3344 1764 3552 1834 justum

1978 1866 2083 1924 est,
2116 1866 2177 1912 ut
2197 1858 2405 1912 otiosus
2430 1855 2598 1911 frater
2626 1864 2817 1911 contra
2841 1855 3177 1910 laborantem
3203 1852 3551 1918 fratrem,cui

1979 1949 2131 2020 digni
2154 1948 2357 2004 laboris
2385 1962 2594 2003 merces
2640 1947 2890 2011 debetur,
2934 1943 3215 2014 :equaliter
3248 1942 3553 2011 iudicetur;

1977 2049 2035 2098 et
2057 2040 2184 2110 quia
2205 2039 2329 2094 bovi
2355 2037 2629 2092 trituranti
2652 2051 2759 2090 non
2781 2034 3092 2105 alligabitur
3116 2048 3180 2088 os
3203 2031 3380 2101 (Deut.
3427 2048 3554 2097 xxv;

1982 2133 2013 2187 Ι
2045 2131 2169 2187 Cor.
2202 2130 2314 2202 ix);
2359 2129 2441 2184 sic
2460 2136 2516 2183 et
2541 2128 2633 2199 qui
2657 2142 2767 2183 non
2788 2126 3016 2190 laborat,
3043 2123 3088 2179 si
3135 2131 3357 2193 propter
3386 2122 3553 2189 justi-

1979 2226 2133 2281 tiam.
2174 2221 2193 2261 1
2234 2220 2353 2276 Jam
2375 2221 2421 2276 si
2448 2235 2519 2276 ex
2556 2227 2670 2275 toto
2693 2233 2800 2272 non
2836 2215 3145 2280 manducat,
3174 2212 3260 2270 vel
3284 2228 3384 2283 pro
3411 2212 3556 2267 taedii

1978 2315 2242 2387 qualitate
2288 2319 2502 2367 tantum
2542 2308 2833 2365 manducet
2882 2314 3143 2376 quantum
3187 2301 3440 2358 laborans
3468 2310 3561 2355 aut

1980 2419 2165 2468 sanus,
2193 2402 2321 2472 quia
2357 2401 2647 2470 impotens,
2687 2398 2816 2467 quia
2863 2395 2933 2449 ad
2976 2394 3217 2448 laborem
3260 2390 3561 2461 proclamat

1981 2509 2040 2550 se
2065 2506 2174 2547 non
2198 2504 2380 2561 posse,
2412 2489 2542 2544 item
2569 2488 2638 2542 ad
2672 2483 3108 2540 manducandum
3133 2480 3409 2551 judicetur
3449 2494 3559 2534 non

1980 2596 2161 2654 posse,
2193 2581 2320 2651 quia
2347 2589 2638 2649 utrumque
2697 2590 2805 2631 non
2840 2587 2998 2645 posse
3022 2571 3249 2641 iustitia:
3284 2569 3557 2635 convenit,

1983 2683 2039 2731 et
2063 2689 2248 2729 veram
2273 2671 2654 2729 necessitatem
2676 2668 2933 2724 ostendit.
2962 2665 3022 2721 Si
3042 2678 3170 2719 vero
3199 2664 3267 2718 ad
3304 2664 3559 2718 laboran-

1984 2765 2111 2820 dum
2141 2777 2244 2817 non
2264 2774 2574 2831 possumus,
2607 2767 2663 2813 et
2691 2758 2757 2811 ad
2782 2755 3216 2810 manducandum
3237 2752 3383 2822 juste
3403 2750 3562 2804 debe-

1985 2867 2046 2908 re
2086 2867 2192 2906 non
2221 2864 2398 2920 posse.
2430 2849 2535 2903 Per
2576 2846 2847 2919 pigritiam
2899 2844 3048 2899 enim
3098 2842 3260 2898 otiosi
3300 2838 3560 2911 gluttonis

1985 2942 2113 2997 talis
2132 2953 2172 2981 ω
2208 2941 2519 3011 agnoscitur
2545 2937 2827 3009 aegritudo,
2856 2950 2978 2991 cum
3001 2935 3069 2988 ad
3087 2932 3437 2988 laborandum
3463 2945 3561 2985 suo

1986 3047 2081 3087 ore
2108 3031 2418 3102 prmclamat
2438 3044 2620 3084 senon
2649 3041 2832 3100 posse,
2864 3024 2933 3080 ad
2960 3022 3392 3079 manducandum
3418 3028 3564 3076 tacet

1987 3121 2118 3176 illud
2150 3136 2256 3175 non
2281 3134 2459 3191 posse.
2490 3118 2549 3173 Si
2583 3133 2681 3173 sua
2706 3131 2813 3171 non
2842 3114 2957 3171 vult
2987 3114 3190 3179 dicere,
3232 3110 3406 3166 aliena
3435 3125 3562 3164 mox

1987 3214 2210 3283 incipiat
2260 3211 2443 3284 lingua
2491 3209 2679 3265 audire
2722 3223 2780 3263 se
2819 3206 2888 3261 ad
2928 3200 3360 3261 manducandum
3399 3211 3427 3239 ιι
3457 3216 3563 3256 non

1987 3305 2122 3360 velle
2157 3302 2298 3359 nolle
2344 3317 2452 3358 non
2490 3317 2689 3373 posse:
2727 3299 2854 3368 quia
2894 3297 3105 3367 iustitia
3155 3295 3285 3359 hoc,
3305 3292 3562 3357 ostendit,

1991 3404 2015 3432 °
2032 3405 2089 3451 ut
2113 3397 2161 3451 si
2191 3397 2247 3450 in
2274 3411 2385 3450 uno
2414 3395 2632 3449 homine
2653 3392 2858 3457 anima,
2879 3399 3086 3453 venter,
3109 3386 3353 3442 membra
3378 3399 3561 3454 mqua-

1988 3489 2111 3544 liter
2139 3488 2486 3551 conveniunt,
2512 3487 2592 3541 sic
2615 3493 2671 3539 et
2696 3498 2804 3537 una
2826 3481 3125 3540 necessitas
3162 3479 3219 3534 in
3260 3476 3348 3532 his
3393 3477 3567 3531 tribus

1988 3580 2347 3636 communiter
2369 3579 2529 3634 debet
2568 3574 2778 3640 sentiri;
2811 3581 2871 3627 ut
2905 3571 3050 3641 quod
3084 3571 3141 3624 in
3178 3569 3410 3624 sanitate
3455 3576 3567 3622 tres

1989 3672 2107 3727 ista:
2129 3685 2218 3726 res
2244 3685 2408 3740 supra
2433 3668 2587 3723 dicta?
2621 3663 2979 3723 communiter
2996 3666 3242 3733 possunt,
3281 3658 3336 3712 in
3367 3670 3559 3712 neces-

1991 3821 2168 3892 mo_rb_i
2188 3861 2203 3888 ,
2238 3830 2301 3876 ut
2326 3819 2487 3892 paulo
2516 3828 2641 3892 ante
2669 3817 2878 3892 taedipsi
2905 3814 3115 3892 aegroti.
3197 3824 3207 3892 ζ

2065 3889 2079 3940 i
2126 3880 2471 3945 Lassitudini.
2516 3888 2629 3944 Hoc
2655 3880 2982 3943 vocabulum
3005 3883 3272 3940 redundat
3289 3921 3305 3948 ,
3334 3895 3437 3936 nec
3464 3880 3562 3935 ha-

1990 3961 2233 4031 betur_in
2261 3960 2464 4031 codice,
2477 3958 2811 4016 Corbeiensi.
2953 4024 2984 4031 _
3253 4030 3259 4031 ί
3402 4019 3414 4031 ,
3484 4019 3497 4031 ,

2066 4029 2093 4070 ιι
2132 4029 2270 4094 Quia
2316 4046 2408 4083 nec
2437 4029 2641 4102 justam
2668 4035 2744 4082 est
2765 4034 2918 4102 ,_etc.
2951 4024 3156 4102 Sensus
3183 4030 3298 4089 est,
3326 4019 3452 4102 quia
3482 4019 3566 4073 in-

1987 4097 2194 4180 justum
2210 4106 2310 4180 est
2325 4139 2340 4163 ,
2368 4107 2428 4152 ut
2438 4094 2757 4180 desidiosus
2785 4095 2955 4180 frater
2978 4094 3240 4165 aequalem
3263 4094 3567 4163 portionem

1995 4167 2255 4237 accipiat,
2284 4182 2406 4223 cum
2434 4182 2500 4222 eo
2528 4167 2621 4236 qui
2649 4167 2934 4222 laboravit.
3222 4233 3234 4245 O
3436 4232 3447 4244 .

2072 4236 2090 4276 ι
2127 4237 2253 4292 Jam
2284 4239 2349 4291 si.
2390 4238 2470 4292 lta
2505 4238 2559 4292 in
2588 4236 2721 4306 Reg.
2759 4250 2859 4290 ms.
2890 4251 2905 4301 ;
2957 4234 3053 4306 sed
3095 4232 3360 4306 particula
3403 4249 3446 4306 s_t
3477 4244 3568 4306 re-

1995 4307 2236 4362 dundare
2264 4307 2493 4371 videtur,
2524 4314 2586 4362 ut
2611 4300 2697 4361 sit'
2709 4300 2899 4361 sensus
2927 4323 2939 4359 :
2975 4304 3066 4359 Sic
3095 4300 3143 4358 et
3169 4303 3259 4374 qui
3287 4318 3390 4374 non
3415 4300 3560 4374 laba:

1996 4386 2109 4442 rat,
2145 4378 2190 4431 si
2224 4387 2443 4447 propter
2458 4368 2726 4447 justitiam
2761 4390 2826 4429 ea:
2863 4384 3111 4447 toto_r_ion
3152 4368 3468 4447 manducat,
3508 4368 3562 4422 id

321 4446 490 4513 Vind.
520 4462 534 4498 :
561 4440 786 4513 Propter
812 4440 1105 4512 refectionis
1133 4440 1461 4497 edacitatem.
1498 4443 1577 4497 Ita
1613 4444 1773 4496 etiam
1816 4442 1896 4513 lc—
1918 4455 1970 4513 1)
1996 4440 2113 4510 est,
2145 4440 2249 4501 non
2284 4440 2605 4500 manducare
2630 4445 2809 4506 debet,
2842 4443 2919 4497 vel
2941 4482 2956 4507 ,
2985 4441 3039 4496 id
3066 4449 3152 4496 est
3169 4481 3183 4506 ,
3218 4441 3409 4513 saltem
3430 4478 3445 4502 ,
3472 4453 3566 4507 pro

323 4516 408 4588 git
433 4512 778 4597 Smaragdus,
808 4513 901 4582 qui
946 4513 1087 4568 hunc
1128 4513 1303 4568 locum
1345 4513 1474 4566 citat
1509 4514 1626 4567 sine
1655 4512 1893 4566 auctoris

322 4598 562 4640 nomine.

402 4664 427 4694 ε
456 4652 684 4723 Spiritus
721 4661 1019 4723 promptas,
1050 4667 1173 4704 caro
1193 4650 1424 4723 inﬁrma.
1456 4649 1646 4704 Matth.
1677 4665 1805 4703 xxvi
1837 4649 1893 4703 in

325 4719 558 4794 Vulgata
589 4719 833 4794 versione
859 4719 878 4775 ε’
903 4719 1131 4794 Spiritus
1151 4720 1359 4791 quidem
1378 4730 1643 4794 proruptus
1664 4729 1772 4783 est,
1806 4735 1895 4772 ca-

326 4808 389 4846 ro
437 4787 616 4845 autem
664 4791 895 4861 inﬁrma.
942 4787 999 4846 In
1048 4787 1199 4861 textu
1253 4787 1432 4843 tamen
1455 4787 1642 4861 Graeco
1670 4795 1894 4861 nonest

324 4863 552 4917 verbum
581 4857 972 4934 substantivum
999 4862 1102 4934 :jrr}
1126 4860 1220 4930 μὲν
1237 4864 1435 4934 πνεῦμα
1454 4860 1713 4934 πρόθυμον
1736 4897 1750 4923 ,
1779 4860 1811 4917 ἡ
1838 4857 1893 4913 δὲ

326 4934 459 5006 σὰρξ
496 4934 724 5011 ἀᾳθςγής,
755 4930 809 4985 id
838 4938 940 4997 est,
966 4927 1180 5001 spiritus
1204 4927 1412 4999 quidem
1440 4927 1729 4997 promptus,
1766 4944 1891 4981 caro

328 5012 507 5055 autem
535 5012 768 5055 inﬁrma.

406 5001 507 5054 tem
535 5001 768 5069 inﬁrma.

406 5069 427 5108 τ
468 5068 684 5139 Εταινεε
721 5078 961 5139 trgi-otes.
994 5067 1119 5139 Hinc
1151 5065 1421 5120 habentur
1456 5064 1511 5118 in
1547 5063 1748 5134 Regula
1784 5079 1885 5119 ms.

328 5139 450 5194 cod.
478 5137 638 5193 Corb.
671 5137 861 5193 eodem
891 5153 1009 5194 can.
1040 5137 1128 5191 69.

407 5210 432 5248 ε
468 5207 688 5262 Saccus.
713 5207 868 5278 Lege
898 5224 910 5259 :
947 5202 1202 5271 Succum,
1230 5214 1291 5259 ut
1329 5204 1471 5274 apud
1499 5202 1885 5274 Smaragdum,

330 5278 391 5335 id
416 5286 520 5343 est,
547 5277 841 5347 jusculum.

401 5348 428 5388 ιι
469 5342 581 5401 Vifi
606 5349 826 5401 twdiosi.
856 5344 997 5416 Lege
1027 5363 1040 5399 :
1074 5342 1197 5397 Veri
1221 5345 1445 5410 twdiosi,
1468 5353 1529 5398 ut
1550 5342 1601 5397 in
1629 5342 1760 5415 Reg.
1788 5358 1891 5398 ms.

333 5416 573 5483 taediosi,
603 5418 707 5472 hoc
736 5417 886 5479 loco,
918 5416 971 5470 id
999 5422 1114 5479 est,
1149 5416 1355 5484 :cgroti.

410 5487 429 5527 ί
470 5481 772 5557 Somnique.
809 5485 867 5540 In
904 5485 1037 5557 Reg.
1083 5481 1466 5557 ms.‘_Somnii,
1509 5488 1717 5557 tantum
1741 5481 1896 5557 ;__sed

410 5501 429 5527 ³
470 5501 772 5557 Serumque.
809 5501 867 5540 ιιι
906 5501 982 5539 tte
1025 5525 1037 5537 .
1083 5501 1182 5539 ms.
1230 5501 1466 5548 oomnu,
1509 5501 1755 5545 tantum;
1801 5501 1896 5535 $80

331 5555 469 5629 lege,
492 5557 685 5629 somni,
711 5564 766 5609 et
789 5562 969 5629 textus
986 5501 1095 5629 fine
1119 5554 1279 5629 modo
1304 5553 1406 5607 rite
1429 5551 1684 5629 procedet
1708 5569 1720 5604 :
1755 5550 1896 5604 Nam

332 5622 484 5706 ἰῖίήἱε
511 5625 703 5706 talibus
717 5626 1017 5706 agnoscitur
1033 5622 1273 5706 diabolus
1283 5622 1783 5706 ‘perfxcusationent
1804 5631 1897 5706 tae-

335 5696 411 5751 dii
435 5696 602 5773 somni
626 5691 891 5766 pigritiam
917 5694 1253 5758 ministrare;
1278 5691 1423 5748 tmdii
1452 5701 1628 5746 autem
1650 5731 1665 5759 ,
1696 5691 1749 5745 id
1775 5700 1888 5756 est,

1994 4508 2170 4579 twdii,
2209 4532 2302 4586 seu
2343 4516 2511 4586 morbi
2551 4514 2805 4586 qualitate
2849 4520 3052 4565 tantum
3098 4527 3202 4563 non
3243 4508 3562 4569 manducet,

1993 4595 2247 4655 quantum
2274 4584 2521 4639 laborans
2541 4584 2678 4655 ,aut
2707 4597 2949 4655 sanus.__
3095 4647 3144 4655 __
3239 4648 3250 4655 _
3288 4646 3302 4655 _
3439 4651 3449 4655 _
3512 4643 3524 4655 _

1994 4646 2105 4775 ἧϐαι
2131 4655 2447 4722 Agnoscitur
2497 4646 2777 4725 aegritudo.
2835 4649 3033 4705 Adde:
3086 4646 3341 4712 Mentiri,
3393 4651 3455 4698 ut
3511 4646 3567 4697 in

2076 4737 2130 4775 π.
2171 4738 2273 4775 ms.

2043 4736 2130 4777 82.
2171 4738 2273 4777 ms.

2066 4737 2273 4860 3135'
2287 4791 2415 4847 velle
2455 4789 2593 4860 nolle
2630 4806 2733 4860 non
2775 4805 2952 4860 posse.
2987 4787 3047 4842 In
3084 4785 3219 4857 Reg.
3267 4799 3391 4851 ms.,
3432 4780 3565 4837 velle

1992 4858 2131 4914 nolle
2162 4877 2266 4915 non
2290 4876 2458 4930 posse.
2491 4859 2598 4914 Sed
2628 4859 2746 4928 lege
2822 4856 2981 4934 Nolle
3006 4856 3282 4934 nonpOsse
3302 4860 3561 4934 ;‘tantum

1996 4943 2190 4984 sensus
2218 4922 2303 4984 est
2325 4970 2341 4994 ,
2371 4944 2495 4984 cum
2525 4936 2609 4983 est
2636 4922 3071 4981 manducandum
3102 4922 3368 4994 ejusmodi
3396 4922 3567 4992 glutto

1997 5006 2141 5052 tacet
2170 4999 2301 5053 illud
2327 4992 2433 5053 non
2459 5011 2639 5067 posse.
2670 4996 2727 5050 ld
2755 5003 2870 5067 est‘,
2898 5010 3005 5049 non
3031 4992 3245 5067 dicit__se
3276 5006 3381 5044 non
3409 5005 3567 5067 posse

1995 5068 2345 5133 manducare,
2375 5068 2422 5122 si
2450 5060 2556 5121 non
2583 5067 2698 5135 ipse
2723 5063 3008 5135 profitetur
3035 5078 3132 5116 sua
3159 5060 3362 5135 lingua,
3390 5060 3564 5112 aliena

1994 5138 2177 5192 audiat
2216 5131 2397 5207 lingua
2435 5152 2495 5191 se
2532 5131 2621 5189 ad'
2639 5131 3073 5207 manducandum
3112 5131 3254 5184 nolle
3293 5144 3400 5207 non
3442 5144 3568 5198 pos-

1993 5220 2083 5329 se,
2115 5199 2477 5329 iddest'nolle
2512 5219 2698 5260 carere
2737 5202 3004 5257 desiderio
3044 5209 3098 5255 et
3132 5199 3367 5269 appetitu
3411 5213 3567 5252 man—

2032 5292 2170 5329 ucan
2213 5293 2250 5329 ι.

2032 5277 2250 5331 ucandi.

2076 5355 2099 5380 υ
2145 5344 2213 5398 Ut
2252 5346 2297 5399 si
2335 5347 2391 5398 in
2430 5361 2535 5400 uno
2578 5344 2819 5407 homine,
2862 5349 2968 5395 etc.
3009 5338 3124 5393 llac
3159 5338 3345 5391 ultima
3376 5337 3574 5403 capitis

1999 5423 2153 5483 parte
2193 5416 2325 5470 nihil
2366 5415 2512 5469 aliud
2546 5413 2713 5483 dicit,
2752 5413 2894 5479 quod
2939 5411 2983 5464 si
3027 5411 3080 5463 in
3122 5408 3352 5483 sanitate
3400 5420 3565 5480 unum

2000 5477 2163 5538 trium
2207 5486 2433 5540 istorum
2474 5477 2836 5554 valet,ita_et
2863 5489 3098 5543 caetera;
3133 5478 3211 5554 sic
3242 5477 3295 5529 in
3327 5477 3565 5554 necessi:

2001 5561 2146 5619 tate,
2191 5555 2243 5608 id
2282 5563 2401 5617 est,
2448 5554 2503 5608 in
2542 5542 2764 5613 morbo,
2794 5566 2917 5605 cum
2956 5542 3123 5604 unum
3166 5548 3390 5601 istorum
3433 5542 3569 5597 nihil

2002 5632 2181 5694 potest
2205 5623 2382 5679 facere
2400 5663 2414 5691 ,
2444 5623 2519 5677 ita
2546 5633 2601 5679 et
2627 5630 2871 5678 cratera.“
