3940 6196
515 384 655 440 ςρςτο
1540 362 1599 418 S.
1638 356 2000 416 BENEDICTI
2038 348 2331 409 ABBATIS
2365 343 2774 402 ANIANEXSXS
3601 349 3710 400 mo

514 496 936 556 imbecillitatem
962 484 1204 559 polliceri
1232 494 1257 522 ⁸
1284 489 1533 552 pactum,
1573 491 1680 531 non
1717 474 1787 528 ob
1817 467 2094 541 religionis
2120 476 2171 534 Α
2196 460 2383 516 norari
2421 458 2744 514 mandamus
2786 473 2799 508 :
2844 456 2918 509 ita
2946 463 3003 507 ut
3033 468 3063 507 a
3092 453 3323 525 pistrino
3350 462 3404 509 et
3427 460 3717 526 coquinarmu

515 592 761 646 obtentu.
797 582 930 638 Cum
962 545 1104 633 iales
1144 545 1340 643 reperti
1382 571 1614 634 fuerint,
1651 566 1831 622 acrius
1878 574 2099 618 necesse
2198 554 2318 610 vice
2342 558 2693 614 excusentur,
2720 548 2789 603 ab
2806 562 2939 619 agro
2964 554 3020 601 et
3038 546 3175 600 duro
3200 545 3382 601 labore
3407 547 3575 616 quieti,
3604 551 3617 591 ί
3645 568 3716 607 τι.

514 688 598 736 est
618 682 957 748 arguantur:
984 676 1039 722 et
1062 666 1204 721 inter
1226 671 1419 718 caetera
1450 661 1478 700 ιι
1503 660 1881 720 instrumenta,
1907 651 2012 708 nisi
2033 649 2102 704 ad
2188 649 2414 707 tentur,
2444 646 2672 708 excepto
2701 636 2846 707 quod
2875 635 3055 705 aliqua
3082 635 3283 689 leviora
3311 650 3467 707 opera
3487 638 3557 693 eis
3581 640 3720 709 injun-

1849 746 1857 748 μ
1931 743 1941 748 -
2315 741 2325 748 .
2490 745 2534 748 ξ-
2588 728 2720 748 ι---
2768 736 2896 748 μ.--
2939 735 3057 748 --.Α
3091 734 3303 748 .-μ-η,
3342 725 3591 748 ..μυμη
3635 731 3720 748 η...

476 834 483 840 ,
514 725 849 836 ξιιιετιῖιειιιει
884 775 991 815 non
1016 759 1326 828 loquantur.
1359 751 1569 807 Habent
1591 749 1737 804 enim
1767 752 1822 800 et
1846 743 1946 814 ipsi
1976 756 2104 806 con-
2203 741 2422 802 gantur,
2454 745 2542 799 mne
2587 728 2729 785 fessa
2765 736 2899 782 aetas
2936 735 3061 781 ante
3091 734 3309 796 tempus
3340 725 3607 800 frangatur.
3634 731 3723 787 Cibi

1730 836 1777 840 ~-
2091 838 2098 840 .
2207 831 2249 840 .,
2283 839 2306 840 η
2336 839 2375 840 _
2432 838 2451 840 ξ
2645 836 2670 840 μ
2707 818 2964 840 ΛΑΜ---
3025 818 3195 840 .-μηε
3231 826 3278 840 ,.
3307 818 3483 840 ---πμ
3524 835 3570 840 ,,

515 856 859 914 suetudinem
890 862 1070 905 mores
1099 844 1359 918 pristinos
1388 854 1659 910 nunquam
1694 836 2019 897 abhorrere,
2051 838 2107 886 et
2204 831 2387 878 tamen
2422 821 2618 892 quibus
2645 818 2994 883 reﬁciuntur,
3025 818 3197 873 teneri
3225 826 3280 871 et
3307 818 3486 873 molles
3517 835 3573 873 ex
3605 819 3723 874 indu-

520 959 577 1002 ut
609 947 739 1001 olim
764 908 986 999 fuerunt
1016 908 1181 1002 docti,
1206 934 1361 988 vanis
1394 908 1593 986 fabulis
1620 927 1856 998 evagari.
1887 925 1955 981 Et
1982 937 2106 980 cum
2206 913 2342 968 διήλ
2371 911 2439 966 ab
2466 908 2906 966 hebdomadariis
2943 915 3267 978 coquantur,
3306 916 3361 962 et
3392 923 3565 965 carnes
3593 917 3639 965 et
3658 911 3720 964 vi-

514 1038 660 1093 torte
692 1035 760 1090 ab
785 1032 964 1102 aliquo
992 999 1174 1083 fratre
1191 1022 1421 1095 spiritali
1453 1020 1822 1090 corriguntur,
1851 1016 2108 1072 continuo
2208 1019 2337 1058 num
2365 1010 2587 1073 propter
2616 1000 3043 1056 imbecillitatem
3082 999 3361 1055 moderate
3395 1001 3471 1055 eis
3502 1000 3726 1071 praebean-

521 1134 575 1187 in
619 1128 953 1184 iracundiam
990 1120 1308 1194 prosiliunt,
1349 1128 1405 1172 et
1428 1130 1526 1187 per
1552 1115 1863 1171 diuturnum
1901 1118 2109 1180 tempus
2211 1108 2320 1165 tur,
2349 1107 2405 1153 et
2428 1112 2620 1153 omnes
2644 1096 2713 1151 ad
2734 1095 3006 1150 edendum
3034 1094 3088 1148 in
3116 1109 3224 1147 una
3247 1109 3425 1148 mensa
3451 1094 3726 1164 copulentur,

523 1220 760 1276 tristitiae
799 1182 1404 1273 morbo-stimulantur;
1430 1182 1502 1260 et
1548 1220 1578 1261 a
1616 1216 1844 1258 rancore
1894 1199 2111 1254 malitiae
2208 1186 2492 1257 animum"
2520 1186 2643 1241 είδο
2674 1193 2729 1240 εί
2756 1193 2885 1254 Ροῑυ
2916 1198 3024 1238 υηο
3050 1182 3378 1239 τείίείθηῐυνο
3404 1183 3728 1238 νθδῑίωθηωπι

523 1309 740 1380 penitus
762 1322 868 1361 non
897 1304 1181 1359 desistunt.
1210 1300 1421 1380 Etcum
1444 1295 1757 1365 frequenter
1777 1300 1832 1347 et
1854 1290 2111 1346 immode-
2210 1296 2342 1337 vero
2369 1290 2425 1335 et
2452 1280 2880 1335 calceamentum
2902 1277 2982 1334 sic
3003 1277 3083 1332 eis
3109 1278 3430 1347 prmbeatur,
3451 1287 3505 1330 ut
3532 1275 3544 1325 i
3573 1277 3729 1347 absque

526 1369 644 1456 rate
668 1400 722 1453 in
751 1396 844 1450 tali
867 1394 997 1448 vitio
1025 1378 1371 1452 dilabuntur,
1393 1386 1615 1442 tristitia
1638 1399 1761 1440 cum
1786 1382 2004 1446 deserit,
2026 1396 2114 1437 so.
2212 1372 2338 1429 loco
2369 1371 2586 1443 frigoris
2607 1373 2676 1427 ab
2702 1372 2784 1427 eis
2812 1369 3078 1441 asperitas
3104 1379 3373 1425 arceatur.

525 1492 624 1546 lita
665 1483 1053 1545 consuetudine
1090 1482 1143 1535 in
1185 1478 1382 1535 fabulis
1417 1485 1472 1533 et
1512 1476 1625 1530 risu
1662 1473 1816 1528 frena
1843 1473 2109 1528 laxantur.
2403 1463 2432 1535 §
2468 1463 2533 1517 V.
2573 1493 2643 1504 —
2680 1461 2815 1516 Item
2843 1478 2909 1516 ea:
2933 1462 3115 1515 eadem
3148 1460 3346 1530 Regula
3373 1460 3500 1531 (cap.
3532 1460 3597 1531 6).

525 1578 760 1636 Proinde
785 1592 908 1633 cum
935 1574 1024 1629 tali
1054 1571 1306 1627 cautione
1332 1571 1384 1623 in
1404 1567 1652 1624 coenobio
1682 1565 2112 1627 introducantur,
2271 1557 2298 1597 ιι
2312 1556 2554 1626 Eligatur
2566 1552 2882 1608 cellararius
2894 1553 3051 1607 bonae
3061 1551 3337 1620 patientiae
3355 1551 3729 1621 probatus,quem

526 1681 589 1727 ιιι
617 1672 703 1726 die
733 1676 1007 1737 noctuque
1046 1680 1153 1719 non
1186 1661 1382 1717 fabulis
1409 1669 1728 1731 evagentur,
1757 1657 1853 1714 sed
1879 1656 2121 1727 singultu
2213 1648 2519 1705 communis
2552 1646 2781 1717 elegerit
2820 1645 2838 1684 ι
2872 1644 3119 1707 collatio,
3154 1654 3210 1699 et
3242 1644 3308 1698 ab
3335 1644 3471 1698 omni
3506 1653 3733 1697 excusetur

496 1758 503 1764 ’
529 1771 584 1818 et
612 1758 886 1831 lacrymis,
909 1757 1091 1812 cinere
1123 1760 1178 1809 et
1214 1752 1391 1808 cilicio
1428 1757 1733 1813 versentur,
1760 1755 1814 1801 et
1842 1753 2115 1800 retroacta
2216 1738 2529 1795 monasterii
2560 1737 2785 1792 servitio
2812 1743 2868 1791 et
2892 1745 2931 1769 ³
2961 1736 3212 1808 coquinae
3240 1733 3440 1798 ofﬁcio,
3468 1734 3531 1789 ita
3554 1742 3604 1787 ut
3630 1746 3731 1786 scm-

529 1826 754 1926 peccata
779 1866 903 1907 eum
937 1849 1138 1921 gemitu
1164 1845 1343 1900 cordis
1370 1843 1696 1914 pmniteant,
1726 1849 1780 1894 et
1802 1836 2115 1907 pcenitendo
2143 1828 2190 1886 B
2217 1848 2312 1903 per
2338 1831 2617 1888 cellarium
2648 1837 2832 1885 teneat
2868 1838 3086 1899 propter
3125 1827 3275 1899 ipsos
3308 1826 3566 1897 parvulos,
3592 1839 3731 1889 senes,

530 1918 758 2000 ulterius
794 1957 900 1996 non
932 1918 1295 1995 committant.
1325 1934 1393 1987 Et
1428 1939 1690 2003 quantum
1729 1928 2033 1984 habuerunt
2064 1926 2119 1983 in
2190 1925 2466 1980 ‘inlirmos
2512 1923 2598 1979 vel
2633 1923 2896 1992 hospites.
2936 1920 2993 1976 Si
3032 1920 3209 1992 major
3249 1918 3406 1975 fuerit
3437 1918 3732 1990 congregatio,

532 2034 805 2108 peccando
831 2044 1049 2102 pravam
1079 2042 1190 2084 sua:
1218 2024 1415 2081 mentis
1440 2021 1816 2084 intentionem,
1847 2029 1870 2058 ο
1900 2017 2120 2089 duplum
2216 2017 2404 2088 junior
2431 2016 2481 2071 ei
2507 2016 2667 2071 detur
2692 2029 2792 2085 pro
2819 2013 2937 2083 ipso
2972 2012 3200 2068 servitio
3227 2010 3581 2072 discurrendo,
3609 2007 3734 2077 quali-

537 2101 777 2184 habeant
812 2101 867 2183 in
907 2119 1255 2179 lamentando
1280 2117 1495 2189 plenam
1535 2114 1896 2170 devotionem.
1926 2109 1953 2149 ά
1984 2109 2121 2176 Quia
2222 2117 2306 2163 ter
2337 2108 2435 2178 ipsi
2472 2106 2712 2160 infantes
2737 2104 2805 2160 ab
2834 2103 3002 2174 ipsius
3024 2102 3252 2173 imperio
3274 2103 3341 2157 ad
3361 2101 3510 2157 horas
3528 2113 3734 2169 congruas

518 2235 637 2293 per
664 2222 853 2272 t.xx'et
877 2230 943 2271 eo
969 2212 1201 2285 amplius
1227 2224 1397 2268 annos
1431 2219 1454 2247 ε
1482 2212 1705 2278 arrupte
1740 2209 2119 2274 peccaverunt,

541 2318 595 2363 et
624 2307 745 2362 ideo
774 2319 1070 2377 congruum
1106 2308 1190 2356 est
1213 2307 1273 2354 ut
1309 2305 1460 2353 arcta
1488 2295 1807 2368 paenitentia
1831 2306 2124 2351 coercean-

541 2409 648 2455 tur.
688 2397 826 2466 Quia
866 2404 923 2451 et
962 2395 1206 2450 medicus
1248 2399 1398 2446 tanto
1432 2386 1751 2460 profundius
1778 2383 1999 2440 vulnera
2033 2383 2126 2436 ab-

522 2489 730 2553 .scidit,
768 2492 1029 2558 quantum
1067 2481 1313 2555 putridas
1352 2492 1547 2535 carnes
1588 2475 1757 2530 videt.
1800 2472 1960 2528 Tales
1999 2485 2128 2541 ergo

539 2594 639 2650 per
664 2574 1037 2648 pmnitentiam
1059 2586 1245 2627 veram
1272 2568 1618 2640 corrigantur
1645 2563 1664 2603 ί
1691 2571 1750 2619 ιιι
1770 2564 1817 2619 si
1836 2560 2127 2624 noluerint,

542 2663 1104 2727 excommunicatione
1124 2661 1382 2735 continuo
1401 2657 1777 2715 emendentur.
1803 2653 1956 2721 Quod
1978 2653 2022 2707 si
2048 2651 2132 2706 bis

532 2763 725 2821 sexies
758 2752 1040 2822 admoniti,
1081 2755 1151 2810 ab
1175 2756 1280 2810 hoc
1307 2753 1440 2808 vitio
1466 2765 1575 2806 non
1603 2747 1807 2803 fuerint
1834 2742 2128 2806 emendati,

549 2846 888 2912 deducantur
924 2852 977 2906 in
1008 2856 1277 2905 conventu
1307 2844 1603 2915 majorum,
1647 2849 1702 2898 et
1730 2840 1930 2895 ibidem
1958 2837 2133 2893 denuo

550 2944 931 3003 discutiantur.
963 2940 1032 2996 Et
1058 2938 1105 2995 si
1132 2952 1192 2995 se
1218 2936 1493 3009 corripere
1520 2948 1626 2988 non
1655 2929 2024 3003 permiserint,
2054 2926 2135 2981 fo-

540 3053 641 3111 _ras
664 3035 1037 3108 projiciantur.
1065 3031 1174 3087 Eos
1193 3043 1324 3085 vero
1349 3041 1509 3084 senes
1525 3065 1540 3093 ,
1567 3040 1704 3097 quos
1728 3023 1942 3093 quietos
1959 3060 1975 3087 ,
2000 3020 2134 3075 sim-

551 3131 719 3202 plices
745 3135 803 3184 et
827 3124 1163 3188 obedientes,
1187 3123 1213 3162 κ
1236 3121 1289 3175 in
1312 3118 1558 3174 oratione
1585 3114 1915 3184 frequentes,
1943 3120 1998 3167 et
2023 3119 2135 3166 tam

2223 2200 2567 2271 copulentur,
2587 2206 2640 2252 et
2663 2196 2935 2267 accipiant
2961 2195 3300 2251 alimentum.
3326 2194 3369 2248 A
3394 2201 3564 2249 sancto
3583 2191 3734 2246 Pascha

2225 2307 2398 2361 usque
2420 2289 2489 2345 ad
2515 2288 2795 2346 Kalendas
2814 2287 3082 2344 Octobres
3107 2287 3426 2343 manducent
3449 2300 3535 2356 per
3556 2282 3734 2353 singulos

2226 2380 2345 2435 dies
2368 2386 2603 2450 quatuor
2623 2378 2790 2444 vices,
2816 2388 2845 2415 τι
2867 2379 2934 2432 ab
2958 2377 3203 2450 [octavo]
3227 2376 3467 2435 Kalendis
3483 2373 3735 2431 Octobribus

2227 2485 2400 2542 usque
2428 2470 2497 2524 ad
2525 2469 2645 2523 Kal.
2671 2469 3001 2525 Decembres
3031 2478 3148 2525 tres
3176 2468 3341 2522 vices.
3370 2465 3413 2521 Α
3434 2463 3653 2522 Kalendis
3672 2462 3736 2516 De-

2231 2561 2537 2617 cembribus
2557 2575 2731 2629 usque
2761 2560 2830 2615 ad
2859 2569 3107 2615 sanctum
3141 2558 3342 2613 Pascha
3367 2558 3416 2612 in
3440 2562 3662 2629 potestate
3686 2552 3737 2606 sit

2232 2652 2401 2724 ipsius
2417 2651 2707 2707 cellararii.
2722 2650 2989 2707 Czcterum
3007 2664 3142 2705 vero
3156 2649 3236 2705 sic
3252 2624 3580 2709 instruantur,
3592 2624 3735 2698 utabs-

2233 2758 2337 2814 que
2364 2742 2740 2798 benedictione
2770 2751 2826 2799 et
2864 2742 3092 2811 imperio
3126 2740 3262 2796 nihil
3290 2741 3345 2796 in
3366 2755 3454 2795 ore
3472 2754 3557 2794 suo
3577 2737 3736 2791 mittere

2234 2833 2483 2890 debeant.
2533 2832 2634 2900 Qui
2675 2843 2732 2888 et
2773 2833 2874 2903 ipsi
2915 2831 3156 2889 infantes
3196 2848 3346 2888 suum
3393 2831 3596 2885 habeant
3627 2827 3737 2881 ἀραὶ·

2234 2940 2388 2989 ιιιιιιι,
2421 2932 2447 2960 ο
2474 2924 2568 2995 qui
2591 2923 2714 2995 plus
2738 2925 2805 2980 de
2825 2925 2906 2979 eis
2934 2924 3188 2997 intelligit
3215 2934 3261 2990 P,
3291 2931 3350 2978 ut
3373 2920 3599 2991 Regulam
3623 2931 3738 2990 super

2236 3035 2333 3076 eos
2374 3021 2658 3085 observet;
2708 3027 2763 3075 et
2816 3021 2884 3075 ab
2927 3034 2993 3074 eo
3038 3032 3258 3090 semper
3303 3016 3659 3075 admoneantur,
3692 3025 3739 3064 ne

2239 3107 2443 3179 aliquid
2473 3109 2679 3178 absque
2718 3108 2901 3181 regula
2940 3108 3148 3164 faciant
3188 3115 3281 3162 aut
3317 3106 3589 3177 loquantur,
3622 3118 3673 3155 ne
3699 3100 3737 3152 in

556 3185 775 3295 propria
799 3231 960 3289 quam
988 3185 1165 3271 aliena
1196 3217 1418 3283 peccata
1449 3207 1790 3280 deplorantes
1814 3211 1871 3295 et
1900 3200 2138 3295 quotidie
2160 3185 2209 3249 C
2238 3202 2545 3267 mendacio,
2572 3200 2719 3257 furto
2742 3201 2825 3256 vel
2846 3200 3087 3272 perjurio
3109 3197 3568 3270 deprehendantur.
3592 3203 3613 3242 ς
3631 3188 3740 3258 Quod

542 3290 621 3368 'dc
651 3290 757 3364 vita
786 3305 1186 3379 periclitantes,
1212 3308 1269 3356 et
1296 3298 1572 3357 Christum
1598 3310 1811 3367 semper
1835 3294 1890 3348 in
1920 3306 2018 3347 ore
2043 3290 2140 3345 ha-

556 3405 745 3460 bentes
777 3400 805 3440 h
846 3395 939 3471 [si]
978 3394 1274 3452 secundum
1307 3392 1454 3447 vires
1489 3389 1603 3444 otio
1632 3402 1741 3442 non
1769 3392 2058 3447 vacantes,
2087 3389 2142 3436 et

556 3507 665 3548 non
695 3504 811 3553 suo,
843 3489 935 3547 sed
957 3485 1221 3557 majorum
1248 3482 1474 3540 arbitrio
1498 3478 1815 3552 pendentes,
1844 3482 1900 3532 et
1924 3472 2144 3545 propin-

559 3584 783 3656 quitatis
804 3581 1056 3637 affectum
1076 3576 1318 3651 perfecte
1340 3573 1675 3636 deserentes,
1697 3578 1754 3624 et
1780 3574 1993 3631 cuncta,
2022 3578 2143 3635 quae

558 3677 840 3747 possident
864 3689 970 3730 non
994 3671 1129 3738 suis,
1159 3670 1253 3725 sed
1271 3666 1471 3724 Christi
1491 3660 1816 3738 pauperibus
1837 3662 2141 3726 erogantes,

560 3782 614 3828 et
642 3769 778 3826 nihil
804 3768 1022 3824 sibimet
1047 3769 1349 3826 servantes,
1378 3766 1434 3815 et
1461 3755 1800 3814 dilectionem
1825 3750 1922 3805 Dei
1953 3756 2008 3803 et
2028 3762 2148 3817 pro-

561 3863 696 3918 ximi
721 3868 833 3917 tota
860 3865 1040 3915 mente
1063 3861 1118 3911 et
1138 3850 1452 3910 fortitudine
1479 3854 1743 3910 tenentes,
1765 3851 1821 3898 et
1846 3842 1932 3898 die
1960 3846 2149 3894 noctu-

564 3972 670 4027 que
692 3955 746 4010 in
772 3952 891 4024 lege
911 3948 1123 4006 Domini
1150 3945 1475 4001 meditantes
1498 3954 1622 3996 esse
1639 3933 2035 4007 cognoscimus,
2057 3929 2147 3999 pia

562 4022 917 4104 miseratione
944 4041 1086 4099 sicut
1112 4033 1403 4095 infantulos
1438 4030 1641 4097 foveri,
1670 4028 1811 4084 sicut
1835 4032 2020 4097 patres
2050 4022 2149 4077 ho-

565 4229 689 4270 nem
716 4212 797 4273 ob,
825 4210 916 4267 hic
937 4209 1091 4264 locus
1115 4208 1188 4262 ita
1216 4204 1477 4274 legendus
1500 4210 1584 4259 est
1620 4220 1633 4255 :
1668 4200 1758 4274 Ea;
1779 4199 1866 4274 his
1884 4197 2147 4269 cognosci—

566 4300 683 4338 mus
723 4270 793 4336 ob
829 4279 1149 4335 necessitatis
1186 4270 1590 4331 imbecillitatem
1632 4270 1867 4341 polliceri
1916 4276 2149 4339 pactum,

2239 3294 2286 3350 si
2314 3293 2369 3347 in
2399 3292 2603 3363 aliquo,
2629 3308 2750 3365 quae
2780 3292 3035 3358 diximus,
3056 3288 3372 3361 deprehensi
3398 3285 3591 3347 fuerint,
3613 3278 3740 3337 conti-

2243 3399 2352 3439 nuo
2381 3385 2450 3439 ab
2474 3385 2594 3455 ipso
2615 3385 2821 3440 decano
2847 3383 2999 3453 virga
3033 3382 3407 3439 emendentur.
3435 3378 3494 3432 Et
3515 3377 3610 3445 ipse
3627 3369 3741 3428 cella-

2244 3473 2419 3530 rarius
2455 3473 2535 3528 eis
2569 3473 2735 3542 pedes
2770 3479 2825 3528 et
2862 3472 3188 3526 vestimenta
3228 3470 3380 3525 lavet.
3412 3466 3472 3523 Et
3501 3462 3682 3536 qualiter
3702 3458 3738 3513 in

2245 3569 2537 3624 sanctitate
2560 3568 2867 3640 proficiant,
2895 3583 3019 3622 cum
3047 3567 3197 3621 omni
3228 3564 3503 3621 intentione
3527 3560 3700 3615 edoceat
3726 3571 3736 3605 :

2245 3668 2308 3715 ut
2343 3675 2374 3714 a
2411 3657 2639 3715 Domino
2676 3659 2892 3729 plenam
2935 3658 3420 3713 remunerationem
3454 3649 3667 3719 accipiat,
3701 3651 3739 3697 et

2246 3753 2497 3810 veritatis
2539 3760 2809 3824 praecepta
2853 3751 3084 3806 dicentis
3130 3750 3351 3813 audiat,
3389 3745 3472 3817 qui
3499 3745 3596 3799 ait:
3621 3736 3739 3794 Sinite

2248 3826 2494 3916 parvulos
2533 3843 2705 3897 venire
2743 3842 2813 3896 ad
2852 3857 2966 3907 me,
3015 3851 3038 3879 ι’
3080 3857 3147 3896 ne
3184 3838 3481 3911 prohibeatis
3516 3849 3615 3896 eos,
3641 3839 3657 3868 ⁸
3679 3836 3737 3879 M-

2248 3933 2379 3989 lium
2403 3943 2479 3989 est
2505 3935 2642 3988 enim
2671 3948 2888 4004 regnum
2918 3931 3167 3987 calorum
3199 3929 3407 4003 (Matth.
3436 3942 3512 3992 ix;
3540 3921 3735 3979 κατι.ιὶ

2250 4023 2381 4083 Luc.
2409 4022 2585 4090 xvut).

2326 4197 2351 4238 II
2401 4196 2648 4252 Eliaatur
2667 4195 2997 4251 cellararius.
3031 4195 3162 4252 Haec
3182 4211 3285 4251 non
3306 4197 3504 4248 exstant
3528 4188 3571 4242 in
3593 4176 3737 4251 Regula

2253 4282 2357 4339 ms.
2392 4266 2452 4339 S.
2479 4253 2773 4339 Fructuosi
2812 4263 3423 4339 episcopi_Bracarensis
3458 4259 3559 4315 cod.
3586 4253 3735 4311 Crasso.

568 4334 679 4409 ab};
699 4334 1204 4423 religionisoblentu
1234 4359 1254 4423 ί
1286 4344 1582 4423 necessitas
1618 4334 1723 4423 hoc
1749 4340 1868 4395 loco
1894 4334 1978 4394 est
2005 4353 2153 4394 mor-
2254 4338 2350 4423 sed
2372 4337 2614 4423 arbitror
2636 4351 2758 4423 esse
2787 4334 3015 4393 alierius
3037 4334 3338 4392 Fructuosi.

569 4428 689 4492 bus,
718 4412 905 4479 senilis
937 4418 1210 4481 videlicet,
1233 4413 1387 4485 juxta
1416 4412 1547 4468 illud
1571 4420 1745 4483 poeta:
1774 4428 1786 4464 :

703 4590 718 4607 .
754 4591 765 4604 .
807 4590 819 4603 .
859 4586 873 4601 .
905 4551 1130 4601 Subeunt
1148 4548 1326 4610 morbi,
1353 4545 1603 4608 tristisque
1624 4550 1873 4595 senectus.

645 4692 671 4722 ι
711 4676 957 4731 Pactum.
991 4676 1091 4737 Est
1114 4671 1413 4731 monastica
1438 4669 1724 4742 professio,
1754 4684 1850 4726 seu
1879 4678 2082 4725 votum.

644 4751 673 4790 δ
711 4748 1092 4803 Instrumenta.
1120 4745 1179 4800 Id
1207 4751 1293 4798 est
1319 4760 1332 4795 :
1364 4741 1752 4796 instructiones.

645 4832 667 4858 ε
708 4817 939 4889 Duplum
975 4815 1215 4889 habeant
1236 4814 1293 4869 in
1323 4810 1659 4889 lamentando
1695 4810 1902 4882 plenam
1929 4811 2161 4867 devotio-

570 4907 708 4945 nem.
738 4881 863 4942 Haec
888 4895 1081 4942 uesunt
1100 4885 1152 4939 in
1183 4881 1385 4956 Regula
1411 4896 1515 4956 ms.

640 4960 668 4999 (ι
707 4958 845 5024 Quia
866 4974 960 5024 per
985 4972 1087 5012 Lxx
1120 4949 1307 5009 annui.
1342 4953 1424 5024 ita
1450 4950 1615 5007 etiam
1639 4949 1838 5023 legitur
1865 4951 1921 5005 in
1951 4949 2160 5023 Regula

574 5046 677 5086 ms.
696 5046 712 5094 ;
728 5022 836 5084 “sed
860 5022 963 5083 hoc
995 5022 1621 5094 admiratione_dignum.

647 5111 672 5140 ο
700 5090 749 5152 Ἀ
760 5107 949 5169 rrupte.
980 5096 1057 5151 ita
1084 5096 1249 5169 etiam
1275 5095 1334 5149 in
1358 5090 1563 5164 Regula
1592 5105 1730 5156 ms.;
1760 5090 1813 5148 id
1844 5098 1928 5147 est
1945 5132 1960 5154 ,
1988 5090 2161 5147 conti-

576 5185 702 5235 nuo,
724 5166 1276 5237 sine'interruptione.

650 5234 784 5293 fUt
811 5239 877 5293 si.
908 5238 965 5292 id
993 5234 1119 5291 est:
1151 5234 1240 5289 Ita
1271 5243 1327 5289 ut
1356 5235 1422 5289 si.

646 5311 672 5350 ⁸
712 5307 781 5363 1η
810 5307 1045 5388 oratiope
1068 5304 1383 5388 frequentes.
1419 5303 1588 5388 ItaJin
1622 5300 1827 5388 Regula
1865 5316 1967 5388 ms.
2005 5300 2163 5384 Apud

1284 5372 1353 5433 In
1397 5374 1634 5430 oratione
1682 5372 1978 5444 frequenter
2024 5372 2160 5429 assi-

578 5377 933 5450 Smaragdum
979 5376 1178 5448 legitur
1222 5394 1237 5429 ε

577 5459 620 5501 δι
627 5458 790 5503 entes.

648 5520 675 5558 ιι
715 5517 778 5573 Si
803 5515 1108 5571 secundum.
1134 5517 1202 5572 τὸ
1229 5515 1275 5569 si
1301 5514 1587 5570 redundat.

585 5590 700 5709 mi:
720 5586 1003 5642 Vocantur.
1040 5585 1118 5640 ita
1148 5586 1201 5641 in
1234 5585 1435 5656 Regula
1470 5596 1585 5639 ms.‘
1612 5582 1669 5639 In
1708 5585 1828 5641 cod.
1861 5584 2043 5650 Vind.,
2074 5602 2141 5641 va

658 5724 674 5772 i
722 5723 1101 5798 Absque-foco.
1150 5722 1283 5780 Cum
1323 5737 1517 5795 nempe
1557 5733 1720 5781 erunt
1758 5726 1815 5781 in
1863 5725 2060 5798 templo
2107 5736 2165 5783 et

590 5805 753 5859 opere
776 5791 1000 5861 'quovis.

2178 4530 2233 4592 Ῑ)
2259 4530 2438 4618 dictus
2454 4530 2523 4601 ab
2553 4530 2656 4602 hoc
2676 4530 2872 4618 cilicio,
2903 4530 3156 4618 sibimajor
3189 4553 3269 4618 est
3295 4557 3389 4598 con

2331 4406 2350 4447 ι
2400 4405 2647 4477 Collatia.
2685 4406 2742 4462 ιιι
2764 4415 2869 4471 est,
2899 4406 3263 4477 congregatio.

2329 4490 2368 4518 ω
2399 4459 2649 4547 esqu
2678 4459 2869 4547 amas:
2904 4459 3149 4547 E'i’c'iisi’t
3186 4459 3385 4529 tantum
3411 4482 3519 4526 eum
3547 4464 3595 4547 ξ.
3618 4459 3739 4514 Bene-

3509 4546 3614 4591 atto.

2330 4555 2435 4603 :tus
2454 4553 2523 4601 ab
2553 4553 2656 4602 hoc
2676 4553 2872 4611 olticio,
2903 4553 2949 4630 si
2979 4553 3156 4618 major
3189 4553 3269 4600 est
3295 4553 3614 4627 congregatio.

2330 4627 2361 4657 ιι
2405 4617 2483 4672 Ab
2504 4625 2685 4671 octavo
2713 4615 2966 4671 Kalendis
2995 4614 3322 4673 Octobribus.
3356 4623 3418 4668 To
3435 4617 3587 4664 octavo
3604 4596 3737 4655 redun-

2260 4690 2372 4759 dat,-
2421 4687 2595 4759 Lege,
2627 4705 2660 4741 ιι
2689 4684 2953 4759 Kalendis
2987 4684 3314 4759 Octobribus.
3354 4680 3478 4737 Nam
3503 4673 3632 4748 paulo
3651 4674 3735 4721 ante

2260 4753 2610 4829 dixitﬂs'qus
2643 4756 2713 4829 ad.
2744 4753 3308 4829 Κβιξηάιιξροιορνεε-
3371 4819 3383 4829 .
3576 4820 3588 4829 .

2335 4838 2360 4865 ο
2403 4816 2655 4897 ’ρυῖριιιε
2679 4826 2744 4879 de
2768 4826 2843 4879 eis
2864 4824 3125 4897 intelligit.
3172 4816 3734 4897 Legehiatclligatrtlil'}

2261 4898 2364 4954 cod
2394 4885 2588 4962 Vindl;
2617 4896 2669 4980 id
2694 4902 2779 4951 est
2794 4935 2810 4960 ,
2840 4895 2931 5019 (“ii
2962 4885 3231 4966 sit'magis
3248 4885 3498 4951 sollicitus
3520 4885 3649 4952 super
3673 4885 3735 4928 ⁰⁰⁵

2261 4982 2424 5019 (suam
2451 4975 2634 5019 cmterl
2666 4980 2860 5019 monac
2900 4981 2939 5019 1.
3710 5018 3714 5019 ,

2261 4982 2424 5038 quam
2451 4975 2634 5023 cmteri
2666 4975 2939 5021 monachi.

2336 5048 2364 5087 ι’
2394 5035 2475 5120 ,Ψ
2498 5036 2752 5120 regem
2801 5034 2858 5093 Id
2883 5043 2989 5120 es,"
3014 5032 3369 5120 ἐίερίνὲίιιεξφε
3380 5036 3453 5120 -1"
3465 5018 3735 5120 3332.225"

2263 5123 2328 5161 ..
2352 5089 2777 5177 amansque
2802 5089 2989 5177 eam;
3008 5089 3222 5177 rasae,
3268 5101 3321 5157 ιιι
3462 5089 3699 5177 mutili:

2334 5186 2363 5226 ⁶¹
2412 5163 2566 5248 duo!
2594 5178 2641 5230 εί
2670 5163 2728 5230 in
2759 5163 2936 5247 αιὶιιῖιο
3111 5174 3350 5231 diximus.
3381 5165 3572 5236 Supple,
3591 5163 3733 5213 eorum.

2262 5245 2490 5305 Phrasis
2515 5245 2726 5302 (Fumea.
2845 5245 2853 5247 ⁷
2976 5245 2986 5248 ⁷
3532 5300 3567 5305 _
3694 5284 3729 5305 re;

2340 5284 2494 5370 rivi;
2516 5284 2836 5387 ngiiéam
2854 5331 2967 5387 eos.
3018 5314 3189 5387 Lege,
3214 5320 3273 5367 ut
3297 5310 3349 5365 in
3376 5314 3508 5365 textu
3532 5284 3734 5362 Ennicm

2266 5384 2529 5455 Marciis,
2555 5384 2626 5439 Et
2655 5400 2720 5443 ne
2744 5385 3059 5455 prohibeatis
3087 5400 3190 5438 eos.

2338 5424 2623 5527 ³³Ἴῦιὲἆῆ
2649 5424 3190 5527 Ζι,”ἓῖιὲἰὶῖἶῖἓὲκὲιῗι’
3218 5450 3463 5527 celarunt:
3497 5424 3733 5527 Pelliti:

2265 5541 2392 5590 xxx,
2419 5499 2622 5580 ἷιὶιῖἷέὲί
2648 5499 3738 5596 cgita';.f'a.;n’;"n;}ci1.3a;suum;ch

2266 5568 2404 5651 χνιιί
2436 5568 2836 5659 habetur,va
2858 5568 3307 5662 in’iii'inb'dtiiia
3318 5568 3379 5643 ii:
3404 5568 3582 5662 ξῖ-ιῖξςοξ

2267 5639 2910 5748 ἓέξὲηὲἓῖῗῖἐᾷἱιὲιηῗ
2936 5639 3125 5720 ἤιξ’ὖῖ
3150 5639 3584 5748 ﬁctor-"videatur
3611 5639 3736 5693 locum

2268 5737 2466 5794 citasse
2490 5750 2555 5790 ex
2586 5732 2865 5801 memoria,
2896 5750 3003 5791 non
3035 5750 3100 5791 ex
3131 5732 3324 5791 codice.
