3940 6196
292 372 429 427 “Ol

1206 359 1595 419 CONCURDIA
1636 357 2100 415 REGULARUM.
2141 384 2209 395 -—
2246 351 2396 409 CAP.
2438 349 2642 406 XLVII.

3409 342 3547 400 “03

283 482 318 555 ᾗ
360 480 443 536 Vl.
463 477 674 532 -—-lrsu
704 489 770 529 ex
800 473 1020 529 iiscum
1052 487 1239 528 sucu
1267 472 1467 527 lsmom
1512 469 1648 541 (cap.
1690 469 1759 522 l5
1795 472 1867 537 ll).
1899 474 1947 530 Α
1975 467 2120 522 enim
2151 462 2345 519 nutriri
2377 475 2499 516 cum
2531 459 2676 515 omni
2708 459 2925 529 pietatis
2955 456 3145 555 atl‘cctu
3178 464 3231 511 et
3261 454 3555 526 disciplinae

365 570 427 626 lli
460 578 662 631 autem,
696 565 789 636 qui
830 572 1098 619 vetustate
1135 563 1379 633 corporis
1420 560 1746 629 consumpti,
1782 569 1877 614 aut

293 674 482 717 tenera
512 655 689 712 aetatis
712 650 1011 725 fragilitate
1037 652 1241 708 detenti
1269 661 1415 717 sunt,
1450 666 1557 705 non
1590 658 1718 704 sunt
1743 663 1878 717 quo-

294 750 515 806 tidianis
550 745 840 803 exercendi
863 742 1103 814 jejuniis.
1134 743 1228 798 ‘Ne
1268 752 1361 798 aut
1395 755 1685 797 senescens
1723 748 1875 804 mtas,

236 838 239 845 ’
295 851 582 912 antequam
603 836 886 900 moriatur.
904 835 1139 897 deﬁciat,
1169 842 1262 889 aut
1284 847 1536 890 crescens
1565 831 1878 901 priusquam

289 929 565 1002 proﬁciat,
598 926 794 983 cadat:
819 933 874 979 et
909 933 1035 979 ante
1072 923 1325 987 intereat,
1367 935 1530 992 quam
1570 919 1769 974 bonum
1809 917 1883 971 l‘a—

295 1037 422 1077 cere
452 1020 647 1075 discat.

513 1109 542 1182 §
579 1103 920 1161 Vll.-—lrr.n
954 1120 1023 1158 ex
1064 1104 1281 1159 Recuu
1315 1102 1581 1156 MAGISTBI
1620 1100 1669 1153 δ.

366 1197 621 1254 lni’antuli
660 1210 789 1250 vero
842 1195 980 1248 intra
1021 1192 1302 1249 duodecim
1346 1206 1519 1247 annos
1560 1205 1669 1245 non
1712 1189 1884 1246 solum

300 1291 449 1347 nullo
480 1299 720 1358 tempore
755 1286 810 1342 in
843 1286 928 1339 via
965 1284 1214 1355 jejunent
1239 1302 1251 1337 :
1276 1284 1371 1339 sed
1408 1283 1575 1340 etiam
1614 1281 1760 1338 nullo
1800 1282 1888 1337 die

260 1428 267 1433 .
294 1381 466 1452 jejuni
492 1381 558 1436 de
580 1376 908 1433 monasterio
928 1375 1294 1448 egrediantur,
1318 1374 1583 1428 duntaxat
1605 1373 1651 1427 si
1682 1372 1735 1427 in
1766 1386 1887 1441 pro-

304 1474 452 1528 ximo
488 1484 596 1525 non
627 1470 939 1532 mittuntur,
980 1466 1121 1522 unde
1155 1473 1280 1520 ante
1323 1466 1542 1521 tertiam
1584 1464 1639 1518 in
1673 1472 1885 1527 astate,

302 1573 398 1619 aut
435 1570 560 1617 ante
600 1569 807 1616 sextam
849 1559 903 1614 in
945 1558 1126 1614 hieme
1154 1566 1556 1627 exspectentur,
1600 1555 1655 1608 in
1692 1554 1891 1624 quibus

303 1654 457 1712 horis
481 1652 836 1708 constitutum
863 1657 948 1706 est
977 1650 1057 1706 eis
1093 1650 1293 1706 debere
1323 1648 1574 1705 reﬁcere.

482 1745 511 1818 §
540 1744 754 1799 Vlli.—
775 1743 856 1797 Ex
889 1742 1108 1798 Rasum
1137 1756 1402 1799 cumanae
1432 1741 1571 1813 (cap.
1596 1738 1711 1810 24).

1980 555 2299 619 ministerio,
2342 567 2412 607 ne
2444 550 2662 606 desidia:
2698 548 2784 602 vel
2822 547 3055 603 lascivia:
3087 546 3219 601 vitio
3246 547 3345 601 sub
3369 553 3557 602 tenera

1977 654 2139 702 aetate
2167 642 2420 699 maculati
2444 652 2467 680 ε
2493 649 2588 695 aut
2613 639 2715 711 .vix
2748 646 2841 693 aut
2873 637 3181 693 nullatenus
3215 636 3427 707 possint
3462 650 3560 707 po-

1978 745 2094 793 stea
2137 734 2357 803 corripi.
2402 732 2488 786 Sit
2523 744 2653 801 ergo
2686 729 2739 783 in
2773 727 2853 783 cis
2888 734 3038 781 tanta
3072 740 3230 791 cura,
3269 724 3297 764 ἀ
3324 732 3397 779 nt
3422 740 3561 779 nun-

1980 840 2140 896 quam
2173 823 2289 878 sine
2327 822 2542 877 seniore
2583 822 2690 876 huc
2726 826 2888 889 atque
2931 817 3057 872 illuc
3094 816 3256 871 liceat
3299 815 3562 883 deviare;

1981 918 2076 974 sed
2114 929 2328 984 semper
2370 924 2395 951 ο
2435 912 2520 965 ab\
2547 911 2627 965 eis
2667 909 2963 979 disciplina:
3005 907 3223 972 retenti,
3258 916 3312 962 et
3356 907 3567 963 timoris

1985 1008 2080 1064 Dei
2112 1021 2176 1061 ac
2204 1002 2407 1058 amoris
2437 1000 2681 1056 doctrina
2716 999 2906 1054 imbuti
2944 998 3013 1052 ad
3052 997 3253 1052 cultum
3293 997 3567 1051 instruan-

1987 1107 2076 1153 tur
2103 1093 2399 1167 religionis.
2441 1090 2687 1146 Habeant
2716 1088 2967 1144 lectionis
3004 1102 3181 1150 usum,
3216 1095 3276 1140 ut
3314 1086 3416 1141 sub
3435 1101 3567 1157 puev

1987 1185 2074 1241 rili
2106 1192 2268 1240 aetate
2305 1181 2517 1238 discant
2569 1178 2590 1218 τ
2644 1178 2789 1249 quod
2829 1177 2898 1232 ad
2942 1174 3240 1248 perfectam
3283 1175 3568 1230 deductam

1985 1276 2289 1348 proﬁciant.
2334 1274 2394 1329 in
2440 1270 2727 1327 refectorio
2777 1284 2876 1341 per
2923 1283 2982 1326 se
3037 1283 3280 1323 mensam
3335 1267 3575 1321 habeant

1982 1367 2137 1438 juxta
2186 1364 2463 1422 seniorum
2503 1377 2745 1418 mensam
2798 1361 3053 1431 positam.
3098 1357 3354 1415 Seniores
3392 1365 3573 1411 tamen

1989 1459 2075 1516 vel
2103 1459 2231 1522 duo,
2268 1471 2363 1512 seu
2394 1453 2629 1525 amplius
2647 1492 2663 1518 ,
2700 1452 2767 1510 de
2794 1466 3026 1522 quorum
3055 1448 3316 1520 religione
3346 1462 3453 1502 non
3481 1446 3578 1501 du-

1989 1550 2209 1612 bitatur,
2247 1561 2373 1603 eum
2399 1547 2481 1601 eis
2514 1545 2737 1601 sedeant
2762 1561 2774 1597 :
2802 1552 2857 1599 ul
2887 1556 3101 1612 semper
3133 1541 3325 1597 timore
3353 1546 3579 1608 antepo—

1991 1640 2097 1695 sito
2116 1638 2216 1693 sub
2238 1644 2383 1691 metu
2410 1636 2687 1692 seniorum
2713 1634 3046 1689 nutriantur.
3090 1629 3296 1701 Quibus
3321 1643 3451 1683 vero
3473 1627 3575 1681 ho-

1995 1729 2073 1784 ris
2108 1726 2392 1791 reﬁciant,
2427 1726 2514 1781 vel
2554 1740 2804 1781 somnum
2832 1723 3048 1793 capiant
3069 1762 3084 1788 ,
3117 1719 3329 1775 abbatis
3355 1716 3582 1773 arbitrio

379 1808 618 1892 infantes
652 1835 709 1890 in
749 1834 1078 1890 monasterio
1112 1842 1314 1903 quanta
1352 1808 1486 1888 cura
1519 1808 1576 1889 et
1612 1808 1894 1904 disciplina
1923 1843 1970 1902 Β
1995 1820 2335 1895 pensandum
2365 1826 2465 1881 est,
2501 1827 2562 1873 ut
2594 1818 2647 1872 in
2684 1817 2937 1872 omnibus
2971 1815 3233 1869 virtutum
3271 1814 3296 1852 ε
3333 1808 3580 1867 custodia

272 1918 277 1921 ’
306 1930 420 1983 sint
443 1925 737 1989 nutriendi,
769 1923 952 1981 multis
975 1917 1262 1980 didicimus
1291 1925 1647 1983 documentis.
1692 1926 1898 1981 Debent

385 2071 408 2099 ιι
459 2057 589 2129 Cap.
618 2057 679 2112 ll
716 2057 935 2129 [tegulae
962 2073 1195 2114 excusas.

386 2130 415 2170 ι)
468 2127 551 2183 Ei
571 2143 690 2198 cap.
721 2127 952 2198 59’lleg.
983 2144 1087 2184 ms.
1113 2130 1231 2183 cod.
1262 2129 1425 2185 Corb.

386 2210 409 2239 ο
460 2198 563 2252 Aut
609 2199 695 2271 via;
729 2208 827 2271 qaut
866 2198 1169 2271 nullatenus
1209 2201 1410 2271 possint
1452 2211 1630 2271 postea
1681 2201 1896 2271 corripi.

311 2271 450 2341 Cum
483 2285 512 2341 a
545 2268 1131 2341 pueritiacorrectioni
1157 2268 1300 2341 haud
1327 2268 1550 2335 assueti,
1582 2268 1901 2341 grandiores

318 2340 452 2411 facti
477 2340 669 2411 juguﬁm
694 2338 805 2408 pati
837 2338 1103 2402 nesciunt,
1141 2339 1342 2411 etjam
1382 2340 1436 2396 in
1474 2338 1638 2411 prava
1675 2356 1903 2400 consue-

323 2408 512 2464 tudine
550 2408 943 2463 ’obdurnerunt
966 2417 1024 2462 et
1062 2408 1454 2464 occalluerunt.
1475 2408 1492 2411 ⁷
1516 2410 1899 2477 Quamobrem,

316 2480 449 2535 dum
484 2489 669 2535 tenera
697 2485 781 2533 est
803 2485 970 2544 aetas,
997 2477 1064 2533 ad
1087 2480 1347 2535 virtutem
1371 2480 1637 2535 ﬂectenda
1666 2489 1769 2537 est.

447 2631 605 2694 Udum
626 2637 680 2682 et
702 2630 850 2681 molle
874 2629 1028 2694 lutum
1054 2643 1112 2681 es
1135 2643 1149 2677 :
1175 2642 1303 2680 nunc
1340 2642 1470 2681 nunc
1492 2630 1828 2694 properandus
1853 2639 1907 2682 et

446 2693 731 2755 Fingendus
748 2695 855 2743 sine
879 2692 975 2743 ﬁne
1001 2701 1201 2744 rota.....
1496 2692 1507 2694 ‘
1726 2692 1844 2753 (acri

322 2819 501 2929 inquit
527 2817 745 2874 Persius
771 2826 875 2875 sat.

461 2887 527 2929 ’I'
565 2906 829 2929 nslnnnnm
870 2906 957 2929 lini

461 2887 527 2972 lit
558 2906 831 2972 nunquam
868 2889 982 2972 sine
1017 2890 1344 2972 seniorens:
1386 2889 1750 2972 Fructuosus,
1785 2904 1904 2958 cap.

324 2960 357 3019 4
384 2977 397 3014 :
428 2978 447 3010 ε
472 2959 573 3026 Qui
599 2969 654 3014 ct
687 2958 786 3028 ipsi
816 2958 1050 3015 infantes
1070 2975 1227 3015 suum
1255 2960 1491 3015 habeant
1519 2961 1803 3015 decanum.
1829 2979 1845 3010 ι

402 3042 426 3101 ς
466 3031 543 3101 ᾼὺ
575 3030 648 3101 eis
679 3029 990 3101 disciplinw.
1031 3030 1192 3101 Lege,
1231 3030 1296 3084 ab
1330 3029 1446 3100 ejus
1484 3028 1785 3101 disciplina.

404 3099 424 3139 ί
467 3099 620 3166 Quod
657 3100 728 3155 ad
764 3098 1049 3169 perfectam
1082 3098 1362 3154 deductam
1384 3098 1682 3173 perﬁciant.
1734 3098 1912 3155 Locus

2000 1911 2258 1967 discretio
2283 1909 2605 1981 reperiatur.

2002 2049 2324 2112 corruptus,
2374 2040 2449 2095 ita
2494 2049 2674 2112 tamen
2712 2036 3085 2112 castigandus,
3131 2035 3179 2089 si
3216 2034 3365 2105 legas
3392 2051 3404 2086 :
3435 2029 3585 2098 Quod

2002 2114 2070 2169 ad
2096 2107 2381 2184 perfectam
2406 2119 2613 2165 a’tatem
2638 2109 2877 2164 deductis
2899 2107 3162 2231 proficiat.

2074 2185 2102 2223 8
2137 2182 2411 2231 Custodia.
2461 2181 2538 2231 Ita
2567 2179 2781 2231 correxi
2810 2192 2874 2231 ex
2911 2191 2976 2230 νο
3016 2177 3096 2231 ice
3124 2173 3162 2228 γ

2074 2170 2107 2223 έ
2137 2170 2411 2238 custodia.
2461 2181 2538 2235 Ita
2567 2179 2781 2235 correxi
2810 2192 2874 2233 ex
2899 2170 3096 2231 'rodice
3124 2173 3283 2229 Vind.
3333 2170 3591 2228 Custodia

2003 2267 2135 2309 sane
2162 2251 2423 2307 virtutum
2460 2251 2718 2306 discretio
2748 2257 2852 2313 est,
2889 2263 3009 2318 quae
3038 2246 3136 2318 ubi
3164 2244 3383 2318 modum
3408 2256 3594 2297 exces—

2003 2323 2162 2387 seris,
2201 2321 2346 2376 illico
2375 2329 2622 2391 pereunt.
2678 2314 3362 2391 Optima'erggdiscregio,
3394 2321 3450 2367 et
3479 2326 3592 2366 mo-

2004 2394 2106 2449 dus
2130 2384 2393 2462 optimus,
2418 2399 2478 2445 ut
2506 2398 2688 2445 monet
2713 2384 3342 2459 élegatiter'Phocylides
3369 2401 3382 2435 :

2110 2507 2286 2582 Μᾷτρῳ
2316 2506 2405 2582 μὶν
2430 2506 2603 2582 perdito
2633 2504 2719 2557 καὶ
2747 2508 2899 2582 πιεῖν,
2929 2502 3015 2582 fati
3035 2498 3404 2582 μυρρλογξύειυ.

2112 2568 2520 2648 Πάνὲὠίμέτροί
2532 2571 2760 2645 ἄριστον,
2790 2571 3081 2642 ὑπερϐασὶη
3097 2568 3363 2626 δ’ἁλέεἱνη.

2007 2684 2065 2738 ld
2094 2692 2194 2743 est.
2236 2702 2253 2732 ι
2277 2681 2552 2737 Moderate
2581 2682 2762 2736 cibum
2784 2687 3079 2749 potumque
3108 2692 3291 2732 sumas
3328 2683 3386 2730 et
3409 2674 3594 2749 loqna~

2010 2753 2108 2808 ris.
2156 2752 2342 2808 Modus
2382 2761 2565 2806 autem
2601 2744 2869 2820 optimus,
2894 2744 3164 2820 excessus
3199 2754 3382 2820 autem
3420 2744 3596 2820 vitan-

2011 2824 2112 2878 dus
2145 2832 2248 2878 est.
2286 2842 2306 2875 ι
2351 2823 2417 2877 Et
2460 2814 2813 2892 Hippocrates
2851 2818 2945 2892 lib_.
2990 2818 3309 2892 u_Aphor._,
3336 2814 3415 2892 4‘:
3468 2832 3487 2865 ι
3518 2818 3596 2892 ρύ

2011 2893 2298 2964 πλησμονή,
2327 2881 2547 2964 οὖλιμρςξ
2702 2889 2995 2964 ἆλλοᾳρῦδὲν
3024 2881 3228 2964 hat-pou,
3261 2884 3340 2943 ὅτι
3369 2881 3430 2941 ἂν
3467 2885 3598 2964 μᾶᾒ-
3621 2921 3625 2925 -

2012 2964 2097 3040 lay
2120 2954 2509 3040 τὲῑςθόσιρέῇ.
2533 2954 2541 2957 ⁷
2561 2961 2619 3019 ld
2646 2969 2750 3025 est,
2782 2954 3289 3040 _¢_Neque.s_atietas,.
3305 2954 3483 3025 neque
3508 2954 3602 3040 ab:

2014 3027 2273 3088 stinentia
2331 3027 2479 3097 cibi',
2529 3046 2706 3101 neque
2747 3030 2891 3084 aliud
2924 3027 3232 3101 quidquam
3276 3027 3476 3081 bonum
3521 3031 3608 3081 est

2015 3105 2160 3173 quod
2191 3120 2354 3177 supra
2391 3112 2640 3159 naturam
2668 3101 2854 3159 fuerit.
2883 3119 2905 3153 ›

338 3233 3593 3261 Μ-Μ-η

1584 3349 1923 3429 CAPUT

1995 3352 2318 3432 XLVII.

1452 3499 1543 3555 DE
1579 3498 1995 3557 HEBDOMADA
2003 3499 2119 3559 RIO
2155 3501 2495 3559 LECTORE.

560 3711 588 3783 §
623 3710 840 3766 l.——Ex
884 3711 1102 3765 Recuu
1149 3725 1338 3766 sane"
1377 3711 1694 3768 Bsxsmcrt.

411 3817 439 3844 ιι
484 3802 683 3858 Mensis
714 3800 942 3857 fratrum
979 3803 1251 3856 clientium
1282 3802 1445 3858 lectio
1475 3804 1663 3859 deesse
1694 3819 1800 3858 non
1828 3804 1922 3859 dc-

337 3897 451 3951 bet.
500 3894 610 3953 Nec
636 3893 665 3933 ιι
701 3891 921 3948 fortuitu
956 3907 1108 3956 casu,
1141 3892 1235 3961 qni
1262 3893 1551 3962 arripuerit
1581 3893 1819 3948 codicem
1853 3893 1926 3947 lc-

339 4006 468 4062 gere
498 3989 695 4045 audeat
736 3987 808 4042 ibi
834 4006 847 4041 :
871 3987 966 4043 sed
1000 3986 1241 4042 lecturus
1282 3994 1394 4042 tota
1430 3986 1784 4053 hebdomada,
1823 3986 1926 4041 Do-

416 4174 442 4202 n
463 4159 659 4216 Mensis
682 4158 907 4228 fratrum
935 4157 1217 4213 edentium.
1232 4156 1418 4212 Lectio
1443 4157 1498 4211 in
1527 4171 1713 4213 mensa
1733 4157 1929 4213 statui—

346 4242 454 4296 tur,
489 4240 548 4286 ut
576 4244 732 4285 mens
761 4228 856 4285 Dei
888 4228 1052 4283 verbo
1091 4229 1396 4298 saginetur,
1435 4236 1493 4283 et
1522 4229 1688 4298 verba
1718 4228 1923 4294 futilia,

342 4302 553 4372 iurgia,
598 4300 733 4355 rixa:
771 4306 832 4372 et
855 4297 1219 4372 detractiones
1242 4299 1500 4372 vitentur.
1547 4297 1672 4354 Haec
1715 4313 1930 4369 semper

348 4367 515 4426 valuit
543 4368 871 4426 consuetudo
903 4367 958 4425 in
988 4368 1354 4433 monasteriis,
1381 4376 1441 4422 ut
1469 4375 1618 4437 patet
1641 4384 1708 4425 ex
1741 4367 1930 4423 aucto-

348 4442 502 4511 ribus
547 4440 637 4511 hic
675 4439 875 4511 citatis.
928 4436 1057 4505 Ejus
1082 4438 1263 4511 etiam
1294 4436 1507 4511 mentio
1537 4439 1678 4496 litin
1723 4439 1929 4511 Regula

349 4510 501 4571 Pauli
529 4518 586 4564 et
606 4507 889 4579 Stephani,
926 4520 1044 4580 cap.
1073 4508 1178 4580 l9_:
1217 4526 1247 4580 ί(
1275 4508 1615 4580 Βείίεἱεηιοε
1656 4523 1778 4580 cum
1804 4507 1930 4580 gra-

352 4583 551 4635 tiarum
575 4578 788 4634 actione
825 4585 880 4632 et
910 4578 1106 4633 timore
1135 4578 1229 4633 Dei
1270 4578 1531 4634 lectiones
1564 4578 1867 4634 audiamus.
1905 4599 1924 4631 ι

351 4650 497 4707 Idem
543 4648 851 4719 decernitur
892 4647 945 4719 in
986 4647 1189 4718 Regula
1231 4646 1639 4719 S.7Augustini,
1684 4663 1804 4718 cap.
1856 4649 1928 4704 5:

357 4738 377 4773 ι
410 4720 547 4776 Cum
575 4718 834 4775 acceditis
881 4717 948 4789 ad
985 4717 1236 4783 mensas,
1281 4717 1457 4789 donec
1501 4718 1627 4789 inde
1660 4717 1931 4789 surgatis,

353 4790 522 4861 quod
548 4789 701 4843 vobis
743 4786 1038 4861 secundum
1084 4788 1530 4861 consuetudinem
1557 4786 1779 4861 legitur
1818 4791 1935 4861 sine

353 4857 586 4916 tumultu
611 4866 667 4915 et
687 4857 1121 4915 contentionibus
1144 4858 1325 4913 audite
1350 4872 1365 4911 :
1393 4872 1463 4912 ne
1488 4859 1617 4913 sola:
1636 4857 1795 4915 vobis
1821 4860 1937 4915 fau-

352 4947 446 4986 ces
470 4939 703 4998 sumant,
722 4928 900 4998 cibum
923 4944 943 4998 ;7
982 4928 1076 4981 sed
1104 4936 1161 4998 et
1184 4942 1344 4983 aures
1366 4928 1666 4998 percipiant
1694 4929 1789 4984 Dei
1814 4945 1937 4985 ver-

352 4947 446 4986 ces
470 4943 690 4986 sumant
722 4943 940 4994 canum;
982 4943 1076 4981 seu
1104 4943 1161 4981 et
1184 4943 1344 4983 aures
1437 4943 1666 4998 rcipnant
1694 4943 1789 4984 uel
1814 4945 1930 4985 ver-

352 5002 504 5056 hum.
544 5018 565 5053 ›
598 4998 656 5055 In
688 4997 890 5068 Regula
918 4997 1179 5068 Tetradii,
1212 5013 1332 5067 cap.
1480 5015 1498 5048 ι
1536 4997 1618 5053 Ad
1654 5014 1930 5064 mensam,

1949 3716 1993 3779 C
2027 3712 2223 3767 minica
2271 3711 2626 3783 ingrediatur.
2675 3710 2779 3779 Qui
2818 3711 3126 3783 ingrediens
3158 3719 3280 3783 post
3312 3713 3527 3781 missas,
3560 3726 3616 3773 et

2027 3805 2462 3859 communionem
2501 3812 2650 3874 petat
2696 3805 2765 3859 ab
2806 3805 3057 3860 omnibus
3102 3817 3202 3872 pro
3241 3819 3302 3860 se
3338 3806 3521 3873 orari,
3557 3818 3618 3861 ut

2027 3899 2240 3949 avertat
2275 3891 2346 3947 ab
2382 3893 2499 3961 ipso
2535 3893 2677 3948 Deus
2715 3894 2965 3962 spiritum
3002 3892 3278 3959 elationis,
3313 3903 3371 3952 et
3406 3896 3618 3953 dicatur

2028 3982 2117 4038 hic
2152 3997 2343 4038 versus
2381 3984 2437 4037 in
2471 3984 2713 4038 oratorio
2759 3983 2922 4038 tertio
2947 3983 3013 4038 ab
3048 3983 3304 4041 omnibus
3332 3996 3353 4024 ο
3386 3986 3505 4060 ipso
3537 3995 3619 4044 ta-

2030 4156 2280 4214 convivio
2316 4156 2478 4211 lectio
2515 4154 2919 4226 Scripturarum
2958 4155 3263 4212 divinarum
3302 4159 3618 4217 misceatur.

2028 4228 2136 4284 Per
2164 4228 2269 4283 hoc
2295 4226 2439 4282 enim
2467 4226 2661 4280 animae
2686 4226 3025 4281 aediﬁcantur
3060 4228 3130 4282 ad
3159 4228 3361 4283 bonum
3381 4269 3397 4295 ,
3437 4238 3494 4285 et
3537 4230 3619 4286 fa-

2030 4297 2171 4354 bulae
2195 4311 2304 4352 non
2332 4296 2650 4352 necessaria:
2676 4296 3053 4365 prohibentur.
3089 4318 3108 4349 ι
3140 4296 3266 4353 Fuit
3292 4308 3347 4356 et
3376 4315 3496 4356 mos
3521 4316 3621 4357 an-

2031 4369 2306 4439 tiquorum
2332 4382 2683 4439 paganorum.
2720 4365 3115 4439 Spartianusin
3138 4367 3285 4439 ΔΕΙἰο
3310 4370 3483 4426 Vero:
3513 4389 3532 4422 ι
3560 4371 3622 4429 In

2033 4437 2297 4509 conviviis
2331 4437 2644 4509 tragtedias,
2685 4437 3367 4509 commdiasLAttellanas,
3396 4442 3617 4497 sambu-

2036 4524 2147 4574 cas,
2172 4508 2402 4579 lectores
2424 4507 2525 4579 pro
2557 4521 2857 4579 re_semper
2885 4507 3155 4579 exhibuit.
3189 4527 3211 4560 ι

2106 4580 2133 4619 b
2166 4575 2586 4636 Fortuitu'casu.
2618 4575 2696 4633 Ita
2727 4575 2781 4632 in
2805 4584 3035 4646 utroque
3059 4578 3181 4633 md.
3205 4594 3308 4634 ms.
3342 4577 3400 4635 8.
3432 4579 3616 4635 Germ.

2036 4657 2091 4704 et
2116 4648 2174 4706 S.
2209 4647 2440 4703 Victoris
2476 4657 2636 4718 atque
2664 4647 2830 4718 etiam
2856 4647 2908 4701 in
2945 4647 3066 4703 cod.
3111 4647 3169 4703 8.
3205 4648 3465 4718 Ebrulphi
3495 4666 3621 4705 cum

2036 4720 2269 4775 Kerone.
2301 4718 2525 4792 Optima
2550 4717 2732 4792 lectio
2771 4717 3178 4792 si_i_nterposita
3217 4717 3457 4792 copula,
3502 4734 3624 4789 quas

2038 4804 2170 4861 sane
2191 4789 2537 4861 scriptorum
2555 4788 2770 4861 incuria
2797 4787 3015 4861 videtur
3037 4787 3380 4861 intercidisse
3396 4830 3410 4853 ,
3444 4787 3589 4861 legas
3606 4830 3622 4856 ,

2038 4859 2260 4983 gortuitu
2289 4857 2335 4910 et
2361 4874 2518 4922 casu,
2554 4858 2697 4912 idem
2730 4857 2907 4926 quod,
2948 4874 3075 4912 casu
3102 4869 3150 4913 et
3179 4858 3433 4927 fortuitu,
3480 4857 3624 4929 apud

2089 4929 2274 4982 ullium
2304 4927 2433 4982 lib.l
2456 4928 2522 4982 de
2553 4928 2911 4983 Divinatione.
2941 4936 2998 4981 et
3015 4927 3308 4983 Auctorem
3328 4930 3395 4983 ad
3417 4929 3623 4983 Heren—

2089 4929 2274 4982 ullium
2304 4927 2433 4982 lib.l
2456 4928 2522 4982 de
2553 4928 2911 4992 Divinatione,
2941 4936 2998 4981 et
3015 4927 3308 4985 Auctorem
3328 4930 3395 4983 ad
3417 4927 3623 4985 Heren-

2040 4999 2208 5053 nium.
2242 4995 2513 5058 Fortuitu,
2545 4998 2685 5052 idem
2712 4996 2856 5065 quod
2885 4995 3024 5051 forte
3046 5007 3103 5053 et
3127 4997 3382 5063 fortuito,
3421 5001 3488 5055 de
3514 5015 3625 5065 quo

354 5071 484 5125 dum
531 5063 861 5141 manducant
886 5108 902 5132 ,
944 5068 1124 5141 nullus
1159 5063 1451 5139 loquatur:
1490 5069 1768 5141 sedgunus
1794 5063 1936 5141 legat
1961 5063 2013 5122 D
2038 5067 2352 5141 Priscianus
2380 5067 2591 5141 lib._xv.
2634 5063 2801 5141 Vulgo
2829 5065 3041 5141 legitur,
3079 5067 3298 5141 fortuito
3334 5085 3479 5123 casu.
3514 5063 3623 5125 Sed

353 5153 733 5221 quemcunque
755 5138 970 5221 librum,
994 5147 1061 5221 ut.
1081 5138 1438 5221 sicut’corpus
1463 5138 1938 5221 reﬁcitur-tantum

354 5207 501 5273 cibo,
531 5207 613 5265 ita
642 5207 821 5264 anima
857 5207 1135 5263 reﬁciatur
1159 5207 1254 5263 Dei
1280 5207 1474 5262 verbo:
1497 5207 1577 5264 sic
1598 5208 1728 5263 dicit
1756 5211 1940 5265 Domi-

358 5295 500 5334 nus:
537 5277 662 5333 Non
692 5287 874 5333 autem
902 5276 1014 5331 sola
1041 5293 1177 5348 pane
1206 5277 1329 5348 vivit
1358 5277 1544 5348 homo,
1577 5279 1673 5333 sed
1698 5295 1762 5333 ea:
1795 5281 1939 5336 omni

355 5349 514 5403 verba
551 5348 669 5403 Dei.
695 5347 881 5415 Qualis
908 5356 993 5403 est
1025 5347 1171 5402 terra
1207 5347 1325 5402 sine
1352 5347 1532 5418 pluvia
1567 5357 1622 5402 et
1659 5364 1790 5404 caro
1822 5350 1941 5405 sine

356 5419 506 5483 cibo,
540 5418 665 5474 talis
691 5428 774 5474 est
812 5419 1022 5482 anima,
1052 5417 1098 5472 si
1127 5432 1234 5473 non
1269 5418 1543 5473 reﬁcietur
1574 5418 1667 5474 Dei
1690 5421 1876 5474 verbo.
1913 5440 1932 5473 ι

359 5488 429 5543 Et
460 5489 535 5560 in;
555 5487 757 5560 Regula
784 5486 842 5560 8.
874 5486 1094 5560 Cmsarii
1112 5528 1129 5553 ,
1156 5502 1278 5557 quae
1307 5496 1395 5542 est
1424 5489 1936 5554 sanctimonialium,

360 5574 485 5629 cap.
517 5558 613 5629 iii:
641 5556 664 5609 ἱ
702 5558 965 5614 Sedentes
987 5556 1054 5629 ad
1082 5556 1329 5629 mensam
1354 5564 1590 5629 taceant,
1617 5567 1673 5614 et
1699 5561 1939 5616 animum

363 5625 583 5701 lectioni
611 5628 914 5683 intendant.
944 5646 963 5679 ι
988 5626 1044 5682 id
1066 5628 1230 5683 etiam
1260 5625 1361 5701 fuit
1389 5642 1420 5681 a
1440 5628 1656 5684 clericis
1684 5630 1941 5701 usitatum

363 5699 433 5755 es
476 5706 790 5754 sanctorum
830 5712 1096 5753 canonum
1124 5699 1471 5767 prmscripto,
1519 5707 1580 5753 ut
1608 5700 1864 5754 statuitur
1888 5700 1941 5754 in

367 5767 596 5825 concilio
624 5768 885 5825 'l‘oletano
909 5783 974 5833 v,
1010 5783 1130 5825 can.
1178 5769 1208 5824 7
1236 5787 1248 5822 :
1298 5787 1315 5819 ι
1349 5769 1405 5829 ln
1434 5770 1581 5827 omni
1621 5770 1943 5828 sacerdotali

2041 5137 2157 5195 ham
2185 5137 2344 5207 lectio
2372 5152 2436 5192 ex
2465 5135 2759 5207 deperditai
2798 5135 3002 5207 copulae
3028 5135 3317 5194 occasione
3345 5147 3474 5196 nata
3504 5151 3590 5196 est
3608 5181 3622 5204 ,

2039 5221 2292 5331 cumlpro
2315 5206 2541 5277 fortuitu
2565 5206 2826 5288 scriptum
2852 5206 2954 5261 fuit
2968 5208 3219 5331 l(ortm'to.

2112 5289 2136 5317 α
2204 5293 2296 5331 nso
2328 5286 2503 5331 tamen
2530 5276 2828 5331 incipiente.
2856 5276 2965 5331 Rut
3005 5278 3172 5331 ardus
3192 5294 3219 5331 ι]

2112 5289 2136 5317 ο
2170 5276 2296 5347 Ipso
2318 5276 3172 5362 'tantcn‘incipiente.i‘Ruthardus
3189 5284 3345 5362 putat
3369 5278 3639 5362 prius_in-'

2039 5345 2253 5430 tegrum
2295 5345 2955 5402 versiculum'dicendum
2997 5345 3224 5431 esseab
3251 5345 3622 5432 ingrediente.

2041 5418 2236 5500 deinde
2264 5415 2730 5500 terrepetendum
2760 5430 2794 5500 a_
2821 5415 2988 5499 choro
3006 5458 3022 5484 ,
3051 5433 3177 5500 quia
3203 5433 3330 5500 cap.
3351 5419 3423 5500 55
3449 5431 3523 5500 u_a
3551 5431 3628 5475 ait

2041 5487 2100 5545 S.
2116 5487 2437 5542 Benedictus
2456 5503 2469 5539 :
2495 5485 2869 5557 Subsequatur
2887 5485 3193 5557 ingrediens
3207 5485 3443 5555 et'dicat,
3463 5489 3626 5549 Deut.

2042 5576 2098 5614 in
2123 5557 2649 5631 adju_torit_t_m_meum
2667 5556 2898 5631 intende;
2908 5556 3152 5624 Domine,
3176 5558 3246 5613 ad
3267 5560 3628 5631 adjuvandum

2042 5645 2127 5699 me
2142 5625 2352 5697 festina.
2372 5625 2438 5682 Et
2452 5627 2556 5699 hoc
2574 5625 2716 5681 idem
2740 5627 2902 5699 tertio
2915 5636 3197 5699 repetatur
3218 5630 3288 5685 ab
3306 5625 3577 5687 omnibus.
3599 5650 3623 5684 ι

2045 5696 2163 5781 ξηρὴ
2187 5697 2580 5781 contemnenda
2603 5697 2889 5781 expositio.
2915 5696 2998 5755 ita
3011 5708 3076 5759 ut
3101 5700 3204 5757 hoc
3231 5699 3375 5768 loco,
3398 5702 3625 5774 incipe"

2048 5768 2191 5826 idem
2218 5768 2290 5821 sit
2311 5768 2454 5841 quod
2486 5767 2634 5837 prius
2660 5767 2850 5827 dicere.
