3940 6196
323 291 464 349 1109

1242 278 1632 344 CONCORDIA
1670 283 2129 347 REGULARUM.
2169 323 2237 333 --
2276 293 2428 351 CAP.
2469 290 2668 351 XLVII.

3437 292 3574 348 tuo

320 402 518 472 cipiat;
546 398 641 455 sed
661 397 825 454 verbo
838 397 933 453 Dei
962 398 1144 453 anima
1161 405 1419 469 pascatur
1441 398 1706 454 esuriens.
1729 410 1754 438 ι
1773 395 1904 453 Ora-

2031 401 2166 468 lehet
2200 419 2321 463 esse
2349 408 2603 467 introitus
2630 409 2901 465 dominico
2928 406 3016 464 die
3041 424 3148 479 quo
3174 405 3576 464 bebdomadaril

322 492 567 549 tionibus
653 498 843 546 vacate
906 490 1058 546 horis
1116 499 1170 545 et
1227 490 1559 561 temporibus
1623 489 1903 545 institutis.

324 586 355 626 ι)
373 582 606 640 Psalmis
628 590 684 638 et
705 582 939 653 hymnis,
956 598 1076 637 cum
1099 583 1358 638 Dominus
1378 592 1656 647 exoratur,
1673 597 1734 637 ea
1757 580 1909 651 plan-

328 683 519 731 tentur
542 674 595 727 in
625 672 805 736 corde,
838 687 958 741 qum
981 670 1330 741 proferuntur
1359 671 1411 726 in
1437 686 1589 726 voce.

327 766 359 838 §
400 763 512 818 XII.
536 792 607 804 -—
633 761 765 816 ιτειι
806 776 876 815 ex
914 759 1134 816 Recuu
1170 759 1547 817 Omenuuun
1588 758 1729 831 (cap.
1760 757 1905 830 l3l).

405 866 427 894 ο
468 852 625 920 Quod
671 851 716 907 si
763 850 962 921 aliquis
1010 850 1221 905 loeutus
1267 848 1451 913 fuerit,
1496 849 1582 905 vel
1627 848 1807 904 riserit
1855 849 1907 902 in

326 944 626 1008 vescendo,
658 943 967 1013 increpetur
993 949 1049 996 et
1075 949 1200 1012 agat
1223 939 1620 1010 ptenitentiam.
1650 938 1675 978 ἀ
1698 936 1759 994 Si
1789 938 1912 1009 quis

329 1038 401 1092 ad
443 1035 876 1093 manducandum
933 1031 1140 1088 tardius
1182 1032 1394 1088 venerit
1437 1032 1642 1102 absque
1690 1032 1913 1102 majoris

332 1128 584 1198 imperio,
616 1124 868 1183 similiter
913 1135 1038 1195 agat
1077 1124 1473 1194 paenitentiam,
1510 1130 1604 1177 aut
1627 1124 1692 1179 ad
1720 1123 1910 1179 cellam

329 1234 489 1278 suam
516 1216 735 1289 jejunus
764 1225 1090 1272 revertatur.
1125 1225 1149 1255 ο
1189 1215 1248 1270 Si
1282 1216 1487 1285 aliquid
1520 1214 1682 1270 fuerit
1728 1228 1914 1269 neces-

333 1312 540 1368 sarium
589 1311 645 1365 in
683 1324 891 1376 mensa,
941 1323 1100 1365 nemo
1131 1307 1351 1363 audebit
1394 1306 1582 1377 loqui:
1619 1307 1715 1363 sed
1757 1307 1915 1361 mini-

329 1405 640 1462 strantibus
672 1402 693 1441 ί
724 1403 846 1458 soni
873 1402 1083 1473 signum
1112 1400 1283 1456 dabit.
1319 1402 1344 1442 ε
1373 1399 1603 1455 Ministri
1634 1414 1761 1455 vero
1788 1398 1916 1455 abs-

332 1510 443 1569 que
485 1496 595 1562 his,
626 1508 747 1567 quae
798 1496 851 1550 in
898 1508 1188 1551 commune
1241 1492 1504 1549 fratribus
1541 1500 1730 1561 parata
1769 1500 1915 1556 sunt,

332 1588 471 1645 nihil
520 1588 667 1644 aliud
703 1587 1027 1643 comedant:
1056 1599 1159 1642 nec
1207 1593 1446 1640 mutatos
1480 1582 1636 1640 cibos
1677 1582 1780 1638 sibi
1826 1594 1921 1636 au-

2007 496 2253 563 coquintc
2278 496 2653 567 ingrediuntur
2677 500 2731 554 in
2756 498 3133 568 septimanam.
3189 498 3341 554 Tunc
3384 504 3438 553 et
3477 497 3581 567 iste

2007 580 2176 638 frater
2213 586 2280 641 ad
2319 596 2486 643 sextae
2528 588 2675 643 hom:
2721 587 3071 642 refectionem
3116 595 3240 657 post
3274 598 3489 644 versum
3528 594 3583 640 et

2009 679 2311 734 orationem
2345 697 2567 747 mensae,
2591 697 2714 738 cum
2740 683 2909 736 abbas
2938 681 2991 736 in
3018 697 3114 736 sua
3137 682 3395 737 cathedra
3424 682 3581 736 sede-

2011 770 2101 836 rit,
2155 781 2446 841 antequam
2492 773 2520 814 ιι
2567 774 2805 829 canister
2858 789 2982 829 cum
3033 773 3307 829 consuetis
3353 773 3584 842 panibus

2012 863 2229 919 trocleae
2278 863 2407 920 fune
2434 865 2744 930 descendat,
2784 874 2913 919 tunc
2955 863 3192 919 insinuet
3225 877 3355 919 voce
3390 879 3505 925 sua,
3538 864 3585 918 is

2011 954 2103 1022 qui
2144 953 2383 1009 lecturus
2417 964 2501 1010 est
2539 955 2766 1010 dicens:
2792 953 3004 1031 Jubete,
3032 954 3235 1009 domini
3262 954 3391 1017 mei,
3426 969 3587 1008 orare

2010 1060 2110 1114 pro
2166 1060 2251 1100 me
2274 1085 2289 1110 ,
2339 1046 2466 1114 quia
2520 1045 2794 1114 ingredior
2849 1043 2904 1098 in
2958 1042 3293 1098 hebdomada
3342 1043 3588 1097 lectionis

2013 1135 2289 1192 mensalis.
2342 1135 2465 1191 Mox
2514 1150 2744 1206 surgens
2787 1134 2955 1189 abbas
2999 1146 3125 1188 cum
3164 1132 3310 1187 omni
3357 1147 3587 1203 congre'

2012 1226 2230 1298 gatione
2266 1226 2389 1280 lixis
2424 1226 2478 1281 in
2508 1233 2654 1281 terra
2690 1225 2919 1297 genibus
2950 1230 3070 1278 oret
3099 1236 3223 1277 cum
3248 1236 3334 1277 eo.
3371 1221 3437 1276 Et
3465 1237 3589 1276 cum

2014 1317 2372 1383 surrexerint,
2412 1316 2556 1372 dicat
2601 1330 2775 1371 novus
2818 1312 3271 1369 bebdomadarius
3300 1313 3441 1368 hunc
3472 1326 3593 1366 vcr-

2015 1422 2165 1462 sum:
2191 1406 2435 1473 Domine,
2457 1406 2599 1461 labia
2630 1423 2744 1461 mea
2777 1406 2998 1476 aperies,
3023 1414 3072 1460 et
3097 1421 3155 1459 os
3187 1420 3360 1458 meum
3386 1420 3592 1458 annun-

2017 1496 2165 1549 tiabit
2202 1493 2410 1550 Iaudem
2441 1506 2588 1550 tuam
2624 1494 2798 1567 (Psal.
2826 1492 2901 1565 ι).
2952 1490 2970 1533 ι
3001 1494 3476 1564 Respondentibus
3508 1509 3594 1548 se-

2016 1600 2141 1640 cum
2172 1586 2404 1647 cunctis.
2433 1587 2564 1642 Post
2583 1600 2802 1641 versum
2835 1600 2970 1640 vero
3000 1585 3228 1649 dictum,
3265 1599 3391 1639 mox
3415 1584 3593 1653 primo

332 1682 499 1737 deant
537 1692 864 1751 praeparare.
897 1677 926 1718 ιι
957 1676 1126 1732 Nemo
1171 1675 1293 1747 plus
1341 1674 1496 1731 alteri
1545 1673 1717 1738 dabit,
1757 1686 1919 1742 quam
1947 1743 1987 1751 _
2021 1673 2224 1740 abbati,
2270 1674 2464 1730 deinde
2510 1674 2762 1730 omnibus
2803 1688 2995 1744 pacem
3044 1672 3244 1727 tradat.
3289 1670 3494 1728 Deinde
3539 1673 3595 1729 in

336 1772 480 1826 alter
508 1743 740 1840 accepit.
780 1767 937 1836 Quod
984 1768 1029 1823 si
1075 1743 1387 1823 obtenditur
1425 1764 1736 1829 inﬁrmitas,
1782 1777 1918 1832 prm-
1947 1743 1993 1803 Β
2022 1764 2203 1825 medio
2228 1764 2472 1819 omnium
2513 1743 2824 1820 mensarum
2874 1764 2976 1820 sibi
3017 1764 3233 1819 ordinet
3283 1761 3507 1827 sellam;
3541 1769 3596 1817 et

332 1863 547 1935 positus
575 1863 768 1917 domus
794 1867 981 1931 perget
1008 1860 1075 1915 ad
1098 1858 1378 1913 ministros
1406 1855 1839 1929 aegrotandum,i
1867 1861 1924 1908 et
2019 1866 2144 1925 post
2179 1854 2422 1913 omnium
2461 1857 2763 1914 sessionum
2804 1858 2876 1914 ad
2906 1872 3124 1914 mensas
3157 1857 3327 1928 petita
3370 1856 3594 1915 benedi-

336 1952 445 2015 bis,
475 1967 597 2020 quae
636 1948 944 2004 necessaria
975 1956 1127 2011 sunt,
1155 1946 1402 2016 accipiet.

482 2039 511 2111 §
548 2038 685 2094 XIII.
708 2065 780 2078 —-
803 2038 884 2093 Ex
922 2038 1143 2093 Renum
1180 2036 1449 2092 Macrsrnt
1486 2037 1625 2107 (cap.
1666 2033 1779 2107 29).

413 2131 428 2183 i
466 2131 525 2186 In
558 2130 767 2187 aestatis
791 2129 877 2185 vel
908 2128 1103 2184 hiemis
1134 2136 1368 2198 utroque
1399 2136 1673 2198 tempore,
1699 2141 1820 2181 cum
1850 2126 1921 2180 ad

331 2232 546 2279 sextam
573 2222 655 2276 vel
678 2236 877 2276 nonam
905 2221 1098 2276 horam
1127 2218 1391 2284 reﬁcitur,
1423 2218 1617 2290 singuli
1646 2217 1921 2287 praepositi

340 2314 411 2369 de
440 2313 666 2385 singulis
694 2311 912 2367 decadis
940 2309 1150 2365 vicibus
1175 2308 1541 2364 hebdomadas
1575 2307 1816 2377 singulas
1844 2308 1920 2362 le-

335 2404 514 2474 gendo
538 2402 607 2457 ad
633 2416 850 2458 mensas
870 2407 1183 2456 exerceant.
1218 2396 1325 2454 Sed
1353 2408 1481 2455 tunc
1507 2399 1573 2454 de
1602 2397 1692 2452 illa
1720 2398 1924 2454 decada

336 2496 662 2568 prmpositns
700 2509 806 2550 non
847 2494 1014 2565 legat,
1064 2491 1134 2548 de
1174 2507 1281 2562 qua
1324 2492 1463 2547 alter
1504 2491 1827 2561 praepositus
1866 2491 1921 2544 in

337 2587 589 2656 coquinae
633 2584 859 2639 servitio
884 2592 1182 2652 occupatur
1215 2598 1228 2634 :
1260 2595 1329 2635 ne
1371 2581 1497 2635 dum
1539 2595 1678 2637 unus
1711 2579 1840 2650 legit
1869 2590 1925 2634 et

339 2679 482 2733 alter
510 2677 711 2748 coquit,
744 2676 875 2730 vitia
913 2688 1134 2730 suomm
1166 2672 1395 2728 fratrum
1444 2672 1512 2727 ad
1553 2687 1768 2727 mensas
1815 2686 1924 2725 non

336 2762 434 2831 si't,
468 2768 561 2837 qui
587 2782 826 2838 praesens
855 2765 1124 2821 emendet.
1156 2763 1257 2831 Qui
1292 2763 1564 2834 praepositi
1595 2763 1819 2835 singulis
1846 2763 1925 2817 vi-

338 2860 496 2913 cibus
525 2858 578 2911 in
604 2856 831 2928 legendo
853 2856 920 2910 ad
944 2855 1158 2921 missas,
1182 2870 1305 2910 cum
1330 2854 1570 2925 singulas
1593 2854 1927 2925 expleverint

343 2948 732 3012 l;eb.lomadas,
761 2946 1002 3016 singulos
1030 2945 1230 3002 fratres
1259 2947 1527 3002 litteratos
1552 2962 1650 3017 per
1676 2947 1922 3019 singulas

345 3041 558 3096 vicibus
600 3040 931 3110 septimanas
977 3039 1045 3095 ad
1087 3038 1372 3110 legendum
1421 3040 1754 3095 constituant
1800 3058 1813 3093 :
1864 3047 1925 3095 ut

344 3145 539 3184 omnes
564 3102 773 3199 possint
803 3129 1011 3184 vicibus
1039 3129 1106 3184 de
1134 3102 1362 3200 singulis
1389 3130 1603 3186 decadis
1633 3130 1811 3201 legere
1839 3131 1924 3185 lit-
1949 3102 1994 3164 δ

346 3223 532 3285 terati.
582 3221 649 3277 Et
686 3232 970 3292 postquam
1013 3236 1203 3277 omnes
1232 3222 1428 3278 fratres
1465 3222 1518 3277 in
1545 3222 1772 3296 legendo
1800 3239 1927 3280 suas

343 3313 684 3384 expleverint
712 3313 1064 3384 septimanas,
1106 3312 1299 3383 singuli
1346 3314 1647 3384 recapitent
1687 3313 1753 3367 ad
1784 3314 1925 3368 invi-

346 3420 466 3459 cem
496 3402 770 3473 praepositi
804 3421 816 3456 :
844 3411 901 3456 ut
932 3418 1207 3472 nunquam
1240 3402 1379 3458 desit
1408 3404 1611 3460 carnali
1644 3403 1924 3460 refectioni

346 3510 473 3551 esca
501 3495 703 3561 divina,
727 3495 866 3549 sicut
894 3494 1023 3550 dicit
1052 3494 1332 3565 Scriptura
1360 3514 1373 3550 :
1399 3496 1523 3550 Non
1552 3497 1607 3550 in
1644 3495 1757 3551 solo
1777 3514 1928 3567 .pane

343 3587 468 3641 vivit
502 3586 679 3649 homo,
707 3584 797 3639 sed
832 3586 886 3638 in
921 3585 1063 3638 omni
1099 3584 1250 3638 verba
1273 3585 1367 3639 Dei
1396 3584 1548 3655 (Luc.
1579 3586 1675 3655 tv).
1731 3585 1799 3641 Ut
1824 3585 1925 3640 dn-

350 3677 567 3748 plicitcr
614 3676 812 3732 fratres
851 3675 1121 3742 reficiant,
1171 3692 1293 3731 cum
1345 3693 1441 3731 ore
1484 3679 1829 3743 manducant,
1875 3687 1931 3732 et

352 3773 576 3828 auribus
613 3771 950 3841 saginantur.
996 3767 1162 3838 Cujus
1189 3784 1318 3841 ergo
1353 3769 1407 3823 in
1436 3762 1772 3825 hebdomada
1809 3769 1930 3824 talis

426 3961 464 4029 ι.
497 3946 836 4029 Orationibus
850 3944 1217 4029 _vacatekilaec
1242 3951 1455 4029 sumpta
1482 3951 1608 3998 sunt
1635 3958 1701 4029 es
1726 3941 1929 4023 Regula

347 4017 412 4072 S.
437 4017 721 4087 Augustini
772 4032 821 4071 c.
850 4018 922 4070 7:
972 4034 990 4066 ι
1043 4014 1391 4071 Orationibus
1438 4014 1637 4068 instate
1682 4014 1831 4067 horis
1876 4021 1933 4068 et

351 4088 687 4161 temporibus
727 4087 1053 4161 constitutis.
1092 4106 1112 4138 ι
1245 4154 1265 4161 _
1428 4155 1442 4161 _
1550 4151 1601 4161 Δ
1669 4150 1705 4161 Δ,
1826 4153 1862 4161 _

424 4151 709 4211 b'Psalmis
744 4167 793 4210 et
832 4158 1061 4226 hymnis,
1092 4163 1197 4210 etc.
1244 4154 1303 4210 In
1342 4151 1626 4210 eadcm'S.
1655 4151 1792 4226 Aug.
1825 4153 1932 4209 Re-

426 4169 451 4197 ο
482 4169 709 4211 Psalmis
744 4169 793 4210 et
832 4169 1061 4226 nymms,
1092 4169 1197 4210 etc.
1244 4169 1303 4210 tn
1342 4169 1533 4210 eadem
1569 4169 1626 4208 δ.
1655 4169 1792 4277 aug.
1825 4169 1927 4209 rte-

350 4228 480 4299 gula
509 4243 627 4298 cap.
655 4227 723 4281 9:
755 4246 771 4277 ι
803 4226 1035 4299 Psalmis
1059 4237 1115 4281 et
1136 4226 1352 4299 hymnis
1380 4241 1500 4280 cum
1543 4225 1715 4299 oratis
1782 4238 1927 4288 eum,

318 4295 458 4369 hoc
509 4295 881 4369 verseturuiu
911 4298 1107 4369 cprde,
1159 4295 1303 4369 quod
1362 4305 1612 4369 versatur
1650 4295 1704 4348 in
1747 4308 1925 4369 ore.)

353 4368 451 4438 llis
477 4367 705 4438 quadrat
755 4367 884 4421 illud
928 4364 986 4438 _S.
1018 4364 1237 4438 Caesarii
1262 4364 1591 4438 Arelatensis
1625 4380 1789 4421 serm.
1825 4364 1926 4418 12‘:

2018 1950 2201 2005 ctione
2231 1950 2417 2005 sedeat
2444 1951 2560 2020 ipse
2599 1950 2652 2005 in
2683 1950 2816 2006 sella
2845 1966 2972 2007 cum
2999 1951 3206 2007 codice.
3237 1950 3304 2005 Et
3329 1965 3452 2005 cum
3486 1950 3597 2019 pri-

2019 2053 2167 2094 mum
2196 2053 2396 2094 mensae
2423 2039 2594 2094 abbas
2622 2054 2744 2094 cum
2782 2039 3035 2096 omnibus
3062 2039 3334 2110 acceperit
3362 2054 3592 2102 merum,

2018 2137 2075 2185 et
2103 2129 2218 2199 ipse
2242 2130 2491 2184 similiter
2520 2146 2678 2185 suum
2712 2145 2924 2185 merum
2946 2141 2988 2169 ω
3014 2137 3239 2201 prepter
3265 2137 3481 2198 sputum
3513 2143 3597 2183 sa-

2016 2221 2287 2277 cramenti
2339 2222 2594 2292 accipiat,
2649 2229 2704 2277 et
2756 2221 2837 2277 sic
2886 2220 3114 2292 incipiat
3168 2220 3368 2291 legere.
3431 2218 3601 2291 Legat

2022 2328 2258 2383 namque
2307 2314 2550 2383 quotidie
2598 2312 2861 2384 Regulam
2910 2312 3052 2368 hanc
3103 2312 3281 2382 posito
3336 2310 3404 2366 ad
3453 2310 3595 2366 diem

2020 2403 2178 2474 signo
2223 2404 2332 2459 huc
2379 2418 2552 2474 usque
2612 2403 2837 2475 legerit;
2889 2413 2951 2458 ut
3005 2413 3299 2472 sequenter
3359 2402 3600 2472 quotidie

2021 2501 2202 2547 tamen
2247 2494 2432 2549 omnia
2466 2494 2848 2564 perlegantnr;
2895 2502 2957 2547 ut
3001 2508 3100 2563 per
3124 2493 3273 2553 vices
3309 2492 3593 2547 hebdoma»

2022 2583 2150 2638 dum
2205 2593 2263 2638 et
2303 2582 2448 2639 finiri
2499 2585 2705 2655 possit,
2760 2592 2817 2639 et
2863 2584 3156 2654 recapitari
3204 2583 3450 2655 legendo.
3500 2583 3600 2649 Qui

2024 2674 2519 2741 bebdomadarius,
2580 2690 2705 2731 cum
2759 2674 3118 2745 septimanam
3174 2689 3328 2730 suam
3376 2673 3603 2747 legendo

2021 2763 2357 2833 expleverit,
2413 2765 2630 2835 signum
2685 2766 2933 2835 sequenti
2982 2765 3289 2821 successori
3329 2764 3600 2825 ostendat.

2021 2858 2166 2913 unde
2188 2866 2574 2929 prosequatur,
2617 2858 2709 2929 qui
2738 2858 2965 2929 coeperit
3000 2858 3378 2929 septimanam.
3418 2855 3520 2925 Qui
3548 2867 3602 2911 et

2022 2948 2139 3018 ipse
2167 2948 2406 3004 finiendo
2433 2955 2488 3006 et
2517 2947 2867 3020 recapitando
2900 2947 3235 3004 hebdomada
3263 2962 3360 3004 sua
3391 2948 3603 3020 signum

2025 3044 2326 3099 successori
2379 3044 2739 3099 demonstret.
2816 3039 2983 3112 Legat
3032 3055 3268 3111 namque
3321 3040 3601 3112 disposite,

2028 3150 2137 3190 non
2182 3134 2444 3205 urgendo,
2478 3143 2506 3170 ιι
2546 3140 2606 3187 ut
2638 3132 2880 3204 apertius
2926 3130 3176 3200 occupati
3220 3144 3285 3184 ea
3332 3130 3606 3191 auditores

2029 3234 2346 3297 agnoscant,
2377 3242 2496 3296 quae
2534 3241 2630 3281 eos
2663 3224 2823 3280 factis
2839 3216 3102 3295 'oporteat
3129 3220 3448 3291 adimplere.
3485 3228 3509 3256 °
3540 3219 3606 3274 Et

2028 3326 2091 3372 ut
2117 3318 2162 3372 si
2187 3332 2293 3388 qua
2316 3325 2444 3371 sunt
2481 3316 2737 3389 ambigua
2785 3322 2879 3370 aut
2915 3314 3170 3378 obscura,
3195 3321 3251 3367 et
3276 3313 3519 3383 apertius
3542 3328 3607 3366 ea

2030 3425 2139 3465 non
2170 3408 2476 3480 intelligunt
2497 3407 2714 3472 fratres,
2750 3414 2845 3461 aut
2875 3406 3245 3475 interrogatus
3273 3418 3304 3456 a
3329 3401 3605 3465 fratribus,

2030 3510 2126 3556 aut
2174 3501 2314 3557 ultro
2341 3500 2523 3570 aliqua
2561 3500 2730 3555 abbas
2766 3505 3023 3566 exponat.
3056 3506 3081 3546 P
3104 3495 3239 3549 Nam
3275 3494 3320 3549 si
3357 3507 3609 3563 superve-

2031 3595 2209 3648 nerinl
2249 3592 2388 3648 forte
2413 3606 2614 3647 mensae
2647 3590 2985 3650 monasterii,
3016 3587 3139 3642 laici
3174 3594 3395 3656 propter
3420 3586 3606 3645 detra-

2027 3678 2263 3740 ctionem
2294 3681 2531 3736 futuram
2574 3680 2628 3734 in
2656 3679 2877 3744 saeculo,
2906 3692 3031 3732 cum
3062 3682 3273 3731 secreta
3300 3675 3398 3730 Dei
3435 3688 3605 3730 saecu-

2030 3775 2164 3830 laris
2192 3772 2497 3844 agnoverit,
2531 3771 2578 3826 si
2603 3769 2867 3842 placuerit
2892 3767 3094 3834 abbati,
3122 3765 3284 3821 aliam
3316 3764 3604 3821 lectionem

2031 3964 2152 4016 cap.
2185 3947 2272 4011 il,
2323 3946 2410 4016 his
2455 3943 2632 3999 simile
2650 3950 2803 4016 test,“
2830 3941 2973 4011 quod
3001 3937 3350 4016 praecipit___S.
3372 3937 3610 4016 Isidorus

2032 4008 2151 4087 cap.
2181 4017 2238 4081 9,
2260 4008 2351 4088 ἰη’
2379 4014 2578 4088 fratres
2626 4008 2893 4088 similibus
2917 4008 3187 4088 _utantur;
3208 4008 3363 4088 cibig,
3399 4016 3455 4088 et
3484 4008 3611 4088 huic

2032 4077 2356 4143 institutioni
2381 4085 2533 4140 Pauli
2576 4093 2634 4139 et
2672 4082 2932 4153 Stephani
2973 4096 3093 4153 cap.
3120 4079 3231 4134 20:
3260 4096 3279 4130 ς
3305 4077 3456 4153 _Nulli
3498 4077 3609 4153 fra:

2034 4168 2174 4213 trum
2203 4157 2379 4217 liceat,
2410 4156 2491 4210 vel
2521 4170 2740 4226 pomum
2768 4147 2850 4208 vel
2875 4147 3234 4226 quodcunque
3268 4148 3500 4226 olerum,
3526 4147 3611 4202 vel

2032 4228 2180 4283 aliud
2211 4227 2413 4296 aliquid
2443 4220 2675 4280 ad'usus
2703 4239 2850 4289 suos,
2877 4220 3323 4296 quasipeculiari
3350 4227 3609 4289 apparatu

2034 4300 2088 4354 in
2120 4290 2441 4352 mensa-sibi
2461 4296 2529 4350 ad
2556 4290 2989 4349 manducandum
3015 4290 3246 4347 deferre.
3282 4308 3302 4343 ›

2105 4370 2133 4408 ιι
2164 4367 2334 4422 Nemo
2361 4366 2477 4422 plus
2499 4364 2652 4420 alteri
2674 4365 2838 4420 dabit.
2882 4363 3007 4418 llaec
3046 4361 3316 4416 habentur
3346 4359 3513 4413 etiam
3555 4356 3613 4411 in

359 4457 378 4487 ε
412 4429 649 4510 Orantes
672 4445 913 4510 autem,_
927 4435 1123 4510 fratres
1142 4435 1487 4510 _cbarissimi,
1516 4444 1776 4510 quantum
1808 4450 1929 4510 pos-
1956 4443 2012 4504 D
2037 4438 2239 4510 Regula
2266 4438 2325 4491 S.
2349 4429 2626 4493 Pacbomii
2657 4450 2776 4506 cap.
2794 4433 2880 4498 18,
2905 4433 2996 4488 ubi
3024 4430 3164 4486 male
3185 4430 3384 4500 legitur
3416 4429 3612 4482 nemini

350 4522 540 4562 sumus
568 4508 859 4582 adjuvante
883 4506 1113 4582 Domino
1141 4504 1447 4582 laboremus
1474 4523 1485 4558 :
1512 4504 1571 4558 ut
1605 4504 1749 4582 nulla
1777 4504 1932 4582 nobis
2035 4504 2144 4582 pro'
2162 4524 2331 4582 mima.

1340 4574 1442 4628 ssit
1469 4591 1484 4628 :
1514 4590 1583 4629 ne
1620 4574 1759 4627 forte
1786 4572 1933 4627 aliud

1325 4642 1665 4714 proferamus
1699 4658 1776 4714 rex
1802 4657 1929 4714 ore.

354 4716 434 4770 Ne
480 4716 620 4771 forte
649 4716 797 4772 .dum
840 4716 1021 4786 lingua
1059 4714 1343 4794 Dominum
1376 4721 1561 4795 .rogat,
1594 4713 1849 4837 cogitatio
1877 4713 1934 4767 in

354 4788 520 4837 rebus
562 4787 714 4837 vanis
751 4794 1015 4837 occupata
1050 4786 1120 4837 ab
1159 4792 1420 4837 orationis
1455 4798 1616 4837 sensu
1695 4783 1931 4837 iscedat:

352 4788 520 4842 rebus
562 4787 714 4841 vanis
751 4783 1015 4854 occupata
1050 4786 1120 4839 ab
1159 4783 1420 4839 orationis
1455 4798 1616 4837 sensu
1658 4783 1931 4849 discedat;

353 4865 411 4910 et
453 4856 577 4978 iindc
610 4856 858 4925 acquirat
894 4853 1195 4925 peccatum,
1224 4854 1365 4907 unde
1402 4854 1577 4923 potuit
1611 4853 1811 4909 habere
1855 4869 1936 4908 re-

353 4942 460 4978 πω(
486 4943 614 4978 Illln.
649 4945 668 4978 ι

353 4942 614 4979 ηιυιιιιιῐη.
649 4945 668 4978 ι

431 5006 453 5033 ο
494 4995 647 5066 Quod
673 4995 738 5066 μδί
783 4993 995 5066 aliquis.
1052 4993 1177 5066 Ilaec
1221 4993 1432 5049 sanctio
1476 5001 1692 5063 sumpta
1734 5002 1821 5050 est
1866 5008 1935 5049 ex

354 5064 562 5173 Regula
590 5065 648 5119 S.
666 5062 965 5127 Pacltomii,
995 5072 1097 5118 art.
1125 5065 1210 5118 Η.

481 5134 538 5173 .Q;
564 5136 679 5173 nm'.
710 5132 780 5173 ηδ
808 5135 1210 5173 ...ηηιιηρηηιίηπ

480 5134 691 5207 Siquis
710 5132 780 5189 ad
808 5135 1254 5207 manducandum.
1304 5134 1438 5190 Item
1464 5133 1567 5189 ista
1596 5141 1810 5204 sumpta
1853 5140 1937 5189 est

359 5220 428 5259 cx
452 5204 640 5276 eadem
654 5204 888 5276 Regula,
920 5219 1039 5274 cap.
1066 5204 1149 5276 I2.

437 5287 460 5345 ἐ
499 5272 557 5329 Si
584 5272 790 5345 aliquid
826 5272 1180 5345 necessarium
1211 5272 1390 5345 fuerit.
1440 5272 1557 5328 Hoc
1602 5274 1833 5328 habetur
1878 5273 1935 5345 in

352 5343 548 5400 eadem
576 5343 780 5416 Regula
812 5343 869 5399 S.
893 5344 1169 5399 Pachomii
1209 5352 1314 5398 art.
1357 5343 1431 5411 5;
1466 5345 1850 5410 necessarium,
1881 5344 1937 5398 id

359 5423 461 5479 est,
495 5414 767 5471 deficiens.
1644 5433 1653 5439 α

441 5484 642 5563 {_Soni.
676 5484 819 5563 Lege
858 5483 1053 5563 sonitu.
1079 5491 1138 5563 n_t
1166 5483 1220 5563 in
1245 5482 1444 5563 Regula
1467 5481 1757 5563 Pachomii
1782 5482 1937 5563 juxta

359 5556 736 5638 codicemnis.
757 5550 1080 5611 Concordiae
1110 5552 1292 5624 hujus,
1322 5550 1374 5606 in
1405 5554 1525 5609 cod.
1556 5550 1714 5608 Vind.
1745 5550 1941 5623 legitur

361 5642 549 5679 sanum
574 5641 730 5679 δισηι.

436 5642 549 5679 ’ωιτη
574 5642 617 5678 si
658 5643 730 5678 ιη.

436 5696 465 5733 ε
495 5642 725 5749 Magni
747 5712 881 5750 vero.
915 5692 1039 5749 Haec
1072 5692 1414 5766 reperiuntur
1441 5692 1494 5748 in
1522 5692 1707 5750 eadem
1734 5692 1935 5766 Regula

352 4587 613 4631 extranea
640 4577 899 4648 cogitatio
918 4577 1233 4648 subrepere

358 4648 657 4701 habeamus
701 4645 754 4700 in
801 4646 984 4712 corde,
1034 4645 1245 4699 et'aliu

2115 4582 2130 4620 ί
2164 4579 2231 4631 Et
2255 4579 2356 4632 his.
2388 4578 2532 4647 Lege
2559 4584 2609 4647 et
2632 4575 2699 4647 ab
2725 4573 2822 4647 eis,
2852 4577 2913 4626 ut
2937 4571 2992 4647 ig
3020 4568 3223 4647 Regula
3241 4565 3610 4647 §.Pacbornii.

2109 4660 2123 4698 ι
2176 4647 2241 4700 1η
2264 4634 2567 4701 ωειαιὶενυει
2586 4644 2792 4709 hiemis,
2809 4634 2928 4698 etc.
2952 4634 3141 4695 Exsta't
3164 4640 3217 4693 in
3241 4638 3444 4709 Regula
3470 4634 3607 4705 Mag.

2036 4734 2143 4773 ms.
2170 4719 2290 4789 c_od.
2321 4716 2630 4789 Corb._cap_.
2658 4713 2749 4789 ἓξ.
2923 4780 2955 4789 η
3034 4778 3094 4789 m
3157 4778 3172 4789 ,
3276 4784 3287 4789 Α
3323 4776 3335 4789 ,

2109 4789 2135 4827 k
2173 4786 2433 4840 Canister.
2481 4774 2662 4839 lta'in
2692 4780 2995 4840 Concordia
3034 4778 3194 4834 Vind.
3238 4776 3378 4833 etin
3404 4774 3611 4845 Regula

2125 4898 2138 4911 .
2274 4895 2287 4908 .
2438 4872 2471 4908 ι.

2035 4874 2132 4968 msl
2168 4856 2625 4997 ᾜέδρῗὲἓὶηῑὶὁαδ
2645 4939 2820 4976 secum
2841 4918 3351 4997 cunctiszpnmdem
3372 4931 3609 4997 versum.

2109 5012 2148 5039 ω
2188 4988 2411 5068 Propter
2435 5002 2643 5064 sputum
2671 4990 3008 5048 sacramenti.
3049 4988 3183 5044 Vide
3220 4988 3467 5058 superius
3511 5004 3612 5042 an-

2038 5077 2249 5193 "0:3
2277 5137 2508 5207 apertius
2549 5132 2807 5207 occupa'f-
2853 5128 3181 5207 Admbiutn
3206 5127 3437 5207 αρετεί¹¹⁸
3466 5126 3614 5182 vide.

2039 5217 2127 5264 tur
2163 5197 2555 5277 transpositam
2593 5210 2649 5257 et
2678 5197 3035 5256 "referendum
3079 5197 3149 5252 ad
3189 5197 3415 5252 verbum
3455 5212 3616 5265 agno-

2036 5289 2245 5400 ‘czmiit
2274 5354 2352 5399 ut.
2399 5341 2674 5399 Particnla
2701 5350 2750 5397 et
2774 5338 3059 5405 redundat,
3085 5351 3187 5393 nec
3217 5336 3447 5392 habetur
3473 5337 3613 5406 apud

2041 5416 2420 5488 Smaragdum.
3268 5475 3281 5487 .
3577 5475 3585 5485 _

2115 5499 2140 5538 ν
2180 5487 2321 5541 Nam
2344 5486 2404 5540 si.
2451 5484 2506 5538 Id
2533 5490 2618 5538 est
2653 5500 2665 5535 :
2706 5481 2896 5536 Verum
2926 5479 3004 5545 si,
3040 5489 3096 5534 et
3137 5490 3340 5548 passim
3376 5484 3617 5531 occurrit

2041 5558 2096 5613 in
2144 5558 2228 5612 his
2257 5555 2527 5621 Patribns,
2574 5561 2635 5608 ut
2683 5550 2941 5623 particula
2995 5564 3116 5604 nam
3162 5563 3260 5618 pro
3299 5561 3470 5601 verum
3521 5561 3615 5615 po-

2040 5638 2213 5684 IIlllUl‘.
2374 5644 2375 5647 “
