  <div class='ocr_page' id='page_1' title='image "/cluster/home/n/w/nwhite01/storage/ocr_20150623/103/hvd.32044054759691/558.png"; bbox 0 0 3940 6196; ppageno 0'>
   <div class='ocr_carea' id='block_1_1' title="bbox 269 271 402 328">
    <p class='ocr_par' dir='ltr' id='par_1_1' title="bbox 269 271 402 328">
     <span class='ocr_line' id='line_1_1' title="bbox 269 271 402 328; baseline -0.008 -1"><span class='ocrx_word' id='word_1_1' title='bbox 269 271 402 328; x_wconf 71' lang='grc'><strong>1113</strong></span> 
     </span>
    </p>
   </div>
   <div class='ocr_carea' id='block_1_2' title="bbox 849 338 880 366">
    <p class='ocr_par' dir='ltr' id='par_1_2' title="bbox 849 338 880 366">
     <span class='ocr_line' id='line_1_2' title="bbox 849 338 880 366; baseline 0 0"><span class='ocrx_word' id='word_1_2' title='bbox 849 338 880 366; x_wconf 63' lang='grc' dir='ltr'><em>Ι</em></span> 
     </span>
    </p>
   </div>
   <div class='ocr_carea' id='block_1_3' title="bbox 1179 249 2623 346">
    <p class='ocr_par' dir='ltr' id='par_1_3' title="bbox 1179 249 2623 346">
     <span class='ocr_line' id='line_1_3' title="bbox 1179 249 2623 346; baseline 0.01 -15"><span class='ocrx_word' id='word_1_3' title='bbox 1179 271 1566 333; x_wconf 57' lang='lat' dir='ltr'><strong>consonus</strong></span> <span class='ocrx_word' id='word_1_4' title='bbox 1605 276 2037 340; x_wconf 73' lang='lat' dir='ltr'><strong>REGELARUM</strong></span> <span class='ocrx_word' id='word_1_5' title='bbox 2098 249 2168 327; x_wconf 58' lang='grc' dir='ltr'><strong>ζ-</strong></span> <span class='ocrx_word' id='word_1_6' title='bbox 2205 283 2356 344; x_wconf 67' lang='lat' dir='ltr'><strong>car.</strong></span> <span class='ocrx_word' id='word_1_7' title='bbox 2400 285 2623 346; x_wconf 75' lang='lat' dir='ltr'><strong>xtvm.</strong></span> 
     </span>
    </p>
   </div>
   <div class='ocr_carea' id='block_1_4' title="bbox 3368 302 3508 358">
    <p class='ocr_par' dir='ltr' id='par_1_4' title="bbox 3368 302 3508 358">
     <span class='ocr_line' id='line_1_4' title="bbox 3368 302 3508 358; baseline 0 -1"><span class='ocrx_word' id='word_1_8' title='bbox 3368 302 3508 358; x_wconf 74' lang='lat' dir='ltr'>HM</span> 
     </span>
    </p>
   </div>
   <div class='ocr_carea' id='block_1_5' title="bbox 254 380 3507 477">
    <p class='ocr_par' dir='ltr' id='par_1_5' title="bbox 254 380 3507 477">
     <span class='ocr_line' id='line_1_5' title="bbox 254 380 3507 477; baseline 0.01 -40"><span class='ocrx_word' id='word_1_9' title='bbox 254 395 281 425; x_wconf 72' lang='grc' dir='ltr'>ι</span> <span class='ocrx_word' id='word_1_10' title='bbox 305 392 367 438; x_wconf 92' lang='lat' dir='ltr'><strong>ut</strong></span> <span class='ocrx_word' id='word_1_11' title='bbox 399 380 541 438; x_wconf 83' lang='lat' dir='ltr'><strong>forte</strong></span> <span class='ocrx_word' id='word_1_12' title='bbox 577 382 670 454; x_wconf 92' lang='lat' dir='ltr'><strong>qui</strong></span> <span class='ocrx_word' id='word_1_13' title='bbox 692 398 760 441; x_wconf 78' lang='lat' dir='ltr'><strong>ex</strong></span> <span class='ocrx_word' id='word_1_14' title='bbox 788 400 893 440; x_wconf 91' lang='lat' dir='ltr'><strong>uno</strong></span> <span class='ocrx_word' id='word_1_15' title='bbox 920 401 1027 442; x_wconf 89' lang='lat' dir='ltr'><strong>non</strong></span> <span class='ocrx_word' id='word_1_16' title='bbox 1049 386 1251 458; x_wconf 88' lang='lat' dir='ltr'><strong>poterit</strong></span> <span class='ocrx_word' id='word_1_17' title='bbox 1277 388 1459 452; x_wconf 81' lang='lat' dir='ltr'><strong>edere,</strong></span> <span class='ocrx_word' id='word_1_18' title='bbox 1484 402 1551 445; x_wconf 80' lang='lat' dir='ltr'><strong>ex</strong></span> <span class='ocrx_word' id='word_1_19' title='bbox 1579 390 1686 447; x_wconf 91' lang='lat' dir='ltr'><strong>alio</strong></span> <span class='ocrx_word' id='word_1_20' title='bbox 1710 392 1837 449; x_wconf 87' lang='lat' dir='ltr'><strong>reli-</strong></span> <span class='ocrx_word' id='word_1_21' title='bbox 1862 398 1912 459; x_wconf 80' lang='grc' dir='ltr'>Α</span> <span class='ocrx_word' id='word_1_22' title='bbox 1938 396 2098 454; x_wconf 87' lang='lat' dir='ltr'><strong>nibus</strong></span> <span class='ocrx_word' id='word_1_23' title='bbox 2121 398 2413 458; x_wconf 79' lang='lat' dir='ltr'><strong>sufficiant.</strong></span> <span class='ocrx_word' id='word_1_24' title='bbox 2445 414 2467 444; x_wconf 79' lang='grc' dir='ltr'><strong>ο</strong></span> <span class='ocrx_word' id='word_1_25' title='bbox 2495 404 2562 459; x_wconf 85' lang='lat' dir='ltr'><strong>Et</strong></span> <span class='ocrx_word' id='word_1_26' title='bbox 2595 405 2641 460; x_wconf 91' lang='lat' dir='ltr'><strong>si</strong></span> <span class='ocrx_word' id='word_1_27' title='bbox 2679 405 2845 463; x_wconf 85' lang='lat' dir='ltr'><strong>fuerit</strong></span> <span class='ocrx_word' id='word_1_28' title='bbox 2887 409 3030 465; x_wconf 88' lang='lat' dir='ltr'><strong>unde</strong></span> <span class='ocrx_word' id='word_1_29' title='bbox 3052 425 3209 477; x_wconf 84' lang='lat' dir='ltr'><strong>poma</strong></span> <span class='ocrx_word' id='word_1_30' title='bbox 3239 411 3265 453; x_wconf 79' lang='grc' dir='ltr'><em>δ</em></span> <span class='ocrx_word' id='word_1_31' title='bbox 3296 422 3389 469; x_wconf 89' lang='lat' dir='ltr'><strong>aut</strong></span> <span class='ocrx_word' id='word_1_32' title='bbox 3407 432 3507 471; x_wconf 84' lang='lat' dir='ltr'><strong>na-</strong></span> 
     </span>
    </p>
   </div>
   <div class='ocr_carea' id='block_1_6' title="bbox 251 476 3507 563">
    <p class='ocr_par' dir='ltr' id='par_1_6' title="bbox 251 476 3507 563">
     <span class='ocr_line' id='line_1_6' title="bbox 251 476 3507 563; baseline 0.009 -32"><span class='ocrx_word' id='word_1_33' title='bbox 251 479 476 532; x_wconf 63' lang='lat' dir='ltr'><strong>ciatur.</strong></span> <span class='ocrx_word' id='word_1_34' title='bbox 504 476 647 549; x_wconf 87' lang='lat' dir='ltr'><strong>Ergo</strong></span> <span class='ocrx_word' id='word_1_35' title='bbox 672 486 826 534; x_wconf 89' lang='lat' dir='ltr'><strong>cocta</strong></span> <span class='ocrx_word' id='word_1_36' title='bbox 855 478 960 534; x_wconf 91' lang='lat' dir='ltr'><strong>duo</strong></span> <span class='ocrx_word' id='word_1_37' title='bbox 989 479 1018 519; x_wconf 75' lang='grc' dir='ltr'>δ</span> <span class='ocrx_word' id='word_1_38' title='bbox 1044 480 1407 550; x_wconf 87' lang='lat' dir='ltr'><strong>pulmentaria</strong></span> <span class='ocrx_word' id='word_1_39' title='bbox 1428 481 1686 539; x_wconf 73' lang='lat' dir='ltr'><strong>fratribus</strong></span> <span class='ocrx_word' id='word_1_40' title='bbox 1714 498 1833 540; x_wconf 85' lang='lat' dir='ltr'><strong>om-</strong></span> <span class='ocrx_word' id='word_1_41' title='bbox 1930 491 2136 545; x_wconf 88' lang='lat' dir='ltr'><strong>sccntia</strong></span> <span class='ocrx_word' id='word_1_42' title='bbox 2161 492 2511 563; x_wconf 83' lang='lat' dir='ltr'><strong>leguminum,</strong></span> <span class='ocrx_word' id='word_1_43' title='bbox 2540 496 2772 553; x_wconf 90' lang='lat' dir='ltr'><strong>addatur</strong></span> <span class='ocrx_word' id='word_1_44' title='bbox 2795 508 2850 554; x_wconf 93' lang='lat' dir='ltr'><strong>et</strong></span> <span class='ocrx_word' id='word_1_45' title='bbox 2875 499 3110 557; x_wconf 88' lang='lat' dir='ltr'><strong>tertium.</strong></span> <span class='ocrx_word' id='word_1_46' title='bbox 3140 514 3164 543; x_wconf 76' lang='grc' dir='ltr'><strong>ο</strong></span> <span class='ocrx_word' id='word_1_47' title='bbox 3187 503 3348 559; x_wconf 81' lang='lat' dir='ltr'><strong>Panis</strong></span> <span class='ocrx_word' id='word_1_48' title='bbox 3368 504 3507 561; x_wconf 87' lang='lat' dir='ltr'><strong>libra</strong></span> 
     </span>
    </p>
   </div>
   <div class='ocr_carea' id='block_1_7' title="bbox 246 610 3502 704">
    <p class='ocr_par' dir='ltr' id='par_1_7' title="bbox 246 610 3502 704">
     <span class='ocr_line' id='line_1_7' title="bbox 246 610 3502 704; baseline 0.01 -45"><span class='ocrx_word' id='word_1_49' title='bbox 246 610 1390 704; x_wconf 37' lang='lat' dir='ltr'><strong>refigi-aAmenst‘vmttjbuisjrit</strong></span> <span class='ocrx_word' id='word_1_50' title='bbox 1434 612 1735 704; x_wconf 56' lang='lat' dir='ltr'><strong>pifimenfis,</strong></span> <span class='ocrx_word' id='word_1_51' title='bbox 1775 624 1833 672; x_wconf 91' lang='lat' dir='ltr'><strong>et</strong></span> <span class='ocrx_word' id='word_1_52' title='bbox 1926 620 2131 690; x_wconf 75' lang='lat' dir='ltr'><strong>plicant</strong></span> <span class='ocrx_word' id='word_1_53' title='bbox 2182 624 2385 680; x_wconf 89' lang='lat' dir='ltr'><strong>rectius</strong></span> <span class='ocrx_word' id='word_1_54' title='bbox 2433 627 2657 704; x_wconf 74' lang='lat' dir='ltr'><strong>quidem</strong></span> <span class='ocrx_word' id='word_1_55' title='bbox 2699 629 2766 704; x_wconf 81' lang='lat' dir='ltr'><strong>de</strong></span> <span class='ocrx_word' id='word_1_56' title='bbox 2811 630 3074 686; x_wconf 76' lang='lat' dir='ltr'><strong>viridibus</strong></span> <span class='ocrx_word' id='word_1_57' title='bbox 3122 633 3502 704; x_wconf 70' lang='lat' dir='ltr'><strong>leguminibus,</strong></span> 
     </span>
    </p>
   </div>
   <div class='ocr_carea' id='block_1_8' title="bbox 284 681 1824 753">
    <p class='ocr_par' dir='ltr' id='par_1_8' title="bbox 284 681 1824 753">
     <span class='ocr_line' id='line_1_8' title="bbox 284 681 1824 753; baseline 0.002 -16"><span class='ocrx_word' id='word_1_58' title='bbox 284 698 350 737; x_wconf 93' lang='lat' dir='ltr'><strong>er</strong></span> <span class='ocrx_word' id='word_1_59' title='bbox 386 689 613 753; x_wconf 66' lang='lat' dir='ltr'><strong>utraque</strong></span> <span class='ocrx_word' id='word_1_60' title='bbox 657 689 918 753; x_wconf 12' lang='lat' dir='ltr'><strong>tempora,</strong></span> <span class='ocrx_word' id='word_1_61' title='bbox 942 681 1192 753; x_wconf 76' lang='lat' dir='ltr'><strong>intelligit</strong></span> <span class='ocrx_word' id='word_1_62' title='bbox 1219 681 1443 753; x_wconf 81' lang='lat' dir='ltr'><strong>hiemen</strong></span> <span class='ocrx_word' id='word_1_63' title='bbox 1475 692 1532 738; x_wconf 90' lang='lat' dir='ltr'><strong>et</strong></span> <span class='ocrx_word' id='word_1_64' title='bbox 1564 695 1824 740; x_wconf 65' lang='lat' dir='ltr'><strong>aestatem.</strong></span> 
     </span>
    </p>
   </div>
   <div class='ocr_carea' id='block_1_9' title="bbox 267 749 1825 822">
    <p class='ocr_par' dir='ltr' id='par_1_9' title="bbox 267 749 1825 822">
     <span class='ocr_line' id='line_1_9' title="bbox 267 749 1825 822; baseline 0.003 -16"><span class='ocrx_word' id='word_1_65' title='bbox 267 769 302 806; x_wconf 90' lang='lat' dir='ltr'><strong>n</strong></span> <span class='ocrx_word' id='word_1_66' title='bbox 333 767 386 820; x_wconf 92' lang='lat' dir='ltr'><strong>p.</strong></span> <span class='ocrx_word' id='word_1_67' title='bbox 418 765 520 822; x_wconf 84' lang='lat' dir='ltr'><strong>ms.</strong></span> <span class='ocrx_word' id='word_1_68' title='bbox 548 749 642 822; x_wconf 15' lang='lat' dir='ltr'><strong>VS.‘</strong></span> <span class='ocrx_word' id='word_1_69' title='bbox 671 749 929 822; x_wconf 79' lang='lat' dir='ltr'><strong>Germani</strong></span> <span class='ocrx_word' id='word_1_70' title='bbox 956 749 1151 822; x_wconf 72' lang='lat' dir='ltr'><strong>legitur</strong></span> <span class='ocrx_word' id='word_1_71' title='bbox 1176 769 1189 806; x_wconf 92' lang='lat'><strong>:</strong></span> <span class='ocrx_word' id='word_1_72' title='bbox 1236 752 1491 806; x_wconf 77' lang='lat' dir='ltr'><strong>Omnibus</strong></span> <span class='ocrx_word' id='word_1_73' title='bbox 1516 753 1718 808; x_wconf 76' lang='lat' dir='ltr'><strong>diebus.</strong></span> <span class='ocrx_word' id='word_1_74' title='bbox 1767 756 1825 810; x_wconf 85' lang='lat' dir='ltr'><strong>In</strong></span> 
     </span>
    </p>
   </div>
   <div class='ocr_carea' id='block_1_10' title="bbox 241 818 1824 891">
    <p class='ocr_par' dir='ltr' id='par_1_10' title="bbox 241 818 1824 891">
     <span class='ocr_line' id='line_1_10' title="bbox 241 818 1824 891; baseline 0.004 -17"><span class='ocrx_word' id='word_1_75' title='bbox 241 818 405 891; x_wconf 81' lang='lat' dir='ltr'><strong>vulgo</strong></span> <span class='ocrx_word' id='word_1_76' title='bbox 420 820 589 891; x_wconf 6' lang='lat' dir='ltr'><strong>peditis</strong></span> <span class='ocrx_word' id='word_1_77' title='bbox 628 818 843 890; x_wconf 82' lang='lat' dir='ltr'><strong>legitur.</strong></span> <span class='ocrx_word' id='word_1_78' title='bbox 894 818 1146 875; x_wconf 75' lang='lat' dir='ltr'><strong>Omnibus</strong></span> <span class='ocrx_word' id='word_1_79' title='bbox 1182 823 1395 875; x_wconf 84' lang='lat' dir='ltr'><strong>mensis.</strong></span> <span class='ocrx_word' id='word_1_80' title='bbox 1435 822 1541 877; x_wconf 87' lang='lat' dir='ltr'><strong>Sed</strong></span> <span class='ocrx_word' id='word_1_81' title='bbox 1580 826 1740 888; x_wconf 89' lang='lat' dir='ltr'><strong>male,</strong></span> <span class='ocrx_word' id='word_1_82' title='bbox 1770 836 1824 880; x_wconf 90' lang='lat' dir='ltr'><strong>et</strong></span> 
     </span>
    </p>
   </div>
   <div class='ocr_carea' id='block_1_11' title="bbox 238 889 1821 960">
    <p class='ocr_par' dir='ltr' id='par_1_11' title="bbox 238 889 1821 960">
     <span class='ocr_line' id='line_1_11' title="bbox 238 889 1821 960; baseline 0.003 -16"><span class='ocrx_word' id='word_1_83' title='bbox 238 889 393 960; x_wconf 83' lang='lat' dir='ltr'><strong>prior</strong></span> <span class='ocrx_word' id='word_1_84' title='bbox 418 889 578 944; x_wconf 86' lang='lat' dir='ltr'><strong>lectio</strong></span> <span class='ocrx_word' id='word_1_85' title='bbox 605 892 783 959; x_wconf 90' lang='lat' dir='ltr'><strong>potior</strong></span> <span class='ocrx_word' id='word_1_86' title='bbox 808 898 909 944; x_wconf 91' lang='lat' dir='ltr'><strong>est.</strong></span> <span class='ocrx_word' id='word_1_87' title='bbox 936 891 1070 945; x_wconf 87' lang='lat' dir='ltr'><strong>Nam</strong></span> <span class='ocrx_word' id='word_1_88' title='bbox 1110 892 1167 945; x_wconf 88' lang='lat' dir='ltr'><strong>S.</strong></span> <span class='ocrx_word' id='word_1_89' title='bbox 1206 892 1525 946; x_wconf 82' lang='lat' dir='ltr'><strong>Benedictus</strong></span> <span class='ocrx_word' id='word_1_90' title='bbox 1553 901 1607 948; x_wconf 84' lang='lat' dir='ltr'><strong>et</strong></span> <span class='ocrx_word' id='word_1_91' title='bbox 1636 893 1693 948; x_wconf 88' lang='lat' dir='ltr'><strong>S.</strong></span> <span class='ocrx_word' id='word_1_92' title='bbox 1723 895 1821 949; x_wconf 91' lang='lat' dir='ltr'><strong>lsi-</strong></span> 
     </span>
    </p>
   </div>
   <div class='ocr_carea' id='block_1_12' title="bbox 238 960 1820 1030">
    <p class='ocr_par' dir='ltr' id='par_1_12' title="bbox 238 960 1820 1030">
     <span class='ocr_line' id='line_1_12' title="bbox 238 960 1820 1030; baseline 0.004 -19"><span class='ocrx_word' id='word_1_93' title='bbox 238 960 431 1030; x_wconf 65' lang='grc' dir='ltr'><strong>(ΙοιηιεΔ</strong></span> <span class='ocrx_word' id='word_1_94' title='bbox 458 969 752 1014; x_wconf 85' lang='lat' dir='ltr'><strong>occurrunt</strong></span> <span class='ocrx_word' id='word_1_95' title='bbox 798 976 976 1029; x_wconf 66' lang='lat' dir='ltr'><strong>pravae</strong></span> <span class='ocrx_word' id='word_1_96' title='bbox 1022 962 1376 1030; x_wconf 87' lang='lat' dir='ltr'><strong>quorumdam</strong></span> <span class='ocrx_word' id='word_1_97' title='bbox 1422 964 1820 1029; x_wconf 87' lang='lat' dir='ltr'><strong>consuetudini,</strong></span> 
     </span>
    </p>
   </div>
   <div class='ocr_carea' id='block_1_13' title="bbox 237 1028 1820 1101">
    <p class='ocr_par' dir='ltr' id='par_1_13' title="bbox 237 1028 1820 1101">
     <span class='ocr_line' id='line_1_13' title="bbox 237 1028 1820 1101; baseline 0.004 -18"><span class='ocrx_word' id='word_1_98' title='bbox 237 1032 333 1098; x_wconf 88' lang='lat' dir='ltr'><strong>qui</strong></span> <span class='ocrx_word' id='word_1_99' title='bbox 384 1028 454 1084; x_wconf 90' lang='lat' dir='ltr'><strong>ob</strong></span> <span class='ocrx_word' id='word_1_100' title='bbox 492 1030 699 1101; x_wconf 88' lang='lat' dir='ltr'><strong>calores</strong></span> <span class='ocrx_word' id='word_1_101' title='bbox 749 1028 904 1101; x_wconf 81' lang='lat' dir='ltr'><strong>plura</strong></span> <span class='ocrx_word' id='word_1_102' title='bbox 952 1028 1155 1086; x_wconf 88' lang='lat' dir='ltr'><strong>fercula</strong></span> <span class='ocrx_word' id='word_1_103' title='bbox 1206 1032 1261 1084; x_wconf 88' lang='lat' dir='ltr'><strong>in</strong></span> <span class='ocrx_word' id='word_1_104' title='bbox 1307 1040 1516 1096; x_wconf 68' lang='lat' dir='ltr'><strong>azstate,</strong></span> <span class='ocrx_word' id='word_1_105' title='bbox 1569 1047 1732 1101; x_wconf 86' lang='lat' dir='ltr'><strong>quam</strong></span> <span class='ocrx_word' id='word_1_106' title='bbox 1767 1028 1820 1089; x_wconf 88' lang='lat' dir='ltr'><strong>in</strong></span> 
     </span>
    </p>
   </div>
   <div class='ocr_carea' id='block_1_14' title="bbox 237 1100 1205 1169">
    <p class='ocr_par' dir='ltr' id='par_1_14' title="bbox 237 1100 1205 1169">
     <span class='ocr_line' id='line_1_14' title="bbox 237 1100 1205 1169; baseline 0 -15"><span class='ocrx_word' id='word_1_107' title='bbox 237 1101 418 1169; x_wconf 73' lang='lat' dir='ltr'><strong>hieme</strong></span> <span class='ocrx_word' id='word_1_108' title='bbox 443 1100 682 1167; x_wconf 87' lang='lat' dir='ltr'><strong>quotidie</strong></span> <span class='ocrx_word' id='word_1_109' title='bbox 717 1100 911 1169; x_wconf 86' lang='lat' dir='ltr'><strong>apponi</strong></span> <span class='ocrx_word' id='word_1_110' title='bbox 934 1101 1205 1154; x_wconf 84' lang='lat' dir='ltr'><strong>volebant.</strong></span> 
     </span>
    </p>
   </div>
   <div class='ocr_carea' id='block_1_15' title="bbox 310 1167 1819 1239">
    <p class='ocr_par' dir='ltr' id='par_1_15' title="bbox 310 1167 1819 1239">
     <span class='ocr_line' id='line_1_15' title="bbox 310 1167 1819 1239; baseline 0.003 -18"><span class='ocrx_word' id='word_1_111' title='bbox 310 1183 338 1210; x_wconf 79' lang='grc' dir='ltr'><strong>ει</strong></span> <span class='ocrx_word' id='word_1_112' title='bbox 372 1167 437 1222; x_wconf 90' lang='lat' dir='ltr'><strong>Ut</strong></span> <span class='ocrx_word' id='word_1_113' title='bbox 468 1169 621 1238; x_wconf 77' lang='lat' dir='ltr'><strong>forte,</strong></span> <span class='ocrx_word' id='word_1_114' title='bbox 653 1170 741 1239; x_wconf 85' lang='lat' dir='ltr'><strong>qui</strong></span> <span class='ocrx_word' id='word_1_115' title='bbox 753 1167 831 1223; x_wconf 11' lang='lat' dir='ltr'><strong>Cea:</strong></span> <span class='ocrx_word' id='word_1_116' title='bbox 874 1187 976 1223; x_wconf 86' lang='lat' dir='ltr'><strong>uno</strong></span> <span class='ocrx_word' id='word_1_117' title='bbox 1003 1187 1104 1228; x_wconf 79' lang='lat' dir='ltr'><strong>non</strong></span> <span class='ocrx_word' id='word_1_118' title='bbox 1128 1169 1314 1239; x_wconf 83' lang='lat' dir='ltr'><strong>poterit</strong></span> <span class='ocrx_word' id='word_1_119' title='bbox 1343 1170 1514 1223; x_wconf 83' lang='lat' dir='ltr'><strong>edere.</strong></span> <span class='ocrx_word' id='word_1_120' title='bbox 1547 1169 1819 1236; x_wconf 65' lang='lat' dir='ltr'><strong>Quaeritur</strong></span> 
     </span>
    </p>
   </div>
   <div class='ocr_carea' id='block_1_16' title="bbox 234 1238 1818 1305">
    <p class='ocr_par' dir='ltr' id='par_1_16' title="bbox 234 1238 1818 1305">
     <span class='ocr_line' id='line_1_16' title="bbox 234 1238 1818 1305; baseline 0.002 -13"><span class='ocrx_word' id='word_1_121' title='bbox 234 1254 303 1292; x_wconf 90' lang='lat' dir='ltr'><strong>an</strong></span> <span class='ocrx_word' id='word_1_122' title='bbox 326 1238 797 1305; x_wconf 86' lang='lat' dir='ltr'><strong>duopulmentaria</strong></span> <span class='ocrx_word' id='word_1_123' title='bbox 812 1240 1074 1293; x_wconf 88' lang='lat' dir='ltr'><strong>monacho</strong></span> <span class='ocrx_word' id='word_1_124' title='bbox 1099 1238 1451 1304; x_wconf 80' lang='lat' dir='ltr'><strong>edereliceat,</strong></span> <span class='ocrx_word' id='word_1_125' title='bbox 1486 1255 1606 1293; x_wconf 91' lang='lat' dir='ltr'><strong>cum</strong></span> <span class='ocrx_word' id='word_1_126' title='bbox 1632 1239 1688 1293; x_wconf 92' lang='lat' dir='ltr'><strong>S.</strong></span> <span class='ocrx_word' id='word_1_127' title='bbox 1718 1241 1818 1296; x_wconf 86' lang='lat' dir='ltr'><strong>Be-</strong></span> 
     </span>
    </p>
   </div>
   <div class='ocr_carea' id='block_1_17' title="bbox 231 1308 1812 1379">
    <p class='ocr_par' dir='ltr' id='par_1_17' title="bbox 231 1308 1812 1379">
     <span class='ocr_line' id='line_1_17' title="bbox 231 1308 1812 1379; baseline 0.003 -18"><span class='ocrx_word' id='word_1_128' title='bbox 231 1309 481 1362; x_wconf 81' lang='lat' dir='ltr'><strong>nedictus</strong></span> <span class='ocrx_word' id='word_1_129' title='bbox 533 1308 652 1363; x_wconf 84' lang='lat' dir='ltr'><strong>ideo</strong></span> <span class='ocrx_word' id='word_1_130' title='bbox 705 1309 792 1363; x_wconf 91' lang='lat' dir='ltr'><strong>illa</strong></span> <span class='ocrx_word' id='word_1_131' title='bbox 830 1310 1027 1379; x_wconf 88' lang='lat' dir='ltr'><strong>apponi</strong></span> <span class='ocrx_word' id='word_1_132' title='bbox 1068 1309 1286 1379; x_wconf 85' lang='lat' dir='ltr'><strong>jubeat,</strong></span> <span class='ocrx_word' id='word_1_133' title='bbox 1322 1318 1414 1371; x_wconf 88' lang='lat' dir='ltr'><strong>ut,</strong></span> <span class='ocrx_word' id='word_1_134' title='bbox 1461 1310 1551 1378; x_wconf 91' lang='lat' dir='ltr'><strong>qui</strong></span> <span class='ocrx_word' id='word_1_135' title='bbox 1596 1310 1663 1364; x_wconf 92' lang='lat' dir='ltr'><strong>de</strong></span> <span class='ocrx_word' id='word_1_136' title='bbox 1707 1326 1812 1366; x_wconf 91' lang='lat' dir='ltr'><strong>uno</strong></span> 
     </span>
    </p>
   </div>
   <div class='ocr_carea' id='block_1_18' title="bbox 229 1378 1813 1448">
    <p class='ocr_par' dir='ltr' id='par_1_18' title="bbox 229 1378 1813 1448">
     <span class='ocr_line' id='line_1_18' title="bbox 229 1378 1813 1448; baseline 0.002 -16"><span class='ocrx_word' id='word_1_137' title='bbox 229 1379 395 1433; x_wconf 87' lang='lat' dir='ltr'><strong>edere</strong></span> <span class='ocrx_word' id='word_1_138' title='bbox 431 1394 537 1432; x_wconf 92' lang='lat' dir='ltr'><strong>non</strong></span> <span class='ocrx_word' id='word_1_139' title='bbox 566 1379 752 1446; x_wconf 82' lang='lat' dir='ltr'><strong>possit,</strong></span> <span class='ocrx_word' id='word_1_140' title='bbox 783 1378 907 1434; x_wconf 80' lang='lat' dir='ltr'><strong>edat</strong></span> <span class='ocrx_word' id='word_1_141' title='bbox 926 1380 994 1435; x_wconf 90' lang='lat' dir='ltr'><strong>de</strong></span> <span class='ocrx_word' id='word_1_142' title='bbox 1019 1378 1209 1433; x_wconf 87' lang='lat' dir='ltr'><strong>altero.</strong></span> <span class='ocrx_word' id='word_1_143' title='bbox 1253 1378 1360 1433; x_wconf 86' lang='lat' dir='ltr'><strong>Sed</strong></span> <span class='ocrx_word' id='word_1_144' title='bbox 1388 1388 1517 1448; x_wconf 92' lang='lat' dir='ltr'><strong>puto</strong></span> <span class='ocrx_word' id='word_1_145' title='bbox 1555 1379 1671 1434; x_wconf 73' lang='lat' dir='ltr'><strong>hzec</strong></span> <span class='ocrx_word' id='word_1_146' title='bbox 1698 1397 1813 1435; x_wconf 84' lang='lat' dir='ltr'><strong>mo-</strong></span> 
     </span>
    </p>
   </div>
   <div class='ocr_carea' id='block_1_19' title="bbox 132 1448 1810 1519">
    <p class='ocr_par' dir='ltr' id='par_1_19' title="bbox 132 1448 1810 1519">
     <span class='ocr_line' id='line_1_19' title="bbox 132 1448 1810 1519; baseline 0.002 -18"><span class='ocrx_word' id='word_1_147' title='bbox 132 1506 141 1514; x_wconf 43' lang='lat'><em>.</em></span> <span class='ocrx_word' id='word_1_148' title='bbox 230 1448 427 1519; x_wconf 79' lang='lat' dir='ltr'><strong>raliter</strong></span> <span class='ocrx_word' id='word_1_149' title='bbox 456 1448 832 1519; x_wconf 83' lang='lat' dir='ltr'><strong>intelligenda:</strong></span> <span class='ocrx_word' id='word_1_150' title='bbox 884 1458 938 1502; x_wconf 91' lang='lat' dir='ltr'><strong>et</strong></span> <span class='ocrx_word' id='word_1_151' title='bbox 973 1464 1041 1504; x_wconf 76' lang='lat' dir='ltr'><strong>ex</strong></span> <span class='ocrx_word' id='word_1_152' title='bbox 1069 1464 1222 1518; x_wconf 82' lang='lat' dir='ltr'><strong>aquo</strong></span> <span class='ocrx_word' id='word_1_153' title='bbox 1258 1456 1312 1504; x_wconf 91' lang='lat' dir='ltr'><strong>et</strong></span> <span class='ocrx_word' id='word_1_154' title='bbox 1347 1449 1489 1503; x_wconf 88' lang='lat' dir='ltr'><strong>bono</strong></span> <span class='ocrx_word' id='word_1_155' title='bbox 1517 1448 1810 1519; x_wconf 85' lang='lat' dir='ltr'><strong>multorum</strong></span> 
     </span>
    </p>
   </div>
   <div class='ocr_carea' id='block_1_20' title="bbox 228 1516 1810 1590">
    <p class='ocr_par' dir='ltr' id='par_1_20' title="bbox 228 1516 1810 1590">
     <span class='ocr_line' id='line_1_20' title="bbox 228 1516 1810 1590; baseline 0.001 -18"><span class='ocrx_word' id='word_1_156' title='bbox 228 1516 532 1590; x_wconf 68' lang='lat' dir='ltr'><strong>infirmitati</strong></span> <span class='ocrx_word' id='word_1_157' title='bbox 564 1516 675 1590; x_wconf 80' lang='lat' dir='ltr'><strong>tum</strong></span> <span class='ocrx_word' id='word_1_158' title='bbox 704 1521 969 1590; x_wconf 88' lang='lat' dir='ltr'><strong>corporis,</strong></span> <span class='ocrx_word' id='word_1_159' title='bbox 1012 1516 1320 1573; x_wconf 28' lang='lat' dir='ltr'><strong>tum‘animi</strong></span> <span class='ocrx_word' id='word_1_160' title='bbox 1348 1517 1810 1590; x_wconf 69' lang='lat' dir='ltr'><strong>copsulii‘erculo-</strong></span> 
     </span>
    </p>
   </div>
   <div class='ocr_carea' id='block_1_21' title="bbox 226 1587 1808 1658">
    <p class='ocr_par' dir='ltr' id='par_1_21' title="bbox 226 1587 1808 1658">
     <span class='ocr_line' id='line_1_21' title="bbox 226 1587 1808 1658; baseline 0.001 -15"><span class='ocrx_word' id='word_1_161' title='bbox 226 1603 351 1643; x_wconf 85' lang='lat' dir='ltr'><strong>rum</strong></span> <span class='ocrx_word' id='word_1_162' title='bbox 379 1587 690 1658; x_wconf 82' lang='lat' dir='ltr'><strong>diversitate</strong></span> <span class='ocrx_word' id='word_1_163' title='bbox 715 1607 728 1642; x_wconf 92' lang='lat'><strong>:</strong></span> <span class='ocrx_word' id='word_1_164' title='bbox 754 1587 968 1644; x_wconf 70' lang='lat' dir='ltr'><strong>uicum</strong></span> <span class='ocrx_word' id='word_1_165' title='bbox 1002 1590 1124 1658; x_wconf 91' lang='lat' dir='ltr'><strong>quis</strong></span> <span class='ocrx_word' id='word_1_166' title='bbox 1160 1589 1225 1643; x_wconf 91' lang='lat' dir='ltr'><strong>de</strong></span> <span class='ocrx_word' id='word_1_167' title='bbox 1248 1603 1355 1641; x_wconf 86' lang='lat' dir='ltr'><strong>uno</strong></span> <span class='ocrx_word' id='word_1_168' title='bbox 1383 1587 1681 1657; x_wconf 89' lang='lat' dir='ltr'><strong>plusculum</strong></span> <span class='ocrx_word' id='word_1_169' title='bbox 1709 1589 1808 1644; x_wconf 91' lang='lat' dir='ltr'><strong>de-</strong></span> 
     </span>
    </p>
   </div>
   <div class='ocr_carea' id='block_1_22' title="bbox 224 1657 1808 1726">
    <p class='ocr_par' dir='ltr' id='par_1_22' title="bbox 224 1657 1808 1726">
     <span class='ocr_line' id='line_1_22' title="bbox 224 1657 1808 1726; baseline 0.003 -17"><span class='ocrx_word' id='word_1_170' title='bbox 224 1657 545 1726; x_wconf 83' lang='lat' dir='ltr'><strong>gustaverit,</strong></span> <span class='ocrx_word' id='word_1_171' title='bbox 588 1657 703 1725; x_wconf 86' lang='lat' dir='ltr'><strong>jam</strong></span> <span class='ocrx_word' id='word_1_172' title='bbox 733 1659 864 1714; x_wconf 91' lang='lat' dir='ltr'><strong>illud</strong></span> <span class='ocrx_word' id='word_1_173' title='bbox 916 1657 1196 1713; x_wconf 82' lang='lat' dir='ltr'><strong>fastidiens</strong></span> <span class='ocrx_word' id='word_1_174' title='bbox 1230 1659 1298 1711; x_wconf 90' lang='lat' dir='ltr'><strong>ad</strong></span> <span class='ocrx_word' id='word_1_175' title='bbox 1335 1658 1562 1711; x_wconf 86' lang='lat' dir='ltr'><strong>alterum</strong></span> <span class='ocrx_word' id='word_1_176' title='bbox 1593 1672 1651 1713; x_wconf 89' lang='lat' dir='ltr'><strong>se</strong></span> <span class='ocrx_word' id='word_1_177' title='bbox 1677 1675 1808 1714; x_wconf 86' lang='lat' dir='ltr'><strong>con-</strong></span> 
     </span>
    </p>
   </div>
   <div class='ocr_carea' id='block_1_23' title="bbox 222 1727 1878 1849">
    <p class='ocr_par' dir='ltr' id='par_1_23' title="bbox 222 1727 1878 1849">
     <span class='ocr_line' id='line_1_23' title="bbox 222 1727 1878 1849; baseline 0.002 -69"><span class='ocrx_word' id='word_1_178' title='bbox 222 1735 440 1781; x_wconf 79' lang='lat' dir='ltr'><strong>vertat:</strong></span> <span class='ocrx_word' id='word_1_179' title='bbox 492 1729 794 1849; x_wconf 56' lang='lat' dir='ltr'><strong>praesertim</strong></span> <span class='ocrx_word' id='word_1_180' title='bbox 844 1743 965 1809; x_wconf 79' lang='lat' dir='ltr'><strong>cum</strong></span> <span class='ocrx_word' id='word_1_181' title='bbox 1016 1727 1219 1797; x_wconf 81' lang='lat' dir='ltr'><strong>Regula</strong></span> <span class='ocrx_word' id='word_1_182' title='bbox 1255 1727 1595 1809; x_wconf 55' lang='lat' dir='ltr'><strong>duafercula</strong></span> <span class='ocrx_word' id='word_1_183' title='bbox 1625 1744 1805 1784; x_wconf 91' lang='lat' dir='ltr'><strong>come-</strong></span> <span class='ocrx_word' id='word_1_184' title='bbox 1829 1752 1878 1812; x_wconf 80' lang='grc' dir='ltr'><strong>Β</strong></span> 
     </span>
     <span class='ocr_line' id='line_1_24' title="bbox 222 1796 1803 1849; baseline 0 0"><span class='ocrx_word' id='word_1_185' title='bbox 222 1796 357 1849; x_wconf 89' lang='lat' dir='ltr'><strong>dere</strong></span> <span class='ocrx_word' id='word_1_186' title='bbox 387 1812 491 1849; x_wconf 75' lang='lat' dir='ltr'><strong>exn</strong></span> <span class='ocrx_word' id='word_1_187' title='bbox 512 1807 637 1849; x_wconf 81' lang='lat' dir='ltr'><strong>tcite</strong></span> <span class='ocrx_word' id='word_1_188' title='bbox 660 1814 768 1849; x_wconf 89' lang='lat' dir='ltr'><strong>non</strong></span> <span class='ocrx_word' id='word_1_189' title='bbox 791 1800 1091 1849; x_wconf 88' lang='lat' dir='ltr'><strong>nrolnbeat.</strong></span> <span class='ocrx_word' id='word_1_190' title='bbox 1125 1796 1276 1849; x_wconf 89' lang='lat' dir='ltr'><strong>Ouod</strong></span> <span class='ocrx_word' id='word_1_191' title='bbox 1301 1813 1347 1849; x_wconf 74' lang='grc' dir='ltr'><strong>ει</strong></span> <span class='ocrx_word' id='word_1_192' title='bbox 1369 1805 1442 1849; x_wconf 79' lang='lat' dir='ltr'><strong>ita</strong></span> <span class='ocrx_word' id='word_1_193' title='bbox 1471 1806 1635 1849; x_wconf 86' lang='lat' dir='ltr'><strong>esset.</strong></span> <span class='ocrx_word' id='word_1_194' title='bbox 1664 1799 1803 1849; x_wconf 88' lang='lat' dir='ltr'><strong>male</strong></span> 
     </span>
    </p>
   </div>
   <div class='ocr_carea' id='block_1_24' title="bbox 512 1814 529 1851">
    <p class='ocr_par' dir='ltr' id='par_1_24' title="bbox 512 1814 529 1851">
     <span class='ocr_line' id='line_1_25' title="bbox 512 1814 529 1851; baseline 0 0"><span class='ocrx_word' id='word_1_195' title='bbox 512 1814 529 1851; x_wconf 96' lang='grc'><strong>1</strong></span> 
     </span>
    </p>
   </div>
   <div class='ocr_carea' id='block_1_25' title="bbox 222 1796 1803 1867">
    <p class='ocr_par' dir='ltr' id='par_1_25' title="bbox 222 1796 1803 1867">
     <span class='ocr_line' id='line_1_26' title="bbox 222 1796 1803 1867; baseline 0.001 -16"><span class='ocrx_word' id='word_1_196' title='bbox 222 1796 357 1851; x_wconf 89' lang='lat' dir='ltr'><strong>dere</strong></span> <span class='ocrx_word' id='word_1_197' title='bbox 387 1796 637 1867; x_wconf 74' lang='lat' dir='ltr'><strong>explicite</strong></span> <span class='ocrx_word' id='word_1_198' title='bbox 660 1814 768 1853; x_wconf 88' lang='lat' dir='ltr'><strong>non</strong></span> <span class='ocrx_word' id='word_1_199' title='bbox 791 1796 1276 1867; x_wconf 49' lang='lat' dir='ltr'><strong>prolnibeatJQuod</strong></span> <span class='ocrx_word' id='word_1_200' title='bbox 1301 1797 1347 1851; x_wconf 91' lang='lat' dir='ltr'><strong>si</strong></span> <span class='ocrx_word' id='word_1_201' title='bbox 1369 1797 1442 1851; x_wconf 88' lang='lat' dir='ltr'><strong>ita</strong></span> <span class='ocrx_word' id='word_1_202' title='bbox 1471 1806 1635 1863; x_wconf 88' lang='lat' dir='ltr'><strong>esset,</strong></span> <span class='ocrx_word' id='word_1_203' title='bbox 1664 1799 1803 1853; x_wconf 92' lang='lat' dir='ltr'><strong>male</strong></span> 
     </span>
    </p>
   </div>
   <div class='ocr_carea' id='block_1_26' title="bbox 220 1863 1805 1937">
    <p class='ocr_par' dir='ltr' id='par_1_26' title="bbox 220 1863 1805 1937">
     <span class='ocr_line' id='line_1_27' title="bbox 220 1863 1805 1937; baseline 0.001 -16"><span class='ocrx_word' id='word_1_204' title='bbox 220 1863 528 1937; x_wconf 80' lang='lat' dir='ltr'><strong>consultum</strong></span> <span class='ocrx_word' id='word_1_205' title='bbox 566 1876 711 1923; x_wconf 90' lang='lat' dir='ltr'><strong>esset</strong></span> <span class='ocrx_word' id='word_1_206' title='bbox 755 1863 1036 1937; x_wconf 68' lang='lat' dir='ltr'><strong>shperfl&#39;uis</strong></span> <span class='ocrx_word' id='word_1_207' title='bbox 1072 1863 1331 1937; x_wconf 80' lang='lat' dir='ltr'><strong>impensis</strong></span> <span class='ocrx_word' id='word_1_208' title='bbox 1368 1882 1490 1921; x_wconf 89' lang='lat' dir='ltr'><strong>cum</strong></span> <span class='ocrx_word' id='word_1_209' title='bbox 1520 1867 1805 1936; x_wconf 88' lang='lat' dir='ltr'><strong>duplicatis</strong></span> 
     </span>
    </p>
   </div>
   <div class='ocr_carea' id='block_1_27' title="bbox 184 1936 1805 2007">
    <p class='ocr_par' dir='ltr' id='par_1_27' title="bbox 184 1936 1805 2007">
     <span class='ocr_line' id='line_1_28' title="bbox 184 1936 1805 2007; baseline 0.004 -20"><span class='ocrx_word' id='word_1_210' title='bbox 184 1936 603 2007; x_wconf 75' lang='lat' dir='ltr'><strong>.ptiimentariis</strong></span> <span class='ocrx_word' id='word_1_211' title='bbox 629 1936 978 2007; x_wconf 44' lang='lat' dir='ltr'><strong>dapes,7qu:e</strong></span> <span class='ocrx_word' id='word_1_212' title='bbox 1018 1952 1069 1990; x_wconf 93' lang='lat' dir='ltr'><strong>v.</strong></span> <span class='ocrx_word' id='word_1_213' title='bbox 1103 1936 1163 2006; x_wconf 86' lang='lat' dir='ltr'><strong>g.</strong></span> <span class='ocrx_word' id='word_1_214' title='bbox 1204 1936 1590 2007; x_wconf 81' lang='lat' dir='ltr'><strong>quinquaginta</strong></span> <span class='ocrx_word' id='word_1_215' title='bbox 1618 1953 1805 1992; x_wconf 90' lang='lat' dir='ltr'><strong>mona-</strong></span> 
     </span>
    </p>
   </div>
   <div class='ocr_carea' id='block_1_28' title="bbox 216 2005 1798 2077">
    <p class='ocr_par' dir='ltr' id='par_1_28' title="bbox 216 2005 1798 2077">
     <span class='ocr_line' id='line_1_29' title="bbox 216 2005 1798 2077; baseline 0.001 -16"><span class='ocrx_word' id='word_1_216' title='bbox 216 2005 342 2061; x_wconf 90' lang='lat' dir='ltr'><strong>chis</strong></span> <span class='ocrx_word' id='word_1_217' title='bbox 389 2005 735 2070; x_wconf 47' lang='lat' dir='ltr'><strong>suﬂicereut‘,</strong></span> <span class='ocrx_word' id='word_1_218' title='bbox 810 2005 908 2076; x_wconf 90' lang='lat' dir='ltr'><strong>pro</strong></span> <span class='ocrx_word' id='word_1_219' title='bbox 951 2005 1165 2062; x_wconf 86' lang='lat' dir='ltr'><strong>centum</strong></span> <span class='ocrx_word' id='word_1_220' title='bbox 1218 2005 1401 2061; x_wconf 81' lang='lat' dir='ltr'><strong>essent</strong></span> <span class='ocrx_word' id='word_1_221' title='bbox 1448 2012 1798 2077; x_wconf 70' lang='lat' dir='ltr'><strong>apponendze,</strong></span> 
     </span>
    </p>
   </div>
   <div class='ocr_carea' id='block_1_29' title="bbox 215 2077 1799 2148">
    <p class='ocr_par' dir='ltr' id='par_1_29' title="bbox 215 2077 1799 2148">
     <span class='ocr_line' id='line_1_30' title="bbox 215 2077 1799 2148; baseline 0 -17"><span class='ocrx_word' id='word_1_222' title='bbox 215 2077 464 2148; x_wconf 81' lang='lat' dir='ltr'><strong>maxime</strong></span> <span class='ocrx_word' id='word_1_223' title='bbox 487 2092 607 2148; x_wconf 86' lang='lat' dir='ltr'><strong>cum</strong></span> <span class='ocrx_word' id='word_1_224' title='bbox 634 2077 859 2148; x_wconf 70' lang='lat' dir='ltr'><strong>singulae</strong></span> <span class='ocrx_word' id='word_1_225' title='bbox 890 2077 1071 2148; x_wconf 79' lang='lat' dir='ltr'><strong>lances</strong></span> <span class='ocrx_word' id='word_1_226' title='bbox 1108 2077 1161 2131; x_wconf 89' lang='lat' dir='ltr'><strong>id</strong></span> <span class='ocrx_word' id='word_1_227' title='bbox 1202 2077 1479 2148; x_wconf 74' lang='lat' dir='ltr'><strong>continere</strong></span> <span class='ocrx_word' id='word_1_228' title='bbox 1520 2077 1799 2143; x_wconf 85' lang='lat' dir='ltr'><strong>deberent,</strong></span> 
     </span>
    </p>
   </div>
   <div class='ocr_carea' id='block_1_30' title="bbox 214 2145 1800 2271">
    <p class='ocr_par' dir='ltr' id='par_1_30' title="bbox 214 2145 1800 2271">
     <span class='ocr_line' id='line_1_31' title="bbox 214 2145 1800 2270; baseline 0.002 -70"><span class='ocrx_word' id='word_1_229' title='bbox 214 2147 365 2270; x_wconf 44' lang='lat' dir='ltr'><strong>quod</strong></span> <span class='ocrx_word' id='word_1_230' title='bbox 402 2146 469 2200; x_wconf 90' lang='lat' dir='ltr'><strong>ad</strong></span> <span class='ocrx_word' id='word_1_231' title='bbox 508 2146 666 2201; x_wconf 90' lang='lat' dir='ltr'><strong>unius</strong></span> <span class='ocrx_word' id='word_1_232' title='bbox 694 2145 945 2201; x_wconf 79' lang='lat' dir='ltr'><strong>monachi</strong></span> <span class='ocrx_word' id='word_1_233' title='bbox 975 2147 1283 2228; x_wconf 77' lang='lat' dir='ltr'><strong>satietatem</strong></span> <span class='ocrx_word' id='word_1_234' title='bbox 1326 2145 1641 2211; x_wconf 80' lang='lat' dir='ltr'><strong>sufﬁceret;</strong></span> <span class='ocrx_word' id='word_1_235' title='bbox 1673 2148 1800 2217; x_wconf 89' lang='lat' dir='ltr'><strong>quia</strong></span> 
     </span>
     <span class='ocr_line' id='line_1_32' title="bbox 214 2216 1162 2271; baseline -0.001 -1"><span class='ocrx_word' id='word_1_236' title='bbox 214 2231 233 2270; x_wconf 84' lang='grc' dir='ltr'>ι</span> <span class='ocrx_word' id='word_1_237' title='bbox 258 2216 296 2269; x_wconf 89' lang='lat' dir='ltr'><strong>h</strong></span> <span class='ocrx_word' id='word_1_238' title='bbox 323 2216 390 2271; x_wconf 88' lang='lat' dir='ltr'><strong>de</strong></span> <span class='ocrx_word' id='word_1_239' title='bbox 415 2231 521 2270; x_wconf 90' lang='lat' dir='ltr'><strong>una</strong></span> <span class='ocrx_word' id='word_1_240' title='bbox 555 2224 760 2270; x_wconf 89' lang='lat' dir='ltr'><strong>tantum</strong></span> <span class='ocrx_word' id='word_1_241' title='bbox 788 2218 949 2271; x_wconf 88' lang='lat' dir='ltr'><strong>edere</strong></span> <span class='ocrx_word' id='word_1_242' title='bbox 973 2216 1162 2271; x_wconf 79' lang='lat' dir='ltr'><strong>liceret</strong></span> 
     </span>
    </p>
   </div>
   <div class='ocr_carea' id='block_1_31' title="bbox 214 2231 1137 2271">
    <p class='ocr_par' dir='ltr' id='par_1_31' title="bbox 214 2231 1137 2271">
     <span class='ocr_line' id='line_1_33' title="bbox 214 2231 1137 2271; baseline 0 -1"><span class='ocrx_word' id='word_1_243' title='bbox 214 2231 296 2270; x_wconf 82' lang='grc'><strong>1111</strong></span> <span class='ocrx_word' id='word_1_244' title='bbox 323 2231 390 2271; x_wconf 87' lang='lat' dir='ltr'><strong>ue</strong></span> <span class='ocrx_word' id='word_1_245' title='bbox 415 2231 521 2270; x_wconf 90' lang='lat' dir='ltr'><strong>una</strong></span> <span class='ocrx_word' id='word_1_246' title='bbox 555 2231 760 2270; x_wconf 88' lang='lat' dir='ltr'><strong>tantum</strong></span> <span class='ocrx_word' id='word_1_247' title='bbox 788 2231 949 2271; x_wconf 86' lang='lat' dir='ltr'><strong>euere</strong></span> <span class='ocrx_word' id='word_1_248' title='bbox 975 2231 1137 2271; x_wconf 79' lang='lat' dir='ltr'><strong>licere</strong></span> 
     </span>
    </p>
   </div>
   <div class='ocr_carea' id='block_1_32' title="bbox 288 2284 1797 2354">
    <p class='ocr_par' dir='ltr' id='par_1_32' title="bbox 288 2284 1797 2354">
     <span class='ocr_line' id='line_1_34' title="bbox 288 2284 1797 2354; baseline 0.001 -16"><span class='ocrx_word' id='word_1_249' title='bbox 288 2286 318 2324; x_wconf 72' lang='grc' dir='ltr'><strong>ι)</strong></span> <span class='ocrx_word' id='word_1_250' title='bbox 350 2284 730 2340; x_wconf 83' lang='lat' dir='ltr'><strong>Pulmentaria.</strong></span> <span class='ocrx_word' id='word_1_251' title='bbox 758 2286 1202 2351; x_wconf 88' lang='lat' dir='ltr'><strong>Pulmenlarium,</strong></span> <span class='ocrx_word' id='word_1_252' title='bbox 1228 2287 1367 2354; x_wconf 91' lang='lat' dir='ltr'><strong>quod</strong></span> <span class='ocrx_word' id='word_1_253' title='bbox 1389 2293 1444 2340; x_wconf 91' lang='lat' dir='ltr'><strong>et</strong></span> <span class='ocrx_word' id='word_1_254' title='bbox 1464 2284 1797 2354; x_wconf 83' lang='lat' dir='ltr'><strong>pulmentum</strong></span> 
     </span>
    </p>
   </div>
   <div class='ocr_carea' id='block_1_33' title="bbox 212 2355 1794 2425">
    <p class='ocr_par' dir='ltr' id='par_1_33' title="bbox 212 2355 1794 2425">
     <span class='ocr_line' id='line_1_35' title="bbox 212 2355 1794 2425; baseline -0.002 -14"><span class='ocrx_word' id='word_1_255' title='bbox 212 2355 441 2425; x_wconf 84' lang='lat' dir='ltr'><strong>dicitur,</strong></span> <span class='ocrx_word' id='word_1_256' title='bbox 467 2365 552 2410; x_wconf 91' lang='lat' dir='ltr'><strong>est</strong></span> <span class='ocrx_word' id='word_1_257' title='bbox 571 2356 846 2425; x_wconf 87' lang='lat' dir='ltr'><strong>quodlibet</strong></span> <span class='ocrx_word' id='word_1_258' title='bbox 866 2357 1171 2411; x_wconf 80' lang='lat' dir='ltr'><strong>obsonium.</strong></span> <span class='ocrx_word' id='word_1_259' title='bbox 1206 2355 1357 2419; x_wconf 90' lang='lat' dir='ltr'><strong>Cato,</strong></span> <span class='ocrx_word' id='word_1_260' title='bbox 1375 2356 1440 2410; x_wconf 92' lang='lat' dir='ltr'><strong>de</strong></span> <span class='ocrx_word' id='word_1_261' title='bbox 1470 2355 1546 2409; x_wconf 81' lang='lat' dir='ltr'><strong>Rc</strong></span> <span class='ocrx_word' id='word_1_262' title='bbox 1568 2356 1794 2421; x_wconf 87' lang='lat' dir='ltr'><strong>rustica,</strong></span> 
     </span>
    </p>
   </div>
   <div class='ocr_carea' id='block_1_34' title="bbox 209 2424 1797 2494">
    <p class='ocr_par' dir='ltr' id='par_1_34' title="bbox 209 2424 1797 2494">
     <span class='ocr_line' id='line_1_36' title="bbox 209 2424 1797 2494; baseline -0.001 -14"><span class='ocrx_word' id='word_1_263' title='bbox 209 2441 335 2494; x_wconf 87' lang='lat' dir='ltr'><strong>cap.</strong></span> <span class='ocrx_word' id='word_1_264' title='bbox 369 2424 466 2480; x_wconf 77' lang='lat'><strong>58:</strong></span> <span class='ocrx_word' id='word_1_265' title='bbox 492 2444 509 2476; x_wconf 75' lang='grc' dir='ltr'>ι</span> <span class='ocrx_word' id='word_1_266' title='bbox 538 2424 963 2480; x_wconf 82' lang='lat' dir='ltr'><strong>Pulmentarium</strong></span> <span class='ocrx_word' id='word_1_267' title='bbox 988 2425 1205 2480; x_wconf 81' lang='lat' dir='ltr'><strong>familiae</strong></span> <span class='ocrx_word' id='word_1_268' title='bbox 1225 2425 1356 2479; x_wconf 67' lang='lat' dir='ltr'><strong>olea:</strong></span> <span class='ocrx_word' id='word_1_269' title='bbox 1384 2426 1598 2479; x_wconf 68' lang='lat' dir='ltr'><strong>caducrc</strong></span> <span class='ocrx_word' id='word_1_270' title='bbox 1632 2440 1797 2494; x_wconf 90' lang='lat' dir='ltr'><strong>quam</strong></span> 
     </span>
    </p>
   </div>
   <div class='ocr_carea' id='block_1_35' title="bbox 207 2494 1797 2565">
    <p class='ocr_par' dir='ltr' id='par_1_35' title="bbox 207 2494 1797 2565">
     <span class='ocr_line' id='line_1_37' title="bbox 207 2494 1797 2565; baseline 0.001 -18"><span class='ocrx_word' id='word_1_271' title='bbox 207 2495 504 2565; x_wconf 86' lang='lat' dir='ltr'><strong>plurimum</strong></span> <span class='ocrx_word' id='word_1_272' title='bbox 535 2496 750 2551; x_wconf 85' lang='lat' dir='ltr'><strong>condito</strong></span> <span class='ocrx_word' id='word_1_273' title='bbox 778 2516 796 2548; x_wconf 76' lang='grc' dir='ltr'><strong><em>ι</em></strong></span> <span class='ocrx_word' id='word_1_274' title='bbox 836 2512 863 2549; x_wconf 88' lang='lat' dir='ltr'><strong>a</strong></span> <span class='ocrx_word' id='word_1_275' title='bbox 890 2496 1056 2565; x_wconf 86' lang='lat' dir='ltr'><strong>pulte,</strong></span> <span class='ocrx_word' id='word_1_276' title='bbox 1088 2510 1193 2565; x_wconf 85' lang='lat' dir='ltr'><strong>qua</strong></span> <span class='ocrx_word' id='word_1_277' title='bbox 1226 2496 1359 2565; x_wconf 15' lang='lat' dir='ltr'><strong>olim,</strong></span> <span class='ocrx_word' id='word_1_278' title='bbox 1380 2495 1541 2565; x_wconf 79' lang='lat' dir='ltr'><strong>prisci</strong></span> <span class='ocrx_word' id='word_1_279' title='bbox 1574 2495 1649 2548; x_wconf 89' lang='lat' dir='ltr'><strong>illi</strong></span> <span class='ocrx_word' id='word_1_280' title='bbox 1688 2494 1797 2549; x_wconf 77' lang='lat' dir='ltr'><strong>Bo-</strong></span> 
     </span>
    </p>
   </div>
   <div class='ocr_carea' id='block_1_36' title="bbox 206 2564 1791 2634">
    <p class='ocr_par' dir='ltr' id='par_1_36' title="bbox 206 2564 1791 2634">
     <span class='ocr_line' id='line_1_38' title="bbox 206 2564 1791 2634; baseline -0.001 -15"><span class='ocrx_word' id='word_1_281' title='bbox 206 2564 359 2619; x_wconf 82' lang='lat' dir='ltr'><strong>mani</strong></span> <span class='ocrx_word' id='word_1_282' title='bbox 382 2579 480 2634; x_wconf 91' lang='lat' dir='ltr'><strong>pro</strong></span> <span class='ocrx_word' id='word_1_283' title='bbox 511 2580 648 2634; x_wconf 90' lang='lat' dir='ltr'><strong>pane</strong></span> <span class='ocrx_word' id='word_1_284' title='bbox 683 2564 1060 2620; x_wconf 79' lang='lat' dir='ltr'><strong>vescebantur.</strong></span> <span class='ocrx_word' id='word_1_285' title='bbox 1101 2564 1306 2619; x_wconf 85' lang='lat' dir='ltr'><strong>Plinius</strong></span> <span class='ocrx_word' id='word_1_286' title='bbox 1348 2564 1471 2619; x_wconf 87' lang='lat' dir='ltr'><strong>libr.</strong></span> <span class='ocrx_word' id='word_1_287' title='bbox 1526 2580 1637 2629; x_wconf 80' lang='lat' dir='ltr'><strong>xvi,</strong></span> <span class='ocrx_word' id='word_1_288' title='bbox 1669 2579 1791 2633; x_wconf 87' lang='lat' dir='ltr'><strong>cap.</strong></span> 
     </span>
    </p>
   </div>
   <div class='ocr_carea' id='block_1_37' title="bbox 205 2634 1793 2705">
    <p class='ocr_par' dir='ltr' id='par_1_37' title="bbox 205 2634 1793 2705">
     <span class='ocr_line' id='line_1_39' title="bbox 205 2634 1793 2705; baseline 0.001 -17"><span class='ocrx_word' id='word_1_289' title='bbox 205 2635 243 2705; x_wconf 72' lang='grc'>8</span> <span class='ocrx_word' id='word_1_290' title='bbox 271 2653 284 2688; x_wconf 94' lang='lat'>:</span> <span class='ocrx_word' id='word_1_291' title='bbox 310 2653 328 2684; x_wconf 74' lang='grc' dir='ltr'>ι</span> <span class='ocrx_word' id='word_1_292' title='bbox 362 2634 514 2691; x_wconf 90' lang='lat' dir='ltr'><strong>Pulte</strong></span> <span class='ocrx_word' id='word_1_293' title='bbox 542 2644 750 2705; x_wconf 85' lang='lat' dir='ltr'><strong>autem,</strong></span> <span class='ocrx_word' id='word_1_294' title='bbox 802 2652 909 2690; x_wconf 92' lang='lat' dir='ltr'><strong>non</strong></span> <span class='ocrx_word' id='word_1_295' title='bbox 952 2650 1091 2705; x_wconf 84' lang='lat' dir='ltr'><strong>pane</strong></span> <span class='ocrx_word' id='word_1_296' title='bbox 1120 2636 1319 2690; x_wconf 74' lang='lat' dir='ltr'><strong>vixisse</strong></span> <span class='ocrx_word' id='word_1_297' title='bbox 1356 2634 1515 2705; x_wconf 84' lang='lat' dir='ltr'><strong>longo</strong></span> <span class='ocrx_word' id='word_1_298' title='bbox 1553 2644 1793 2705; x_wconf 85' lang='lat' dir='ltr'><strong>tempore</strong></span> 
     </span>
    </p>
   </div>
   <div class='ocr_carea' id='block_1_38' title="bbox 204 2703 1793 2775">
    <p class='ocr_par' dir='ltr' id='par_1_38' title="bbox 204 2703 1793 2775">
     <span class='ocr_line' id='line_1_40' title="bbox 204 2703 1793 2775; baseline 0.001 -18"><span class='ocrx_word' id='word_1_299' title='bbox 204 2704 485 2759; x_wconf 82' lang='lat' dir='ltr'><strong>Romanos</strong></span> <span class='ocrx_word' id='word_1_300' title='bbox 528 2703 910 2770; x_wconf 81' lang='lat' dir='ltr'><strong>manifestum;</strong></span> <span class='ocrx_word' id='word_1_301' title='bbox 952 2703 1219 2775; x_wconf 73' lang='lat' dir='ltr'><strong>quoniam</strong></span> <span class='ocrx_word' id='word_1_302' title='bbox 1266 2705 1390 2760; x_wconf 91' lang='lat' dir='ltr'><strong>inde</strong></span> <span class='ocrx_word' id='word_1_303' title='bbox 1419 2703 1793 2775; x_wconf 51' lang='lat' dir='ltr'><strong>pulmentaria’</strong></span> 
     </span>
    </p>
   </div>
   <div class='ocr_carea' id='block_1_39' title="bbox 203 2773 1793 2845">
    <p class='ocr_par' dir='ltr' id='par_1_39' title="bbox 203 2773 1793 2845">
     <span class='ocr_line' id='line_1_41' title="bbox 203 2773 1793 2845; baseline -0.001 -17"><span class='ocrx_word' id='word_1_304' title='bbox 203 2775 483 2829; x_wconf 86' lang='lat' dir='ltr'><strong>dicuntur.</strong></span> <span class='ocrx_word' id='word_1_305' title='bbox 523 2794 541 2827; x_wconf 84' lang='grc'>›</span> <span class='ocrx_word' id='word_1_306' title='bbox 574 2775 747 2831; x_wconf 77' lang='lat' dir='ltr'><strong>Varro</strong></span> <span class='ocrx_word' id='word_1_307' title='bbox 772 2775 864 2829; x_wconf 87' lang='lat' dir='ltr'><strong>lib.</strong></span> <span class='ocrx_word' id='word_1_308' title='bbox 897 2791 949 2830; x_wconf 85' lang='grc' dir='ltr'><strong>ιν</strong></span> <span class='ocrx_word' id='word_1_309' title='bbox 979 2773 1050 2830; x_wconf 77' lang='lat' dir='ltr'><strong>de</strong></span> <span class='ocrx_word' id='word_1_310' title='bbox 1068 2775 1246 2845; x_wconf 89' lang='lat' dir='ltr'><strong>lingua</strong></span> <span class='ocrx_word' id='word_1_311' title='bbox 1262 2775 1457 2839; x_wconf 84' lang='lat' dir='ltr'><strong>Latina</strong></span> <span class='ocrx_word' id='word_1_312' title='bbox 1483 2791 1549 2845; x_wconf 74' lang='lat'><strong>:_«</strong></span> <span class='ocrx_word' id='word_1_313' title='bbox 1582 2773 1649 2828; x_wconf 88' lang='lat' dir='ltr'><strong>Et</strong></span> <span class='ocrx_word' id='word_1_314' title='bbox 1678 2773 1793 2844; x_wconf 83' lang='lat' dir='ltr'><strong>pla-</strong></span> 
     </span>
    </p>
   </div>
   <div class='ocr_carea' id='block_1_40' title="bbox 201 2843 1787 2914">
    <p class='ocr_par' dir='ltr' id='par_1_40' title="bbox 201 2843 1787 2914">
     <span class='ocr_line' id='line_1_42' title="bbox 201 2843 1787 2914; baseline -0.001 -15"><span class='ocrx_word' id='word_1_315' title='bbox 201 2854 403 2914; x_wconf 60' lang='lat' dir='ltr'><strong>centae,</strong></span> <span class='ocrx_word' id='word_1_316' title='bbox 434 2845 575 2914; x_wconf 88' lang='lat' dir='ltr'><strong>quod</strong></span> <span class='ocrx_word' id='word_1_317' title='bbox 613 2846 845 2899; x_wconf 86' lang='lat' dir='ltr'><strong>edebant</strong></span> <span class='ocrx_word' id='word_1_318' title='bbox 868 2861 993 2900; x_wconf 90' lang='lat' dir='ltr'><strong>cum</strong></span> <span class='ocrx_word' id='word_1_319' title='bbox 1027 2843 1204 2914; x_wconf 81' lang='lat' dir='ltr'><strong>pulte:</strong></span> <span class='ocrx_word' id='word_1_320' title='bbox 1252 2846 1320 2899; x_wconf 92' lang='lat' dir='ltr'><strong>ab</strong></span> <span class='ocrx_word' id='word_1_321' title='bbox 1341 2859 1407 2900; x_wconf 89' lang='lat' dir='ltr'><strong>eo</strong></span> <span class='ocrx_word' id='word_1_322' title='bbox 1432 2843 1787 2913; x_wconf 82' lang='lat' dir='ltr'><strong>pulmentum,</strong></span> 
     </span>
    </p>
   </div>
   <div class='ocr_carea' id='block_1_41' title="bbox 199 2913 1791 2984">
    <p class='ocr_par' dir='ltr' id='par_1_41' title="bbox 199 2913 1791 2984">
     <span class='ocr_line' id='line_1_43' title="bbox 199 2913 1791 2984; baseline 0.001 -17"><span class='ocrx_word' id='word_1_323' title='bbox 199 2922 269 2984; x_wconf 81' lang='lat' dir='ltr'><strong>ut</strong></span> <span class='ocrx_word' id='word_1_324' title='bbox 297 2913 553 2969; x_wconf 85' lang='lat' dir='ltr'><strong>Plautus:</strong></span> <span class='ocrx_word' id='word_1_325' title='bbox 584 2914 711 2968; x_wconf 90' lang='lat' dir='ltr'><strong>hinc</strong></span> <span class='ocrx_word' id='word_1_326' title='bbox 734 2913 1170 2984; x_wconf 82' lang='lat' dir='ltr'><strong>pulmentarium.</strong></span> <span class='ocrx_word' id='word_1_327' title='bbox 1204 2935 1222 2968; x_wconf 76' lang='grc' dir='ltr'><strong><em>ι</em></strong></span> <span class='ocrx_word' id='word_1_328' title='bbox 1258 2914 1504 2969; x_wconf 75' lang='lat' dir='ltr'><strong>Valerius</strong></span> <span class='ocrx_word' id='word_1_329' title='bbox 1527 2914 1791 2969; x_wconf 81' lang='lat' dir='ltr'><strong>Maximus</strong></span> 
     </span>
    </p>
   </div>
   <div class='ocr_carea' id='block_1_42' title="bbox 198 2983 1788 3054">
    <p class='ocr_par' dir='ltr' id='par_1_42' title="bbox 198 2983 1788 3054">
     <span class='ocr_line' id='line_1_44' title="bbox 198 2983 1788 3054; baseline 0 -17"><span class='ocrx_word' id='word_1_330' title='bbox 198 2983 302 3037; x_wconf 88' lang='lat' dir='ltr'><strong>lib.</strong></span> <span class='ocrx_word' id='word_1_331' title='bbox 336 2999 394 3047; x_wconf 83' lang='grc' dir='ltr'><strong>ιι,</strong></span> <span class='ocrx_word' id='word_1_332' title='bbox 427 3000 547 3054; x_wconf 90' lang='lat' dir='ltr'><strong>cap.</strong></span> <span class='ocrx_word' id='word_1_333' title='bbox 579 2985 604 3037; x_wconf 83' lang='lat' dir='ltr'><strong>l</strong></span> <span class='ocrx_word' id='word_1_334' title='bbox 636 3002 648 3038; x_wconf 93' lang='lat'><strong>:</strong></span> <span class='ocrx_word' id='word_1_335' title='bbox 685 3003 702 3035; x_wconf 74' lang='grc' dir='ltr'>ι</span> <span class='ocrx_word' id='word_1_336' title='bbox 741 2985 911 3039; x_wconf 85' lang='lat' dir='ltr'><strong>Erant</strong></span> <span class='ocrx_word' id='word_1_337' title='bbox 943 2995 1122 3040; x_wconf 87' lang='lat' dir='ltr'><strong>autem</strong></span> <span class='ocrx_word' id='word_1_338' title='bbox 1161 2986 1298 3039; x_wconf 91' lang='lat' dir='ltr'><strong>adeo</strong></span> <span class='ocrx_word' id='word_1_339' title='bbox 1327 2984 1674 3039; x_wconf 74' lang='lat' dir='ltr'><strong>continentia:</strong></span> <span class='ocrx_word' id='word_1_340' title='bbox 1705 2992 1788 3037; x_wconf 90' lang='lat' dir='ltr'><strong>at-</strong></span> 
     </span>
    </p>
   </div>
   <div class='ocr_carea' id='block_1_43' title="bbox 200 3054 1785 3126">
    <p class='ocr_par' dir='ltr' id='par_1_43' title="bbox 200 3054 1785 3126">
     <span class='ocr_line' id='line_1_45' title="bbox 200 3054 1785 3126; baseline 0 -20"><span class='ocrx_word' id='word_1_341' title='bbox 200 3054 343 3108; x_wconf 89' lang='lat' dir='ltr'><strong>tenti</strong></span> <span class='ocrx_word' id='word_1_342' title='bbox 370 3093 384 3118; x_wconf 91' lang='lat'><strong>,</strong></span> <span class='ocrx_word' id='word_1_343' title='bbox 413 3063 472 3107; x_wconf 90' lang='lat' dir='ltr'><strong>ut</strong></span> <span class='ocrx_word' id='word_1_344' title='bbox 495 3054 802 3126; x_wconf 81' lang='lat' dir='ltr'><strong>frequenter</strong></span> <span class='ocrx_word' id='word_1_345' title='bbox 821 3055 964 3124; x_wconf 88' lang='lat' dir='ltr'><strong>apud</strong></span> <span class='ocrx_word' id='word_1_346' title='bbox 987 3069 1080 3110; x_wconf 87' lang='lat' dir='ltr'><strong>eos</strong></span> <span class='ocrx_word' id='word_1_347' title='bbox 1104 3055 1415 3126; x_wconf 77' lang='lat' dir='ltr'><strong>(Romanos)</strong></span> <span class='ocrx_word' id='word_1_348' title='bbox 1444 3054 1616 3126; x_wconf 10' lang='lat' dir='ltr'><strong>pultis?</strong></span> <span class='ocrx_word' id='word_1_349' title='bbox 1634 3069 1785 3119; x_wconf 90' lang='lat' dir='ltr'><strong>usus,</strong></span> 
     </span>
    </p>
   </div>
   <div class='ocr_carea' id='block_1_44' title="bbox 197 3125 1782 3197">
    <p class='ocr_par' dir='ltr' id='par_1_44' title="bbox 197 3125 1782 3197">
     <span class='ocr_line' id='line_1_46' title="bbox 197 3125 1782 3197; baseline 0 -20"><span class='ocrx_word' id='word_1_350' title='bbox 197 3139 370 3197; x_wconf 60' lang='lat' dir='ltr'><strong>quam</strong></span> <span class='ocrx_word' id='word_1_351' title='bbox 397 3125 554 3194; x_wconf 89' lang='lat' dir='ltr'><strong>panis</strong></span> <span class='ocrx_word' id='word_1_352' title='bbox 577 3132 741 3189; x_wconf 89' lang='lat' dir='ltr'><strong>esset,</strong></span> <span class='ocrx_word' id='word_1_353' title='bbox 782 3144 812 3197; x_wconf 71' lang='lat' dir='ltr'><strong>D_</strong></span> <span class='ocrx_word' id='word_1_354' title='bbox 845 3134 952 3179; x_wconf 90' lang='lat' dir='ltr'><strong>etc.</strong></span> <span class='ocrx_word' id='word_1_355' title='bbox 990 3127 1277 3197; x_wconf 75' lang='lat' dir='ltr'><strong>sosipater</strong></span> <span class='ocrx_word' id='word_1_356' title='bbox 1305 3125 1582 3197; x_wconf 72' lang='lat' dir='ltr'><strong>Charisius</strong></span> <span class='ocrx_word' id='word_1_357' title='bbox 1606 3125 1698 3178; x_wconf 90' lang='lat' dir='ltr'><strong>lib.</strong></span> <span class='ocrx_word' id='word_1_358' title='bbox 1727 3141 1782 3197; x_wconf 84' lang='lat' dir='ltr'><strong>r_:</strong></span> 
     </span>
    </p>
   </div>
   <div class='ocr_carea' id='block_1_45' title="bbox 202 3193 1795 3265">
    <p class='ocr_par' dir='ltr' id='par_1_45' title="bbox 202 3193 1795 3265">
     <span class='ocr_line' id='line_1_47' title="bbox 202 3193 1795 3265; baseline 0.001 -20"><span class='ocrx_word' id='word_1_359' title='bbox 202 3193 228 3245; x_wconf 68' lang='grc' dir='ltr'><em>ά</em></span> <span class='ocrx_word' id='word_1_360' title='bbox 260 3193 602 3249; x_wconf 86' lang='lat' dir='ltr'><strong>Puluientum</strong></span> <span class='ocrx_word' id='word_1_361' title='bbox 641 3202 694 3265; x_wconf 90' lang='lat' dir='ltr'><strong>et</strong></span> <span class='ocrx_word' id='word_1_362' title='bbox 728 3193 1142 3265; x_wconf 85' lang='lat' dir='ltr'><strong>pulmentarium</strong></span> <span class='ocrx_word' id='word_1_363' title='bbox 1177 3195 1326 3251; x_wconf 84' lang='lat' dir='ltr'><strong>dicit.</strong></span> <span class='ocrx_word' id='word_1_364' title='bbox 1354 3193 1486 3248; x_wconf 86' lang='lat' dir='ltr'><strong>Nam</strong></span> <span class='ocrx_word' id='word_1_365' title='bbox 1523 3194 1657 3249; x_wconf 87' lang='lat' dir='ltr'><strong>Cato</strong></span> <span class='ocrx_word' id='word_1_366' title='bbox 1687 3194 1795 3249; x_wconf 86' lang='lat' dir='ltr'><strong>ori-</strong></span> 
     </span>
    </p>
   </div>
   <div class='ocr_carea' id='block_1_46' title="bbox 195 3264 1792 3335">
    <p class='ocr_par' dir='ltr' id='par_1_46' title="bbox 195 3264 1792 3335">
     <span class='ocr_line' id='line_1_48' title="bbox 195 3264 1792 3335; baseline 0.001 -19"><span class='ocrx_word' id='word_1_367' title='bbox 195 3266 389 3335; x_wconf 81' lang='lat' dir='ltr'><strong>ginum</strong></span> <span class='ocrx_word' id='word_1_368' title='bbox 428 3265 608 3335; x_wconf 87' lang='lat' dir='ltr'><strong>tertio,</strong></span> <span class='ocrx_word' id='word_1_369' title='bbox 667 3264 1001 3334; x_wconf 88' lang='lat' dir='ltr'><strong>laserpitium</strong></span> <span class='ocrx_word' id='word_1_370' title='bbox 1037 3282 1134 3335; x_wconf 91' lang='lat' dir='ltr'><strong>pro</strong></span> <span class='ocrx_word' id='word_1_371' title='bbox 1180 3265 1542 3335; x_wconf 84' lang='lat' dir='ltr'><strong>pulmentario</strong></span> <span class='ocrx_word' id='word_1_372' title='bbox 1568 3279 1665 3319; x_wconf 91' lang='lat' dir='ltr'><strong>suo</strong></span> <span class='ocrx_word' id='word_1_373' title='bbox 1688 3265 1792 3335; x_wconf 4' lang='lat' dir='ltr'><strong>pha-</strong></span> 
     </span>
    </p>
   </div>
   <div class='ocr_carea' id='block_1_47' title="bbox 193 3332 1792 3405">
    <p class='ocr_par' dir='ltr' id='par_1_47' title="bbox 193 3332 1792 3405">
     <span class='ocr_line' id='line_1_49' title="bbox 193 3332 1792 3405; baseline -0.002 -16"><span class='ocrx_word' id='word_1_374' title='bbox 193 3332 314 3389; x_wconf 78' lang='lat' dir='ltr'><strong>bet.</strong></span> <span class='ocrx_word' id='word_1_375' title='bbox 343 3332 401 3388; x_wconf 85' lang='lat' dir='ltr'><strong>In</strong></span> <span class='ocrx_word' id='word_1_376' title='bbox 432 3334 622 3405; x_wconf 84' lang='lat' dir='ltr'><strong>eodem</strong></span> <span class='ocrx_word' id='word_1_377' title='bbox 655 3351 671 3392; x_wconf 86' lang='lat'><strong>:</strong></span> <span class='ocrx_word' id='word_1_378' title='bbox 710 3332 879 3389; x_wconf 84' lang='lat' dir='ltr'><strong>multo</strong></span> <span class='ocrx_word' id='word_1_379' title='bbox 931 3332 1210 3405; x_wconf 83' lang='lat' dir='ltr'><strong>pulmento</strong></span> <span class='ocrx_word' id='word_1_380' title='bbox 1261 3335 1365 3389; x_wconf 89' lang='lat' dir='ltr'><strong>usi.</strong></span> <span class='ocrx_word' id='word_1_381' title='bbox 1422 3333 1528 3405; x_wconf 85' lang='lat' dir='ltr'><strong>Sed</strong></span> <span class='ocrx_word' id='word_1_382' title='bbox 1571 3334 1792 3405; x_wconf 86' lang='lat' dir='ltr'><strong>quidam</strong></span> 
     </span>
    </p>
   </div>
   <div class='ocr_carea' id='block_1_48' title="bbox 192 3402 1787 3529">
    <p class='ocr_par' dir='ltr' id='par_1_48' title="bbox 192 3402 1787 3529">
     <span class='ocr_line' id='line_1_50' title="bbox 192 3402 1787 3529; baseline 0 -72"><span class='ocrx_word' id='word_1_383' title='bbox 192 3412 393 3529; x_wconf 42' lang='lat' dir='ltr'><strong>gulam</strong></span> <span class='ocrx_word' id='word_1_384' title='bbox 434 3402 769 3473; x_wconf 88' lang='lat' dir='ltr'><strong>pulmentum</strong></span> <span class='ocrx_word' id='word_1_385' title='bbox 816 3402 971 3475; x_wconf 75' lang='lat' dir='ltr'><strong>quasi</strong></span> <span class='ocrx_word' id='word_1_386' title='bbox 994 3406 1364 3476; x_wconf 87' lang='lat' dir='ltr'><strong>pulumentum</strong></span> <span class='ocrx_word' id='word_1_387' title='bbox 1416 3402 1609 3458; x_wconf 79' lang='lat' dir='ltr'><strong>melius</strong></span> <span class='ocrx_word' id='word_1_388' title='bbox 1661 3404 1787 3458; x_wconf 91' lang='lat' dir='ltr'><strong>dici.</strong></span> 
     </span>
     <span class='ocr_line' id='line_1_51' title="bbox 249 3474 1787 3529; baseline -0.001 -2"><span class='ocrx_word' id='word_1_389' title='bbox 249 3488 378 3527; x_wconf 87' lang='lat' dir='ltr'><strong>arro</strong></span> <span class='ocrx_word' id='word_1_390' title='bbox 414 3481 594 3528; x_wconf 91' lang='lat' dir='ltr'><strong>autem</strong></span> <span class='ocrx_word' id='word_1_391' title='bbox 623 3476 690 3529; x_wconf 90' lang='lat' dir='ltr'><strong>ad</strong></span> <span class='ocrx_word' id='word_1_392' title='bbox 715 3474 1031 3529; x_wconf 87' lang='lat' dir='ltr'><strong>Ciceronem</strong></span> <span class='ocrx_word' id='word_1_393' title='bbox 1055 3475 1244 3529; x_wconf 90' lang='lat' dir='ltr'><strong>uuiuto</strong></span> <span class='ocrx_word' id='word_1_394' title='bbox 1269 3491 1285 3529; x_wconf 90' lang='lat'><strong>:</strong></span> <span class='ocrx_word' id='word_1_395' title='bbox 1316 3475 1669 3529; x_wconf 84' lang='lat' dir='ltr'><strong>pulmentum.</strong></span> <span class='ocrx_word' id='word_1_396' title='bbox 1698 3481 1787 3526; x_wconf 89' lang='lat' dir='ltr'><strong>aut</strong></span> 
     </span>
    </p>
   </div>
   <div class='ocr_carea' id='block_1_49' title="bbox 249 3474 1793 3545">
    <p class='ocr_par' dir='ltr' id='par_1_49' title="bbox 249 3474 1793 3545">
     <span class='ocr_line' id='line_1_52' title="bbox 249 3474 1793 3545; baseline -0.001 -18"><span class='ocrx_word' id='word_1_397' title='bbox 249 3488 382 3545; x_wconf 75' lang='lat' dir='ltr'><strong>arra</strong></span> <span class='ocrx_word' id='word_1_398' title='bbox 414 3481 594 3545; x_wconf 88' lang='lat' dir='ltr'><strong>autem</strong></span> <span class='ocrx_word' id='word_1_399' title='bbox 623 3476 690 3529; x_wconf 89' lang='lat' dir='ltr'><strong>ad</strong></span> <span class='ocrx_word' id='word_1_400' title='bbox 715 3474 1031 3530; x_wconf 78' lang='lat' dir='ltr'><strong>Ciceronem</strong></span> <span class='ocrx_word' id='word_1_401' title='bbox 1055 3475 1244 3545; x_wconf 90' lang='lat' dir='ltr'><strong>quinto</strong></span> <span class='ocrx_word' id='word_1_402' title='bbox 1269 3491 1285 3531; x_wconf 88' lang='lat'><strong>:</strong></span> <span class='ocrx_word' id='word_1_403' title='bbox 1316 3475 1669 3544; x_wconf 87' lang='lat' dir='ltr'><strong>pulmentum,</strong></span> <span class='ocrx_word' id='word_1_404' title='bbox 1698 3481 1793 3526; x_wconf 89' lang='lat' dir='ltr'><strong>aut</strong></span> 
     </span>
    </p>
   </div>
   <div class='ocr_carea' id='block_1_50' title="bbox 237 3543 1783 3616">
    <p class='ocr_par' dir='ltr' id='par_1_50' title="bbox 237 3543 1783 3616">
     <span class='ocr_line' id='line_1_53' title="bbox 237 3543 1783 3616; baseline -0.001 -19"><span class='ocrx_word' id='word_1_405' title='bbox 237 3543 345 3616; x_wconf 76' lang='lat' dir='ltr'><strong>uad</strong></span> <span class='ocrx_word' id='word_1_406' title='bbox 372 3543 516 3616; x_wconf 85' lang='lat' dir='ltr'><strong>idem</strong></span> <span class='ocrx_word' id='word_1_407' title='bbox 545 3559 668 3599; x_wconf 90' lang='lat' dir='ltr'><strong>cum</strong></span> <span class='ocrx_word' id='word_1_408' title='bbox 694 3545 841 3616; x_wconf 88' lang='lat' dir='ltr'><strong>pulte</strong></span> <span class='ocrx_word' id='word_1_409' title='bbox 856 3543 1086 3616; x_wconf 65' lang='lat' dir='ltr'><strong>essent,</strong></span> <span class='ocrx_word' id='word_1_410' title='bbox 1112 3545 1236 3599; x_wconf 89' lang='lat' dir='ltr'><strong>inde</strong></span> <span class='ocrx_word' id='word_1_411' title='bbox 1282 3543 1731 3616; x_wconf 45' lang='lat' dir='ltr'><strong>pulmentarium;</strong></span> <span class='ocrx_word' id='word_1_412' title='bbox 1764 3562 1783 3595; x_wconf 76' lang='grc' dir='ltr'><strong><em>ι</em></strong></span> 
     </span>
    </p>
   </div>
   <div class='ocr_carea' id='block_1_51' title="bbox 252 3611 1790 3682">
    <p class='ocr_par' dir='ltr' id='par_1_51' title="bbox 252 3611 1790 3682">
     <span class='ocr_line' id='line_1_54' title="bbox 252 3611 1790 3682; baseline 0 -14"><span class='ocrx_word' id='word_1_413' title='bbox 252 3613 305 3668; x_wconf 91' lang='lat' dir='ltr'><strong>bi</strong></span> <span class='ocrx_word' id='word_1_414' title='bbox 339 3614 583 3679; x_wconf 79' lang='lat' dir='ltr'><strong>verbum,</strong></span> <span class='ocrx_word' id='word_1_415' title='bbox 606 3611 792 3682; x_wconf 71' lang='lat' dir='ltr'><strong>essent,</strong></span> <span class='ocrx_word' id='word_1_416' title='bbox 816 3613 869 3669; x_wconf 84' lang='lat' dir='ltr'><strong>id</strong></span> <span class='ocrx_word' id='word_1_417' title='bbox 893 3624 1000 3681; x_wconf 90' lang='lat' dir='ltr'><strong>est,</strong></span> <span class='ocrx_word' id='word_1_418' title='bbox 1030 3611 1581 3671; x_wconf 50' lang='lat' dir='ltr'><strong>cdereuthusonius</strong></span> <span class='ocrx_word' id='word_1_419' title='bbox 1601 3614 1657 3667; x_wconf 91' lang='lat' dir='ltr'><strong>in</strong></span> <span class='ocrx_word' id='word_1_420' title='bbox 1688 3611 1790 3668; x_wconf 80' lang='lat' dir='ltr'><strong>Te-</strong></span> 
     </span>
    </p>
   </div>
   <div class='ocr_carea' id='block_1_52' title="bbox 190 3685 586 3755">
    <p class='ocr_par' dir='ltr' id='par_1_52' title="bbox 190 3685 586 3755">
     <span class='ocr_line' id='line_1_55' title="bbox 190 3685 586 3755; baseline -0.008 -14"><span class='ocrx_word' id='word_1_421' title='bbox 190 3685 552 3755; x_wconf 61' lang='lat' dir='ltr'><strong>chnopwgnia</strong></span> <span class='ocrx_word' id='word_1_422' title='bbox 572 3701 586 3738; x_wconf 87' lang='lat'>:</span> 
     </span>
    </p>
   </div>
   <div class='ocr_carea' id='block_1_53' title="bbox 322 3797 1609 3864">
    <p class='ocr_par' dir='ltr' id='par_1_53' title="bbox 322 3797 1609 3864">
     <span class='ocr_line' id='line_1_56' title="bbox 322 3797 1609 3864; baseline -0.001 -16"><span class='ocrx_word' id='word_1_423' title='bbox 322 3801 432 3864; x_wconf 63' lang='grc' dir='ltr'><strong>μοι</strong></span> <span class='ocrx_word' id='word_1_424' title='bbox 458 3801 574 3851; x_wconf 76' lang='lat' dir='ltr'><strong>ador</strong></span> <span class='ocrx_word' id='word_1_425' title='bbox 597 3810 744 3863; x_wconf 77' lang='lat' dir='ltr'><strong>atque</strong></span> <span class='ocrx_word' id='word_1_426' title='bbox 769 3801 928 3853; x_wconf 84' lang='lat' dir='ltr'><strong>adcris</strong></span> <span class='ocrx_word' id='word_1_427' title='bbox 948 3802 1013 3852; x_wconf 84' lang='lat' dir='ltr'><strong>de</strong></span> <span class='ocrx_word' id='word_1_428' title='bbox 1039 3800 1218 3864; x_wconf 87' lang='lat' dir='ltr'><strong>polline</strong></span> <span class='ocrx_word' id='word_1_429' title='bbox 1246 3799 1515 3864; x_wconf 81' lang='lat' dir='ltr'><strong>pultiilcum</strong></span> <span class='ocrx_word' id='word_1_430' title='bbox 1537 3797 1609 3864; x_wconf 70' lang='lat' dir='ltr'><strong>far</strong></span> 
     </span>
    </p>
   </div>
   <div class='ocr_carea' id='block_1_54' title="bbox 320 3861 1704 3927">
    <p class='ocr_par' dir='ltr' id='par_1_54' title="bbox 320 3861 1704 3927">
     <span class='ocr_line' id='line_1_57' title="bbox 320 3861 1704 3927; baseline 0 -18"><span class='ocrx_word' id='word_1_431' title='bbox 320 3861 555 3927; x_wconf 68' lang='lat' dir='ltr'><strong>instruxit</strong></span> <span class='ocrx_word' id='word_1_432' title='bbox 582 3861 775 3927; x_wconf 78' lang='lat' dir='ltr'><strong>mensas</strong></span> <span class='ocrx_word' id='word_1_433' title='bbox 796 3903 811 3925; x_wconf 90' lang='lat'><strong>,</strong></span> <span class='ocrx_word' id='word_1_434' title='bbox 838 3878 937 3927; x_wconf 89' lang='lat' dir='ltr'><strong>quo</strong></span> <span class='ocrx_word' id='word_1_435' title='bbox 958 3861 1200 3924; x_wconf 74' lang='lat' dir='ltr'><strong>quendam</strong></span> <span class='ocrx_word' id='word_1_436' title='bbox 1233 3861 1535 3911; x_wconf 77' lang='lat' dir='ltr'><strong>llomu&#39;idutn</strong></span> <span class='ocrx_word' id='word_1_437' title='bbox 1561 3861 1704 3927; x_wconf 80' lang='lat' dir='ltr'><strong>plebs</strong></span> 
     </span>
    </p>
   </div>
   <div class='ocr_carea' id='block_1_55' title="bbox 320 3924 1696 3988">
    <p class='ocr_par' dir='ltr' id='par_1_55' title="bbox 320 3924 1696 3988">
     <span class='ocr_line' id='line_1_58' title="bbox 320 3924 1696 3988; baseline 0 -15"><span class='ocrx_word' id='word_1_438' title='bbox 320 3924 443 3973; x_wconf 76' lang='lat' dir='ltr'><strong>Hinc</strong></span> <span class='ocrx_word' id='word_1_439' title='bbox 464 3927 622 3983; x_wconf 76' lang='lat' dir='ltr'><strong>cibus,</strong></span> <span class='ocrx_word' id='word_1_440' title='bbox 646 3926 757 3974; x_wconf 86' lang='lat' dir='ltr'><strong>hinc</strong></span> <span class='ocrx_word' id='word_1_441' title='bbox 781 3924 923 3987; x_wconf 74' lang='lat' dir='ltr'><strong>potus</strong></span> <span class='ocrx_word' id='word_1_442' title='bbox 939 3964 953 3988; x_wconf 91' lang='lat'><strong>,</strong></span> <span class='ocrx_word' id='word_1_443' title='bbox 979 3939 1087 3974; x_wconf 87' lang='lat' dir='ltr'><strong>cum</strong></span> <span class='ocrx_word' id='word_1_444' title='bbox 1111 3926 1387 3975; x_wconf 83' lang='lat' dir='ltr'><strong>dilueretur</strong></span> <span class='ocrx_word' id='word_1_445' title='bbox 1409 3938 1437 3972; x_wconf 87' lang='lat' dir='ltr'><strong>a</strong></span> <span class='ocrx_word' id='word_1_446' title='bbox 1457 3937 1532 3984; x_wconf 73' lang='lat' dir='ltr'><strong>,us</strong></span> <span class='ocrx_word' id='word_1_447' title='bbox 1569 3926 1696 3984; x_wconf 84' lang='lat' dir='ltr'><strong>puts.</strong></span> 
     </span>
    </p>
   </div>
   <div class='ocr_carea' id='block_1_56' title="bbox 186 4008 1785 4083">
    <p class='ocr_par' dir='ltr' id='par_1_56' title="bbox 186 4008 1785 4083">
     <span class='ocr_line' id='line_1_59' title="bbox 186 4008 1785 4083; baseline -0.004 -14"><span class='ocrx_word' id='word_1_448' title='bbox 186 4012 336 4069; x_wconf 72' lang='lat' dir='ltr'><strong>Hinc</strong></span> <span class='ocrx_word' id='word_1_449' title='bbox 359 4012 523 4082; x_wconf 86' lang='lat' dir='ltr'><strong>prisci</strong></span> <span class='ocrx_word' id='word_1_450' title='bbox 563 4013 643 4069; x_wconf 91' lang='lat' dir='ltr'><strong>illi</strong></span> <span class='ocrx_word' id='word_1_451' title='bbox 668 4012 899 4069; x_wconf 84' lang='lat' dir='ltr'><strong>Romani</strong></span> <span class='ocrx_word' id='word_1_452' title='bbox 948 4012 1076 4069; x_wconf 85' lang='lat' dir='ltr'><strong>dicti</strong></span> <span class='ocrx_word' id='word_1_453' title='bbox 1123 4011 1442 4083; x_wconf 86' lang='lat' dir='ltr'><strong>pultiphagi.</strong></span> <span class='ocrx_word' id='word_1_454' title='bbox 1479 4009 1702 4066; x_wconf 84' lang='lat' dir='ltr'><strong>Plautus</strong></span> <span class='ocrx_word' id='word_1_455' title='bbox 1728 4008 1785 4063; x_wconf 89' lang='lat' dir='ltr'><strong>in</strong></span> 
     </span>
    </p>
   </div>
   <div class='ocr_carea' id='block_1_57' title="bbox 187 4083 557 4139">
    <p class='ocr_par' dir='ltr' id='par_1_57' title="bbox 187 4083 557 4139">
     <span class='ocr_line' id='line_1_60' title="bbox 187 4083 557 4139; baseline -0.003 0"><span class='ocrx_word' id='word_1_456' title='bbox 187 4083 519 4139; x_wconf 78' lang='lat' dir='ltr'><strong>Mostellaria</strong></span> <span class='ocrx_word' id='word_1_457' title='bbox 543 4101 557 4138; x_wconf 90' lang='lat'><strong>:</strong></span> 
     </span>
    </p>
   </div>
   <div class='ocr_carea' id='block_1_58' title="bbox 254 4169 1782 4236">
    <p class='ocr_par' dir='ltr' id='par_1_58' title="bbox 254 4169 1782 4236">
     <span class='ocr_line' id='line_1_61' title="bbox 254 4169 1782 4236; baseline -0.003 -15"><span class='ocrx_word' id='word_1_458' title='bbox 254 4172 360 4221; x_wconf 82' lang='lat' dir='ltr'><strong>Non</strong></span> <span class='ocrx_word' id='word_1_459' title='bbox 395 4174 525 4222; x_wconf 89' lang='lat' dir='ltr'><strong>enim</strong></span> <span class='ocrx_word' id='word_1_460' title='bbox 558 4174 663 4223; x_wconf 74' lang='lat' dir='ltr'><strong>haec</strong></span> <span class='ocrx_word' id='word_1_461' title='bbox 685 4173 997 4235; x_wconf 76' lang='lat' dir='ltr'><strong>pultiphagus</strong></span> <span class='ocrx_word' id='word_1_462' title='bbox 1019 4172 1184 4236; x_wconf 82' lang='lat' dir='ltr'><strong>opifex</strong></span> <span class='ocrx_word' id='word_1_463' title='bbox 1211 4185 1362 4235; x_wconf 83' lang='lat' dir='ltr'><strong>Opera</strong></span> <span class='ocrx_word' id='word_1_464' title='bbox 1385 4171 1500 4221; x_wconf 83' lang='lat' dir='ltr'><strong>fecit</strong></span> <span class='ocrx_word' id='word_1_465' title='bbox 1527 4169 1782 4219; x_wconf 84' lang='lat' dir='ltr'><strong>Barbarus.</strong></span> 
     </span>
    </p>
   </div>
   <div class='ocr_carea' id='block_1_59' title="bbox 185 4250 1784 4327">
    <p class='ocr_par' dir='ltr' id='par_1_59' title="bbox 185 4250 1784 4327">
     <span class='ocr_line' id='line_1_62' title="bbox 185 4250 1784 4327; baseline -0.005 -16"><span class='ocrx_word' id='word_1_466' title='bbox 185 4254 323 4319; x_wconf 87' lang='lat' dir='ltr'><strong>Ubi,</strong></span> <span class='ocrx_word' id='word_1_467' title='bbox 350 4253 644 4321; x_wconf 86' lang='lat' dir='ltr'><strong>Barbarus,</strong></span> <span class='ocrx_word' id='word_1_468' title='bbox 684 4265 767 4310; x_wconf 88' lang='lat' dir='ltr'><strong>est</strong></span> <span class='ocrx_word' id='word_1_469' title='bbox 796 4255 1094 4321; x_wconf 82' lang='lat' dir='ltr'><strong>Romanus,</strong></span> <span class='ocrx_word' id='word_1_470' title='bbox 1122 4264 1182 4310; x_wconf 92' lang='lat' dir='ltr'><strong>ut</strong></span> <span class='ocrx_word' id='word_1_471' title='bbox 1205 4255 1362 4327; x_wconf 83' lang='lat' dir='ltr'><strong>vulgo</strong></span> <span class='ocrx_word' id='word_1_472' title='bbox 1390 4255 1584 4311; x_wconf 90' lang='lat' dir='ltr'><strong>docent</strong></span> <span class='ocrx_word' id='word_1_473' title='bbox 1610 4250 1784 4305; x_wconf 82' lang='lat' dir='ltr'><strong>Inter-</strong></span> 
     </span>
    </p>
   </div>
   <div class='ocr_carea' id='block_1_60' title="bbox 185 4334 398 4396">
    <p class='ocr_par' dir='ltr' id='par_1_60' title="bbox 185 4334 398 4396">
     <span class='ocr_line' id='line_1_63' title="bbox 185 4334 398 4396; baseline 0 -18"><span class='ocrx_word' id='word_1_474' title='bbox 185 4334 398 4396; x_wconf 73' lang='lat' dir='ltr'><strong>pretes.</strong></span> 
     </span>
    </p>
   </div>
   <div class='ocr_carea' id='block_1_61' title="bbox 265 4389 1780 4473">
    <p class='ocr_par' dir='ltr' id='par_1_61' title="bbox 265 4389 1780 4473">
     <span class='ocr_line' id='line_1_64' title="bbox 265 4389 1780 4473; baseline -0.003 -26"><span class='ocrx_word' id='word_1_475' title='bbox 265 4406 289 4473; x_wconf 59' lang='grc' dir='ltr'><em>ξ</em></span> <span class='ocrx_word' id='word_1_476' title='bbox 326 4394 415 4456; x_wconf 86' lang='lat' dir='ltr'><strong>Et,</strong></span> <span class='ocrx_word' id='word_1_477' title='bbox 445 4395 491 4473; x_wconf 75' lang='lat' dir='ltr'><strong>si</strong></span> <span class='ocrx_word' id='word_1_478' title='bbox 511 4396 667 4465; x_wconf 79' lang='lat' dir='ltr'><strong>fuerit</strong></span> <span class='ocrx_word' id='word_1_479' title='bbox 695 4395 836 4473; x_wconf 71' lang='lat' dir='ltr'><strong>unde</strong></span> <span class='ocrx_word' id='word_1_480' title='bbox 854 4394 1192 4473; x_wconf 64' lang='lat' dir='ltr'><strong>ponia.__Sup.</strong></span> <span class='ocrx_word' id='word_1_481' title='bbox 1229 4394 1418 4473; x_wconf 80' lang='lat' dir='ltr'><strong>haberi</strong></span> <span class='ocrx_word' id='word_1_482' title='bbox 1440 4393 1670 4464; x_wconf 88' lang='lat' dir='ltr'><strong>possint.</strong></span> <span class='ocrx_word' id='word_1_483' title='bbox 1702 4389 1780 4444; x_wconf 68' lang='lat' dir='ltr'><strong>lia</strong></span> 
     </span>
    </p>
   </div>
   <div class='ocr_carea' id='block_1_62' title="bbox 185 4457 1852 4521">
    <p class='ocr_par' dir='ltr' id='par_1_62' title="bbox 185 4457 1852 4521">
     <span class='ocr_line' id='line_1_65' title="bbox 185 4457 1852 4521; baseline -0.002 -1"><span class='ocrx_word' id='word_1_484' title='bbox 185 4465 426 4520; x_wconf 86' lang='lat' dir='ltr'><strong>habetur</strong></span> <span class='ocrx_word' id='word_1_485' title='bbox 478 4457 529 4519; x_wconf 80' lang='lat' dir='ltr'><strong>in</strong></span> <span class='ocrx_word' id='word_1_486' title='bbox 568 4465 820 4521; x_wconf 88' lang='lat' dir='ltr'><strong>omnibus</strong></span> <span class='ocrx_word' id='word_1_487' title='bbox 854 4457 1156 4520; x_wconf 52' lang='lat' dir='ltr'><strong>&#39;co&#39;dicibus&#39;</strong></span> <span class='ocrx_word' id='word_1_488' title='bbox 1204 4466 1406 4520; x_wconf 86' lang='lat' dir='ltr'><strong>nostris</strong></span> <span class='ocrx_word' id='word_1_489' title='bbox 1441 4457 1593 4517; x_wconf 64' lang='lat' dir='ltr'><strong>&#39;mss.</strong></span> <span class='ocrx_word' id='word_1_490' title='bbox 1651 4475 1773 4515; x_wconf 85' lang='lat' dir='ltr'><strong>cum</strong></span> <span class='ocrx_word' id='word_1_491' title='bbox 1800 4457 1852 4516; x_wconf 91' lang='lat' dir='ltr'><strong>D</strong></span> 
     </span>
    </p>
   </div>
   <div class='ocr_carea' id='block_1_63' title="bbox 186 4531 1774 4604">
    <p class='ocr_par' dir='ltr' id='par_1_63' title="bbox 186 4531 1774 4604">
     <span class='ocr_line' id='line_1_66' title="bbox 186 4531 1774 4604; baseline -0.005 -15"><span class='ocrx_word' id='word_1_492' title='bbox 186 4535 513 4604; x_wconf 80' lang='lat' dir='ltr'><strong>Sinaragdo,</strong></span> <span class='ocrx_word' id='word_1_493' title='bbox 545 4535 602 4589; x_wconf 92' lang='lat' dir='ltr'><strong>S.</strong></span> <span class='ocrx_word' id='word_1_494' title='bbox 638 4538 1009 4598; x_wconf 88' lang='lat' dir='ltr'><strong>Dunstano,et</strong></span> <span class='ocrx_word' id='word_1_495' title='bbox 1033 4536 1265 4590; x_wconf 89' lang='lat' dir='ltr'><strong>editione</strong></span> <span class='ocrx_word' id='word_1_496' title='bbox 1287 4533 1526 4604; x_wconf 70' lang='lat' dir='ltr'><strong>Colinzei.</strong></span> <span class='ocrx_word' id='word_1_497' title='bbox 1559 4531 1774 4604; x_wconf 78' lang='lat' dir='ltr'><strong>Optima</strong></span> 
     </span>
    </p>
   </div>
   <div class='ocr_carea' id='block_1_64' title="bbox 186 4598 1770 4674">
    <p class='ocr_par' dir='ltr' id='par_1_64' title="bbox 186 4598 1770 4674">
     <span class='ocr_line' id='line_1_67' title="bbox 186 4598 1770 4674; baseline -0.003 -17"><span class='ocrx_word' id='word_1_498' title='bbox 186 4598 373 4667; x_wconf 77' lang='lat' dir='ltr'><strong>lectio,</strong></span> <span class='ocrx_word' id='word_1_499' title='bbox 392 4598 524 4674; x_wconf 59' lang='lat' dir='ltr'><strong>&#39;qurc</strong></span> <span class='ocrx_word' id='word_1_500' title='bbox 554 4606 910 4660; x_wconf 83' lang='lat' dir='ltr'><strong>continuatur</strong></span> <span class='ocrx_word' id='word_1_501' title='bbox 934 4620 1021 4660; x_wconf 80' lang='lat' dir='ltr'><strong>ex.</strong></span> <span class='ocrx_word' id='word_1_502' title='bbox 1046 4605 1183 4661; x_wconf 86' lang='lat' dir='ltr'><strong>Add.</strong></span> <span class='ocrx_word' id='word_1_503' title='bbox 1216 4604 1446 4674; x_wconf 88' lang='lat' dir='ltr'><strong>Capitul.</strong></span> <span class='ocrx_word' id='word_1_504' title='bbox 1473 4598 1620 4674; x_wconf 51' lang='lat' dir='ltr'><strong>Lind.</strong></span> <span class='ocrx_word' id='word_1_505' title='bbox 1641 4603 1770 4674; x_wconf 86' lang='lat' dir='ltr'><strong>Imp.</strong></span> 
     </span>
    </p>
   </div>
   <div class='ocr_carea' id='block_1_65' title="bbox 184 4671 1772 4731">
    <p class='ocr_par' dir='ltr' id='par_1_65' title="bbox 184 4671 1772 4731">
     <span class='ocr_line' id='line_1_68' title="bbox 184 4671 1772 4731; baseline -0.004 -2"><span class='ocrx_word' id='word_1_506' title='bbox 184 4675 275 4729; x_wconf 87' lang='lat' dir='ltr'><strong>tit.</strong></span> <span class='ocrx_word' id='word_1_507' title='bbox 307 4673 373 4729; x_wconf 87' lang='lat'><strong>78</strong></span> <span class='ocrx_word' id='word_1_508' title='bbox 401 4671 457 4728; x_wconf 72' lang='grc' dir='ltr'><strong>εἰ</strong></span> <span class='ocrx_word' id='word_1_509' title='bbox 498 4674 569 4731; x_wconf 91' lang='lat' dir='ltr'><strong>Ut</strong></span> <span class='ocrx_word' id='word_1_510' title='bbox 594 4675 831 4729; x_wconf 77' lang='lat' dir='ltr'><strong>volatilia</strong></span> <span class='ocrx_word' id='word_1_511' title='bbox 862 4676 914 4729; x_wconf 91' lang='lat' dir='ltr'><strong>in</strong></span> <span class='ocrx_word' id='word_1_512' title='bbox 944 4676 1110 4729; x_wconf 88' lang='lat' dir='ltr'><strong>natali</strong></span> <span class='ocrx_word' id='word_1_513' title='bbox 1150 4671 1360 4731; x_wconf 79' lang='lat' dir='ltr'><strong>Domini</strong></span> <span class='ocrx_word' id='word_1_514' title='bbox 1384 4684 1440 4728; x_wconf 91' lang='lat' dir='ltr'><strong>et</strong></span> <span class='ocrx_word' id='word_1_515' title='bbox 1482 4673 1535 4725; x_wconf 90' lang='lat' dir='ltr'><strong>in</strong></span> <span class='ocrx_word' id='word_1_516' title='bbox 1567 4671 1772 4725; x_wconf 80' lang='lat' dir='ltr'><strong>Pascha</strong></span> 
     </span>
    </p>
   </div>
   <div class='ocr_carea' id='block_1_66' title="bbox 182 4742 1772 4810">
    <p class='ocr_par' dir='ltr' id='par_1_66' title="bbox 182 4742 1772 4810">
     <span class='ocr_line' id='line_1_69' title="bbox 182 4742 1772 4810; baseline -0.003 -12"><span class='ocrx_word' id='word_1_517' title='bbox 182 4753 398 4799; x_wconf 87' lang='lat' dir='ltr'><strong>tantum</strong></span> <span class='ocrx_word' id='word_1_518' title='bbox 420 4754 543 4799; x_wconf 89' lang='lat' dir='ltr'><strong>octo</strong></span> <span class='ocrx_word' id='word_1_519' title='bbox 569 4747 758 4801; x_wconf 90' lang='lat' dir='ltr'><strong>diebus</strong></span> <span class='ocrx_word' id='word_1_520' title='bbox 778 4785 793 4810; x_wconf 91' lang='lat'><strong>,</strong></span> <span class='ocrx_word' id='word_1_521' title='bbox 840 4746 885 4799; x_wconf 93' lang='lat' dir='ltr'><strong>si</strong></span> <span class='ocrx_word' id='word_1_522' title='bbox 915 4755 999 4800; x_wconf 90' lang='lat' dir='ltr'><strong>est</strong></span> <span class='ocrx_word' id='word_1_523' title='bbox 1024 4746 1183 4809; x_wconf 80' lang='lat' dir='ltr'><strong>unde,</strong></span> <span class='ocrx_word' id='word_1_524' title='bbox 1216 4745 1500 4799; x_wconf 80' lang='lat' dir='ltr'><strong>comedunt</strong></span> <span class='ocrx_word' id='word_1_525' title='bbox 1524 4761 1538 4795; x_wconf 90' lang='lat'><strong>:</strong></span> <span class='ocrx_word' id='word_1_526' title='bbox 1569 4742 1614 4796; x_wconf 85' lang='lat' dir='ltr'><strong>si</strong></span> <span class='ocrx_word' id='word_1_527' title='bbox 1642 4755 1772 4795; x_wconf 84' lang='lat' dir='ltr'><strong>vero</strong></span> 
     </span>
    </p>
   </div>
   <div class='ocr_carea' id='block_1_67' title="bbox 183 4811 1773 4884">
    <p class='ocr_par' dir='ltr' id='par_1_67' title="bbox 183 4811 1773 4884">
     <span class='ocr_line' id='line_1_70' title="bbox 183 4811 1773 4884; baseline -0.003 -16"><span class='ocrx_word' id='word_1_528' title='bbox 183 4831 296 4868; x_wconf 86' lang='lat' dir='ltr'><strong>non</strong></span> <span class='ocrx_word' id='word_1_529' title='bbox 339 4814 499 4869; x_wconf 87' lang='lat' dir='ltr'><strong>fuerit</strong></span> <span class='ocrx_word' id='word_1_530' title='bbox 521 4816 681 4884; x_wconf 82' lang='lat' dir='ltr'><strong>unde,</strong></span> <span class='ocrx_word' id='word_1_531' title='bbox 713 4831 815 4869; x_wconf 92' lang='lat' dir='ltr'><strong>non</strong></span> <span class='ocrx_word' id='word_1_532' title='bbox 846 4816 1155 4884; x_wconf 86' lang='lat' dir='ltr'><strong>requiratur</strong></span> <span class='ocrx_word' id='word_1_533' title='bbox 1176 4831 1271 4883; x_wconf 88' lang='lat' dir='ltr'><strong>per</strong></span> <span class='ocrx_word' id='word_1_534' title='bbox 1296 4814 1557 4884; x_wconf 81' lang='lat' dir='ltr'><strong>debitum.</strong></span> <span class='ocrx_word' id='word_1_535' title='bbox 1598 4831 1633 4884; x_wconf 49' lang='grc' dir='ltr'><strong>ι</strong></span> <span class='ocrx_word' id='word_1_536' title='bbox 1651 4811 1773 4866; x_wconf 82' lang='lat' dir='ltr'><strong>Vul-</strong></span> 
     </span>
    </p>
   </div>
   <div class='ocr_carea' id='block_1_68' title="bbox 182 4881 1768 4955">
    <p class='ocr_par' dir='ltr' id='par_1_68' title="bbox 182 4881 1768 4955">
     <span class='ocr_line' id='line_1_71' title="bbox 182 4881 1768 4955; baseline -0.001 -19"><span class='ocrx_word' id='word_1_537' title='bbox 182 4884 536 4955; x_wconf 10' lang='lat' dir='ltr'><strong>gataglectio:</strong></span> <span class='ocrx_word' id='word_1_538' title='bbox 584 4883 676 4947; x_wconf 85' lang='lat' dir='ltr'><strong>Et,</strong></span> <span class='ocrx_word' id='word_1_539' title='bbox 709 4887 754 4939; x_wconf 87' lang='lat' dir='ltr'><strong>si</strong></span> <span class='ocrx_word' id='word_1_540' title='bbox 793 4881 987 4954; x_wconf 70' lang='lat' dir='ltr'><strong>fuerint</strong></span> <span class='ocrx_word' id='word_1_541' title='bbox 1016 4885 1135 4939; x_wconf 83' lang='lat' dir='ltr'><strong>inde</strong></span> <span class='ocrx_word' id='word_1_542' title='bbox 1166 4881 1341 4952; x_wconf 68' lang='lat' dir='ltr'><strong>poma.</strong></span> <span class='ocrx_word' id='word_1_543' title='bbox 1393 4882 1547 4955; x_wconf 79' lang='lat' dir='ltr'><strong>Male.</strong></span> <span class='ocrx_word' id='word_1_544' title='bbox 1606 4881 1768 4936; x_wconf 85' lang='lat' dir='ltr'><strong>Poma</strong></span> 
     </span>
    </p>
   </div>
   <div class='ocr_carea' id='block_1_69' title="bbox 182 4953 1635 5024">
    <p class='ocr_par' dir='ltr' id='par_1_69' title="bbox 182 4953 1635 5024">
     <span class='ocr_line' id='line_1_72' title="bbox 182 4953 1635 5024; baseline -0.003 -14"><span class='ocrx_word' id='word_1_545' title='bbox 182 4953 292 5024; x_wconf 85' lang='lat' dir='ltr'><strong>hoc</strong></span> <span class='ocrx_word' id='word_1_546' title='bbox 319 4953 438 5024; x_wconf 91' lang='lat' dir='ltr'><strong>loco</strong></span> <span class='ocrx_word' id='word_1_547' title='bbox 461 4962 588 5009; x_wconf 87' lang='lat' dir='ltr'><strong>sunt</strong></span> <span class='ocrx_word' id='word_1_548' title='bbox 617 4953 823 5010; x_wconf 86' lang='lat' dir='ltr'><strong>fructus</strong></span> <span class='ocrx_word' id='word_1_549' title='bbox 844 4955 1115 5024; x_wconf 86' lang='lat' dir='ltr'><strong>quislibet,</strong></span> <span class='ocrx_word' id='word_1_550' title='bbox 1144 4955 1334 5009; x_wconf 71' lang='lat' dir='ltr'><strong>saltum</strong></span> <span class='ocrx_word' id='word_1_551' title='bbox 1364 4953 1635 5023; x_wconf 79' lang='lat' dir='ltr'><strong>vulgares.</strong></span> 
     </span>
    </p>
   </div>
   <div class='ocr_carea' id='block_1_70' title="bbox 252 5021 1767 5094">
    <p class='ocr_par' dir='ltr' id='par_1_70' title="bbox 252 5021 1767 5094">
     <span class='ocr_line' id='line_1_73' title="bbox 252 5021 1767 5094; baseline 0.001 -20"><span class='ocrx_word' id='word_1_552' title='bbox 252 5023 283 5063; x_wconf 70' lang='grc' dir='ltr'><strong><em>ἀ</em></strong></span> <span class='ocrx_word' id='word_1_553' title='bbox 320 5022 420 5077; x_wconf 83' lang='lat' dir='ltr'><strong>Aut</strong></span> <span class='ocrx_word' id='word_1_554' title='bbox 453 5025 718 5078; x_wconf 78' lang='lat' dir='ltr'><strong>nascentia</strong></span> <span class='ocrx_word' id='word_1_555' title='bbox 741 5021 1078 5094; x_wconf 74' lang='lat' dir='ltr'><strong>leguminum.</strong></span> <span class='ocrx_word' id='word_1_556' title='bbox 1125 5024 1180 5077; x_wconf 88' lang='lat' dir='ltr'><strong>lJ</strong></span> <span class='ocrx_word' id='word_1_557' title='bbox 1212 5033 1328 5087; x_wconf 87' lang='lat' dir='ltr'><strong>est,</strong></span> <span class='ocrx_word' id='word_1_558' title='bbox 1377 5021 1655 5094; x_wconf 67' lang='lat' dir='ltr'><strong>nascentia</strong></span> <span class='ocrx_word' id='word_1_559' title='bbox 1688 5021 1767 5076; x_wconf 86' lang='lat' dir='ltr'><strong>le-</strong></span> 
     </span>
    </p>
   </div>
   <div class='ocr_carea' id='block_1_71' title="bbox 180 5093 1770 5162">
    <p class='ocr_par' dir='ltr' id='par_1_71' title="bbox 180 5093 1770 5162">
     <span class='ocr_line' id='line_1_74' title="bbox 180 5093 1770 5162; baseline 0 -17"><span class='ocrx_word' id='word_1_560' title='bbox 180 5094 424 5162; x_wconf 86' lang='lat' dir='ltr'><strong>gumina.</strong></span> <span class='ocrx_word' id='word_1_561' title='bbox 476 5094 546 5149; x_wconf 85' lang='lat' dir='ltr'><strong>Ut</strong></span> <span class='ocrx_word' id='word_1_562' title='bbox 592 5095 762 5148; x_wconf 85' lang='lat' dir='ltr'><strong>ardua</strong></span> <span class='ocrx_word' id='word_1_563' title='bbox 794 5093 1078 5159; x_wconf 81' lang='lat' dir='ltr'><strong>montium,</strong></span> <span class='ocrx_word' id='word_1_564' title='bbox 1125 5093 1327 5147; x_wconf 82' lang='lat' dir='ltr'><strong>lubrica</strong></span> <span class='ocrx_word' id='word_1_565' title='bbox 1368 5093 1581 5147; x_wconf 83' lang='lat' dir='ltr'><strong>vallium</strong></span> <span class='ocrx_word' id='word_1_566' title='bbox 1609 5102 1655 5146; x_wconf 81' lang='lat' dir='ltr'><strong>et</strong></span> <span class='ocrx_word' id='word_1_567' title='bbox 1684 5109 1770 5145; x_wconf 90' lang='lat' dir='ltr'><strong>ro-</strong></span> 
     </span>
    </p>
   </div>
   <div class='ocr_carea' id='block_1_72' title="bbox 180 5162 1766 5233">
    <p class='ocr_par' dir='ltr' id='par_1_72' title="bbox 180 5162 1766 5233">
     <span class='ocr_line' id='line_1_75' title="bbox 180 5162 1766 5233; baseline -0.001 -17"><span class='ocrx_word' id='word_1_568' title='bbox 180 5162 332 5219; x_wconf 79' lang='lat' dir='ltr'><strong>scida</strong></span> <span class='ocrx_word' id='word_1_569' title='bbox 362 5166 633 5233; x_wconf 76' lang='lat' dir='ltr'><strong>cespitum,</strong></span> <span class='ocrx_word' id='word_1_570' title='bbox 659 5174 705 5217; x_wconf 83' lang='lat' dir='ltr'><strong>et</strong></span> <span class='ocrx_word' id='word_1_571' title='bbox 727 5163 939 5233; x_wconf 79' lang='lat' dir='ltr'><strong>glebosa</strong></span> <span class='ocrx_word' id='word_1_572' title='bbox 957 5179 1279 5233; x_wconf 84' lang='lat' dir='ltr'><strong>camporum.</strong></span> <span class='ocrx_word' id='word_1_573' title='bbox 1312 5163 1387 5217; x_wconf 80' lang='lat' dir='ltr'><strong>Ita</strong></span> <span class='ocrx_word' id='word_1_574' title='bbox 1418 5164 1559 5218; x_wconf 88' lang='lat' dir='ltr'><strong>hunc</strong></span> <span class='ocrx_word' id='word_1_575' title='bbox 1588 5163 1766 5233; x_wconf 87' lang='lat' dir='ltr'><strong>locum</strong></span> 
     </span>
    </p>
   </div>
   <div class='ocr_carea' id='block_1_73' title="bbox 181 5232 1768 5303">
    <p class='ocr_par' dir='ltr' id='par_1_73' title="bbox 181 5232 1768 5303">
     <span class='ocr_line' id='line_1_76' title="bbox 181 5232 1768 5303; baseline -0.001 -16"><span class='ocrx_word' id='word_1_576' title='bbox 181 5232 418 5302; x_wconf 77' lang='lat' dir='ltr'><strong>explicat</strong></span> <span class='ocrx_word' id='word_1_577' title='bbox 445 5232 793 5289; x_wconf 81' lang='lat' dir='ltr'><strong>Ruthardus:</strong></span> <span class='ocrx_word' id='word_1_578' title='bbox 841 5252 860 5285; x_wconf 75' lang='grc' dir='ltr'>ι</span> <span class='ocrx_word' id='word_1_579' title='bbox 898 5232 1187 5303; x_wconf 83' lang='lat' dir='ltr'><strong>Nascentia</strong></span> <span class='ocrx_word' id='word_1_580' title='bbox 1218 5233 1546 5303; x_wconf 76' lang='lat' dir='ltr'><strong>leguminum</strong></span> <span class='ocrx_word' id='word_1_581' title='bbox 1573 5232 1768 5303; x_wconf 80' lang='lat' dir='ltr'><strong>intelli-</strong></span> 
     </span>
    </p>
   </div>
   <div class='ocr_carea' id='block_1_74' title="bbox 181 5302 1768 5373">
    <p class='ocr_par' dir='ltr' id='par_1_74' title="bbox 181 5302 1768 5373">
     <span class='ocr_line' id='line_1_77' title="bbox 181 5302 1768 5373; baseline 0.002 -20"><span class='ocrx_word' id='word_1_582' title='bbox 181 5313 385 5373; x_wconf 79' lang='lat' dir='ltr'><strong>guntur</strong></span> <span class='ocrx_word' id='word_1_583' title='bbox 410 5303 804 5373; x_wconf 86' lang='lat' dir='ltr'><strong>germinantia:</strong></span> <span class='ocrx_word' id='word_1_584' title='bbox 834 5302 961 5373; x_wconf 87' lang='lat' dir='ltr'><strong>quia</strong></span> <span class='ocrx_word' id='word_1_585' title='bbox 984 5319 1100 5359; x_wconf 89' lang='lat' dir='ltr'><strong>mos</strong></span> <span class='ocrx_word' id='word_1_586' title='bbox 1126 5312 1212 5359; x_wconf 85' lang='lat' dir='ltr'><strong>est</strong></span> <span class='ocrx_word' id='word_1_587' title='bbox 1234 5302 1375 5359; x_wconf 86' lang='lat' dir='ltr'><strong>illius</strong></span> <span class='ocrx_word' id='word_1_588' title='bbox 1403 5313 1558 5357; x_wconf 69' lang='lat' dir='ltr'><strong>terra:</strong></span> <span class='ocrx_word' id='word_1_589' title='bbox 1581 5312 1636 5373; x_wconf 88' lang='lat' dir='ltr'><strong>et</strong></span> <span class='ocrx_word' id='word_1_590' title='bbox 1661 5302 1768 5356; x_wconf 79' lang='lat' dir='ltr'><strong>Ro-</strong></span> 
     </span>
    </p>
   </div>
   <div class='ocr_carea' id='block_1_75' title="bbox 181 5372 1765 5443">
    <p class='ocr_par' dir='ltr' id='par_1_75' title="bbox 181 5372 1765 5443">
     <span class='ocr_line' id='line_1_78' title="bbox 181 5372 1765 5443; baseline 0 -18"><span class='ocrx_word' id='word_1_591' title='bbox 181 5372 364 5428; x_wconf 66' lang='lat' dir='ltr'><strong>mana:</strong></span> <span class='ocrx_word' id='word_1_592' title='bbox 391 5372 447 5427; x_wconf 86' lang='lat' dir='ltr'><strong>et</strong></span> <span class='ocrx_word' id='word_1_593' title='bbox 480 5374 711 5427; x_wconf 89' lang='lat' dir='ltr'><strong>aliarum</strong></span> <span class='ocrx_word' id='word_1_594' title='bbox 748 5372 1145 5439; x_wconf 87' lang='lat' dir='ltr'><strong>provinciarum</strong></span> <span class='ocrx_word' id='word_1_595' title='bbox 1173 5374 1389 5429; x_wconf 88' lang='lat' dir='ltr'><strong>mittere</strong></span> <span class='ocrx_word' id='word_1_596' title='bbox 1414 5372 1695 5443; x_wconf 12' lang='lat' dir='ltr'><strong>legumina,</strong></span> <span class='ocrx_word' id='word_1_597' title='bbox 1714 5373 1765 5425; x_wconf 88' lang='lat' dir='ltr'><strong>in</strong></span> 
     </span>
    </p>
   </div>
   <div class='ocr_carea' id='block_1_76' title="bbox 180 5442 1765 5513">
    <p class='ocr_par' dir='ltr' id='par_1_76' title="bbox 180 5442 1765 5513">
     <span class='ocr_line' id='line_1_79' title="bbox 180 5442 1765 5513; baseline -0.001 -17"><span class='ocrx_word' id='word_1_598' title='bbox 180 5456 399 5512; x_wconf 78' lang='lat' dir='ltr'><strong>aquam,</strong></span> <span class='ocrx_word' id='word_1_599' title='bbox 448 5451 646 5498; x_wconf 90' lang='lat' dir='ltr'><strong>etcum</strong></span> <span class='ocrx_word' id='word_1_600' title='bbox 669 5445 966 5513; x_wconf 78' lang='lat' dir='ltr'><strong>germinata</strong></span> <span class='ocrx_word' id='word_1_601' title='bbox 994 5443 1211 5507; x_wconf 87' lang='lat' dir='ltr'><strong>fuerint,</strong></span> <span class='ocrx_word' id='word_1_602' title='bbox 1240 5442 1575 5498; x_wconf 77' lang='lat' dir='ltr'><strong>manducari.</strong></span> <span class='ocrx_word' id='word_1_603' title='bbox 1614 5462 1634 5496; x_wconf 87' lang='grc'><strong>›</strong></span> <span class='ocrx_word' id='word_1_604' title='bbox 1686 5442 1765 5495; x_wconf 78' lang='lat' dir='ltr'><strong>Ex</strong></span> 
     </span>
    </p>
   </div>
   <div class='ocr_carea' id='block_1_77' title="bbox 180 5513 1767 5581">
    <p class='ocr_par' dir='ltr' id='par_1_77' title="bbox 180 5513 1767 5581">
     <span class='ocr_line' id='line_1_80' title="bbox 180 5513 1767 5581; baseline 0 -15"><span class='ocrx_word' id='word_1_605' title='bbox 180 5527 294 5581; x_wconf 88' lang='lat' dir='ltr'><strong>quo</strong></span> <span class='ocrx_word' id='word_1_606' title='bbox 329 5514 450 5568; x_wconf 92' lang='lat' dir='ltr'><strong>loco</strong></span> <span class='ocrx_word' id='word_1_607' title='bbox 491 5513 626 5568; x_wconf 85' lang='lat' dir='ltr'><strong>satis</strong></span> <span class='ocrx_word' id='word_1_608' title='bbox 654 5523 866 5569; x_wconf 87' lang='lat' dir='ltr'><strong>constat</strong></span> <span class='ocrx_word' id='word_1_609' title='bbox 894 5515 1085 5569; x_wconf 90' lang='lat' dir='ltr'><strong>horum</strong></span> <span class='ocrx_word' id='word_1_610' title='bbox 1130 5514 1641 5569; x_wconf 88' lang='lat' dir='ltr'><strong>commentariorum</strong></span> <span class='ocrx_word' id='word_1_611' title='bbox 1672 5528 1767 5567; x_wconf 90' lang='lat' dir='ltr'><strong>au-</strong></span> 
     </span>
    </p>
   </div>
   <div class='ocr_carea' id='block_1_78' title="bbox 183 5582 1764 5639">
    <p class='ocr_par' dir='ltr' id='par_1_78' title="bbox 183 5582 1764 5639">
     <span class='ocr_line' id='line_1_81' title="bbox 183 5582 1764 5639; baseline 0 -3"><span class='ocrx_word' id='word_1_612' title='bbox 183 5592 391 5638; x_wconf 90' lang='lat' dir='ltr'><strong>ctorem</strong></span> <span class='ocrx_word' id='word_1_613' title='bbox 446 5598 554 5639; x_wconf 90' lang='lat' dir='ltr'><strong>non</strong></span> <span class='ocrx_word' id='word_1_614' title='bbox 602 5582 768 5638; x_wconf 87' lang='lat' dir='ltr'><strong>fuisse</strong></span> <span class='ocrx_word' id='word_1_615' title='bbox 812 5584 1037 5638; x_wconf 88' lang='lat' dir='ltr'><strong>Paulum</strong></span> <span class='ocrx_word' id='word_1_616' title='bbox 1098 5584 1394 5638; x_wconf 90' lang='lat' dir='ltr'><strong>Diaconum</strong></span> <span class='ocrx_word' id='word_1_617' title='bbox 1439 5585 1764 5638; x_wconf 85' lang='lat' dir='ltr'><strong>monachum</strong></span> 
     </span>
    </p>
   </div>
   <div class='ocr_carea' id='block_1_79' title="bbox 183 5652 1765 5720">
    <p class='ocr_par' dir='ltr' id='par_1_79' title="bbox 183 5652 1765 5720">
     <span class='ocr_line' id='line_1_82' title="bbox 183 5652 1765 5720; baseline 0.001 -14"><span class='ocrx_word' id='word_1_618' title='bbox 183 5652 534 5719; x_wconf 84' lang='lat' dir='ltr'><strong>Casinatem;</strong></span> <span class='ocrx_word' id='word_1_619' title='bbox 565 5653 791 5708; x_wconf 81' lang='lat' dir='ltr'><strong>dixisset</strong></span> <span class='ocrx_word' id='word_1_620' title='bbox 821 5654 1003 5720; x_wconf 90' lang='lat' dir='ltr'><strong>enim,</strong></span> <span class='ocrx_word' id='word_1_621' title='bbox 1046 5653 1205 5720; x_wconf 76' lang='lat' dir='ltr'><strong>hujus</strong></span> <span class='ocrx_word' id='word_1_622' title='bbox 1239 5663 1416 5717; x_wconf 67' lang='lat' dir='ltr'><strong>terre,</strong></span> <span class='ocrx_word' id='word_1_623' title='bbox 1457 5669 1582 5716; x_wconf 89' lang='lat' dir='ltr'><strong>non,</strong></span> <span class='ocrx_word' id='word_1_624' title='bbox 1622 5652 1765 5708; x_wconf 80' lang='lat' dir='ltr'><strong>illius</strong></span> 
     </span>
    </p>
   </div>
   <div class='ocr_carea' id='block_1_80' title="bbox 185 5721 1765 5791">
    <p class='ocr_par' dir='ltr' id='par_1_80' title="bbox 185 5721 1765 5791">
     <span class='ocr_line' id='line_1_83' title="bbox 185 5721 1765 5791; baseline 0.002 -16"><span class='ocrx_word' id='word_1_625' title='bbox 185 5731 358 5778; x_wconf 68' lang='lat' dir='ltr'><strong>teme.</strong></span> <span class='ocrx_word' id='word_1_626' title='bbox 387 5721 696 5781; x_wconf 85' lang='lat' dir='ltr'><strong>Bernardus</strong></span> <span class='ocrx_word' id='word_1_627' title='bbox 720 5723 968 5791; x_wconf 82' lang='lat' dir='ltr'><strong>Casinas,</strong></span> <span class='ocrx_word' id='word_1_628' title='bbox 1004 5731 1059 5780; x_wconf 88' lang='lat' dir='ltr'><strong>et</strong></span> <span class='ocrx_word' id='word_1_629' title='bbox 1080 5721 1170 5779; x_wconf 88' lang='lat' dir='ltr'><strong>alii</strong></span> <span class='ocrx_word' id='word_1_630' title='bbox 1197 5724 1435 5780; x_wconf 87' lang='lat' dir='ltr'><strong>nonnulli</strong></span> <span class='ocrx_word' id='word_1_631' title='bbox 1466 5722 1642 5780; x_wconf 90' lang='lat' dir='ltr'><strong>locum</strong></span> <span class='ocrx_word' id='word_1_632' title='bbox 1670 5738 1765 5779; x_wconf 71' lang='lat' dir='ltr'><strong>ex-</strong></span> 
     </span>
    </p>
   </div>
   <div class='ocr_carea' id='block_1_81' title="bbox 1926 697 3502 762">
    <p class='ocr_par' dir='ltr' id='par_1_81' title="bbox 1926 697 3502 762">
     <span class='ocr_line' id='line_1_84' title="bbox 1926 697 3502 762; baseline 0.013 -19"><span class='ocrx_word' id='word_1_633' title='bbox 1926 705 2045 759; x_wconf 65' lang='lat' dir='ltr'><strong>quae</strong></span> <span class='ocrx_word' id='word_1_634' title='bbox 2080 701 2235 747; x_wconf 91' lang='lat' dir='ltr'><strong>aceto</strong></span> <span class='ocrx_word' id='word_1_635' title='bbox 2257 704 2526 750; x_wconf 90' lang='lat' dir='ltr'><strong>macerata</strong></span> <span class='ocrx_word' id='word_1_636' title='bbox 2551 697 2604 751; x_wconf 90' lang='lat' dir='ltr'><strong>in</strong></span> <span class='ocrx_word' id='word_1_637' title='bbox 2636 698 2782 754; x_wconf 85' lang='lat' dir='ltr'><strong>[talia</strong></span> <span class='ocrx_word' id='word_1_638' title='bbox 2813 704 3018 756; x_wconf 86' lang='lat' dir='ltr'><strong>comedi</strong></span> <span class='ocrx_word' id='word_1_639' title='bbox 3049 697 3241 758; x_wconf 74' lang='lat' dir='ltr'><strong>solent.</strong></span> <span class='ocrx_word' id='word_1_640' title='bbox 3290 707 3371 761; x_wconf 85' lang='lat' dir='ltr'><strong>An</strong></span> <span class='ocrx_word' id='word_1_641' title='bbox 3401 697 3502 762; x_wconf 52' lang='lat' dir='ltr'><strong>an;</strong></span> 
     </span>
    </p>
   </div>
   <div class='ocr_carea' id='block_1_82' title="bbox 1926 763 3502 842">
    <p class='ocr_par' dir='ltr' id='par_1_82' title="bbox 1926 763 3502 842">
     <span class='ocr_line' id='line_1_85' title="bbox 1926 763 3502 842; baseline 0.013 -29"><span class='ocrx_word' id='word_1_642' title='bbox 1926 768 2033 842; x_wconf 69' lang='lat' dir='ltr'><strong>tem</strong></span> <span class='ocrx_word' id='word_1_643' title='bbox 2074 763 2313 842; x_wconf 71' lang='lat' dir='ltr'><strong>tertium</strong></span> <span class='ocrx_word' id='word_1_644' title='bbox 2338 764 2464 842; x_wconf 74' lang='lat' dir='ltr'><strong>illud</strong></span> <span class='ocrx_word' id='word_1_645' title='bbox 2510 766 2927 842; x_wconf 87' lang='lat' dir='ltr'><strong>pulmentarium</strong></span> <span class='ocrx_word' id='word_1_646' title='bbox 2974 788 3067 827; x_wconf 92' lang='lat' dir='ltr'><strong>seu</strong></span> <span class='ocrx_word' id='word_1_647' title='bbox 3108 773 3375 830; x_wconf 83' lang='lat' dir='ltr'><strong>fructuum</strong></span> <span class='ocrx_word' id='word_1_648' title='bbox 3405 792 3502 833; x_wconf 87' lang='lat' dir='ltr'><strong>seu</strong></span> 
     </span>
    </p>
   </div>
   <div class='ocr_carea' id='block_1_83' title="bbox 1924 830 3505 913">
    <p class='ocr_par' dir='ltr' id='par_1_83' title="bbox 1924 830 3505 913">
     <span class='ocr_line' id='line_1_86' title="bbox 1924 830 3505 913; baseline 0.013 -32"><span class='ocrx_word' id='word_1_649' title='bbox 1924 830 2474 913; x_wconf 45' lang='lat' dir='ltr'><strong>leguminum-debeat</strong></span> <span class='ocrx_word' id='word_1_650' title='bbox 2500 830 2622 892; x_wconf 82' lang='lat' dir='ltr'><strong>esse</strong></span> <span class='ocrx_word' id='word_1_651' title='bbox 2634 841 2892 913; x_wconf 73' lang='lat' dir='ltr'><strong>crudum,</strong></span> <span class='ocrx_word' id='word_1_652' title='bbox 2923 857 3028 896; x_wconf 90' lang='lat' dir='ltr'><strong>non</strong></span> <span class='ocrx_word' id='word_1_653' title='bbox 3062 842 3112 897; x_wconf 92' lang='lat' dir='ltr'><strong>id</strong></span> <span class='ocrx_word' id='word_1_654' title='bbox 3135 844 3387 913; x_wconf 77' lang='lat' dir='ltr'><strong>explicite</strong></span> <span class='ocrx_word' id='word_1_655' title='bbox 3412 830 3505 901; x_wconf 55' lang='lat' dir='ltr'><strong>de;</strong></span> 
     </span>
    </p>
   </div>
   <div class='ocr_carea' id='block_1_84' title="bbox 1923 899 3501 982">
    <p class='ocr_par' dir='ltr' id='par_1_84' title="bbox 1923 899 3501 982">
     <span class='ocr_line' id='line_1_87' title="bbox 1923 899 3501 982; baseline 0.012 -30"><span class='ocrx_word' id='word_1_656' title='bbox 1923 899 2148 980; x_wconf 78' lang='lat' dir='ltr'><strong>claravit</strong></span> <span class='ocrx_word' id='word_1_657' title='bbox 2166 900 2222 954; x_wconf 91' lang='lat' dir='ltr'><strong>S.</strong></span> <span class='ocrx_word' id='word_1_658' title='bbox 2256 902 2598 982; x_wconf 72' lang='lat' dir='ltr'><strong>Benedictus,</strong></span> <span class='ocrx_word' id='word_1_659' title='bbox 2633 908 2810 977; x_wconf 91' lang='lat' dir='ltr'><strong>itaque</strong></span> <span class='ocrx_word' id='word_1_660' title='bbox 2824 899 2980 982; x_wconf 76' lang='lat' dir='ltr'><strong>juxta</strong></span> <span class='ocrx_word' id='word_1_661' title='bbox 3012 899 3269 982; x_wconf 57' lang='lat' dir='ltr'><strong>Regulam</strong></span> <span class='ocrx_word' id='word_1_662' title='bbox 3294 899 3501 971; x_wconf 75' lang='lat' dir='ltr'><strong>debent</strong></span> 
     </span>
    </p>
   </div>
   <div class='ocr_carea' id='block_1_85' title="bbox 1920 973 3498 1045">
    <p class='ocr_par' dir='ltr' id='par_1_85' title="bbox 1920 973 3498 1045">
     <span class='ocr_line' id='line_1_88' title="bbox 1920 973 3498 1045; baseline 0.012 -24"><span class='ocrx_word' id='word_1_663' title='bbox 1920 973 2097 1036; x_wconf 89' lang='lat' dir='ltr'><strong>primo</strong></span> <span class='ocrx_word' id='word_1_664' title='bbox 2131 973 2332 1045; x_wconf 76' lang='lat' dir='ltr'><strong>apponi</strong></span> <span class='ocrx_word' id='word_1_665' title='bbox 2368 973 2489 1045; x_wconf 86' lang='lat' dir='ltr'><strong>duo</strong></span> <span class='ocrx_word' id='word_1_666' title='bbox 2510 973 2867 1043; x_wconf 69' lang='lat' dir='ltr'><strong>pulmentaria</strong></span> <span class='ocrx_word' id='word_1_667' title='bbox 2897 992 3069 1045; x_wconf 89' lang='lat' dir='ltr'><strong>cocta,</strong></span> <span class='ocrx_word' id='word_1_668' title='bbox 3094 973 3329 1038; x_wconf 51' lang='lat' dir='ltr'><strong>Vtertium</strong></span> <span class='ocrx_word' id='word_1_669' title='bbox 3368 1001 3498 1040; x_wconf 89' lang='lat' dir='ltr'><strong>vero</strong></span> 
     </span>
    </p>
   </div>
   <div class='ocr_carea' id='block_1_86' title="bbox 1920 1041 3502 1110">
    <p class='ocr_par' dir='ltr' id='par_1_86' title="bbox 1920 1041 3502 1110">
     <span class='ocr_line' id='line_1_89' title="bbox 1920 1041 3502 1110; baseline 0.012 -19"><span class='ocrx_word' id='word_1_670' title='bbox 1920 1053 1988 1110; x_wconf 81' lang='lat' dir='ltr'><strong>an</strong></span> <span class='ocrx_word' id='word_1_671' title='bbox 2019 1048 2228 1110; x_wconf 83' lang='lat' dir='ltr'><strong>coctum</strong></span> <span class='ocrx_word' id='word_1_672' title='bbox 2253 1041 2334 1096; x_wconf 90' lang='lat' dir='ltr'><strong>vel</strong></span> <span class='ocrx_word' id='word_1_673' title='bbox 2364 1041 2588 1097; x_wconf 79' lang='lat' dir='ltr'><strong>crudum</strong></span> <span class='ocrx_word' id='word_1_674' title='bbox 2616 1046 2705 1109; x_wconf 88' lang='lat' dir='ltr'><strong>sit,</strong></span> <span class='ocrx_word' id='word_1_675' title='bbox 2732 1063 2838 1101; x_wconf 89' lang='lat' dir='ltr'><strong>non</strong></span> <span class='ocrx_word' id='word_1_676' title='bbox 2864 1041 3129 1105; x_wconf 47' lang='lat' dir='ltr'><strong>refertfld</strong></span> <span class='ocrx_word' id='word_1_677' title='bbox 3162 1053 3387 1108; x_wconf 89' lang='lat' dir='ltr'><strong>liberum</strong></span> <span class='ocrx_word' id='word_1_678' title='bbox 3415 1072 3502 1110; x_wconf 88' lang='lat' dir='ltr'><strong>re-</strong></span> 
     </span>
    </p>
   </div>
   <div class='ocr_carea' id='block_1_87' title="bbox 1918 1108 3502 1195">
    <p class='ocr_par' dir='ltr' id='par_1_87' title="bbox 1918 1108 3502 1195">
     <span class='ocr_line' id='line_1_90' title="bbox 1918 1108 3502 1195; baseline 0.012 -36"><span class='ocrx_word' id='word_1_679' title='bbox 1918 1108 2071 1195; x_wconf 75' lang='lat' dir='ltr'><strong>liquit</strong></span> <span class='ocrx_word' id='word_1_680' title='bbox 2204 1109 2528 1195; x_wconf 67' lang='lat' dir='ltr'><strong>Benedictus</strong></span> <span class='ocrx_word' id='word_1_681' title='bbox 2562 1116 2631 1169; x_wconf 92' lang='lat' dir='ltr'><strong>ob</strong></span> <span class='ocrx_word' id='word_1_682' title='bbox 2657 1108 2947 1195; x_wconf 65' lang='lat' dir='ltr'><strong>ianitorum</strong></span> <span class='ocrx_word' id='word_1_683' title='bbox 2977 1121 3336 1195; x_wconf 78' lang='lat' dir='ltr'><strong>infirmitates,</strong></span> <span class='ocrx_word' id='word_1_684' title='bbox 3366 1108 3502 1195; x_wconf 82' lang='lat' dir='ltr'><strong>quo-</strong></span> 
     </span>
    </p>
   </div>
   <div class='ocr_carea' id='block_1_88' title="bbox 1918 1181 3501 1258">
    <p class='ocr_par' dir='ltr' id='par_1_88' title="bbox 1918 1181 3501 1258">
     <span class='ocr_line' id='line_1_91' title="bbox 1918 1181 3501 1258; baseline 0.012 -28"><span class='ocrx_word' id='word_1_685' title='bbox 1918 1193 2035 1231; x_wconf 88' lang='lat' dir='ltr'><strong>rum</strong></span> <span class='ocrx_word' id='word_1_686' title='bbox 2063 1182 2344 1236; x_wconf 85' lang='lat' dir='ltr'><strong>stomacho</strong></span> <span class='ocrx_word' id='word_1_687' title='bbox 2392 1181 2599 1239; x_wconf 83' lang='lat' dir='ltr'><strong>fructus</strong></span> <span class='ocrx_word' id='word_1_688' title='bbox 2626 1186 2776 1241; x_wconf 83' lang='lat' dir='ltr'><strong>crudi</strong></span> <span class='ocrx_word' id='word_1_689' title='bbox 2822 1195 2877 1241; x_wconf 90' lang='lat' dir='ltr'><strong>et</strong></span> <span class='ocrx_word' id='word_1_690' title='bbox 2905 1188 3172 1258; x_wconf 81' lang='lat' dir='ltr'><strong>legumina</strong></span> <span class='ocrx_word' id='word_1_691' title='bbox 3203 1181 3368 1246; x_wconf 83' lang='lat' dir='ltr'><strong>cruda</strong></span> <span class='ocrx_word' id='word_1_692' title='bbox 3387 1181 3501 1249; x_wconf 81' lang='grc' dir='ltr'><strong>ἠθ-</strong></span> 
     </span>
    </p>
   </div>
   <div class='ocr_carea' id='block_1_89' title="bbox 1916 1259 2312 1305">
    <p class='ocr_par' dir='ltr' id='par_1_89' title="bbox 1916 1259 2312 1305">
     <span class='ocr_line' id='line_1_92' title="bbox 1916 1259 2312 1305; baseline 0.005 -4"><span class='ocrx_word' id='word_1_693' title='bbox 1916 1261 2040 1302; x_wconf 89' lang='lat' dir='ltr'><strong>cere</strong></span> <span class='ocrx_word' id='word_1_694' title='bbox 2074 1259 2312 1305; x_wconf 75' lang='lat' dir='ltr'><strong>DOSSCIIL</strong></span> 
     </span>
    </p>
   </div>
   <div class='ocr_carea' id='block_1_90' title="bbox 1991 1319 3500 1398">
    <p class='ocr_par' dir='ltr' id='par_1_90' title="bbox 1991 1319 3500 1398">
     <span class='ocr_line' id='line_1_93' title="bbox 1991 1319 3500 1398; baseline 0.01 -27"><span class='ocrx_word' id='word_1_695' title='bbox 1991 1329 2015 1356; x_wconf 74' lang='grc' dir='ltr'>θ</span> <span class='ocrx_word' id='word_1_696' title='bbox 2037 1319 2363 1398; x_wconf 46' lang='lat' dir='ltr'><strong>‘Pam&#39;snlibra</strong></span> <span class='ocrx_word' id='word_1_697' title='bbox 2383 1337 2659 1398; x_wconf 68' lang='lat' dir='ltr'><strong>propensa.</strong></span> <span class='ocrx_word' id='word_1_698' title='bbox 2684 1324 3063 1381; x_wconf 86' lang='lat' dir='ltr'><strong>Controversia</strong></span> <span class='ocrx_word' id='word_1_699' title='bbox 3086 1328 3152 1382; x_wconf 92' lang='lat' dir='ltr'><strong>de</strong></span> <span class='ocrx_word' id='word_1_700' title='bbox 3178 1328 3500 1398; x_wconf 61' lang='lat' dir='ltr'><strong>hujuslibrae</strong></span> 
     </span>
    </p>
   </div>
   <div class='ocr_carea' id='block_1_91' title="bbox 1910 1387 3499 1468">
    <p class='ocr_par' dir='ltr' id='par_1_91' title="bbox 1910 1387 3499 1468">
     <span class='ocr_line' id='line_1_94' title="bbox 1910 1387 3499 1468; baseline 0.01 -29"><span class='ocrx_word' id='word_1_701' title='bbox 1910 1387 2168 1468; x_wconf 84' lang='lat' dir='ltr'><strong>pondere.</strong></span> <span class='ocrx_word' id='word_1_702' title='bbox 2198 1387 2510 1468; x_wconf 71' lang='lat' dir='ltr'><strong>casinensis</strong></span> <span class='ocrx_word' id='word_1_703' title='bbox 2537 1394 2671 1468; x_wconf 84' lang='lat' dir='ltr'><strong>libra</strong></span> <span class='ocrx_word' id='word_1_704' title='bbox 2696 1404 2777 1468; x_wconf 85' lang='lat' dir='ltr'><strong>est</strong></span> <span class='ocrx_word' id='word_1_705' title='bbox 2805 1399 2964 1451; x_wconf 88' lang='lat' dir='ltr'><strong>trium</strong></span> <span class='ocrx_word' id='word_1_706' title='bbox 2994 1408 3049 1452; x_wconf 85' lang='lat' dir='ltr'><strong>et</strong></span> <span class='ocrx_word' id='word_1_707' title='bbox 3070 1387 3287 1468; x_wconf 66' lang='lat' dir='ltr'><strong>triginta</strong></span> <span class='ocrx_word' id='word_1_708' title='bbox 3319 1402 3499 1455; x_wconf 86' lang='lat' dir='ltr'><strong>uncia-</strong></span> 
     </span>
    </p>
   </div>
   <div class='ocr_carea' id='block_1_92' title="bbox 1910 1461 3496 1526">
    <p class='ocr_par' dir='ltr' id='par_1_92' title="bbox 1910 1461 3496 1526">
     <span class='ocr_line' id='line_1_95' title="bbox 1910 1461 3496 1526; baseline 0.009 -17"><span class='ocrx_word' id='word_1_709' title='bbox 1910 1472 2029 1510; x_wconf 86' lang='lat' dir='ltr'><strong>rum</strong></span> <span class='ocrx_word' id='word_1_710' title='bbox 2060 1466 2114 1512; x_wconf 91' lang='lat' dir='ltr'><strong>et</strong></span> <span class='ocrx_word' id='word_1_711' title='bbox 2142 1461 2326 1525; x_wconf 87' lang='lat' dir='ltr'><strong>semis,</strong></span> <span class='ocrx_word' id='word_1_712' title='bbox 2368 1468 2428 1514; x_wconf 91' lang='lat' dir='ltr'><strong>ut</strong></span> <span class='ocrx_word' id='word_1_713' title='bbox 2474 1463 2704 1518; x_wconf 87' lang='lat' dir='ltr'><strong>habetur</strong></span> <span class='ocrx_word' id='word_1_714' title='bbox 2750 1467 2802 1520; x_wconf 91' lang='lat' dir='ltr'><strong>in</strong></span> <span class='ocrx_word' id='word_1_715' title='bbox 2855 1461 3306 1524; x_wconf 72' lang='lat' dir='ltr'><strong>declaratiohibus</strong></span> <span class='ocrx_word' id='word_1_716' title='bbox 3340 1470 3496 1526; x_wconf 88' lang='lat' dir='ltr'><strong>Casi-</strong></span> 
     </span>
    </p>
   </div>
   <div class='ocr_carea' id='block_1_93' title="bbox 1909 1528 3497 1609">
    <p class='ocr_par' dir='ltr' id='par_1_93' title="bbox 1909 1528 3497 1609">
     <span class='ocr_line' id='line_1_96' title="bbox 1909 1528 3497 1609; baseline 0.011 -30"><span class='ocrx_word' id='word_1_717' title='bbox 1909 1528 2157 1609; x_wconf 73' lang='lat' dir='ltr'><strong>nensium</strong></span> <span class='ocrx_word' id='word_1_718' title='bbox 2174 1530 2250 1609; x_wconf 67' lang='lat' dir='ltr'><strong>ad</strong></span> <span class='ocrx_word' id='word_1_719' title='bbox 2269 1530 2535 1609; x_wconf 56' lang='lat' dir='ltr'><strong>Begulam</strong></span> <span class='ocrx_word' id='word_1_720' title='bbox 2560 1532 2616 1587; x_wconf 88' lang='lat' dir='ltr'><strong>S.</strong></span> <span class='ocrx_word' id='word_1_721' title='bbox 2644 1534 2937 1609; x_wconf 65' lang='lat' dir='ltr'><strong>BPI’lt‘tiiCll.</strong></span> <span class='ocrx_word' id='word_1_722' title='bbox 2954 1537 3266 1609; x_wconf 15' lang='lat' dir='ltr'><strong>iBurdegala</strong></span> <span class='ocrx_word' id='word_1_723' title='bbox 3297 1541 3351 1594; x_wconf 92' lang='lat' dir='ltr'><strong>in</strong></span> <span class='ocrx_word' id='word_1_724' title='bbox 3381 1556 3497 1596; x_wconf 88' lang='lat' dir='ltr'><strong>mo-</strong></span> 
     </span>
    </p>
   </div>
   <div class='ocr_carea' id='block_1_94' title="bbox 1908 1598 3494 1679">
    <p class='ocr_par' dir='ltr' id='par_1_94' title="bbox 1908 1598 3494 1679">
     <span class='ocr_line' id='line_1_97' title="bbox 1908 1598 3494 1679; baseline 0.011 -30"><span class='ocrx_word' id='word_1_725' title='bbox 1908 1599 2145 1679; x_wconf 78' lang='lat' dir='ltr'><strong>nasterio</strong></span> <span class='ocrx_word' id='word_1_726' title='bbox 2173 1598 2230 1654; x_wconf 92' lang='lat' dir='ltr'><strong>S.</strong></span> <span class='ocrx_word' id='word_1_727' title='bbox 2262 1598 2452 1679; x_wconf 80' lang='lat' dir='ltr'><strong>Crucis</strong></span> <span class='ocrx_word' id='word_1_728' title='bbox 2477 1613 2723 1679; x_wconf 68' lang='lat' dir='ltr'><strong>servatur</strong></span> <span class='ocrx_word' id='word_1_729' title='bbox 2747 1606 2924 1661; x_wconf 89' lang='lat' dir='ltr'><strong>adhuc</strong></span> <span class='ocrx_word' id='word_1_730' title='bbox 2952 1607 3086 1662; x_wconf 87' lang='lat' dir='ltr'><strong>libra</strong></span> <span class='ocrx_word' id='word_1_731' title='bbox 3115 1598 3270 1679; x_wconf 67' lang='lat' dir='ltr'><strong>panis</strong></span> <span class='ocrx_word' id='word_1_732' title='bbox 3291 1625 3357 1664; x_wconf 79' lang='lat' dir='ltr'><strong>ex</strong></span> <span class='ocrx_word' id='word_1_733' title='bbox 3385 1626 3494 1666; x_wconf 68' lang='lat' dir='ltr'><strong>rere</strong></span> 
     </span>
    </p>
   </div>
   <div class='ocr_carea' id='block_1_95' title="bbox 1910 1672 2785 1743">
    <p class='ocr_par' dir='ltr' id='par_1_95' title="bbox 1910 1672 2785 1743">
     <span class='ocr_line' id='line_1_98' title="bbox 1910 1672 2785 1743; baseline 0.008 -22"><span class='ocrx_word' id='word_1_734' title='bbox 1910 1672 2095 1737; x_wconf 86' lang='lat' dir='ltr'><strong>cyprio</strong></span> <span class='ocrx_word' id='word_1_735' title='bbox 2129 1684 2253 1724; x_wconf 89' lang='lat' dir='ltr'><strong>cum</strong></span> <span class='ocrx_word' id='word_1_736' title='bbox 2280 1672 2381 1726; x_wconf 90' lang='lat' dir='ltr'><strong>hac</strong></span> <span class='ocrx_word' id='word_1_737' title='bbox 2408 1672 2785 1743; x_wconf 87' lang='lat' dir='ltr'><strong>inscriptione:</strong></span> 
     </span>
    </p>
   </div>
   <div class='ocr_carea' id='block_1_96' title="bbox 2222 1777 3189 1825">
    <p class='ocr_par' dir='ltr' id='par_1_96' title="bbox 2222 1777 3189 1825">
     <span class='ocr_line' id='line_1_99' title="bbox 2222 1777 3189 1825; baseline 0.009 -9"><span class='ocrx_word' id='word_1_738' title='bbox 2222 1777 2462 1819; x_wconf 73' lang='lat' dir='ltr'><strong>IENSVRA</strong></span> <span class='ocrx_word' id='word_1_739' title='bbox 2484 1781 2636 1820; x_wconf 67' lang='lat' dir='ltr'><strong>PANIS</strong></span> <span class='ocrx_word' id='word_1_740' title='bbox 2661 1781 2705 1820; x_wconf 79' lang='lat' dir='ltr'><strong>S.</strong></span> <span class='ocrx_word' id='word_1_741' title='bbox 2745 1781 2929 1822; x_wconf 76' lang='lat' dir='ltr'><strong>CRVCIS</strong></span> <span class='ocrx_word' id='word_1_742' title='bbox 2964 1785 3189 1825; x_wconf 75' lang='lat' dir='ltr'><strong>BVRDEG.</strong></span> 
     </span>
    </p>
   </div>
   <div class='ocr_carea' id='block_1_97' title="bbox 1904 1847 3493 1932">
    <p class='ocr_par' dir='ltr' id='par_1_97' title="bbox 1904 1847 3493 1932">
     <span class='ocr_line' id='line_1_100' title="bbox 1904 1847 3493 1932; baseline 0.009 -30"><span class='ocrx_word' id='word_1_743' title='bbox 1904 1847 2068 1932; x_wconf 79' lang='lat' dir='ltr'><strong>Cujus</strong></span> <span class='ocrx_word' id='word_1_744' title='bbox 2093 1850 2303 1932; x_wconf 69' lang='lat' dir='ltr'><strong>pondus</strong></span> <span class='ocrx_word' id='word_1_745' title='bbox 2328 1862 2411 1932; x_wconf 62' lang='lat' dir='ltr'><strong>est</strong></span> <span class='ocrx_word' id='word_1_746' title='bbox 2441 1862 2565 1932; x_wconf 88' lang='lat' dir='ltr'><strong>oc_t_o</strong></span> <span class='ocrx_word' id='word_1_747' title='bbox 2592 1862 2648 1932; x_wconf 81' lang='lat' dir='ltr'><strong>et</strong></span> <span class='ocrx_word' id='word_1_748' title='bbox 2671 1856 2864 1932; x_wconf 72' lang='lat' dir='ltr'><strong>viginti</strong></span> <span class='ocrx_word' id='word_1_749' title='bbox 2891 1858 3334 1932; x_wconf 80' lang='lat' dir='ltr'><strong>unciarum._Sed</strong></span> <span class='ocrx_word' id='word_1_750' title='bbox 3363 1870 3493 1932; x_wconf 91' lang='lat' dir='ltr'><strong>puto</strong></span> 
     </span>
    </p>
   </div>
   <div class='ocr_carea' id='block_1_98' title="bbox 1902 1920 3493 1989">
    <p class='ocr_par' dir='ltr' id='par_1_98' title="bbox 1902 1920 3493 1989">
     <span class='ocr_line' id='line_1_101' title="bbox 1902 1920 3493 1989; baseline 0.009 -17"><span class='ocrx_word' id='word_1_751' title='bbox 1902 1932 2003 1989; x_wconf 88' lang='lat' dir='ltr'><strong>ego</strong></span> <span class='ocrx_word' id='word_1_752' title='bbox 2048 1920 2189 1976; x_wconf 79' lang='lat' dir='ltr'><strong>hanc</strong></span> <span class='ocrx_word' id='word_1_753' title='bbox 2239 1922 2297 1976; x_wconf 91' lang='lat' dir='ltr'><strong>S.</strong></span> <span class='ocrx_word' id='word_1_754' title='bbox 2347 1923 2623 1979; x_wconf 91' lang='lat' dir='ltr'><strong>Benedicti</strong></span> <span class='ocrx_word' id='word_1_755' title='bbox 2671 1920 2861 1979; x_wconf 71' lang='lat' dir='ltr'><strong>libram</strong></span> <span class='ocrx_word' id='word_1_756' title='bbox 2907 1928 3105 1982; x_wconf 90' lang='lat' dir='ltr'><strong>nullam</strong></span> <span class='ocrx_word' id='word_1_757' title='bbox 3155 1929 3316 1984; x_wconf 88' lang='lat' dir='ltr'><strong>aliam</strong></span> <span class='ocrx_word' id='word_1_758' title='bbox 3363 1920 3493 1987; x_wconf 72' lang='lat' dir='ltr'><strong>esse</strong></span> 
     </span>
    </p>
   </div>
   <div class='ocr_carea' id='block_1_99' title="bbox 1901 1990 3489 2069">
    <p class='ocr_par' dir='ltr' id='par_1_99' title="bbox 1901 1990 3489 2069">
     <span class='ocr_line' id='line_1_102' title="bbox 1901 1990 3489 2069; baseline 0.009 -28"><span class='ocrx_word' id='word_1_759' title='bbox 1901 1990 2516 2069; x_wconf 53' lang='lat' dir='ltr'><strong>quamﬁomananrseu</strong></span> <span class='ocrx_word' id='word_1_760' title='bbox 2545 1993 2815 2049; x_wconf 88' lang='lat' dir='ltr'><strong>Latinam.</strong></span> <span class='ocrx_word' id='word_1_761' title='bbox 2843 1995 3149 2069; x_wconf 88' lang='lat' dir='ltr'><strong>Nammale</strong></span> <span class='ocrx_word' id='word_1_762' title='bbox 3179 2001 3335 2068; x_wconf 88' lang='lat' dir='ltr'><strong>panis</strong></span> <span class='ocrx_word' id='word_1_763' title='bbox 3358 2016 3489 2069; x_wconf 83' lang='lat' dir='ltr'><strong>pon-</strong></span> 
     </span>
    </p>
   </div>
   <div class='ocr_carea' id='block_1_100' title="bbox 1901 2059 3483 2139">
    <p class='ocr_par' dir='ltr' id='par_1_100' title="bbox 1901 2059 3483 2139">
     <span class='ocr_line' id='line_1_103' title="bbox 1901 2059 3483 2139; baseline 0.008 -29"><span class='ocrx_word' id='word_1_764' title='bbox 1901 2062 2003 2139; x_wconf 71' lang='lat' dir='ltr'><strong>(tus</strong></span> <span class='ocrx_word' id='word_1_765' title='bbox 2036 2059 2227 2139; x_wconf 67' lang='lat' dir='ltr'><strong>libram</strong></span> <span class='ocrx_word' id='word_1_766' title='bbox 2258 2063 2599 2139; x_wconf 67' lang='lat' dir='ltr'><strong>appellasset,</strong></span> <span class='ocrx_word' id='word_1_767' title='bbox 2623 2080 2743 2139; x_wconf 68' lang='lat' dir='ltr'><strong>quae</strong></span> <span class='ocrx_word' id='word_1_768' title='bbox 2771 2074 2850 2119; x_wconf 93' lang='lat' dir='ltr'><strong>tot</strong></span> <span class='ocrx_word' id='word_1_769' title='bbox 2874 2068 3070 2139; x_wconf 84' lang='lat' dir='ltr'><strong>unciis,</strong></span> <span class='ocrx_word' id='word_1_770' title='bbox 3103 2059 3483 2124; x_wconf 66' lang='lat' dir='ltr'><strong>acCassirien-</strong></span> 
     </span>
    </p>
   </div>
   <div class='ocr_carea' id='block_1_101' title="bbox 1901 2129 3489 2209">
    <p class='ocr_par' dir='ltr' id='par_1_101' title="bbox 1901 2129 3489 2209">
     <span class='ocr_line' id='line_1_104' title="bbox 1901 2129 3489 2209; baseline 0.009 -29"><span class='ocrx_word' id='word_1_771' title='bbox 1901 2129 1999 2209; x_wconf 72' lang='lat' dir='ltr'><strong>sis,</strong></span> <span class='ocrx_word' id='word_1_772' title='bbox 2032 2129 2305 2209; x_wconf 74' lang='lat' dir='ltr'><strong>vulgarem</strong></span> <span class='ocrx_word' id='word_1_773' title='bbox 2330 2129 2539 2209; x_wconf 74' lang='lat' dir='ltr'><strong>libram</strong></span> <span class='ocrx_word' id='word_1_774' title='bbox 2569 2129 2877 2190; x_wconf 77' lang='lat' dir='ltr'><strong>excederet.</strong></span> <span class='ocrx_word' id='word_1_775' title='bbox 2929 2136 3031 2202; x_wconf 78' lang='lat' dir='ltr'><strong>Qui</strong></span> <span class='ocrx_word' id='word_1_776' title='bbox 3059 2129 3232 2192; x_wconf 86' lang='lat' dir='ltr'><strong>etiam</strong></span> <span class='ocrx_word' id='word_1_777' title='bbox 3256 2179 3270 2203; x_wconf 93' lang='lat'><strong>,</strong></span> <span class='ocrx_word' id='word_1_778' title='bbox 3316 2140 3362 2193; x_wconf 91' lang='lat' dir='ltr'><strong>si</strong></span> <span class='ocrx_word' id='word_1_779' title='bbox 3391 2155 3489 2209; x_wconf 90' lang='lat' dir='ltr'><strong>per</strong></span> 
     </span>
    </p>
   </div>
   <div class='ocr_carea' id='block_1_102' title="bbox 1899 2196 3488 2275">
    <p class='ocr_par' dir='ltr' id='par_1_102' title="bbox 1899 2196 3488 2275">
     <span class='ocr_line' id='line_1_105' title="bbox 1899 2196 3488 2275; baseline 0.008 -24"><span class='ocrx_word' id='word_1_780' title='bbox 1899 2196 2093 2275; x_wconf 78' lang='lat' dir='ltr'><strong>libram</strong></span> <span class='ocrx_word' id='word_1_781' title='bbox 2126 2196 2632 2275; x_wconf 75' lang='lat' dir='ltr'><strong>non_in_tel|exisset</strong></span> <span class='ocrx_word' id='word_1_782' title='bbox 2667 2221 2824 2269; x_wconf 90' lang='lat' dir='ltr'><strong>eam,</strong></span> <span class='ocrx_word' id='word_1_783' title='bbox 2872 2196 2993 2275; x_wconf 59' lang='lat' dir='ltr'><strong>quae</strong></span> <span class='ocrx_word' id='word_1_784' title='bbox 3037 2223 3136 2262; x_wconf 83' lang='lat' dir='ltr'><strong>sua</strong></span> <span class='ocrx_word' id='word_1_785' title='bbox 3162 2196 3323 2263; x_wconf 63' lang='lat' dir='ltr'><strong>aetate</strong></span> <span class='ocrx_word' id='word_1_786' title='bbox 3370 2196 3488 2264; x_wconf 68' lang='lat' dir='ltr'><strong>erat</strong></span> 
     </span>
    </p>
   </div>
   <div class='ocr_carea' id='block_1_103' title="bbox 1896 2268 3488 2345">
    <p class='ocr_par' dir='ltr' id='par_1_103' title="bbox 1896 2268 3488 2345">
     <span class='ocr_line' id='line_1_106' title="bbox 1896 2268 3488 2345; baseline 0.008 -24"><span class='ocrx_word' id='word_1_787' title='bbox 1896 2268 2096 2323; x_wconf 88' lang='lat' dir='ltr'><strong>usitata</strong></span> <span class='ocrx_word' id='word_1_788' title='bbox 2123 2285 2220 2345; x_wconf 84' lang='lat' dir='ltr'><strong>per</strong></span> <span class='ocrx_word' id='word_1_789' title='bbox 2245 2271 2451 2345; x_wconf 86' lang='lat' dir='ltr'><strong>Italiam</strong></span> <span class='ocrx_word' id='word_1_790' title='bbox 2474 2282 2680 2345; x_wconf 80' lang='lat' dir='ltr'><strong>certum</strong></span> <span class='ocrx_word' id='word_1_791' title='bbox 2710 2268 2915 2344; x_wconf 79' lang='lat' dir='ltr'><strong>pondus</strong></span> <span class='ocrx_word' id='word_1_792' title='bbox 2938 2278 3094 2345; x_wconf 87' lang='lat' dir='ltr'><strong>panis</strong></span> <span class='ocrx_word' id='word_1_793' title='bbox 3135 2292 3241 2332; x_wconf 91' lang='lat' dir='ltr'><strong>non</strong></span> <span class='ocrx_word' id='word_1_794' title='bbox 3271 2279 3488 2334; x_wconf 76' lang='lat' dir='ltr'><strong>definis-</strong></span> 
     </span>
    </p>
   </div>
   <div class='ocr_carea' id='block_1_104' title="bbox 1897 2342 3489 2418">
    <p class='ocr_par' dir='ltr' id='par_1_104' title="bbox 1897 2342 3489 2418">
     <span class='ocr_line' id='line_1_107' title="bbox 1897 2342 3489 2418; baseline 0.008 -27"><span class='ocrx_word' id='word_1_795' title='bbox 1897 2345 2003 2418; x_wconf 79' lang='lat' dir='ltr'><strong>set,</strong></span> <span class='ocrx_word' id='word_1_796' title='bbox 2038 2348 2092 2394; x_wconf 91' lang='lat' dir='ltr'><strong>et</strong></span> <span class='ocrx_word' id='word_1_797' title='bbox 2124 2342 2265 2396; x_wconf 90' lang='lat' dir='ltr'><strong>hunc</strong></span> <span class='ocrx_word' id='word_1_798' title='bbox 2290 2343 2485 2412; x_wconf 67' lang='lat' dir='ltr'><strong>regulae</strong></span> <span class='ocrx_word' id='word_1_799' title='bbox 2507 2343 2683 2418; x_wconf 87' lang='lat' dir='ltr'><strong>locum</strong></span> <span class='ocrx_word' id='word_1_800' title='bbox 2710 2342 2866 2400; x_wconf 80' lang='lat' dir='ltr'><strong>valde</strong></span> <span class='ocrx_word' id='word_1_801' title='bbox 2894 2342 3200 2417; x_wconf 81' lang='lat' dir='ltr'><strong>ambiguum</strong></span> <span class='ocrx_word' id='word_1_802' title='bbox 3237 2349 3489 2418; x_wconf 88' lang='lat' dir='ltr'><strong>reliquis-</strong></span> 
     </span>
    </p>
   </div>
   <div class='ocr_carea' id='block_1_105' title="bbox 1885 2415 3487 2486">
    <p class='ocr_par' dir='ltr' id='par_1_105' title="bbox 1885 2415 3487 2486">
     <span class='ocr_line' id='line_1_108' title="bbox 1885 2415 3487 2486; baseline 0.007 -25"><span class='ocrx_word' id='word_1_803' title='bbox 1885 2415 2176 2486; x_wconf 78' lang='lat' dir='ltr'><strong>&#39;set,_cum</strong></span> <span class='ocrx_word' id='word_1_804' title='bbox 2226 2426 2531 2486; x_wconf 73' lang='lat' dir='ltr'><strong>mensuram</strong></span> <span class='ocrx_word' id='word_1_805' title='bbox 2560 2415 2679 2486; x_wconf 87' lang='lat' dir='ltr'><strong>sine</strong></span> <span class='ocrx_word' id='word_1_806' title='bbox 2727 2430 3002 2480; x_wconf 88' lang='lat' dir='ltr'><strong>mensura,</strong></span> <span class='ocrx_word' id='word_1_807' title='bbox 3047 2415 3103 2470; x_wconf 78' lang='lat' dir='ltr'><strong>et</strong></span> <span class='ocrx_word' id='word_1_808' title='bbox 3131 2420 3341 2486; x_wconf 89' lang='lat' dir='ltr'><strong>pondus</strong></span> <span class='ocrx_word' id='word_1_809' title='bbox 3359 2415 3487 2473; x_wconf 53' lang='lat' dir='ltr'><strong>&#39;sine</strong></span> 
     </span>
    </p>
   </div>
   <div class='ocr_carea' id='block_1_106' title="bbox 1894 2479 3483 2557">
    <p class='ocr_par' dir='ltr' id='par_1_106' title="bbox 1894 2479 3483 2557">
     <span class='ocr_line' id='line_1_109' title="bbox 1894 2479 3483 2557; baseline 0.008 -27"><span class='ocrx_word' id='word_1_810' title='bbox 1894 2479 2131 2545; x_wconf 86' lang='lat' dir='ltr'><strong>pondere</strong></span> <span class='ocrx_word' id='word_1_811' title='bbox 2152 2483 2450 2557; x_wconf 80' lang='lat' dir='ltr'><strong>statuisset.</strong></span> <span class='ocrx_word' id='word_1_812' title='bbox 2478 2482 2587 2538; x_wconf 85' lang='lat' dir='ltr'><strong>Nec</strong></span> <span class='ocrx_word' id='word_1_813' title='bbox 2612 2485 2821 2557; x_wconf 66' lang='lat' dir='ltr'><strong>obstat,</strong></span> <span class='ocrx_word' id='word_1_814' title='bbox 2847 2487 2990 2557; x_wconf 87' lang='lat' dir='ltr'><strong>quod</strong></span> <span class='ocrx_word' id='word_1_815' title='bbox 3013 2479 3147 2541; x_wconf 80' lang='lat' dir='ltr'><strong>libra</strong></span> <span class='ocrx_word' id='word_1_816' title='bbox 3172 2488 3328 2557; x_wconf 89' lang='lat' dir='ltr'><strong>panis</strong></span> <span class='ocrx_word' id='word_1_817' title='bbox 3352 2489 3483 2542; x_wconf 91' lang='lat' dir='ltr'><strong>olim</strong></span> 
     </span>
    </p>
   </div>
   <div class='ocr_carea' id='block_1_107' title="bbox 1894 2551 3485 2620">
    <p class='ocr_par' dir='ltr' id='par_1_107' title="bbox 1894 2551 3485 2620">
     <span class='ocr_line' id='line_1_110' title="bbox 1894 2551 3485 2620; baseline 0.009 -20"><span class='ocrx_word' id='word_1_818' title='bbox 1894 2557 2205 2620; x_wconf 79' lang='lat' dir='ltr'><strong>servaretur</strong></span> <span class='ocrx_word' id='word_1_819' title='bbox 2247 2551 2301 2605; x_wconf 91' lang='lat' dir='ltr'><strong>in</strong></span> <span class='ocrx_word' id='word_1_820' title='bbox 2350 2555 2682 2609; x_wconf 89' lang='lat' dir='ltr'><strong>monasterio</strong></span> <span class='ocrx_word' id='word_1_821' title='bbox 2705 2551 3019 2620; x_wconf 83' lang='lat' dir='ltr'><strong>Casinensi,</strong></span> <span class='ocrx_word' id='word_1_822' title='bbox 3066 2565 3128 2610; x_wconf 90' lang='lat' dir='ltr'><strong>ut</strong></span> <span class='ocrx_word' id='word_1_823' title='bbox 3163 2551 3379 2612; x_wconf 78' lang='lat' dir='ltr'><strong>constat</strong></span> <span class='ocrx_word' id='word_1_824' title='bbox 3417 2574 3485 2614; x_wconf 79' lang='lat' dir='ltr'><strong>ex</strong></span> 
     </span>
    </p>
   </div>
   <div class='ocr_carea' id='block_1_108' title="bbox 1894 2618 3481 2693">
    <p class='ocr_par' dir='ltr' id='par_1_108' title="bbox 1894 2618 3481 2693">
     <span class='ocr_line' id='line_1_111' title="bbox 1894 2618 3481 2693; baseline 0.008 -23"><span class='ocrx_word' id='word_1_825' title='bbox 1894 2618 2031 2672; x_wconf 90' lang='lat' dir='ltr'><strong>actis</strong></span> <span class='ocrx_word' id='word_1_826' title='bbox 2061 2619 2124 2693; x_wconf 70' lang='lat' dir='ltr'><strong>S.</strong></span> <span class='ocrx_word' id='word_1_827' title='bbox 2168 2619 2436 2693; x_wconf 75' lang='lat' dir='ltr'><strong>Mauri_et</strong></span> <span class='ocrx_word' id='word_1_828' title='bbox 2461 2623 2641 2678; x_wconf 91' lang='lat' dir='ltr'><strong>Leone</strong></span> <span class='ocrx_word' id='word_1_829' title='bbox 2665 2624 2899 2679; x_wconf 84' lang='lat' dir='ltr'><strong>Ostiensi</strong></span> <span class='ocrx_word' id='word_1_830' title='bbox 2934 2618 3029 2680; x_wconf 88' lang='lat' dir='ltr'><strong>lib.</strong></span> <span class='ocrx_word' id='word_1_831' title='bbox 3072 2640 3110 2679; x_wconf 83' lang='grc' dir='ltr'><strong>ι.</strong></span> <span class='ocrx_word' id='word_1_832' title='bbox 3139 2626 3292 2691; x_wconf 88' lang='lat' dir='ltr'><strong>Chr.;</strong></span> <span class='ocrx_word' id='word_1_833' title='bbox 3320 2644 3481 2693; x_wconf 88' lang='lat' dir='ltr'><strong>nam,</strong></span> 
     </span>
    </p>
   </div>
   <div class='ocr_carea' id='block_1_109' title="bbox 1894 2688 3479 2753">
    <p class='ocr_par' dir='ltr' id='par_1_109' title="bbox 1894 2688 3479 2753">
     <span class='ocr_line' id='line_1_112' title="bbox 1894 2688 3479 2753; baseline 0.008 -12"><span class='ocrx_word' id='word_1_834' title='bbox 1894 2701 2016 2742; x_wconf 92' lang='lat' dir='ltr'><strong>cum</strong></span> <span class='ocrx_word' id='word_1_835' title='bbox 2048 2688 2215 2744; x_wconf 89' lang='lat' dir='ltr'><strong>sciret</strong></span> <span class='ocrx_word' id='word_1_836' title='bbox 2261 2689 2319 2744; x_wconf 91' lang='lat' dir='ltr'><strong>S.</strong></span> <span class='ocrx_word' id='word_1_837' title='bbox 2350 2691 2673 2748; x_wconf 90' lang='lat' dir='ltr'><strong>Benedictus</strong></span> <span class='ocrx_word' id='word_1_838' title='bbox 2698 2709 2807 2749; x_wconf 91' lang='lat' dir='ltr'><strong>non</strong></span> <span class='ocrx_word' id='word_1_839' title='bbox 2837 2696 3082 2750; x_wconf 88' lang='lat' dir='ltr'><strong>eamdem</strong></span> <span class='ocrx_word' id='word_1_840' title='bbox 3114 2712 3236 2751; x_wconf 90' lang='lat' dir='ltr'><strong>esse</strong></span> <span class='ocrx_word' id='word_1_841' title='bbox 3280 2688 3479 2753; x_wconf 76' lang='lat' dir='ltr'><strong>lihraui</strong></span> 
     </span>
    </p>
   </div>
   <div class='ocr_carea' id='block_1_110' title="bbox 1893 2756 3480 2838">
    <p class='ocr_par' dir='ltr' id='par_1_110' title="bbox 1893 2756 3480 2838">
     <span class='ocr_line' id='line_1_113' title="bbox 1893 2756 3480 2838; baseline 0.007 -27"><span class='ocrx_word' id='word_1_842' title='bbox 1893 2756 2037 2838; x_wconf 74' lang='lat' dir='ltr'><strong>apud</strong></span> <span class='ocrx_word' id='word_1_843' title='bbox 2056 2773 2245 2815; x_wconf 89' lang='lat' dir='ltr'><strong>omnes</strong></span> <span class='ocrx_word' id='word_1_844' title='bbox 2259 2763 2536 2838; x_wconf 70' lang='lat' dir='ltr'><strong>nationes,</strong></span> <span class='ocrx_word' id='word_1_845' title='bbox 2577 2762 2801 2838; x_wconf 82' lang='lat' dir='ltr'><strong>ejusque</strong></span> <span class='ocrx_word' id='word_1_846' title='bbox 2824 2766 3034 2838; x_wconf 83' lang='lat' dir='ltr'><strong>pondus</strong></span> <span class='ocrx_word' id='word_1_847' title='bbox 3064 2765 3351 2838; x_wconf 75' lang='lat' dir='ltr'><strong>aliquando</strong></span> <span class='ocrx_word' id='word_1_848' title='bbox 3378 2783 3480 2838; x_wconf 88' lang='lat' dir='ltr'><strong>pro</strong></span> 
     </span>
    </p>
   </div>
   <div class='ocr_carea' id='block_1_111' title="bbox 1893 2826 3476 2904">
    <p class='ocr_par' dir='ltr' id='par_1_111' title="bbox 1893 2826 3476 2904">
     <span class='ocr_line' id='line_1_114' title="bbox 1893 2826 3476 2904; baseline 0.008 -24"><span class='ocrx_word' id='word_1_849' title='bbox 1893 2826 2171 2882; x_wconf 89' lang='lat' dir='ltr'><strong>hominum</strong></span> <span class='ocrx_word' id='word_1_850' title='bbox 2194 2831 2421 2904; x_wconf 89' lang='lat' dir='ltr'><strong>arbitrio</strong></span> <span class='ocrx_word' id='word_1_851' title='bbox 2448 2826 2663 2897; x_wconf 75' lang='lat' dir='ltr'><strong>mutari,</strong></span> <span class='ocrx_word' id='word_1_852' title='bbox 2706 2826 2875 2889; x_wconf 64' lang='lat' dir='ltr'><strong>voluit</strong></span> <span class='ocrx_word' id='word_1_853' title='bbox 2900 2826 3170 2904; x_wconf 79' lang='lat' dir='ltr'><strong>ejusmodi</strong></span> <span class='ocrx_word' id='word_1_854' title='bbox 3194 2826 3396 2891; x_wconf 66' lang='lat' dir='ltr'><strong>librauf</strong></span> <span class='ocrx_word' id='word_1_855' title='bbox 3419 2838 3476 2892; x_wconf 92' lang='lat' dir='ltr'><strong>in</strong></span> 
     </span>
    </p>
   </div>
   <div class='ocr_carea' id='block_1_112' title="bbox 1891 2903 3475 2977">
    <p class='ocr_par' dir='ltr' id='par_1_112' title="bbox 1891 2903 3475 2977">
     <span class='ocr_line' id='line_1_115' title="bbox 1891 2903 3475 2977; baseline 0.008 -27"><span class='ocrx_word' id='word_1_856' title='bbox 1891 2911 1990 2951; x_wconf 89' lang='lat' dir='ltr'><strong>suo</strong></span> <span class='ocrx_word' id='word_1_857' title='bbox 2037 2903 2364 2977; x_wconf 78' lang='lat' dir='ltr'><strong>monasterio</strong></span> <span class='ocrx_word' id='word_1_858' title='bbox 2416 2904 2619 2957; x_wconf 86' lang='lat' dir='ltr'><strong>servari</strong></span> <span class='ocrx_word' id='word_1_859' title='bbox 2650 2921 2679 2977; x_wconf 19' lang='grc' dir='ltr'><strong>εν</strong></span> <span class='ocrx_word' id='word_1_860' title='bbox 2716 2919 2852 2977; x_wconf 53' lang='grc' dir='ltr'><strong>(ωε</strong></span> <span class='ocrx_word' id='word_1_861' title='bbox 2876 2903 3057 2961; x_wconf 86' lang='lat' dir='ltr'><strong>tamen</strong></span> <span class='ocrx_word' id='word_1_862' title='bbox 3088 2922 3193 2962; x_wconf 92' lang='lat' dir='ltr'><strong>non</strong></span> <span class='ocrx_word' id='word_1_863' title='bbox 3244 2907 3475 2977; x_wconf 88' lang='lat' dir='ltr'><strong>amplius</strong></span> 
     </span>
    </p>
   </div>
   <div class='ocr_carea' id='block_1_113' title="bbox 1892 2970 3476 3047">
    <p class='ocr_par' dir='ltr' id='par_1_113' title="bbox 1892 2970 3476 3047">
     <span class='ocr_line' id='line_1_116' title="bbox 1892 2970 3476 3047; baseline 0.008 -27"><span class='ocrx_word' id='word_1_864' title='bbox 1892 2970 2161 3047; x_wconf 66' lang='lat' dir='ltr'><strong>exstatob</strong></span> <span class='ocrx_word' id='word_1_865' title='bbox 2184 2972 2364 3047; x_wconf 66' lang='lat' dir='ltr'><strong>varias</strong></span> <span class='ocrx_word' id='word_1_866' title='bbox 2392 2975 2706 3029; x_wconf 90' lang='lat' dir='ltr'><strong>monasterii</strong></span> <span class='ocrx_word' id='word_1_867' title='bbox 2733 2970 3043 3031; x_wconf 80' lang='lat' dir='ltr'><strong>Casinensis</strong></span> <span class='ocrx_word' id='word_1_868' title='bbox 3064 2970 3396 3046; x_wconf 79' lang='lat' dir='ltr'><strong>direptiones</strong></span> <span class='ocrx_word' id='word_1_869' title='bbox 3418 2986 3476 3032; x_wconf 89' lang='lat' dir='ltr'><strong>et</strong></span> 
     </span>
    </p>
   </div>
   <div class='ocr_carea' id='block_1_114' title="bbox 1894 3037 3478 3116">
    <p class='ocr_par' dir='ltr' id='par_1_114' title="bbox 1894 3037 3478 3116">
     <span class='ocr_line' id='line_1_117' title="bbox 1894 3037 3478 3116; baseline 0.008 -27"><span class='ocrx_word' id='word_1_870' title='bbox 1894 3037 2160 3116; x_wconf 78' lang='lat' dir='ltr'><strong>incendia.</strong></span> <span class='ocrx_word' id='word_1_871' title='bbox 2214 3041 2280 3094; x_wconf 88' lang='lat' dir='ltr'><strong>Et</strong></span> <span class='ocrx_word' id='word_1_872' title='bbox 2326 3056 2458 3096; x_wconf 84' lang='lat' dir='ltr'><strong>sane</strong></span> <span class='ocrx_word' id='word_1_873' title='bbox 2486 3047 2873 3116; x_wconf 86' lang='lat' dir='ltr'><strong>monachorum</strong></span> <span class='ocrx_word' id='word_1_874' title='bbox 2920 3037 3291 3116; x_wconf 62' lang='lat' dir='ltr'><strong>temperantia:</strong></span> <span class='ocrx_word' id='word_1_875' title='bbox 3337 3047 3478 3102; x_wconf 89' lang='lat' dir='ltr'><strong>male</strong></span> 
     </span>
    </p>
   </div>
   <div class='ocr_carea' id='block_1_115' title="bbox 1816 3108 3475 3198">
    <p class='ocr_par' dir='ltr' id='par_1_115' title="bbox 1816 3108 3475 3198">
     <span class='ocr_line' id='line_1_118' title="bbox 1816 3108 3475 3198; baseline 0.012 -40"><span class='ocrx_word' id='word_1_876' title='bbox 1816 3110 1861 3172; x_wconf 65' lang='grc' dir='ltr'><strong>(ς</strong></span> <span class='ocrx_word' id='word_1_877' title='bbox 1897 3108 2276 3198; x_wconf 61' lang='lat' dir='ltr'><strong>consuluisset,</strong></span> <span class='ocrx_word' id='word_1_878' title='bbox 2307 3127 2468 3193; x_wconf 80' lang='lat' dir='ltr'><strong>quam</strong></span> <span class='ocrx_word' id='word_1_879' title='bbox 2513 3113 2602 3169; x_wconf 84' lang='lat' dir='ltr'><strong>hic</strong></span> <span class='ocrx_word' id='word_1_880' title='bbox 2648 3116 2815 3169; x_wconf 90' lang='lat' dir='ltr'><strong>multa</strong></span> <span class='ocrx_word' id='word_1_881' title='bbox 2838 3108 3173 3198; x_wconf 57' lang='lat' dir='ltr'><strong>districjione</strong></span> <span class='ocrx_word' id='word_1_882' title='bbox 3212 3118 3475 3198; x_wconf 64' lang='lat' dir='ltr'><strong>praecipit.</strong></span> 
     </span>
    </p>
   </div>
   <div class='ocr_carea' id='block_1_116' title="bbox 1896 3177 3481 3258">
    <p class='ocr_par' dir='ltr' id='par_1_116' title="bbox 1896 3177 3481 3258">
     <span class='ocr_line' id='line_1_119' title="bbox 1896 3177 3481 3258; baseline 0.01 -29"><span class='ocrx_word' id='word_1_883' title='bbox 1896 3177 2296 3258; x_wconf 76' lang='lat' dir='ltr'><strong>sitantumdem</strong></span> <span class='ocrx_word' id='word_1_884' title='bbox 2322 3177 2504 3251; x_wconf 76' lang='lat' dir='ltr'><strong>panis,</strong></span> <span class='ocrx_word' id='word_1_885' title='bbox 2535 3196 2794 3258; x_wconf 85' lang='lat' dir='ltr'><strong>quantum</strong></span> <span class='ocrx_word' id='word_1_886' title='bbox 2840 3185 2974 3242; x_wconf 89' lang='lat' dir='ltr'><strong>libra</strong></span> <span class='ocrx_word' id='word_1_887' title='bbox 3006 3177 3316 3243; x_wconf 77' lang='lat' dir='ltr'><strong>Casinensis</strong></span> 
     </span>
    </p>
   </div>
   <div class='ocr_carea' id='block_1_117' title="bbox 1894 3249 3481 3330">
    <p class='ocr_par' dir='ltr' id='par_1_117' title="bbox 1894 3249 3481 3330">
     <span class='ocr_line' id='line_1_120' title="bbox 1894 3249 3481 3330; baseline 0.008 -30"><span class='ocrx_word' id='word_1_888' title='bbox 1894 3249 2362 3330; x_wconf 48' lang='lat' dir='ltr'><strong>sitat_,nedendum</strong></span> <span class='ocrx_word' id='word_1_889' title='bbox 2408 3249 2802 3330; x_wconf 69' lang='lat' dir='ltr'><strong>concessisset:</strong></span> <span class='ocrx_word' id='word_1_890' title='bbox 2849 3259 3256 3330; x_wconf 79' lang='lat' dir='ltr'><strong>maximecum</strong></span> <span class='ocrx_word' id='word_1_891' title='bbox 3300 3249 3481 3327; x_wconf 76' lang='lat' dir='ltr'><strong>hujus-</strong></span> 
     </span>
    </p>
   </div>
   <div class='ocr_carea' id='block_1_118' title="bbox 1894 3318 3474 3401">
    <p class='ocr_par' dir='ltr' id='par_1_118' title="bbox 1894 3318 3474 3401">
     <span class='ocr_line' id='line_1_121' title="bbox 1894 3318 3474 3401; baseline 0.008 -31"><span class='ocrx_word' id='word_1_892' title='bbox 1894 3318 2038 3401; x_wconf 78' lang='lat' dir='ltr'><strong>modi</strong></span> <span class='ocrx_word' id='word_1_893' title='bbox 2069 3318 2235 3401; x_wconf 74' lang='lat' dir='ltr'><strong>libra,</strong></span> <span class='ocrx_word' id='word_1_894' title='bbox 2272 3330 2333 3376; x_wconf 88' lang='lat' dir='ltr'><strong>ut</strong></span> <span class='ocrx_word' id='word_1_895' title='bbox 2361 3337 2435 3401; x_wconf 76' lang='lat' dir='ltr'><strong>ex</strong></span> <span class='ocrx_word' id='word_1_896' title='bbox 2462 3325 2702 3393; x_wconf 70' lang='lat' dir='ltr'><strong>praefatis</strong></span> <span class='ocrx_word' id='word_1_897' title='bbox 2748 3318 3474 3401; x_wconf 64' lang='lat' dir='ltr'><strong>declarationihusconstat,</strong></span> 
     </span>
    </p>
   </div>
   <div class='ocr_carea' id='block_1_119' title="bbox 1892 3387 3480 3464">
    <p class='ocr_par' dir='ltr' id='par_1_119' title="bbox 1892 3387 3480 3464">
     <span class='ocr_line' id='line_1_122' title="bbox 1892 3387 3480 3464; baseline 0.008 -24"><span class='ocrx_word' id='word_1_898' title='bbox 1892 3387 2012 3464; x_wconf 79' lang='lat' dir='ltr'><strong>plus</strong></span> <span class='ocrx_word' id='word_1_899' title='bbox 2040 3387 2486 3464; x_wconf 26' lang='lat' dir='ltr'><strong>panispen‘sitet&#39;,</strong></span> <span class='ocrx_word' id='word_1_900' title='bbox 2536 3410 2696 3464; x_wconf 91' lang='lat' dir='ltr'><strong>quam</strong></span> <span class='ocrx_word' id='word_1_901' title='bbox 2729 3400 3026 3453; x_wconf 88' lang='lat' dir='ltr'><strong>monachus</strong></span> <span class='ocrx_word' id='word_1_902' title='bbox 3053 3413 3162 3452; x_wconf 92' lang='lat' dir='ltr'><strong>uno</strong></span> <span class='ocrx_word' id='word_1_903' title='bbox 3187 3397 3275 3452; x_wconf 88' lang='lat' dir='ltr'><strong>die</strong></span> <span class='ocrx_word' id='word_1_904' title='bbox 3300 3387 3480 3453; x_wconf 77' lang='lat' dir='ltr'><strong>come-</strong></span> 
     </span>
    </p>
   </div>
   <div class='ocr_carea' id='block_1_120' title="bbox 1893 3458 3475 3529">
    <p class='ocr_par' dir='ltr' id='par_1_120' title="bbox 1893 3458 3475 3529">
     <span class='ocr_line' id='line_1_123' title="bbox 1893 3458 3475 3529; baseline 0.008 -18"><span class='ocrx_word' id='word_1_905' title='bbox 1893 3458 2027 3529; x_wconf 82' lang='lat' dir='ltr'><strong>dere</strong></span> <span class='ocrx_word' id='word_1_906' title='bbox 2071 3458 2261 3529; x_wconf 76' lang='lat' dir='ltr'><strong>possit.</strong></span> <span class='ocrx_word' id='word_1_907' title='bbox 2319 3461 2480 3517; x_wconf 90' lang='lat' dir='ltr'><strong>Libra</strong></span> <span class='ocrx_word' id='word_1_908' title='bbox 2525 3458 2707 3519; x_wconf 75' lang='lat' dir='ltr'><strong>autem</strong></span> <span class='ocrx_word' id='word_1_909' title='bbox 2750 3464 2994 3522; x_wconf 82' lang='lat' dir='ltr'><strong>Romana</strong></span> <span class='ocrx_word' id='word_1_910' title='bbox 3035 3484 3127 3522; x_wconf 89' lang='lat' dir='ltr'><strong>seu</strong></span> <span class='ocrx_word' id='word_1_911' title='bbox 3170 3466 3360 3522; x_wconf 85' lang='lat' dir='ltr'><strong>Latina</strong></span> <span class='ocrx_word' id='word_1_912' title='bbox 3390 3476 3475 3523; x_wconf 89' lang='lat' dir='ltr'><strong>est</strong></span> 
     </span>
    </p>
   </div>
   <div class='ocr_carea' id='block_1_121' title="bbox 1892 3527 3477 3607">
    <p class='ocr_par' dir='ltr' id='par_1_121' title="bbox 1892 3527 3477 3607">
     <span class='ocr_line' id='line_1_124' title="bbox 1892 3527 3477 3607; baseline 0.007 -25"><span class='ocrx_word' id='word_1_913' title='bbox 1892 3527 2174 3607; x_wconf 70' lang='lat' dir='ltr'><strong>duodecim</strong></span> <span class='ocrx_word' id='word_1_914' title='bbox 2225 3531 2528 3607; x_wconf 69' lang='lat' dir='ltr'><strong>unciarum.</strong></span> <span class='ocrx_word' id='word_1_915' title='bbox 2577 3544 2639 3588; x_wconf 91' lang='lat' dir='ltr'><strong>ut</strong></span> <span class='ocrx_word' id='word_1_916' title='bbox 2663 3535 3262 3607; x_wconf 30' lang='lat' dir='ltr'><strong>docentaEpiphanius</strong></span> <span class='ocrx_word' id='word_1_917' title='bbox 3286 3537 3376 3607; x_wconf 82' lang='lat' dir='ltr'><strong>lib.</strong></span> <span class='ocrx_word' id='word_1_918' title='bbox 3404 3538 3477 3607; x_wconf 84' lang='lat' dir='ltr'><strong>de</strong></span> 
     </span>
    </p>
   </div>
   <div class='ocr_carea' id='block_1_122' title="bbox 1891 3595 3472 3679">
    <p class='ocr_par' dir='ltr' id='par_1_122' title="bbox 1891 3595 3472 3679">
     <span class='ocr_line' id='line_1_125' title="bbox 1891 3595 3472 3679; baseline 0.008 -30"><span class='ocrx_word' id='word_1_919' title='bbox 1891 3595 2156 3679; x_wconf 55' lang='lat' dir='ltr'><strong>Menstiris</strong></span> <span class='ocrx_word' id='word_1_920' title='bbox 2182 3606 2237 3654; x_wconf 90' lang='lat' dir='ltr'><strong>et</strong></span> <span class='ocrx_word' id='word_1_921' title='bbox 2259 3600 2594 3679; x_wconf 63' lang='lat' dir='ltr'><strong>Ponderibus</strong></span> <span class='ocrx_word' id='word_1_922' title='bbox 2611 3643 2626 3668; x_wconf 95' lang='lat'><strong>,</strong></span> <span class='ocrx_word' id='word_1_923' title='bbox 2647 3611 2703 3679; x_wconf 78' lang='lat' dir='ltr'><strong>et</strong></span> <span class='ocrx_word' id='word_1_924' title='bbox 2723 3602 2781 3658; x_wconf 86' lang='lat' dir='ltr'><strong>S.</strong></span> <span class='ocrx_word' id='word_1_925' title='bbox 2799 3595 3045 3679; x_wconf 30' lang='lat' dir='ltr'><strong>‘lsidor&#39;us&#39;</strong></span> <span class='ocrx_word' id='word_1_926' title='bbox 3074 3607 3169 3679; x_wconf 85' lang='lat' dir='ltr'><strong>lib.</strong></span> <span class='ocrx_word' id='word_1_927' title='bbox 3205 3623 3293 3661; x_wconf 79' lang='lat' dir='ltr'>va</span> <span class='ocrx_word' id='word_1_928' title='bbox 3319 3606 3472 3679; x_wconf 88' lang='lat' dir='ltr'><strong>Orig.</strong></span> 
     </span>
    </p>
   </div>
   <div class='ocr_carea' id='block_1_123' title="bbox 1832 3668 3471 3745">
    <p class='ocr_par' dir='ltr' id='par_1_123' title="bbox 1832 3668 3471 3745">
     <span class='ocr_line' id='line_1_126' title="bbox 1832 3668 3471 3745; baseline 0.005 -24"><span class='ocrx_word' id='word_1_929' title='bbox 1832 3692 1839 3695; x_wconf 48' lang='grc' dir='ltr'><strong><em>ι</em></strong></span> <span class='ocrx_word' id='word_1_930' title='bbox 1888 3681 2010 3745; x_wconf 79' lang='lat' dir='ltr'><strong>cap.</strong></span> <span class='ocrx_word' id='word_1_931' title='bbox 2055 3668 2153 3721; x_wconf 69' lang='lat'><strong>24:</strong></span> <span class='ocrx_word' id='word_1_932' title='bbox 2211 3688 2231 3721; x_wconf 71' lang='grc' dir='ltr'>ι</span> <span class='ocrx_word' id='word_1_933' title='bbox 2260 3670 2429 3745; x_wconf 82' lang='lat' dir='ltr'><strong>Uncia</strong></span> <span class='ocrx_word' id='word_1_934' title='bbox 2458 3671 2624 3738; x_wconf 89' lang='lat' dir='ltr'><strong>dicta,</strong></span> <span class='ocrx_word' id='word_1_935' title='bbox 2663 3674 2857 3745; x_wconf 89' lang='lat' dir='ltr'><strong>inquit,</strong></span> <span class='ocrx_word' id='word_1_936' title='bbox 2891 3676 3034 3745; x_wconf 89' lang='lat' dir='ltr'><strong>quod</strong></span> <span class='ocrx_word' id='word_1_937' title='bbox 3062 3668 3471 3732; x_wconf 78' lang='lat' dir='ltr'><strong>universitatan</strong></span> 
     </span>
    </p>
   </div>
   <div class='ocr_carea' id='block_1_124' title="bbox 1889 3737 3468 3812">
    <p class='ocr_par' dir='ltr' id='par_1_124' title="bbox 1889 3737 3468 3812">
     <span class='ocr_line' id='line_1_127' title="bbox 1889 3737 3468 3812; baseline 0.006 -22"><span class='ocrx_word' id='word_1_938' title='bbox 1889 3737 2160 3812; x_wconf 80' lang='lat' dir='ltr'><strong>minorum</strong></span> <span class='ocrx_word' id='word_1_939' title='bbox 2209 3740 2507 3812; x_wconf 73' lang='lat' dir='ltr'><strong>ponderum</strong></span> <span class='ocrx_word' id='word_1_940' title='bbox 2556 3758 2653 3798; x_wconf 89' lang='lat' dir='ltr'><strong>sua</strong></span> <span class='ocrx_word' id='word_1_941' title='bbox 2707 3737 2925 3801; x_wconf 69' lang='lat' dir='ltr'><strong>unitate</strong></span> <span class='ocrx_word' id='word_1_942' title='bbox 2967 3746 3209 3810; x_wconf 88' lang='lat' dir='ltr'><strong>vinciat,</strong></span> <span class='ocrx_word' id='word_1_943' title='bbox 3258 3747 3311 3801; x_wconf 92' lang='lat' dir='ltr'><strong>id</strong></span> <span class='ocrx_word' id='word_1_944' title='bbox 3358 3755 3468 3812; x_wconf 89' lang='lat' dir='ltr'><strong>est,</strong></span> 
     </span>
    </p>
   </div>
   <div class='ocr_carea' id='block_1_125' title="bbox 1889 3807 3468 3881">
    <p class='ocr_par' dir='ltr' id='par_1_125' title="bbox 1889 3807 3468 3881">
     <span class='ocr_line' id='line_1_128' title="bbox 1889 3807 3468 3881; baseline 0.004 -19"><span class='ocrx_word' id='word_1_945' title='bbox 1889 3807 2300 3881; x_wconf 81' lang='lat' dir='ltr'><strong>complectatur.</strong></span> <span class='ocrx_word' id='word_1_946' title='bbox 2328 3809 2554 3867; x_wconf 90' lang='lat' dir='ltr'><strong>Constat</strong></span> <span class='ocrx_word' id='word_1_947' title='bbox 2591 3820 2770 3869; x_wconf 87' lang='lat' dir='ltr'><strong>autem</strong></span> <span class='ocrx_word' id='word_1_948' title='bbox 2801 3815 3074 3871; x_wconf 89' lang='lat' dir='ltr'><strong>drachmis</strong></span> <span class='ocrx_word' id='word_1_949' title='bbox 3098 3807 3243 3881; x_wconf 87' lang='lat' dir='ltr'><strong>octo,</strong></span> <span class='ocrx_word' id='word_1_950' title='bbox 3279 3815 3335 3871; x_wconf 82' lang='lat' dir='ltr'><strong>id</strong></span> <span class='ocrx_word' id='word_1_951' title='bbox 3369 3807 3468 3881; x_wconf 76' lang='lat' dir='ltr'><strong>est,</strong></span> 
     </span>
    </p>
   </div>
   <div class='ocr_carea' id='block_1_126' title="bbox 1888 3877 3469 3963">
    <p class='ocr_par' dir='ltr' id='par_1_126' title="bbox 1888 3877 3469 3963">
     <span class='ocr_line' id='line_1_129' title="bbox 1888 3877 3469 3963; baseline 0.006 -34"><span class='ocrx_word' id='word_1_952' title='bbox 1888 3877 2156 3963; x_wconf 73' lang='lat' dir='ltr'><strong>scrupulis</strong></span> <span class='ocrx_word' id='word_1_953' title='bbox 2194 3879 2387 3963; x_wconf 65' lang='lat' dir='ltr'><strong>viginti</strong></span> <span class='ocrx_word' id='word_1_954' title='bbox 2431 3889 2679 3963; x_wconf 86' lang='lat' dir='ltr'><strong>quatuor,</strong></span> <span class='ocrx_word' id='word_1_955' title='bbox 2733 3886 2877 3953; x_wconf 89' lang='lat' dir='ltr'><strong>quod</strong></span> <span class='ocrx_word' id='word_1_956' title='bbox 2905 3886 3132 3963; x_wconf 80' lang='lat' dir='ltr'><strong>proinde</strong></span> <span class='ocrx_word' id='word_1_957' title='bbox 3166 3877 3469 3963; x_wconf 78' lang='lat' dir='ltr'><strong>legitimum</strong></span> 
     </span>
    </p>
   </div>
   <div class='ocr_carea' id='block_1_127' title="bbox 1885 3947 3471 4026">
    <p class='ocr_par' dir='ltr' id='par_1_127' title="bbox 1885 3947 3471 4026">
     <span class='ocr_line' id='line_1_130' title="bbox 1885 3947 3471 4026; baseline 0.006 -26"><span class='ocrx_word' id='word_1_958' title='bbox 1885 3947 2323 4026; x_wconf 62' lang='lat' dir='ltr'><strong>pondusbabe&#39;t;</strong></span> <span class='ocrx_word' id='word_1_959' title='bbox 2370 3947 2498 4021; x_wconf 86' lang='lat' dir='ltr'><strong>quia</strong></span> <span class='ocrx_word' id='word_1_960' title='bbox 2527 3947 2784 4026; x_wconf 77' lang='lat' dir='ltr'><strong>numerus</strong></span> <span class='ocrx_word' id='word_1_961' title='bbox 2829 3947 3203 4026; x_wconf 71' lang='lat' dir='ltr'><strong>scrupulorum</strong></span> <span class='ocrx_word' id='word_1_962' title='bbox 3219 3947 3351 4026; x_wconf 56' lang='lat' dir='ltr'><strong>eius</strong></span> <span class='ocrx_word' id='word_1_963' title='bbox 3380 3957 3471 4010; x_wconf 83' lang='lat' dir='ltr'><strong>ho-</strong></span> 
     </span>
    </p>
   </div>
   <div class='ocr_carea' id='block_1_128' title="bbox 1887 4018 3467 4095">
    <p class='ocr_par' dir='ltr' id='par_1_128' title="bbox 1887 4018 3467 4095">
     <span class='ocr_line' id='line_1_131' title="bbox 1887 4018 3467 4095; baseline 0.006 -24"><span class='ocrx_word' id='word_1_964' title='bbox 1887 4033 1977 4095; x_wconf 70' lang='lat' dir='ltr'><strong>ras</strong></span> <span class='ocrx_word' id='word_1_965' title='bbox 2013 4018 2122 4095; x_wconf 76' lang='lat' dir='ltr'><strong>diei</strong></span> <span class='ocrx_word' id='word_1_966' title='bbox 2168 4018 2453 4090; x_wconf 79' lang='lat' dir='ltr'><strong>noctisque</strong></span> <span class='ocrx_word' id='word_1_967' title='bbox 2482 4024 2722 4095; x_wconf 87' lang='lat' dir='ltr'><strong>metitur,</strong></span> <span class='ocrx_word' id='word_1_968' title='bbox 2772 4025 2857 4080; x_wconf 91' lang='lat' dir='ltr'><strong>vel</strong></span> <span class='ocrx_word' id='word_1_969' title='bbox 2903 4018 3028 4095; x_wconf 78' lang='lat' dir='ltr'><strong>quia</strong></span> <span class='ocrx_word' id='word_1_970' title='bbox 3057 4018 3467 4090; x_wconf 59' lang='lat' dir='ltr'><strong>libram&#39;efticit,</strong></span> 
     </span>
    </p>
   </div>
   <div class='ocr_carea' id='block_1_129' title="bbox 1886 4087 3468 4165">
    <p class='ocr_par' dir='ltr' id='par_1_129' title="bbox 1886 4087 3468 4165">
     <span class='ocr_line' id='line_1_132' title="bbox 1886 4087 3468 4165; baseline 0.006 -26"><span class='ocrx_word' id='word_1_971' title='bbox 1886 4087 2176 4165; x_wconf 71' lang='lat' dir='ltr'><strong>duodecies</strong></span> <span class='ocrx_word' id='word_1_972' title='bbox 2211 4087 2564 4165; x_wconf 64' lang='lat' dir='ltr'><strong>commutatus</strong></span> <span class='ocrx_word' id='word_1_973' title='bbox 2604 4093 2673 4147; x_wconf 78' lang='grc'><strong>12</strong></span> <span class='ocrx_word' id='word_1_974' title='bbox 2707 4096 2884 4150; x_wconf 90' lang='lat' dir='ltr'><strong>unciis</strong></span> <span class='ocrx_word' id='word_1_975' title='bbox 2912 4087 3210 4165; x_wconf 79' lang='lat' dir='ltr'><strong>perficitur,</strong></span> <span class='ocrx_word' id='word_1_976' title='bbox 3259 4104 3316 4151; x_wconf 91' lang='lat' dir='ltr'><strong>et</strong></span> <span class='ocrx_word' id='word_1_977' title='bbox 3342 4087 3468 4150; x_wconf 87' lang='lat' dir='ltr'><strong>inde</strong></span> 
     </span>
    </p>
   </div>
   <div class='ocr_carea' id='block_1_130' title="bbox 1886 4157 3470 4244">
    <p class='ocr_par' dir='ltr' id='par_1_130' title="bbox 1886 4157 3470 4244">
     <span class='ocr_line' id='line_1_133' title="bbox 1886 4157 3470 4244; baseline 0.007 -34"><span class='ocrx_word' id='word_1_978' title='bbox 1886 4157 2115 4244; x_wconf 72' lang='lat' dir='ltr'><strong>habetur</strong></span> <span class='ocrx_word' id='word_1_979' title='bbox 2152 4157 2375 4244; x_wconf 75' lang='lat' dir='ltr'><strong>perfecti</strong></span> <span class='ocrx_word' id='word_1_980' title='bbox 2424 4161 2679 4244; x_wconf 76' lang='lat' dir='ltr'><strong>ponderis</strong></span> <span class='ocrx_word' id='word_1_981' title='bbox 2712 4180 2892 4244; x_wconf 65' lang='lat' dir='ltr'><strong>genus</strong></span> <span class='ocrx_word' id='word_1_982' title='bbox 2907 4157 2928 4219; x_wconf 75' lang='grc' dir='ltr'><em>Ξ</em></span> <span class='ocrx_word' id='word_1_983' title='bbox 2978 4166 3105 4244; x_wconf 81' lang='lat' dir='ltr'><strong>quia</strong></span> <span class='ocrx_word' id='word_1_984' title='bbox 3148 4157 3225 4223; x_wconf 84' lang='lat' dir='ltr'><strong>tot</strong></span> <span class='ocrx_word' id='word_1_985' title='bbox 3254 4172 3470 4222; x_wconf 88' lang='lat' dir='ltr'><strong>constat</strong></span> 
     </span>
    </p>
   </div>
   <div class='ocr_carea' id='block_1_131' title="bbox 1884 4229 3466 4309">
    <p class='ocr_par' dir='ltr' id='par_1_131' title="bbox 1884 4229 3466 4309">
     <span class='ocr_line' id='line_1_134' title="bbox 1884 4229 3466 4309; baseline 0.006 -28"><span class='ocrx_word' id='word_1_986' title='bbox 1884 4229 2080 4309; x_wconf 75' lang='lat' dir='ltr'><strong>unciis,</strong></span> <span class='ocrx_word' id='word_1_987' title='bbox 2109 4238 2243 4309; x_wconf 80' lang='lat' dir='ltr'><strong>quot</strong></span> <span class='ocrx_word' id='word_1_988' title='bbox 2269 4229 2543 4309; x_wconf 80' lang='lat' dir='ltr'><strong>mensibus</strong></span> <span class='ocrx_word' id='word_1_989' title='bbox 2566 4229 2760 4309; x_wconf 71' lang='lat' dir='ltr'><strong>annus.</strong></span> <span class='ocrx_word' id='word_1_990' title='bbox 2810 4256 2828 4288; x_wconf 77' lang='grc' dir='ltr'><strong><em>ι</em></strong></span> <span class='ocrx_word' id='word_1_991' title='bbox 2855 4229 3065 4309; x_wconf 43' lang='lat' dir='ltr'><strong>Post-r6</strong></span> <span class='ocrx_word' id='word_1_992' title='bbox 3114 4246 3466 4309; x_wconf 62' lang='lat' dir='ltr'><strong>computatus,</strong></span> 
     </span>
    </p>
   </div>
   <div class='ocr_carea' id='block_1_132' title="bbox 1884 4298 3470 4371">
    <p class='ocr_par' dir='ltr' id='par_1_132' title="bbox 1884 4298 3470 4371">
     <span class='ocr_line' id='line_1_135' title="bbox 1884 4298 3470 4371; baseline 0.006 -20"><span class='ocrx_word' id='word_1_993' title='bbox 1884 4298 2153 4371; x_wconf 64' lang='lat' dir='ltr'><strong>videntur,</strong></span> <span class='ocrx_word' id='word_1_994' title='bbox 2184 4302 2298 4355; x_wconf 68' lang='lat' dir='ltr'><strong>haec</strong></span> <span class='ocrx_word' id='word_1_995' title='bbox 2322 4304 2510 4367; x_wconf 87' lang='lat' dir='ltr'><strong>verba,</strong></span> <span class='ocrx_word' id='word_1_996' title='bbox 2543 4321 2666 4358; x_wconf 88' lang='lat' dir='ltr'><strong>nam</strong></span> <span class='ocrx_word' id='word_1_997' title='bbox 2697 4305 2857 4371; x_wconf 85' lang='lat' dir='ltr'><strong>libra,</strong></span> <span class='ocrx_word' id='word_1_998' title='bbox 2899 4308 3164 4362; x_wconf 84' lang='lat' dir='ltr'><strong>addenda.</strong></span> <span class='ocrx_word' id='word_1_999' title='bbox 3214 4298 3308 4363; x_wconf 77' lang='lat' dir='ltr'><strong>His</strong></span> <span class='ocrx_word' id='word_1_1000' title='bbox 3346 4298 3470 4362; x_wconf 53' lang='lat' dir='ltr'><strong>sub;</strong></span> 
     </span>
    </p>
   </div>
   <div class='ocr_carea' id='block_1_133' title="bbox 1883 4368 3388 4446">
    <p class='ocr_par' dir='ltr' id='par_1_133' title="bbox 1883 4368 3388 4446">
     <span class='ocr_line' id='line_1_136' title="bbox 1883 4368 3388 4446; baseline 0.008 -26"><span class='ocrx_word' id='word_1_1001' title='bbox 1883 4369 2076 4423; x_wconf 83' lang='lat' dir='ltr'><strong>scribit</strong></span> <span class='ocrx_word' id='word_1_1002' title='bbox 2105 4368 2345 4426; x_wconf 88' lang='lat' dir='ltr'><strong>Fannius</strong></span> <span class='ocrx_word' id='word_1_1003' title='bbox 2370 4372 2675 4430; x_wconf 81' lang='lat' dir='ltr'><strong>Rhemnius</strong></span> <span class='ocrx_word' id='word_1_1004' title='bbox 2703 4368 2950 4446; x_wconf 86' lang='lat' dir='ltr'><strong>poemate</strong></span> <span class='ocrx_word' id='word_1_1005' title='bbox 2977 4376 3045 4432; x_wconf 91' lang='lat' dir='ltr'><strong>de</strong></span> <span class='ocrx_word' id='word_1_1006' title='bbox 3075 4378 3347 4433; x_wconf 90' lang='lat' dir='ltr'><strong>mensuris</strong></span> <span class='ocrx_word' id='word_1_1007' title='bbox 3371 4394 3388 4431; x_wconf 86' lang='lat'><strong>:</strong></span> 
     </span>
    </p>
   </div>
   <div class='ocr_carea' id='block_1_134' title="bbox 2006 4459 3309 4528">
    <p class='ocr_par' dir='ltr' id='par_1_134' title="bbox 2006 4459 3309 4528">
     <span class='ocr_line' id='line_1_137' title="bbox 2006 4459 3309 4528; baseline 0.005 -20"><span class='ocrx_word' id='word_1_1008' title='bbox 2006 4459 2149 4528; x_wconf 61' lang='lat' dir='ltr'><strong>Quoia</strong></span> <span class='ocrx_word' id='word_1_1009' title='bbox 2175 4460 2225 4510; x_wconf 86' lang='lat' dir='ltr'><strong>fit</strong></span> <span class='ocrx_word' id='word_1_1010' title='bbox 2247 4464 2488 4528; x_wconf 73' lang='lat' dir='ltr'><strong>drachmis</strong></span> <span class='ocrx_word' id='word_1_1011' title='bbox 2511 4466 2585 4513; x_wconf 87' lang='lat' dir='ltr'><strong>bis</strong></span> <span class='ocrx_word' id='word_1_1012' title='bbox 2607 4472 2814 4527; x_wconf 86' lang='lat' dir='ltr'><strong>quatuor</strong></span> <span class='ocrx_word' id='word_1_1013' title='bbox 2839 4481 2851 4517; x_wconf 92' lang='lat'><strong>:</strong></span> <span class='ocrx_word' id='word_1_1014' title='bbox 2877 4468 3007 4516; x_wconf 88' lang='lat' dir='ltr'><strong>unde</strong></span> <span class='ocrx_word' id='word_1_1015' title='bbox 3048 4468 3309 4528; x_wconf 87' lang='lat' dir='ltr'><strong>putandum</strong></span> 
     </span>
    </p>
   </div>
   <div class='ocr_carea' id='block_1_135' title="bbox 2000 4521 3299 4589">
    <p class='ocr_par' dir='ltr' id='par_1_135' title="bbox 2000 4521 3299 4589">
     <span class='ocr_line' id='line_1_138' title="bbox 2000 4521 3299 4589; baseline 0.002 -17"><span class='ocrx_word' id='word_1_1016' title='bbox 2000 4521 2274 4589; x_wconf 65' lang='lat' dir='ltr'><strong>ﬁratnmata</strong></span> <span class='ocrx_word' id='word_1_1017' title='bbox 2300 4527 2446 4585; x_wconf 86' lang='lat' dir='ltr'><strong>dicta,</strong></span> <span class='ocrx_word' id='word_1_1018' title='bbox 2474 4528 2600 4587; x_wconf 79' lang='lat' dir='ltr'><strong>quod</strong></span> <span class='ocrx_word' id='word_1_1019' title='bbox 2625 4521 2730 4589; x_wconf 65' lang='lat' dir='ltr'><strong>haec</strong></span> <span class='ocrx_word' id='word_1_1020' title='bbox 2752 4529 2920 4587; x_wconf 82' lang='lat' dir='ltr'><strong>viginti</strong></span> <span class='ocrx_word' id='word_1_1021' title='bbox 2945 4521 3152 4589; x_wconf 75' lang='lat' dir='ltr'><strong>quatuor</strong></span> <span class='ocrx_word' id='word_1_1022' title='bbox 3173 4530 3219 4576; x_wconf 87' lang='lat' dir='ltr'><strong>in</strong></span> <span class='ocrx_word' id='word_1_1023' title='bbox 3244 4541 3299 4575; x_wconf 79' lang='lat' dir='ltr'><strong>se</strong></span> 
     </span>
    </p>
   </div>
   <div class='ocr_carea' id='block_1_136' title="bbox 2004 4582 3331 4647">
    <p class='ocr_par' dir='ltr' id='par_1_136' title="bbox 2004 4582 3331 4647">
     <span class='ocr_line' id='line_1_139' title="bbox 2004 4582 3331 4647; baseline 0.005 -17"><span class='ocrx_word' id='word_1_1024' title='bbox 2004 4582 2153 4647; x_wconf 59' lang='grc' dir='ltr'><strong>μηρία</strong></span> <span class='ocrx_word' id='word_1_1025' title='bbox 2180 4587 2357 4634; x_wconf 74' lang='lat' dir='ltr'><strong>habet:</strong></span> <span class='ocrx_word' id='word_1_1026' title='bbox 2382 4582 2452 4636; x_wconf 82' lang='lat' dir='ltr'><strong>tot.</strong></span> <span class='ocrx_word' id='word_1_1027' title='bbox 2475 4582 2603 4636; x_wconf 80' lang='lat' dir='ltr'><strong>enim</strong></span> <span class='ocrx_word' id='word_1_1028' title='bbox 2628 4582 2901 4638; x_wconf 36' lang='lat' dir='ltr'><strong>formisvvox</strong></span> <span class='ocrx_word' id='word_1_1029' title='bbox 2931 4582 3092 4637; x_wconf 79' lang='lat' dir='ltr'><strong>nostra</strong></span> <span class='ocrx_word' id='word_1_1030' title='bbox 3119 4599 3331 4647; x_wconf 77' lang='lat' dir='ltr'><strong>notatur,</strong></span> 
     </span>
    </p>
   </div>
   <div class='ocr_carea' id='block_1_137' title="bbox 1997 4642 3341 4711">
    <p class='ocr_par' dir='ltr' id='par_1_137' title="bbox 1997 4642 3341 4711">
     <span class='ocr_line' id='line_1_140' title="bbox 1997 4642 3341 4711; baseline 0.007 -19"><span class='ocrx_word' id='word_1_1031' title='bbox 1997 4642 2157 4711; x_wconf 59' lang='lat' dir='ltr'><strong>ﬂoris,</strong></span> <span class='ocrx_word' id='word_1_1032' title='bbox 2186 4648 2314 4706; x_wconf 88' lang='lat' dir='ltr'><strong>quod</strong></span> <span class='ocrx_word' id='word_1_1033' title='bbox 2339 4656 2545 4711; x_wconf 79' lang='lat' dir='ltr'><strong>mundus</strong></span> <span class='ocrx_word' id='word_1_1034' title='bbox 2566 4654 2755 4711; x_wconf 73' lang='lat' dir='ltr'><strong>peragit</strong></span> <span class='ocrx_word' id='word_1_1035' title='bbox 2780 4660 3075 4707; x_wconf 84' lang='lat' dir='ltr'><strong>noctemque</strong></span> <span class='ocrx_word' id='word_1_1036' title='bbox 3090 4642 3341 4711; x_wconf 73' lang='lat' dir='ltr'><strong>diemque.</strong></span> 
     </span>
    </p>
   </div>
   <div class='ocr_carea' id='block_1_138' title="bbox 1999 4703 3320 4774">
    <p class='ocr_par' dir='ltr' id='par_1_138' title="bbox 1999 4703 3320 4774">
     <span class='ocr_line' id='line_1_141' title="bbox 1999 4703 3320 4774; baseline 0.003 -20"><span class='ocrx_word' id='word_1_1037' title='bbox 1999 4703 2252 4768; x_wconf 71' lang='lat' dir='ltr'><strong>Uncinque</strong></span> <span class='ocrx_word' id='word_1_1038' title='bbox 2275 4711 2325 4756; x_wconf 89' lang='lat' dir='ltr'><strong>ln</strong></span> <span class='ocrx_word' id='word_1_1039' title='bbox 2351 4709 2473 4758; x_wconf 82' lang='lat' dir='ltr'><strong>libra</strong></span> <span class='ocrx_word' id='word_1_1040' title='bbox 2499 4703 2605 4770; x_wconf 66' lang='lat' dir='ltr'><strong>pars</strong></span> <span class='ocrx_word' id='word_1_1041' title='bbox 2629 4703 2725 4773; x_wconf 65' lang='grc' dir='ltr'><strong>θεῖ’,</strong></span> <span class='ocrx_word' id='word_1_1042' title='bbox 2748 4712 2874 4774; x_wconf 81' lang='lat' dir='ltr'><strong>quod</strong></span> <span class='ocrx_word' id='word_1_1043' title='bbox 2902 4703 3084 4761; x_wconf 76' lang='lat' dir='ltr'><strong>Iliensis</strong></span> <span class='ocrx_word' id='word_1_1044' title='bbox 3106 4713 3153 4760; x_wconf 90' lang='lat' dir='ltr'><strong>iu</strong></span> <span class='ocrx_word' id='word_1_1045' title='bbox 3179 4703 3320 4760; x_wconf 76' lang='lat' dir='ltr'><strong>anno.</strong></span> 
     </span>
    </p>
   </div>
   <div class='ocr_carea' id='block_1_139' title="bbox 1869 4783 3463 4863">
    <p class='ocr_par' dir='ltr' id='par_1_139' title="bbox 1869 4783 3463 4863">
     <span class='ocr_line' id='line_1_142' title="bbox 1869 4783 3463 4863; baseline 0.004 -22"><span class='ocrx_word' id='word_1_1046' title='bbox 1869 4783 2123 4863; x_wconf 79' lang='lat' dir='ltr'><strong>Gramina</strong></span> <span class='ocrx_word' id='word_1_1047' title='bbox 2148 4799 2330 4863; x_wconf 80' lang='lat' dir='ltr'><strong>autem</strong></span> <span class='ocrx_word' id='word_1_1048' title='bbox 2373 4806 2467 4844; x_wconf 90' lang='lat' dir='ltr'><strong>seu</strong></span> <span class='ocrx_word' id='word_1_1049' title='bbox 2493 4789 2674 4863; x_wconf 76' lang='lat' dir='ltr'><strong>iittera</strong></span> <span class='ocrx_word' id='word_1_1050' title='bbox 2705 4801 2789 4848; x_wconf 87' lang='lat' dir='ltr'><strong>est</strong></span> <span class='ocrx_word' id='word_1_1051' title='bbox 2818 4793 3126 4862; x_wconf 90' lang='lat' dir='ltr'><strong>scrupulus,</strong></span> <span class='ocrx_word' id='word_1_1052' title='bbox 3164 4794 3256 4863; x_wconf 90' lang='lat' dir='ltr'><strong>qui</strong></span> <span class='ocrx_word' id='word_1_1053' title='bbox 3295 4793 3463 4848; x_wconf 87' lang='lat' dir='ltr'><strong>conli-</strong></span> 
     </span>
    </p>
   </div>
   <div class='ocr_carea' id='block_1_140' title="bbox 1870 4857 3118 4922">
    <p class='ocr_par' dir='ltr' id='par_1_140' title="bbox 1870 4857 3118 4922">
     <span class='ocr_line' id='line_1_143' title="bbox 1870 4857 3118 4922; baseline 0.007 -13"><span class='ocrx_word' id='word_1_1054' title='bbox 1870 4865 1963 4910; x_wconf 88' lang='lat' dir='ltr'><strong>net</strong></span> <span class='ocrx_word' id='word_1_1055' title='bbox 1997 4857 2131 4911; x_wconf 90' lang='lat' dir='ltr'><strong>duos</strong></span> <span class='ocrx_word' id='word_1_1056' title='bbox 2153 4858 2359 4922; x_wconf 91' lang='lat' dir='ltr'><strong>obolos,</strong></span> <span class='ocrx_word' id='word_1_1057' title='bbox 2392 4871 2451 4913; x_wconf 85' lang='lat' dir='ltr'><strong>ut</strong></span> <span class='ocrx_word' id='word_1_1058' title='bbox 2475 4861 2634 4916; x_wconf 90' lang='lat' dir='ltr'><strong>docet</strong></span> <span class='ocrx_word' id='word_1_1059' title='bbox 2665 4863 2805 4917; x_wconf 90' lang='lat' dir='ltr'><strong>idem</strong></span> <span class='ocrx_word' id='word_1_1060' title='bbox 2835 4857 3078 4918; x_wconf 77' lang='lat' dir='ltr'><strong>Fannius</strong></span> <span class='ocrx_word' id='word_1_1061' title='bbox 3104 4857 3118 4918; x_wconf 68' lang='grc' dir='ltr'><em>ἐ</em></span> 
     </span>
    </p>
   </div>
   <div class='ocr_carea' id='block_1_141' title="bbox 1992 4948 3395 5015">
    <p class='ocr_par' dir='ltr' id='par_1_141' title="bbox 1992 4948 3395 5015">
     <span class='ocr_line' id='line_1_144' title="bbox 1992 4948 3395 5015; baseline 0.008 -23"><span class='ocrx_word' id='word_1_1062' title='bbox 1992 4948 2258 5015; x_wconf 75' lang='lat' dir='ltr'><strong>§emiohnli</strong></span> <span class='ocrx_word' id='word_1_1063' title='bbox 2282 4950 2483 5010; x_wconf 86' lang='lat' dir='ltr'><strong>duplum</strong></span> <span class='ocrx_word' id='word_1_1064' title='bbox 2511 4960 2584 4999; x_wconf 87' lang='lat' dir='ltr'><strong>est</strong></span> <span class='ocrx_word' id='word_1_1065' title='bbox 2610 4953 2800 5015; x_wconf 82' lang='lat' dir='ltr'><strong>obolus,</strong></span> <span class='ocrx_word' id='word_1_1066' title='bbox 2826 4966 2975 5015; x_wconf 65' lang='lat' dir='ltr'><strong>quem</strong></span> <span class='ocrx_word' id='word_1_1067' title='bbox 3002 4954 3219 5013; x_wconf 87' lang='lat' dir='ltr'><strong>pondere</strong></span> <span class='ocrx_word' id='word_1_1068' title='bbox 3247 4953 3395 5015; x_wconf 87' lang='lat' dir='ltr'><strong>duplo</strong></span> 
     </span>
    </p>
   </div>
   <div class='ocr_carea' id='block_1_142' title="bbox 1991 5010 3355 5076">
    <p class='ocr_par' dir='ltr' id='par_1_142' title="bbox 1991 5010 3355 5076">
     <span class='ocr_line' id='line_1_145' title="bbox 1991 5010 3355 5076; baseline 0.004 -19"><span class='ocrx_word' id='word_1_1069' title='bbox 1991 5010 2213 5057; x_wconf 77' lang='lat' dir='ltr'><strong>Gramina</strong></span> <span class='ocrx_word' id='word_1_1070' title='bbox 2242 5022 2435 5073; x_wconf 82' lang='lat' dir='ltr'><strong>vocant,</strong></span> <span class='ocrx_word' id='word_1_1071' title='bbox 2458 5014 2736 5076; x_wconf 71' lang='lat' dir='ltr'><strong>scrupu3uui</strong></span> <span class='ocrx_word' id='word_1_1072' title='bbox 2763 5010 2914 5063; x_wconf 68' lang='lat' dir='ltr'><strong>nostri</strong></span> <span class='ocrx_word' id='word_1_1073' title='bbox 2943 5010 3118 5064; x_wconf 63' lang='lat' dir='ltr'><strong>diiere</strong></span> <span class='ocrx_word' id='word_1_1074' title='bbox 3144 5010 3355 5076; x_wconf 75' lang='lat' dir='ltr'><strong>priores.</strong></span> 
     </span>
    </p>
   </div>
   <div class='ocr_carea' id='block_1_143' title="bbox 1870 5097 3455 5174">
    <p class='ocr_par' dir='ltr' id='par_1_143' title="bbox 1870 5097 3455 5174">
     <span class='ocr_line' id='line_1_146' title="bbox 1870 5097 3455 5174; baseline 0.004 -20"><span class='ocrx_word' id='word_1_1075' title='bbox 1870 5097 2169 5174; x_wconf 80' lang='lat' dir='ltr'><strong>Scrupulus</strong></span> <span class='ocrx_word' id='word_1_1076' title='bbox 2213 5119 2455 5174; x_wconf 88' lang='lat' dir='ltr'><strong>gramma</strong></span> <span class='ocrx_word' id='word_1_1077' title='bbox 2508 5105 2727 5170; x_wconf 87' lang='lat' dir='ltr'><strong>dicitur,</strong></span> <span class='ocrx_word' id='word_1_1078' title='bbox 2783 5104 2837 5158; x_wconf 92' lang='lat' dir='ltr'><strong>id</strong></span> <span class='ocrx_word' id='word_1_1079' title='bbox 2889 5113 3001 5169; x_wconf 89' lang='lat' dir='ltr'><strong>est,</strong></span> <span class='ocrx_word' id='word_1_1080' title='bbox 3049 5105 3270 5168; x_wconf 88' lang='lat' dir='ltr'><strong>littera,</strong></span> <span class='ocrx_word' id='word_1_1081' title='bbox 3326 5121 3455 5161; x_wconf 90' lang='lat' dir='ltr'><strong>nam</strong></span> 
     </span>
    </p>
   </div>
   <div class='ocr_carea' id='block_1_144' title="bbox 1867 5170 3456 5247">
    <p class='ocr_par' dir='ltr' id='par_1_144' title="bbox 1867 5170 3456 5247">
     <span class='ocr_line' id='line_1_147' title="bbox 1867 5170 3456 5247; baseline 0.005 -25"><span class='ocrx_word' id='word_1_1082' title='bbox 1867 5170 2321 5247; x_wconf 70' lang='lat' dir='ltr'><strong>quemadmodum</strong></span> <span class='ocrx_word' id='word_1_1083' title='bbox 2353 5189 2453 5247; x_wconf 75' lang='lat' dir='ltr'><strong>vox</strong></span> <span class='ocrx_word' id='word_1_1084' title='bbox 2480 5175 2715 5247; x_wconf 86' lang='lat' dir='ltr'><strong>humana</strong></span> <span class='ocrx_word' id='word_1_1085' title='bbox 2746 5183 2981 5244; x_wconf 88' lang='lat' dir='ltr'><strong>quatuor</strong></span> <span class='ocrx_word' id='word_1_1086' title='bbox 3006 5184 3060 5230; x_wconf 84' lang='lat' dir='ltr'><strong>et</strong></span> <span class='ocrx_word' id='word_1_1087' title='bbox 3099 5175 3456 5247; x_wconf 56' lang='lat' dir='ltr'><strong>vigintilitteg</strong></span> 
     </span>
    </p>
   </div>
   <div class='ocr_carea' id='block_1_145' title="bbox 1869 5240 3455 5316">
    <p class='ocr_par' dir='ltr' id='par_1_145' title="bbox 1869 5240 3455 5316">
     <span class='ocr_line' id='line_1_148' title="bbox 1869 5240 3455 5316; baseline 0.006 -23"><span class='ocrx_word' id='word_1_1088' title='bbox 1869 5242 1945 5294; x_wconf 89' lang='lat' dir='ltr'><strong>ris</strong></span> <span class='ocrx_word' id='word_1_1089' title='bbox 1977 5240 2277 5316; x_wconf 70' lang='lat' dir='ltr'><strong>formatur,</strong></span> <span class='ocrx_word' id='word_1_1090' title='bbox 2315 5245 2408 5316; x_wconf 73' lang='lat' dir='ltr'><strong>sic</strong></span> <span class='ocrx_word' id='word_1_1091' title='bbox 2439 5245 2598 5316; x_wconf 85' lang='lat' dir='ltr'><strong>uncia</strong></span> <span class='ocrx_word' id='word_1_1092' title='bbox 2629 5240 2841 5316; x_wconf 80' lang='lat' dir='ltr'><strong>constat</strong></span> <span class='ocrx_word' id='word_1_1093' title='bbox 2882 5252 3121 5315; x_wconf 87' lang='lat' dir='ltr'><strong>quatuor</strong></span> <span class='ocrx_word' id='word_1_1094' title='bbox 3155 5240 3216 5301; x_wconf 65' lang='lat' dir='ltr'><strong>Et</strong></span> <span class='ocrx_word' id='word_1_1095' title='bbox 3262 5246 3455 5316; x_wconf 86' lang='lat' dir='ltr'><strong>viginti</strong></span> 
     </span>
    </p>
   </div>
   <div class='ocr_carea' id='block_1_146' title="bbox 1867 5311 3458 5380">
    <p class='ocr_par' dir='ltr' id='par_1_146' title="bbox 1867 5311 3458 5380">
     <span class='ocr_line' id='line_1_149' title="bbox 1867 5311 3458 5380; baseline 0.004 -15"><span class='ocrx_word' id='word_1_1096' title='bbox 1867 5311 2157 5380; x_wconf 84' lang='lat' dir='ltr'><strong>scrupulis.</strong></span> <span class='ocrx_word' id='word_1_1097' title='bbox 2211 5312 2289 5366; x_wconf 90' lang='lat' dir='ltr'><strong>De</strong></span> <span class='ocrx_word' id='word_1_1098' title='bbox 2315 5313 2449 5367; x_wconf 87' lang='lat' dir='ltr'><strong>libra</strong></span> <span class='ocrx_word' id='word_1_1099' title='bbox 2507 5314 2629 5369; x_wconf 77' lang='lat' dir='ltr'><strong>vide</strong></span> <span class='ocrx_word' id='word_1_1100' title='bbox 2674 5311 3053 5370; x_wconf 79' lang='lat' dir='ltr'><strong>Cassiodorum</strong></span> <span class='ocrx_word' id='word_1_1101' title='bbox 3093 5315 3187 5370; x_wconf 90' lang='lat' dir='ltr'><strong>lib.</strong></span> <span class='ocrx_word' id='word_1_1102' title='bbox 3219 5330 3236 5368; x_wconf 84' lang='grc' dir='ltr'><strong><em>ι</em></strong></span> <span class='ocrx_word' id='word_1_1103' title='bbox 3271 5311 3458 5371; x_wconf 71' lang='lat' dir='ltr'><strong>varia-</strong></span> 
     </span>
    </p>
   </div>
   <div class='ocr_carea' id='block_1_147' title="bbox 1868 5382 3455 5457">
    <p class='ocr_par' dir='ltr' id='par_1_147' title="bbox 1868 5382 3455 5457">
     <span class='ocr_line' id='line_1_150' title="bbox 1868 5382 3455 5457; baseline 0.004 -24"><span class='ocrx_word' id='word_1_1104' title='bbox 1868 5395 2009 5444; x_wconf 88' lang='lat' dir='ltr'><strong>rum,</strong></span> <span class='ocrx_word' id='word_1_1105' title='bbox 2042 5382 2224 5457; x_wconf 68' lang='lat' dir='ltr'><strong>epis_t._</strong></span> <span class='ocrx_word' id='word_1_1106' title='bbox 2246 5383 2331 5457; x_wconf 74' lang='lat' dir='ltr'><strong>l9.</strong></span> <span class='ocrx_word' id='word_1_1107' title='bbox 2364 5382 2475 5457; x_wconf 74' lang='lat' dir='ltr'><strong>Sed</strong></span> <span class='ocrx_word' id='word_1_1108' title='bbox 2504 5384 2627 5457; x_wconf 85' lang='lat' dir='ltr'><strong>quia</strong></span> <span class='ocrx_word' id='word_1_1109' title='bbox 2658 5386 2813 5453; x_wconf 84' lang='lat' dir='ltr'><strong>panis</strong></span> <span class='ocrx_word' id='word_1_1110' title='bbox 2857 5387 2973 5441; x_wconf 67' lang='lat' dir='ltr'><strong>haec</strong></span> <span class='ocrx_word' id='word_1_1111' title='bbox 3007 5401 3260 5457; x_wconf 89' lang='lat' dir='ltr'><strong>mensura</strong></span> <span class='ocrx_word' id='word_1_1112' title='bbox 3288 5401 3455 5457; x_wconf 79' lang='lat' dir='ltr'><strong>angu-</strong></span> 
     </span>
    </p>
   </div>
   <div class='ocr_carea' id='block_1_148' title="bbox 1866 5452 3451 5536">
    <p class='ocr_par' dir='ltr' id='par_1_148' title="bbox 1866 5452 3451 5536">
     <span class='ocr_line' id='line_1_151' title="bbox 1866 5452 3451 5536; baseline 0.004 -32"><span class='ocrx_word' id='word_1_1113' title='bbox 1977 5464 2083 5536; x_wconf 80' lang='lat' dir='ltr'><strong>est,</strong></span> <span class='ocrx_word' id='word_1_1114' title='bbox 2104 5452 2252 5506; x_wconf 90' lang='lat' dir='ltr'><strong>addit</strong></span> <span class='ocrx_word' id='word_1_1115' title='bbox 2280 5452 2338 5536; x_wconf 58' lang='lat' dir='ltr'><strong>S:</strong></span> <span class='ocrx_word' id='word_1_1116' title='bbox 2364 5452 2682 5536; x_wconf 82' lang='lat' dir='ltr'><strong>Benedictus</strong></span> <span class='ocrx_word' id='word_1_1117' title='bbox 2709 5471 2987 5526; x_wconf 82' lang='lat' dir='ltr'><strong>propensa,</strong></span> <span class='ocrx_word' id='word_1_1118' title='bbox 3014 5456 3066 5511; x_wconf 90' lang='lat' dir='ltr'><strong>id</strong></span> <span class='ocrx_word' id='word_1_1119' title='bbox 3092 5465 3194 5536; x_wconf 76' lang='lat' dir='ltr'><strong>est,</strong></span> <span class='ocrx_word' id='word_1_1120' title='bbox 3226 5452 3451 5536; x_wconf 58' lang='lat' dir='ltr'><strong>quatin-</strong></span> 
     </span>
    </p>
   </div>
   <div class='ocr_carea' id='block_1_149' title="bbox 1866 5519 3446 5595">
    <p class='ocr_par' dir='ltr' id='par_1_149' title="bbox 1866 5519 3446 5595">
     <span class='ocr_line' id='line_1_152' title="bbox 1866 5519 3446 5595; baseline 0.007 -24"><span class='ocrx_word' id='word_1_1121' title='bbox 1866 5519 2062 5595; x_wconf 61' lang='lat' dir='ltr'><strong>elinata</strong></span> <span class='ocrx_word' id='word_1_1122' title='bbox 2089 5524 2459 5595; x_wconf 71' lang='lat' dir='ltr'><strong>praependent</strong></span> <span class='ocrx_word' id='word_1_1123' title='bbox 2483 5540 2497 5588; x_wconf 91' lang='lat'><strong>;</strong></span> <span class='ocrx_word' id='word_1_1124' title='bbox 2532 5539 2680 5589; x_wconf 87' lang='lat' dir='ltr'><strong>nam,</strong></span> <span class='ocrx_word' id='word_1_1125' title='bbox 2706 5519 3001 5595; x_wconf 75' lang='lat' dir='ltr'><strong>propensus</strong></span> <span class='ocrx_word' id='word_1_1126' title='bbox 3028 5534 3113 5582; x_wconf 88' lang='lat' dir='ltr'><strong>est</strong></span> <span class='ocrx_word' id='word_1_1127' title='bbox 3137 5519 3446 5581; x_wconf 82' lang='lat' dir='ltr'><strong>inclinatus.</strong></span> 
     </span>
    </p>
   </div>
   <div class='ocr_carea' id='block_1_150' title="bbox 1866 5589 3447 5667">
    <p class='ocr_par' dir='ltr' id='par_1_150' title="bbox 1866 5589 3447 5667">
     <span class='ocr_line' id='line_1_153' title="bbox 1866 5589 3447 5667; baseline 0.01 -24"><span class='ocrx_word' id='word_1_1128' title='bbox 1866 5589 1981 5667; x_wconf 76' lang='lat' dir='ltr'><strong>Etsi</strong></span> <span class='ocrx_word' id='word_1_1129' title='bbox 2012 5589 2339 5664; x_wconf 75' lang='lat' dir='ltr'><strong>smaragdus</strong></span> <span class='ocrx_word' id='word_1_1130' title='bbox 2361 5589 2765 5667; x_wconf 76' lang='lat' dir='ltr'><strong>etitutbardtis,</strong></span> <span class='ocrx_word' id='word_1_1131' title='bbox 2788 5589 3054 5667; x_wconf 72' lang='lat' dir='ltr'><strong>explicent</strong></span> <span class='ocrx_word' id='word_1_1132' title='bbox 3075 5597 3134 5654; x_wconf 86' lang='grc' dir='ltr'><strong>τό</strong></span> <span class='ocrx_word' id='word_1_1133' title='bbox 3166 5612 3447 5667; x_wconf 67' lang='lat' dir='ltr'><strong>propensa.</strong></span> 
     </span>
    </p>
   </div>
   <div class='ocr_carea' id='block_1_151' title="bbox 1866 5660 3443 5742">
    <p class='ocr_par' dir='ltr' id='par_1_151' title="bbox 1866 5660 3443 5742">
     <span class='ocr_line' id='line_1_154' title="bbox 1866 5660 3443 5742; baseline 0.006 -30"><span class='ocrx_word' id='word_1_1134' title='bbox 1866 5660 2017 5741; x_wconf 79' lang='lat' dir='ltr'><strong>prius</strong></span> <span class='ocrx_word' id='word_1_1135' title='bbox 2041 5660 2240 5742; x_wconf 57' lang='lat' dir='ltr'><strong>pensa]</strong></span> <span class='ocrx_word' id='word_1_1136' title='bbox 2288 5679 2319 5717; x_wconf 88' lang='lat' dir='ltr'><strong>a</strong></span> <span class='ocrx_word' id='word_1_1137' title='bbox 2369 5665 2753 5742; x_wconf 71' lang='lat' dir='ltr'><strong>praepositione</strong></span> <span class='ocrx_word' id='word_1_1138' title='bbox 2767 5660 3183 5742; x_wconf 61' lang='lat' dir='ltr'><strong>_Gra:ca,_np6&#39;,</strong></span> <span class='ocrx_word' id='word_1_1139' title='bbox 3237 5660 3443 5742; x_wconf 57' lang='lat' dir='ltr'><strong>idest.</strong></span> 
     </span>
    </p>
   </div>
   <div class='ocr_carea' id='block_1_152' title="bbox 1868 5729 3445 5813">
    <p class='ocr_par' dir='ltr' id='par_1_152' title="bbox 1868 5729 3445 5813">
     <span class='ocr_line' id='line_1_155' title="bbox 1868 5729 3445 5813; baseline 0.006 -30"><span class='ocrx_word' id='word_1_1140' title='bbox 1868 5729 2050 5799; x_wconf 75' lang='lat' dir='ltr'><strong>prius.</strong></span> <span class='ocrx_word' id='word_1_1141' title='bbox 2088 5730 2195 5787; x_wconf 87' lang='lat' dir='ltr'><strong>Sed</strong></span> <span class='ocrx_word' id='word_1_1142' title='bbox 2223 5748 2327 5790; x_wconf 90' lang='lat' dir='ltr'><strong>non</strong></span> <span class='ocrx_word' id='word_1_1143' title='bbox 2354 5729 2777 5807; x_wconf 75' lang='lat' dir='ltr'><strong>puto‘ejnsmodi</strong></span> <span class='ocrx_word' id='word_1_1144' title='bbox 2792 5729 3121 5813; x_wconf 77' lang='lat' dir='ltr'><strong>vocabulum</strong></span> <span class='ocrx_word' id='word_1_1145' title='bbox 3148 5729 3267 5792; x_wconf 87' lang='lat' dir='ltr'><strong>csse</strong></span> <span class='ocrx_word' id='word_1_1146' title='bbox 3296 5736 3445 5793; x_wconf 84' lang='lat' dir='ltr'><strong>Lati-</strong></span> 
     </span>
    </p>
   </div>
  </div>
