3948 6182
549 236 685 295 “l5

1536 232 1593 290 S.
1633 230 1995 289 BENEDICTI
2032 232 2320 291 ABBATIS
2359 230 2765 289 ANIANENSIS

3656 246 3768 302 lilii

541 372 648 411 una
663 366 928 425 propensa
939 348 1172 407 sufﬁciet
1192 344 1248 403 in
1268 346 1506 412 dic,sive
1530 360 1635 400 una
1654 343 1983 409 sitret'ectio,
2000 345 2117 400 sive
2143 349 2191 407 Α
2218 346 2365 416 puta,
2397 346 2537 400 sicut
2564 346 2640 399 ait
2663 345 2918 401 Dominus
2938 355 3124 401 noster
3156 367 3167 401 :
3209 346 3409 419 Videte,
3438 369 3501 407 ne
3520 370 3773 425 graventur
3855 339 3862 346 ’

542 444 776 517 prandii,
806 451 861 496 et
902 454 1090 496 cinna).
1137 437 1291 505 Quod
1317 437 1363 493 si
1402 435 1673 491 ctenaturi
1704 444 1851 501 sunt,
1882 447 1907 476 ι
1936 436 2003 490 de
2026 448 2117 489 ea-

543 539 664 593 dem
713 536 848 588 libra
898 531 1056 585 tertia
1103 543 1231 599 pars
1271 544 1303 581 a
1344 527 1644 583 Cellarario
1666 538 1974 583 reservetur
2002 526 2118 582 red-

541 626 714 683 denda
773 621 1088 679 coenaturis.
1140 619 1292 687 Quod
1326 619 1370 675 si
1402 618 1557 674 labor
1586 618 1727 673 forte
1758 617 1933 672 factus
1956 616 2119 674 fuerit

539 718 733 786 major,
767 714 819 767 in
850 713 1076 768 arbitrio
1102 720 1157 768 et
1183 719 1458 783 potestate
1491 711 1704 766 abbatis
1728 711 1851 775 erit,
1878 710 1922 766 si
1950 725 2115 781 expe—

537 809 672 871 diat,
701 805 902 875 aliquid
924 819 1145 874 augere,
1189 812 1396 859 remota
1421 818 1532 873 prae
1557 803 1807 858 omnibus
1853 803 2073 875 crapula
2099 822 2111 857 :

535 904 592 950 et
621 904 680 950 ut
704 906 977 964 nunquam
1003 893 1267 964 subripiat
1288 891 1550 947 monacho
1566 892 1856 963 indigeries
1881 910 1894 945 :
1936 893 1965 933 ιι
1990 893 2117 963 quia

535 984 671 1040 nihil
696 984 1117 1040 sitcontrarium
1139 982 1626 1050 omniChristiano,
1658 994 1680 1022 ο
1714 985 1984 1054 quomodo
1998 1000 2117 1040 cra-

533 1135 685 1198 num.
735 1118 922 1198 Itaque
954 1117 1108 1198 juxta
1136 1126 1377 1198 nostram
1420 1117 1833 1198 explicationem
1863 1133 2117 1175 mensura

535 1190 693 1261 panis
712 1191 819 1244 erit
838 1188 1063 1261 circiter
1094 1188 1364 1261 sexdecim
1390 1188 1687 1261 accingunt}

605 1271 632 1300 II
660 1260 736 1313 De
769 1259 952 1314 eadem
1005 1258 1139 1311 libra
1167 1260 1323 1312 tertia
1348 1274 1491 1327 pars.
1541 1257 1617 1311 Ex
1660 1258 1745 1312 his
1770 1257 1952 1312 verbis
1983 1259 2117 1316 satis

536 1329 809 1400 colligitur
852 1343 1064 1400 cumam
1092 1328 1309 1400 debere
1350 1342 1503 1400 csse_
1518 1328 1750 1400 prandio
1790 1328 2115 1400 breviorem,

572 1394 692 1453 uod'
726 1399 889 1453 etiam
925 1399 1129 1467 patebit
1177 1394 1316 1452 inira
1360 1412 1429 1450 ex
1474 1394 1672 1467 Regula
1707 1398 1969 1467 Magistri.
2001 1394 2115 1453 Ru-l

533 1467 759 1524 thardus
792 1468 924 1523 dicit
954 1468 1170 1536 unicum
1207 1476 1419 1523 coctum
1454 1467 1788 1536 pulmentum
1817 1469 1883 1522 ad
1906 1483 2117 1524 cteuam

530 1538 767 1611 dandum
798 1553 937 1594 esse.
975 1532 1081 1593 Sed
1119 1538 1232 1592 haec
1257 1532 1531 1608 pensari—da
1574 1545 1699 1592 sunt
1718 1536 1943 1611 arbitrio
1966 1554 2120 1609 supe-

536 1624 681 1663 I'IUI‘U
690 1626 761 1662 ΠΙ.

416 1732 429 1737 -
591 1678 633 1753 _b
660 1677 807 1753 Quid
825 1675 1056 1753 n_ihil__sic
1100 1678 1443 1753 contrarium:
1488 1675 1589 1730 llic
1613 1684 1796 1753 textus
1841 1677 2117 1753 profertur
2145 1694 2190 1753 Β
2219 1670 2441 1753 dictum.
2483 1668 2603 1753 lion
2633 1680 2812 1753 tamet!
2855 1668 3063 1753 ignoro,
3087 1682 3159 1738 qu

528 1762 558 1818 a
591 1743 900 1801 Burcha'rdo
945 1747 1038 1800 lib.
1090 1763 1200 1813 xtv,
1248 1762 1368 1816 cap.
1416 1746 1811 1811 l,ctabluone
1841 1743 2000 1818 'part.
2046 1749 2114 1804 15

532 1817 629 1871 Det
646 1818 771 1886 reti,
810 1832 930 1886 cap.
963 1819 1051 1872 69.

605 1898 627 1926 ε
663 1884 936 1956 Quomodo
963 1885 1200 1956 crapula.
1235 1884 1291 1939 Id
1311 1893 1416 1956 est,
1453 1900 1616 1956 quam
1643 1885 1879 1955 crapula.
1907 1884 2000 1942 Ivo
2024 1889 2118 1942 ad-

529 1956 643 2018 dit;
693 1955 758 2007 Et
807 1954 1064 2009 ebrietas.‘
1094 1954 1233 2020 Quid
1281 1955 1352 2009 sit
1399 1954 1619 2024 crapula
1669 1954 1826 2010 docet
1880 1956 2112 2013 Suidas:

526 2027 785 2098 κραιπάᾏη
809 2026 835 2080 ὁ
856 2028 911 2079 ἑκ
936 2027 1120 2098 noni;
1134 2027 1383 2098 οὶνῲςηως
1404 2024 1690 2098 ποιλμρςηὶἀ
1717 2036 1821 2089 est,
1842 2043 1863 2098 ς
1885 2025 2116 2098 Ελιειριιιιι

531 2094 609 2175 ἐκ.
640 2095 807 2175 multa
836 2094 1111 2175 potatione
1136 2094 1436 2165 palpitatio.
1473 2114 1492 2147 ι
1526 2094 1634 2150 Sed
1656 2096 1885 2166 sumpsit
1921 2094 2119 2168 impro-

530 2166 648 2233 Pl‘ie
677 2163 734 2217 S.
769 2164 1109 2217 Benedictus.
1142 2163 1149 2164 “
1224 2163 1240 2165 “
1313 2177 1319 2182 -
1779 2163 1795 2166 —
1996 2163 2015 2168 -

600 2234 626 2272 ⁸³
660 2233 727 2287 Ῐη
750 2233 986 2304 εδῖῑριὲία·
1011 2233 1088 2287 “3
1116 2233 1256 2303 ³1)υά
1286 2232 1641 2304 smaragdum
1670 2242 1725 2289 et
1749 2234 1802 2288 in
1826 2236 1949 2291 cod.
1972 2236 2113 2293 Vict.

567 2343 579 2354 .
618 2303 772 2373 Apud
802 2302 859 2357 S.
896 2302 1250 2373 Duustanum,
1283 2302 1519 2367 lvoneui,
1551 2303 1944 2372 Burchardum,
1974 2318 2030 2362 et
2058 2309 2113 2363 iu

524 2318 579 2426 ἢ.
618 2318 772 2373 Αριιιι
802 2318 859 2357 δ.
898 2318 1250 2366 uuustanum,
1283 2318 1519 2367 tvonem,
1551 2318 1944 2372 uurcnaruum,
1974 2318 2030 2362 et
2058 2318 2110 2363 tu

527 2374 776 2449 _'ulgatis
801 2373 1017 2449 additur
1044 2387 1075 2449 _:_
1101 2382 1150 2427 et
1180 2372 1445 2428 ebrietate.
1474 2374 1567 2449 ⁸υἱ.
1592 2382 1678 2429 est
1713 2376 1767 2449 i_n
1801 2375 2110 2449 Evangelia,

527 2442 659 2498 Luc:
692 2459 823 2517 χιιι
862 2444 1125 2517 Attendite
1178 2452 1353 2517 autem
1399 2444 1567 2517 vobis,
1617 2462 1680 2498 ne
1709 2445 1845 2515 forte
1896 2442 2116 2517 graven-

525 2523 615 2566 tur
644 2514 804 2568 corda
830 2522 997 2568 vestra
1029 2514 1087 2567 in
1114 2512 1332 2582 crapula
1353 2525 1399 2569 et
1425 2514 1696 2568 ebrietate.

598 2595 622 2623 θ
656 2583 843 2638 Pueris
867 2584 1067 2654 minare
1107 2592 1275 2654 citate.
1304 2583 1362 2639 Id
1412 2593 1517 2648 est,
1546 2584 1636 2654 qui
1679 2595 1804 2640 sunt
1829 2585 1965 2641 infra
1987 2587 2115 2643 duo-

523 2654 792 2726 decimum
813 2669 1012 2709 annum
1036 2651 1194 2726 juxta
1215 2652 1461 2726 Magistri
1490 2651 1725 2726 mentem
1757 2656 1865 2726 hoc
1880 2658 2060 2726 capite
2094 2676 2106 2712 :

526 2724 881 2798 «Minoribus
925 2738 1060 2798 vero
1087 2723 1369 2798 duodecim
1396 2725 1553 2798 annis
1594 2725 1771 2779 minus
1795 2740 1826 2798 a
1854 2723 1990 2781 libra
2012 2744 2110 2798 pa-

524 2794 611 2849 nis
640 2796 691 2848 in
739 2795 825 2849 die
850 2793 1100 2865 sufﬁciet.
1144 2812 1183 2865 ι
1210 2791 1414 2865 Tamen
1444 2794 1597 2862 juxta
1651 2796 1984 2865 superiorem
2009 2791 2109 2852 no-

519 2872 690 2936 stram
732 2864 1144 2936 explicationem
1172 2864 1546 2936 intelliguntur
1590 2864 1628 2918 ii
1674 2864 1767 2935 qni
1797 2874 1923 2921 sunt
1969 2868 2113 2924 infra

524 2935 773 3003 quintum
805 2935 1071 2990 decimum
1100 2948 1324 2988 annum.

599 3002 617 3042 ί
660 3002 915 3058 Carnium
944 3019 1083 3075 vero
1115 3003 1485 3075 qugdttpedum
1518 3004 1731 3075 omnino
1771 3004 1835 3058 ab
1868 3006 2109 3063 omnibus

517 3052 1141 3144 εδειίᾶἱὰέὶἱξὲὸνῖέεὶεοῖ
1153 3052 1351 3144 "eam;
1361 3052 1754 3144 cernente},
1772 3052 2108 3132 ὶόηἱέἆὲὸῖιὲἶ
2136 3052 2181 3114 C

520 3141 600 3212 Ex
629 3144 733 3197 hoc
752 3142 810 3197 8.
838 3142 1162 3197 Benedictus
1201 3142 1319 3196 loco
1344 3143 1566 3212 quidam
1600 3141 1926 3199 censuerunt
1952 3162 2108 3202 usum

518 3211 813 3283 volatilium
834 3213 962 3267 olim
992 3212 1277 3283 monachis
1298 3211 1464 3267 fuisse
1492 3213 1839 3283 permissum.
1879 3214 1948 3269 Et
1976 3226 2106 3274 ante

522 3281 585 3353 D.
628 3281 953 3353 Benedictus
1007 3282 1227 3350 quidam
1281 3281 1584 3347 catilloues,
1633 3283 1727 3353 qui
1775 3294 1955 3340 tamen
1984 3287 2109 3342 reli-

518 3352 659 3424 giosi
685 3353 870 3407 haberi
908 3354 1220 3424 cupiebant,
1257 3353 1326 3424 ab
1356 3368 1451 3424 esu
1488 3352 1895 3424 quadrupedum
1939 3356 2109 3412 absti-

517 3423 742 3484 nebant,
774 3431 829 3476 et
854 3423 1092 3479 volatilia
1124 3422 1515 3488 comedebant,
1551 3423 1607 3478 in
1629 3422 1736 3492 quo
1766 3425 1871 3480 sita
1894 3426 2105 3482 invehi-

524 3499 613 3564 tur
635 3492 692 3564 8.
726 3492 959 3563 Prosper
988 3493 1347 3564 Aquitanicus
1403 3494 1497 3548 lib.
1529 3510 1567 3549 ιι
1614 3495 1681 3548 de
1703 3495 1826 3549 Vita
1855 3504 2106 3551 contem-

514 3561 739 3634 plativa,
778 3561 899 3633 cap.
939 3564 974 3617 2
1003 3583 1015 3618 :
1055 3561 1073 3615 ἱ
1106 3563 1372 3618 Caeterum
1399 3565 1445 3619 si
1472 3580 1503 3618 a
1533 3564 1975 3634 quadrupedibus
2006 3567 2104 3621 ab-

518 3633 783 3687 stinentes
832 3634 1110 3704 phasianis
1132 3634 1369 3705 altilihus
1403 3634 1488 3690 vel
1529 3634 1650 3689 aliis
1693 3633 1881 3690 avibus
1901 3637 2105 3705 pretio-

521 3706 599 3757 sis
620 3711 713 3757 aut
739 3704 979 3775 piscibus
1016 3703 1386 3775 perfruantur,
1422 3720 1531 3759 non
1578 3705 1711 3759 mihi
1741 3703 1992 3760 videntur
2020 3721 2107 3761 re-

521 3787 707 3845 secare
733 3773 1118 3830 delcctationes
1138 3775 1219 3829 sui
1242 3774 1503 3844 corporis,
1529 3775 1621 3829 sed
1638 3781 1870 3839 mutare,
1886 3791 1985 3830 nec
2004 3792 2105 3845 pro

521 3843 872 3913 abstinentia,
924 3848 1019 3901 sed
1068 3845 1214 3901 velut
1257 3843 1356 3913 pro
1383 3845 1566 3900 nescio
1595 3861 1701 3913 qua
1738 3843 2101 3911 immundiiia,

515 3912 601 3966 vel
624 3921 807 3985 certe,
837 3916 980 3985 quod
1034 3916 1218 3970 verius
1256 3912 1341 3969 est
1368 3931 1466 3985 pro
1497 3912 1762 3970 stomachi
1793 3917 2104 3971 nauseantis

522 3982 885 4039 teneritudine
919 3984 1146 4041 delictas
1202 3985 1324 4040 illas
1358 3982 1677 4041 communes
1714 3992 1769 4038 et
1803 3985 1939 4039 viles
1961 3984 2099 4053 abji-

520 4067 665 4123 cere,
705 4068 813 4121 quo
866 4055 1075 4123 possint
1125 4056 1268 4121 aliis,
1320 4071 1426 4109 non
1477 4055 1648 4110 solum
1700 4056 1976 4121 carnibus,
2007 4056 2103 4111 sed

520 4122 683 4194 etiam
711 4122 1117 4180 delica.ioribus
1146 4141 1210 4180 ac
1248 4126 1657 4194 pretiosioribus
1684 4126 1940 4180 carnibus
1977 4141 2101 4180 suas

520 4191 828 4262 voluptates
857 4194 1093 4262 explere.
1137 4215 1158 4248 ι
1219 4191 1321 4261 Qui
1353 4195 1473 4249 ideo
1511 4211 1569 4250 se
1595 4211 1629 4249 ιι
1658 4196 1914 4250 carnibus
1939 4196 2104 4251 absti-

522 4274 651 4346 uerq
668 4261 953 4346 dicebant",
986 4264 1129 4346 quod
1156 4280 1306 4346 esum
1327 4265 1731 4346 quadrupedum
1749 4265 2098 4346 ignorarent,

517 4330 818 4404 Ulpianum
850 4341 934 4388 est
981 4330 1047 4388 ex
1077 4334 1135 4389 S.
1165 4330 1492 4404 Hieronymo
1536 4330 1588 4390 in
1625 4330 1809 4404 epist:
1823 4334 1890 4388 ad
1938 4330 2096 4390 Sim.

517 4396 645 4455 nam
665 4401 733 4456 de
760 4404 1025 4460 servanda
1047 4405 1318 4461 Viduitate
1336 4421 1349 4456 :
1367 4396 1403 4454 ἰ
1436 4403 1631 4459 Procul
1654 4396 1807 4459 sinta
1834 4405 2096 4461 conviviis
2120 4396 2173 4456 D

518 4471 627 4525 tuis
655 4472 907 4541 phasides
925 4489 1072 4538 aves,
1104 4475 1276 4531 crassi
1315 4483 1577 4539 turtures,
1601 4482 1817 4545 attagen
1854 4475 2090 4541 Ionicus,

514 4548 571 4615 et
598 4554 787 4615 omnes
823 4558 972 4615 aves,
1020 4545 1217 4613 quibus
1259 4545 1591 4615 amplissima
1615 4546 1937 4614 patrimonia
1967 4561 2096 4601 avo-

516 4608 650 4684 lant.
680 4611 790 4668 Nec
818 4613 941 4668 ideo
968 4622 1020 4668 te
1038 4608 1303 4670 carnibus
1322 4608 1467 4670 vesci
1497 4630 1601 4669 non
1615 4608 1777 4684 'putes
1800 4633 1813 4668 :
1843 4615 1887 4669 si
1910 4630 2092 4682 suum,

512 4679 757 4754 leporum
798 4691 960 4754 atque
997 4699 1279 4738 cervorum
1308 4695 1364 4739 et
1388 4679 1796 4754 quadrupedum
1842 4679 2091 4739 animati;

457 4771 462 4775 ·
515 4749 649 4804 tium
669 4749 996 4824 esculentias
1018 4754 1273 4823 reprobes
1303 4772 1316 4808 :
1346 4749 1450 4824 non
1473 4749 1619 4809 enini
1649 4754 1761 4808 haec
1780 4757 1976 4824 pedum
1997 4771 2096 4809 nu-

515 4820 815 4893 mero,rsed
852 4832 1041 4892 gustus
1079 4820 1354 4893 suavitate
1371 4822 1704 4891 iudicantur.
1740 4843 1759 4875 ο
1780 4820 1987 4893 anue
2007 4841 2095 4880 ra-

511 4889 663 4962 tione
698 4892 751 4946 id
792 4889 894 4947 sibi
926 4894 980 4948 in
1009 4892 1249 4947 animum
1279 4889 1623 4957 inducebant,
1673 4894 1817 4962 quod
1869 4889 1977 4949 una
2018 4895 2091 4949 sit

510 4960 695 5034 avium
720 4968 777 5017 et
801 4963 1031 5033 piscium
1050 4980 1127 5034 fex
1143 4964 1300 5034 aquis
1319 4964 1489 5033 origo.
1529 4960 1715 5034 Itaque
1732 4963 1962 5034 minime
1974 4979 2094 5020 cre-

511 5030 750 5085 dendum
784 5030 869 5087 est
891 5049 921 5087 a
946 5034 1009 5089 8.
1048 5030 1337 5088 Benedicto
1363 5030 1497 5088 tales
1538 5030 1744 5087 institui
1800 5035 2092 5089 monachos

508 5101 601 5183 qui
630 5102 830 5183 pedum
840 5118 1082 5183 Plinich
1099 5103 1320 5183 delicias
1345 5117 1591 5158 escarum
1613 5101 1942 5183 dijudicent:
1967 5120 2091 5159 cum

508 5163 769 5245 ipsc-cap.
800 5172 869 5227 36
902 5173 1120 5245 Regula:
1153 5173 1450 5245 carnisesu
1472 5163 1713 5245 exceptis
1732 5174 1951 5245 aegrotis
1972 5189 2090 5227 mo-

509 5240 733 5312 nachos
764 5240 1010 5312 arceat;
1032 5242 1142 5298 Nec
1175 5257 1304 5296 vero
1342 5242 1526 5298 inferri
1561 5251 1738 5311 potest
1782 5240 2087 5312 quadrupe-

509 5278 717 5296 .........,.,
764 5278 947 5298 αιυυ...
1032 5278 1142 5298 ..νυ
1182 5278 1303 5296 νων
1342 5278 1526 5298 ...ηιμ
1561 5278 1738 5311 rem.
1782 5278 2081 5312 ηυαυιυνυ-

507 5308 639 5363 dum
665 5278 1044 5369 interdictioite
1068 5312 1366 5368 volatilium
1407 5328 1559 5368 esum
1588 5327 1707 5366 esse
1735 5313 2081 5369 permissum.

512 5373 647 5453 Nam
669 5397 793 5435 cum
823 5398 988 5453 unum
1020 5380 1356 5453 prohibetur,
1371 5397 1476 5438 non
1505 5382 1689 5453 statim
1710 5373 1936 5453 alterum
1968 5398 2086 5453 per—

507 5447 649 5522 mitti
675 5447 1103 5522 concludendum
1147 5462 1252 5519 est,
1280 5453 1512 5508 maxime
1527 5452 1571 5507 si
1590 5450 1749 5519 jama
1780 5447 2086 5522 legislaiore

505 5520 837 5589 prohibitum
858 5533 959 5578 est.
982 5522 1236 5579 Uthvit.
1265 5523 1350 5589 l9,
1379 5539 1502 5579 cum
1527 5522 1751 5575 dicitur:
1786 5520 1908 5575 Non
1930 5520 2088 5575 male-

503 5585 645 5662 dice;
668 5592 846 5657 surdo,
864 5609 954 5646 nec
979 5609 1156 5647 caram
1187 5608 1318 5645 ca'co
1336 5585 1498 5662 pones
1521 5589 1926 5662 offendiculum:
1951 5590 2086 5662 Male

505 5656 722 5724 quidem
755 5656 978 5717 inl‘crrct
1007 5662 1200 5732 aliquis
1227 5677 1290 5717 cx
1317 5656 1578 5731 tius‘tnodi
1608 5661 1812 5733 legibus
1842 5660 2084 5731 υριιιιίιιί

2220 436 2380 491 corda
2400 434 2608 492 νεαναά
2640 436 2695 489 in
2721 435 2938 506 crapula
2956 436 3105 508 (Luc.
3123 438 3244 511 xu).
3274 453 3298 479 ε
3324 441 3516 500 Pueris
3543 462 3667 504 vero
3686 453 3772 507 mi-

2220 527 2338 581 nori
2385 535 2543 582 aetate
2591 542 2699 581 non
2728 527 2917 581 eadem
2936 538 3181 583 servetur
3207 533 3512 601 quantitas,
3550 538 3644 592 sed
3685 544 3773 597 mi-

2218 634 2339 685 nor,
2371 634 2536 690 quam
2560 617 2879 689 majoribus,
2909 628 3125 674 servata
3153 620 3207 675 in
3234 625 3490 680 omnibus
3512 629 3773 696 parcitate.

2226 708 2245 749 ί
2276 707 2531 764 Carnium
2568 724 2698 763 vero
2739 708 3149 779 quadrupedum
3180 713 3401 769 omnino
3430 715 3501 770 ab
3550 720 3778 777 omnibus

2218 798 2557 854 abstineatur
2598 798 2883 864 comestio,
2934 807 3132 869 praeter
3210 804 3436 860 omnino
3493 805 3695 866 debiles
3733 820 3779 867 et

2217 898 2467 957 aegrotos.

2219 1126 2324 1166 non
2354 1108 2534 1165 surdis
2556 1106 2898 1170 maledicere,
2930 1114 2985 1162 et
3011 1106 3324 1179 videntibus
3348 1122 3555 1179 ponere
3626 1110 3780 1171 oll'en-

2218 1180 2476 1236 diculum.
2535 1178 2673 1249 Quia
2706 1186 2884 1248 potest
2931 1178 3193 1233 accedere
3228 1178 3520 1249 peculiaris
3568 1188 3701 1238 ratio
3734 1196 3783 1240 ut

2217 1248 2797 1324 ejusmodiprohibitio
2823 1248 2936 1324 fiat,
2975 1249 3153 1324 etiam
3180 1248 3502 1324 silalterum
3545 1269 3784 1324 expresse

2218 1318 2325 1374 non
2347 1318 2716 1391 prohibeatur,
2746 1330 2808 1373 ut
2826 1318 3010 1391 videre
3035 1318 3191 1391 estin
3210 1319 3375 1391 citato
3400 1322 3525 1377 loco
3556 1318 3781 1389 Le'vitici,

2217 1399 2273 1445 et
2311 1386 2366 1445 in
2397 1391 2500 1445 hac
2548 1389 2798 1444 cautione
2832 1386 2889 1442 8.
2918 1386 3213 1444 Benedicti.
3271 1389 3460 1447 Potest
3496 1396 3646 1448 enim
3680 1386 3785 1451 esse

2218 1459 2509 1533 peculiaris
2546 1459 2708 1533 ratio,
2762 1467 2822 1513 ut
2848 1458 3254 1533 quadrupedum
3279 1474 3408 1533 esus
3446 1464 3785 1533 prohibeatur

2219 1526 2517 1606 monachis,
2548 1530 2674 1600 quia
2687 1544 2808 1584 cum
2830 1526 3073 1598 qutedani
3100 1543 3167 1583 ex
3197 1530 3277 1585 eis
3298 1526 3517 1606 viliores
3536 1536 3662 1606 sint.
3679 1537 3786 1606 quis

2219 1600 2560 1656 existimaret
2585 1613 2772 1654 earum
2803 1612 2957 1653 esum
2997 1612 3103 1652 non
3132 1613 3255 1654 esse
3295 1604 3582 1659 monachis
3634 1600 3785 1660 inier-

3162 1669 3238 1742 in_
3265 1670 3561 1742 aliquando
3578 1689 3784 1730 concev

2217 1755 2335 1813 sum
2362 1740 2524 1813 fuerit
2548 1738 2827 1813 mgnachis
2852 1738 3393 1813 comederevolatilia
3407 1759 3606 1813 nempe
3632 1747 3684 1800 in
3711 1761 3784 1801 so-

2217 1809 2588 1865 lemnitatibus
2612 1809 2862 1872 Pascha;
2896 1805 3100 1862 Natalis
3124 1808 3330 1865 Domini
3354 1821 3412 1866 et
3436 1805 3629 1868 earum
3652 1824 3784 1870 octa-

2217 1880 2318 1954 vis,
2346 1877 3323 1954 ut__habetur_daddidpnellﬁapitul.
3363 1882 3502 1954 Lud.
3532 1883 3667 1954 imp.
3704 1887 3779 1939 tit.

2215 1946 2285 2005 78
2310 1967 2323 2002 :
2363 1969 2381 2000 ι
2416 1949 2484 2005 Ut
2510 1950 2749 2022 volatilia
2776 1948 2831 2022 in
2859 1948 3036 2022 Natali
3063 1946 3275 2004 Domini
3306 1962 3359 2007 et
3388 1953 3443 2007 in
3458 1946 3665 2022 pascha
3689 1964 3787 2011 tan-

2216 2028 2331 2074 tum
2360 2028 2482 2075 octo
2502 2021 2712 2085 diebus,
2743 2019 2790 2075 si
2815 2026 2899 2073 est
2926 2018 3088 2082 unde,
3110 2023 3427 2088 comedam;
3458 2018 3512 2078 si
3541 2039 3672 2080 vero
3688 2041 3781 2080 non

2215 2088 2381 2145 fuerit
2408 2090 2569 2154 unde,
2610 2106 2718 2145 non
2753 2088 3063 2159 requiratur
3081 2104 3178 2158 per
3210 2090 3471 2147 debitum.
3524 2093 3583 2150 Si
3611 2105 3779 2151 autem

2217 2160 2387 2215 abbas
2418 2168 2510 2215 aut
2536 2159 2785 2216 monachi
2816 2159 3091 2213 abstinere
3112 2174 3170 2214 se
3196 2161 3488 2225 voluerint,
3523 2166 3577 2219 in
3609 2180 3783 2221 eorum

2215 2230 2288 2285 sit
2332 2231 2578 2285 arbitrio.
2618 2251 2636 2284 ι
2687 2230 2830 2285 Idem
2880 2237 3028 2298 patet
3064 2244 3132 2284 ex
3168 2232 3391 2299 epistola
3431 2234 3782 2289 Theodemari

2214 2299 2770 2373 abbatisCasinensis
2799 2299 3143 2373 ad_Carolum
3187 2300 3457 2373 Magnum,
3520 2310 3569 2359 si
3617 2316 3780 2361 tamen

2214 2370 2357 2446 illius
2394 2372 2466 2446 sit
2494 2389 2507 2424 :
2537 2380 2663 2425 sunt
2686 2371 2831 2446 enim
2865 2369 2920 2423 in
2944 2384 3008 2446 e_a
3036 2370 3214 2446 multa
3229 2369 3591 2446 castigatione
3616 2377 3779 2446 digna.

2213 2439 2271 2495 ld
2295 2442 2727 2496 conﬁrmaturex
2752 2439 2938 2495 charta
2964 2439 3216 2496 Ludovici
3247 2450 3301 2497 et
3325 2439 3572 2500 Lotharii
3597 2439 3783 2501 admo-

2215 2512 2419 2585 nachos
2445 2510 2503 2567 S.
2530 2510 2785 2585 Germani
2809 2509 3062 2585 a_Pratis,
3088 2526 3207 2581 qua:
3233 2523 3413 2568 exstat
3432 2517 3578 2585 apud
3594 2516 3785 2570 Aimoit-

2213 2595 2342 2635 num
2367 2581 2459 2636 lib.
2500 2599 2534 2637 v
2555 2582 2622 2637 de
2647 2582 2813 2652 gestis
2840 2579 3171 2652 Francorum
3197 2597 3313 2652 cap.
3343 2586 3431 2638 10.
3465 2579 3493 2636 ἱ
3541 2584 3782 2640 Volatilia

2214 2665 2336 2705 cum
2363 2653 2480 2707 ovis
2506 2653 2571 2708 de
2600 2650 2808 2707 duobus
2835 2650 3007 2714 festis,
3048 2650 3103 2705 id
3125 2662 3228 2717 est,
3255 2650 3467 2710 Pascha
3500 2665 3560 2710 et
3587 2656 3781 2712 Natalis

2213 2718 2447 2776 Domini.
2483 2742 2501 2775 ι
2544 2722 2696 2789 Quod
2740 2736 2870 2776 vero
2921 2719 3063 2775 ultra
3119 2722 3217 2775 has
3272 2723 3652 2781 solemnitates
3687 2744 3780 2779 non

2213 2788 2376 2845 fuerit
2414 2788 2618 2864 licitum
2642 2791 2927 2864 monachis
2967 2791 3409 2864 ederenvolatilia
3449 2795 3676 2864 planum
3706 2807 3781 2851 est

2213 2872 2280 2914 ex
2315 2863 2503 2917 eadem
2554 2862 2827 2917 additione
2865 2862 2949 2914 tit.
2980 2862 3014 2915 8
3065 2881 3077 2915 :
3123 2862 3191 2917 Ut
3230 2862 3469 2918 volatilia
3520 2867 3668 2920 intus
3704 2866 3776 2921 io-

2214 2930 2380 3003 t_‘_isve,
2404 2934 2505 2988 nisi
2536 2947 2635 3003 pro
2655 2931 2969 3003 inﬁrmitate
2990 2931 3134 3003 nullo
3162 2942 3405 3003 tempore
3424 2937 3732 2991 comedam.
3759 2957 3774 2988 ι

2214 2999 2281 3054 Et
2320 3003 2402 3056 tit.
2443 2999 2589 3072 seq}:
2616 3022 2633 3054 ι
2672 3002 2741 3057 Ut
2769 3001 2949 3056 nullus
2971 2999 3345 3072 episcoporum
3375 3007 3664 3061 monachis
3693 3024 3778 3062 co‘

2212 3072 2429 3143 medere
2466 3072 2703 3129 volatilia
2731 3072 3028 3143 praecipiat.
3065 3092 3085 3125 ι
3114 3072 3318 3143 Quare,
3359 3090 3489 3130 cum
3537 3076 3781 3131 [tabanus

2211 3140 2305 3196 lib.
2348 3159 2386 3197 ιι
2428 3144 2494 3199 de
2522 3144 2641 3217 Vita
2669 3140 2916 3217 clericorl
2941 3156 3068 3217 cap_._
3100 3142 3167 3197 27
3198 3144 3275 3198 ait
3321 3162 3394 3217 :_¢
3424 3147 3627 3200 Avium
3656 3163 3781 3217 quo-

2209 3226 2314 3280 que
2342 3228 2493 3269 esum
2515 3215 2677 3269 credo
2699 3213 2824 3283 inde
2852 3227 2883 3266 a
2912 3212 3156 3282 patribus
3190 3215 3520 3281 permissum
3544 3212 3689 3283 esse;
3721 3232 3779 3271 eo

2209 3284 2352 3350 quod
2380 3281 2976 3355 excedem‘elemento,
3013 3283 3079 3337 de
3117 3298 3223 3352 quo
3248 3293 3304 3339 et
3335 3286 3537 3355 pisces,
3595 3281 3780 3342 créata:

2208 3361 2352 3423 sunt.
2410 3353 2547 3409 Nam
2585 3354 2638 3407 in
2673 3352 2876 3423 Regula
2929 3356 3314 3423 monachorum
3336 3352 3471 3410 'non
3518 3359 3780 3411 invenitur

2207 3421 2435 3497 aliarum
2458 3424 2702 3497 carnium
2724 3421 2875 3478 esum
2899 3422 2979 3477 eis
3000 3424 3342 3497 interdictum
3372 3441 3517 3487 esse,
3534 3427 3636 3482 nisi
3656 3444 3779 3497 qua-

2208 3492 2526 3563 drupedum.
2584 3493 2709 3548 Haec
2735 3508 2840 3547 non
2871 3501 2998 3547 sunt
3022 3493 3092 3546 ita
3119 3495 3398 3616 capienda,
3430 3497 3509 3550 ita
3544 3506 3602 3550 ut
3629 3492 3776 3551 liceat

2208 3564 2487 3616 monachis
2511 3571 2569 3616 ut
2597 3564 2888 3616 nlurimum
2929 3564 3091 3616 edere
3116 3576 3184 3616 vo
3207 3565 3372 3616 atilia.
3400 3569 3498 3616 sed
3527 3567 3575 3616 si
3602 3568 3683 3616 eis
3707 3569 3776 3616 in-

2206 3564 2487 3620 mouachis
2511 3571 2569 3618 ut
2596 3564 2888 3633 plurimum
2929 3564 3093 3633 edere
3116 3564 3372 3630 volatilia,
3400 3569 3498 3621 sed
3527 3567 3575 3621 si
3602 3568 3683 3623 eis
3706 3569 3778 3622 in-

2207 3634 2418 3688 terdum
2449 3632 2797 3699 concedatur,
2837 3632 2892 3687 id
2925 3647 3031 3687 non
3074 3632 3255 3689 facere
3291 3645 3484 3690 contra
3512 3639 3657 3692 hunc
3691 3654 3774 3691 ex-

2205 3719 2451 3776 pressum
2481 3704 2701 3776 Regula:
2728 3712 2933 3776 textum
2975 3703 3130 3776 juxta
3170 3706 3388 3774 quidem
3436 3706 3647 3761 Rabani
3691 3723 3775 3762 ex-

2203 3772 2589 3846 plicationem;
2620 3789 2725 3846 qua
2750 3774 2925 3846 laxior
2949 3772 3285 3846 videturfut
3330 3792 3398 3831 ex
3434 3792 3603 3846 supra
3628 3778 3775 3832 dictis

2203 3852 2369 3967 gitet.
2433 3844 2579 3899 Idem
2608 3844 2895 3898 dicendum
2920 3853 3007 3897 est
3042 3843 3108 3898 de
3159 3845 3280 3927 hoc.
3317 3843 3523 3909 textu,‘
3561 3848 3654 3917 qui
3684 3849 3771 3902 ha-

2273 3922 2360 3967 tur
2420 3915 2560 3967 apud
2610 3914 2859 3967 eumdem
2924 3912 3208 3967 Rabanum
3245 3915 3337 3967 ιιι).
3379 3932 3442 3967 ιιι
3487 3917 3556 3967 de
3603 3918 3771 3967 Amne

2273 3922 2360 3988 tur
2388 3915 2560 3988 _apud
2610 3914 2859 3988 eumdem
2888 3983 2899 3988 _
2924 3912 3208 3988 Rabanum
3245 3915 3337 3969 lib.
3379 3932 3442 3971 ιιι
3487 3917 3556 3972 de
3576 3912 3773 3988 Ἃεοιιε

2202 3983 2531 4049 Christiano,
2571 4000 2690 4055 cap.
2719 3984 2785 4039 de
2813 3983 2935 4055 gula
2965 4002 2977 4037 :
3037 4001 3065 4055 ε
3096 3983 3221 4040 Ilaec
3253 3994 3431 4041 tamen
3464 4003 3573 4042 non
3609 3983 3682 4041 iis
3704 3987 3776 4043 di.

2203 4055 2397 4127 cimus,
2426 4055 2581 4124 quasi
2626 4053 3011 4127 monachorum
3039 4053 3474 4127 Regulam,_qu_:e
3500 4074 3532 4111 a
3554 4058 3777 4127 quadru-

2201 4124 2517 4193 pedum°esu
2549 4124 2822 4193 prohibet,
2844 4123 3230 4193 vituperenius.
3264 4146 3282 4178 ι
3329 4123 3436 4181 sed
3468 4123 3595 4183 vide
3625 4126 3779 4181 Joan-

2201 4209 2325 4248 nem
2353 4193 2675 4249 monachum
2700 4193 2792 4247 lib.
2830 4209 2866 4247 lt
2899 4193 3031 4247 Viue
3055 4193 3114 4248 8.
3160 4194 3366 4250 Odonis
3416 4197 3640 4251 abbatis
3661 4197 3778 4251 Clu-

2201 4264 2597 4335 niacensis,ubi
2626 4263 2813 4318 scribit
2836 4265 3158 4319 monachum
3183 4264 3473 4335 quemdam
3498 4268 3554 4321 in
3581 4267 3780 4321 aedibus

2199 4342 2486 4402 parentum
2512 4333 2876 4389 diversantem
2900 4335 2967 4387 ad
2996 4333 3227 4404 primum
3268 4335 3507 4404 volatilis
3541 4352 3779 4391 morsum

2200 4405 2476 4474 repentina
2503 4411 2681 4459 morte
2716 4403 3011 4458 interiisse.
3056 4404 3242 4474 Itaque
3271 4403 3329 4458 8.
3356 4403 3476 4460 Odo
3520 4406 3782 4461 reforma-

2200 4473 2284 4544 tor
2308 4475 2514 4530 ordinis
2540 4473 2841 4543 prmeipuus
2862 4488 3137 4542 nunquam
3158 4473 3429 4544 ejusmodi
3481 4491 3639 4530 esum
3665 4476 3782 4530 alti-

2200 4542 2331 4598 lium
2359 4545 2473 4600 suis
2498 4542 2777 4599 monachis
2805 4544 3069 4614 permisit,
3111 4553 3172 4597 ut
3198 4542 3422 4600 constat
3449 4559 3522 4601 ex
3574 4546 3672 4601 lib.
3702 4547 3777 4600 ci-

2200 4621 2333 4685 tato.
2385 4614 2537 4685 Quod
2566 4621 2775 4685 spectat
2800 4613 2873 4685 ad
2886 4613 3292 4685 pinguedinem,
3314 4616 3529 4685 adipem
3562 4631 3661 4671 seu
3694 4630 3780 4669 sa—

2198 4684 2400 4764 gimen,
2426 4682 2783 4764 etiamprisci
2821 4682 2899 4737 illi
2935 4682 3183 4764 monachi
3210 4699 3280 4764 eo
3303 4685 3386 4764 usi
3404 4682 3544 4764 sunt
3574 4701 3590 4739 :
3621 4686 3779 4764 idque

2199 4752 2346 4826 ipsis;
2360 4752 2750 4826 iudul_tum‘_lfuit
2771 4753 2823 4826 in
2839 4754 3043 4826 svnodo
3063 4753 3317 4826 abbatum
3331 4752 3774 4826 rAquisgraueusi

2198 4821 2299 4878 sub
2327 4824 2596 4893 Ludovico
2619 4822 2716 4893 Pio
2750 4822 2833 4877 tit.
2972 4841 2993 4893 :7
3030 4840 3050 4873 ι
3085 4821 3473 4893 Pinguedinem
3507 4821 3576 4879 a'd
3602 4840 3771 4886 esum

2191 4902 2419 4963 excepto
2446 4909 2498 4947 vt
2532 4891 2665 4963 feria
2693 4900 2750 4947 et
2786 4892 3085 4963 xxﬂdiebus
3127 4891 3255 4948 ante
3289 4895 3637 4949 nativitatem
3670 4893 3773 4948 Do-

2191 4960 2349 5027 mini,
2409 4971 2465 5018 et
2494 4962 2797 5037 septimana
2840 4960 2953 5027 illa,
2992 4976 3111 5037 qdre
3139 4965 3768 5037 ante_qu_adngesimam

2190 5042 2415 5087 vocatur
2447 5031 2913 5101 quinquagesima.
2957 5051 2975 5084 ι
3031 5032 3101 5102 Et
3127 5032 3213 5087 tit.
3243 5031 3335 5086 771
3362 5033 3475 5089 Nec
3505 5031 3594 5090 Est
3630 5031 3767 5102 quod

2189 5103 2409 5174 quidam
2439 5102 2708 5174 recentior
2734 5116 2831 5171 per
2860 5101 3267 5174 pinguedinem,
3284 5102 3522 5174 adipem,
3550 5113 3601 5158 et
3632 5101 3769 5173 sagi-

2190 5187 2314 5227 men
2341 5171 2518 5228 oleum
2563 5171 2973 5241 interpretetur,
3006 5187 3130 5226 cum
3160 5173 3304 5227 nulla
3327 5171 3768 5229 assertionissuze

2194 5242 2504 5323 testimonjd
2532 5239 2791 5323 proferat.
2849 5239 2976 5322 'Sed
3002 5250 3082 5323 et“
3084 5243 3419 5323 contrarium
3442 5253 3659 5323 constat
3699 5255 3765 5318 ex

2191 5311 2339 5387 actis
2350 5311 2420 5387 8.
2431 5310 2750 5387 _Meinwerci
2764 5311 3017 5387 episcopi
3042 5310 3526 5387 Paderbornensis,
3550 5312 3641 5387 ubi
3657 5310 3766 5387 agi:

2192 5389 2280 5450 tur
2309 5382 2375 5437 de
2402 5380 2726 5436 Monasterio
2764 5379 3301 5436 llelinwardcshusen
3330 5398 3343 5434 :
3385 5396 3543 5450 cujus
3588 5379 3765 5433 abbati

2183 5447 2345 5519 jussit
2369 5451 2656 5521 praedictus
2695 5450 2977 5521 episcopus
3004 5451 3134 5506 dare
3159 5447 3721 5519 monachis'sagimeu
3743 5459 3763 5521 ξ

2197 5514 2217 5572 ι
2251 5521 2316 5574 Ει
2345 5514 2469 5574 data
2497 5514 2826 5591 auctoritate
2848 5514 3047 5591 (inquit
3069 5522 3473 5591 auaorfhorum
3498 5514 3765 5585 actorum)

2191 5592 2461 5659 quomodo
2493 5590 2750 5644 Dominus
2778 5589 3032 5645 Ecclesiae
3063 5590 3242 5646 claves
3269 5590 3427 5646 beato
3448 5591 3613 5646 Petro
3638 5599 3766 5656 apo-

2192 5661 2327 5716 stolo
2361 5660 2640 5716 tradiderit
2672 5678 2683 5713 :
2720 5660 2783 5715 Et
2812 5659 3049 5717 Ecclesia
3071 5669 3275 5717 tantam
3303 5661 3508 5717 habens
3529 5666 3768 5731 potesta-
