3948 6182
204 277 347 340 Hi?

282 398 312 472 ς
343 395 406 453 ιι.
446 425 520 437 -
555 394 635 450 Ex
667 393 886 452 Renum
917 411 1106 454 BANC'I'I
1132 398 1442 455 COLUIBAN!
1474 397 1614 472 (cap.
1638 397 1714 473 ὃ).

275 501 305 530 ι
343 486 513 542 Cibus
559 485 632 541 sit
666 486 790 542 vilis
819 494 877 543 et
916 487 946 529 ι’
979 489 1324 559 vespertinus
1375 491 1786 558 monachorum,

196 577 515 634 satietatem
544 574 794 648 fugiens;
822 586 879 633 et
908 585 1067 648 potus
1088 578 1434 649 ebrietatem,
1467 590 1528 635 ut
1553 590 1609 637 et
1629 582 1792 638 susti-

197 676 355 734 neat,
386 675 444 722 et
490 680 598 721 non
623 674 836 721 noceat.
882 666 1064 735 Olera,
1093 668 1386 740 legumina,
1437 669 1615 726 farina
1634 672 1791 741 aquis

194 760 375 816 mixta
408 774 532 814 cum
560 772 730 827 parvo
760 768 784 797 ο
822 759 977 828 panis
997 761 1331 830 paximatio:
1355 777 1426 818 ne
1448 771 1639 818 venter
1660 778 1791 818 ones

197 858 381 915 retur,
426 858 482 904 et
529 862 682 903 mens
727 846 1039 904 suﬂ‘ocetur.
1098 849 1312 906 Etenim
1361 850 1390 892 ἀ
1430 852 1652 908 utilitati
1687 860 1791 909 eet

193 939 322 995 usui
354 946 563 994 tantum
589 938 979 996 consulendum
1004 951 1091 999 est
1123 952 1326 1000 aiterna
1357 945 1791 1003 desiderantibus

192 1035 447 1106 prtemia.
492 1034 561 1089 Et
589 1034 711 1089 ideo
760 1038 1143 1106 temperandus
1176 1048 1262 1095 est
1285 1040 1410 1095 vitai
1441 1056 1595 1107 usus,
1647 1041 1791 1097 sicut

198 1126 589 1197 temperandus
613 1134 700 1182 est
739 1126 914 1184 labor.
955 1129 1093 1197 Quia
1117 1131 1233 1187 haec
1256 1148 1385 1188 vera
1423 1129 1698 1200 discretio,
1728 1144 1791 1190 ut

193 1217 534 1289 possibilitas
558 1217 818 1289 spiritalis
849 1218 1128 1290 profectus
1153 1237 1277 1277 cum
1317 1224 1644 1280 abstinentia
1669 1240 1789 1281 car—

197 1321 327 1362 nem
352 1315 667 1362 macerante
694 1305 713 1346 τ
745 1316 1066 1365 retentetur.
1102 1313 1128 1352 8
1152 1311 1211 1366 Si
1251 1312 1397 1367 enim
1422 1314 1638 1370 modum
1668 1316 1791 1371 abs-

200 1398 434 1453 tinentia
480 1400 802 1466 excesserit,
839 1400 1053 1467 vitium,
1090 1418 1200 1457 non
1228 1404 1401 1460 virtus
1421 1406 1546 1459 erit.
1602 1407 1788 1465 Virtus

193 1489 346 1544 enim
386 1489 559 1545 multa
604 1491 834 1547 sustinet
863 1493 1002 1548 bona
1049 1503 1105 1549 et
1130 1496 1388 1552 continet.
1434 1496 1575 1570 Ergo
1603 1500 1787 1570 quoti-

195 1579 288 1634 die
311 1579 665 1650 jejunandum
691 1591 798 1649 est,
851 1583 991 1638 sicut
1028 1586 1268 1654 quotidie
1306 1587 1655 1644 reﬁciendum
1680 1597 1783 1644 est.

193 1666 267 1725 Et
291 1670 420 1725 dum
456 1671 698 1741 quotidie
744 1672 1095 1730 reficiendum
1130 1684 1234 1742 est,
1282 1678 1441 1733 vilius
1481 1687 1538 1735 et
1566 1679 1786 1750 parcius

1104 280 1488 344 concentus
1534 279 1989 344 eneruata.
2029 316 2102 333 --
2138 272 2294 349 CAP.
2336 287 2566 351 XLvIII.

3337 302 3478 364 “IS

1816 408 1867 465 Α
1891 405 2085 464 diebus
2106 423 2240 464 vero
2265 410 2471 466 sanctis
2496 411 2523 452 ιι
2580 411 2855 468 interdum
2884 426 3009 470 eum
3053 413 3294 472 oleribus
3336 417 3357 456 ι
3399 419 3479 474 le-

1848 553 1863 568 .
1894 497 2237 554 vissimarum
2290 501 2536 555 carnium
2586 501 2863 558 alimenta.
2909 502 3026 560 Non
3081 504 3228 560 enim
3259 507 3366 562 erit
3410 509 3481 564 ad

1892 590 2234 645 saturitatem
2270 592 2623 648 reficiendum
2651 608 2883 665 corpus,
2933 609 3003 650 ne
3058 594 3201 652 forte
3248 598 3482 653 intereat

1891 682 2125 739 animus.
2150 694 2190 723 ιιι
2212 680 2348 739 Nam
2372 700 2437 740 ex
2469 685 2805 756 plenitudine
2838 690 3044 746 ventris
3080 691 3189 746 cito
3210 693 3481 748 excitatur

1890 770 2107 830 luxuria
2132 779 2337 833 carnis.
2358 777 2462 846 Qui
2497 786 2680 837 autem
2704 784 3001 853 appetitum
3050 785 3340 841 edacitatis
3394 802 3479 842 re-

1891 864 2101 935 primit,
2128 866 2249 921 sine
2272 868 2436 923 dubio
2457 868 2693 925 lascivia:
2723 884 2905 928 motus
2936 874 3237 945 restringit.
3302 875 3478 932 Tanta

1890 968 2015 1008 cum
2051 954 2379 1011 discretione
2409 958 2759 1015 reficiendum
2781 971 2866 1016 est
2893 977 3108 1032 corpus,
3148 972 3336 1021 utnec
3388 967 3476 1021 ni-

1891 1045 2002 1101 mia
2029 1046 2356 1104 abstinentia
2378 1049 2708 1113 debilitetur,
2751 1068 2852 1107 nec
2885 1053 3154 1124 superflua
3208 1057 3478 1113 edacitate

1889 1150 1987 1206 per
2013 1130 2291 1193 lasciviam
2317 1147 2617 1195 moveatur.
2646 1138 2704 1196 In
2734 1148 2968 1213 utroque
2997 1145 3144 1199 enim
3172 1154 3477 1217 temperan-

1892 1223 1965 1278 tia
1987 1225 2296 1283 adhibenda
2322 1236 2427 1294 est,
2455 1229 2664 1285 scilicet
2679 1239 2739 1285 ut
2759 1240 2810 1287 et
2836 1233 2962 1287 vitia
2990 1234 3171 1290 carnis
3203 1251 3311 1291 non
3338 1251 3480 1306 pra:-

1890 1313 2129 1381 valeant,
2158 1324 2215 1371 et
2238 1326 2264 1355 ιι
2297 1317 2473 1375 virtus
2499 1320 2567 1374 ad
2614 1321 2978 1377 ministerium
3003 1323 3159 1380 bona:
3206 1326 3478 1396 operatio-

1892 1401 1980 1457 nis
2009 1402 2261 1460 sulliciat.
2294 1406 2613 1479 Quicunque
2642 1413 2710 1464 ad
2735 1425 2979 1466 mensam
3003 1412 3248 1468 residens
3290 1428 3320 1467 a
3355 1430 3477 1468 car-

1892 1491 2054 1548 nibus
2076 1502 2131 1548 et
2159 1496 2286 1549 vino
2310 1512 2370 1551 se
2399 1498 2675 1553 abstinere
2707 1498 2960 1564 voluerit,
2989 1516 3096 1554 non
3143 1509 3227 1555 est
3289 1502 3476 1572 probis

1892 1581 2120 1637 bendus.
2156 1583 2503 1641 Abstinentia
2531 1588 2675 1642 enim
2705 1589 3166 1659 nonprohibetur,
3184 1590 3277 1644 sed
3291 1591 3476 1660 potius

1892 1672 2264 1741 collaudatur;
2291 1684 2500 1731 tantum
2528 1693 2597 1733 ne
2627 1693 2693 1734 ex
2725 1687 3039 1750 contemptu
3067 1688 3322 1735 creatura
3376 1680 3474 1734 Dei

196 1763 419 1833 corpori
480 1763 885 1834 indulgendum.
951 1765 1090 1834 Quia
1162 1768 1282 1825 ideo
1330 1771 1571 1841 quotidie
1624 1772 1786 1827 eden-
1818 1755 1861 1813 Β
1893 1760 2147 1817 humanis
2174 1778 2436 1819 concessa
2463 1765 2653 1822 usibus
2678 1777 3013 1823 exsecretur.

196 1855 329 1909 dum
356 1865 460 1920 est,
484 1856 513 1895 ιι
536 1856 662 1925 quia
702 1858 945 1926 quotidie
972 1859 1321 1916 reficiendum
1343 1874 1446 1918 est.
1474 1863 1627 1919 Sicut
1652 1879 1787 1933 quo-

195 1945 332 2001 tidie
351 1936 616 2001 orandum
637 1956 739 2013 est,
769 1950 1009 2019 quotidie
1030 1950 1385 2009 laborandum
1404 1963 1508 2021 est,
1546 1957 1785 2026 quotidie

194 2033 485 2106 legendum
515 2046 619 2093 est.

196 2124 226 2197 ς
258 2124 345 2179 Ill.
368 2156 446 2199 1-
475 2126 606 2182 l-rmt
631 2138 697 2184 sx
733 2130 953 2188 Recuu
999 2149 1187 2191 SANCTI
1237 2136 1437 2194 ISInonI
1496 2137 1633 2210 (cap.
1671 2139 1780 2212 ll).

276 2219 293 2258 ί
324 2217 430 2273 Per
453 2235 669 2276 omnem
702 2231 885 2278 autem
932 2226 1329 2283 hebdomadam
1379 2227 1581 2284 fratres
1639 2230 1777 2286 viles

200 2307 416 2363 olerum
452 2310 605 2367 cibos
651 2320 706 2368 et
734 2313 987 2382 pallentia
1030 2314 1044 2366 i
1108 2324 1335 2373 utantur
1382 2318 1677 2390 legumina.
1724 2317 1783 2375 ιιι

195 2497 311 2562 tem
346 2487 401 2543 in
428 2489 664 2562 generali
696 2489 902 2562 synodo
929 2489 1233 2562 monachis,
1274 2489 1531 2560 quoniam
1551 2489 1655 2545 olei
1694 2505 1786 2545 co-

192 2560 342 2630 piam
368 2574 472 2613 non
494 2560 776 2625 haberent,
795 2576 901 2616 non
923 2560 1166 2630 carnium
1183 2562 1590 2630 quadrupedum
1608 2573 1780 2626 esum,

194 2628 308 2701 sed
328 2630 586 2701 carnibus
624 2641 881 2701 agnatum
917 2629 1131 2700 adipem
1157 2628 1463 2701 indulserit,
1507 2630 1785 2701 advocatis

193 2697 394 2781 villicis
440 2715 635 2784 porcos
661 2697 1207 2784 darimandavitnde
1257 2716 1489 2784 quorum
1523 2700 1783 2784 a't‘lipe‘et

194 2767 459 2840 sagiminé
489 2770 667 2825 cibum
696 2770 924 2825 fratrum
951 2767 1330 2840 pararijussit.
1372 2790 1392 2823 ι
1439 2769 1498 2824 S.
1546 2767 1782 2825 Dunsta-

193 2852 305 2910 nos
332 2840 386 2893 in
428 2839 596 2895 Cone.
643 2839 1033 2905 Wintoniensi,
1070 2855 1167 2895 seu
1212 2840 1514 2896 Concordia
1559 2855 1680 2910 cap.
1705 2840 1779 2893 2:

201 2924 223 2981 ᾳ
262 2907 334 2981 In
352 2910 599 2981 Adventu
623 2911 837 2966 Domini
888 2911 1157 2981 pinguedo
1200 2911 1542 2966 interdicitur
1575 2907 1786 2965 scilicet

192 2978 363 3044 lardi,
391 2980 494 3035 nisi
540 2980 749 3036 festivis
775 2978 1009 3036 diebus.‘
1043 2980 1150 3035 Sed
1182 2981 1297 3037 haec
1323 2997 1470 3037 mera
1521 2981 1783 3036 relaxatio

192 3048 418 3122 inducta
451 3051 521 3106 ob
549 3051 998 3122 multiplicitatem
1026 3050 1329 3105 divinorum
1356 3050 1684 3122 officiorum,
1724 3055 1789 3106 ut!

195 3120 335 3194 satis
367 3120 538 3194 liquet
576 3108 858 3194 ene-apite
884 3121 1051 3176 citato
1080 3121 1463 3194 miraculorum
1503 3119 1563 3194 S.
1604 3108 1783 3194 l'lugo-
1810 3108 1854 3169 C

193 3190 311 3253 nis,
340 3190 435 3263 qui
455 3206 522 3263 ne
545 3190 764 3263 quidem
794 3192 860 3245 ad
880 3206 1078 3263 preces
1120 3191 1264 3263 Petri
1296 3192 1541 3246 Damiani
1566 3190 1789 3263 permit-

190 3266 315 3335 tere
346 3262 629 3335 voluit,nut
656 3262 847 3335 saltem
878 3262 963 3316 bis
983 3262 1402 3335 inhebdomade
1432 3264 1501 3335 ab
1525 3263 1789 3335 sagimine

194 3331 284 3404 ειιί
343 3333 607 3404 monachi
630 3333 964 3404 abstinerent
1016 3333 1084 3387 ob
1130 3331 1368 3404 laborem
1398 3331 1789 3404 chiiri.f(Vide

193 3395 549 3473 Concordiam
576 3402 634 3473 S.
670 3403 1170 3473 Dungtani,cap.3;
1206 3403 1424 3457 Decreta
1449 3395 1782 3464 Lantfranci,

194 3470 225 3543 ᾗ
255 3470 540 3543 5;_librum
569 3472 949 3527 Miraculorum
972 3470 1301 3543 Sillugonis
1331 3473 1541 3529 abbatis
1569 3474 1790 3529 Clunia-

193 3541 395 3614 ἐφείς,
435 3557 556 3611 cap.
596 3543 695 3607 l9;
734 3542 1116 3614 statutaiPetri
1146 3541 1491 3607 venerabilis,
1525 3559 1644 3614 cap.
1686 3543 1784 3610 10;

203 3609 577 3683 Visitntorium
604 3614 916 3683 monasterii
937 3612 1172 3668 Cultune
1196 3613 1490 3683 Cenoman.
1517 3609 1647 3683 ms.)

274 3692 301 3754 ξ
336 3680 598 3754 Cibussit
643 3681 777 3754 uilis,
814 3683 1234 3754 ett‘:_liabentttr
1261 3684 1313 3737 in
1345 3682 1552 3754 Regula
1593 3680 1694 3739 uis.
1727 3683 1785 3739 S.

195 3749 521 3807 Columbani
551 3754 671 3808 cod.
723 3753 871 3808 Flor.
904 3752 1038 3808 Vilis
1068 3755 1227 3809 delet
1274 3768 1393 3809 esse
1418 3749 1574 3809 cibus
1602 3770 1789 3810 mona-

192 3821 461 3888 chorum;
493 3824 621 3906 qnia
646 3838 1103 3906 supervaganenm
1128 3833 1214 3878 est
1240 3824 1571 3906 lautitias‘itr
1582 3823 1789 3906 jejnnio

193 3905 480 3965 quaerere:
514 3892 657 3965 idem
684 3892 840 3949 docet
878 3893 936 3947 S.
972 3894 1333 3965 Hieronymus
1359 3895 1519 3965 epist.
1538 3892 1627 3965 ad
1653 3895 1791 3949 Pau-

194 3959 401 4038 linum;
426 3964 493 4017 sit
525 3964 736 4038 utilis___et
763 3964 1080 4036 vespertinus
1095 3959 1241 4019 cibus
1266 3959 1515 4038 (EpCIII).
1533 3964 1633 4020 Ubi
1660 3980 1790 4021 sane

194 4030 751 4140 “enimat”:-

340 4098 686 4173 Vesperlt'nus.
727 4102 843 4159 Non
887 4104 959 4159 ita
991 4104 1180 4159 stricte
1220 4104 1452 4159 sumitur
1489 4105 1593 4159 hoc
1630 4119 1793 4159 voca-

194 4167 408 4226 bulum.
436 4167 590 4245 'Nam
620 4174 963 4245 ve~pertinus
1005 4175 1157 4229 cibus
1182 4182 1307 4245 est,
1338 4175 1430 4245 qui
1478 4190 1585 4229 non
1618 4176 1790 4231 solum

196 4255 444 4316 vespere,
478 4244 572 4299 sed
602 4244 765 4299 etiam
793 4246 921 4299 hora
946 4259 1109 4309 nona,
1140 4244 1192 4299 id
1212 4252 1318 4309 est,
1345 4244 1503 4299 tertia
1534 4254 1655 4316 post
1678 4260 1792 4300 me-

197 4311 400 4386 ridietn
416 4354 433 4386 ,
457 4329 579 4386 cum
605 4316 684 4369 sol
716 4316 784 4369 ad
812 4330 1102 4386 vesperum
1134 4329 1357 4386 vergere
1385 4311 1595 4385 incipit,
1625 4316 1793 4372 sumi-

199 4391 313 4436 tur.
368 4381 659 4457 Siquidem
685 4381 937 4457 monachi
983 4384 1041 4439 S.
1074 4381 1390 4457 Colunibaui
1433 4381 1791 4457 feria'quarta

2103 1854 2244 1927 διν.
2277 1881 2349 1896 ——-
2369 1856 2505 1912 Item
2539 1875 2604 1912 ea:
2627 1860 2809 1913 eadem
2868 1860 3056 1931 (capite
3101 1862 3257 1934 ipso).

1964 1952 1990 1979 °
2020 1945 2077 2000 ln
2105 1946 2351 2015 utrisque
2404 1949 2744 2018 temporibus
2792 1949 3017 2006 refectio
3048 1966 3247 2007 mensze
3302 1953 3477 2011 tribus

1887 2034 1997 2088 erit
2034 2036 2348 2105 pulmentis,
2372 2037 2582 2091 olerum
2616 2038 2822 2093 scilicet
2847 2049 2901 2094 et
2929 2040 3297 2112 leguminum;
3330 2053 3384 2098 et
3429 2046 3475 2099 si

1888 2125 2020 2197 quid
2049 2138 2076 2177 P
2106 2128 2325 2184 tertium
2348 2127 2529 2193 fuerit,
2578 2140 2605 2179 (ι
2650 2146 2957 2201 pomorum.
2989 2143 3010 2171 ι’
3044 2133 3238 2190 Ternis
3262 2151 3477 2206 quoque

1888 2219 2096 2290 poculis
2126 2219 2368 2277 fraterna
2400 2211 2692 2279 reficienda
2720 2232 2806 2280 est
2828 2225 2969 2281 sitis.
3007 2226 3065 2281 ln
3092 2228 3474 2284 observatione

1887 2317 2069 2365 autem
2094 2308 2556 2383 Quadragesimai,
2586 2313 2729 2370 sicut
2764 2314 2881 2370 ﬁeri
2902 2315 3060 2383 solet,
3084 2328 3106 2355 ι
3136 2328 3262 2388 post
3293 2319 3478 2389 exple-

1887 2488 2138 2561 virtutes,
2170 2504 2429 2561 excessus
2468 2490 2622 2561 vitia.
2655 2509 2674 2561 ῃ
2711 2488 2892 2560 inquit
2942 2488 3000 2561 S.
3030 2488 3390 2561 Hieronymus
3421 2490 3477 2546 in

1886 2560 2045 2631 epist.
2076 2557 2142 2631 ad
2174 2560 2591 2631 Demetriadem.
2626 2557 2804 2631 Unde'
2824 2560 3099 2631 praeclare
3124 2557 3285 2619 docet
3330 2562 3474 2615 idem

1886 2629 2253 2701 Columbanus
2297 2645 2419 2700 cap.
2473 2629 2506 2684 8
2549 2629 2841 2701 868111ng
2872 2630 3141 2685 Discretio
3192 2632 3478 2686 monachis

1887 2715 2050 2770 quam
2106 2700 2177 2754 sit
2232 2701 2560 2766 necessaria,
2594 2700 2887 2755 multorum
2935 2715 3090 2754 error
3130 2702 3387 2763 ostendit,
3421 2712 3480 2756 et

1886 2771 2192 2839 aliquorum
2216 2771 2390 2825 ruina:
2420 2771 2815 2833 demonstrant,
2855 2772 2945 2839 qui
2987 2771 3103 2824 sine
3150 2771 3478 2826 discretione

1887 2841 2207 2909 incipientes
2236 2849 2292 2895 et
2317 2842 2529 2911 absque
2556 2841 2919 2895 moderatrice
2944 2841 3174 2896 scientia
3220 2841 3479 2911 degentes

1889 2912 2056 2965 vitam
2091 2911 2249 2965 tiniIe
2298 2910 2625 2965 laudabilem
2656 2927 2764 2966 non
2801 2920 3117 2981 potuerunt.
3170 2910 3306 2977 Quia
3336 2913 3483 2965 sicut

1887 2996 1913 3034 s
1944 2996 2010 3034 ne
2038 2981 2123 3035 via
2150 2981 2497 3036 tendentibus
2519 2995 2676 3036 error
2698 2982 2896 3045 evenit,
2922 2982 2995 3035 ita
3017 2981 3136 3036 sine
3153 2981 3481 3036 discretione

1888 3051 2196 3106 viventibus
2217 3066 2474 3107 excessus
2510 3050 2564 3105 in
2591 3060 2841 3121 promptu
2864 3061 2968 3112 est,
3000 3051 3092 3122 qui
3123 3066 3338 3121 semper
3364 3052 3478 3105 vir-

1888 3122 2094 3176 tutibus
2143 3123 2196 3176 in
2253 3122 2433 3176 medio
2473 3123 2614 3192 inter
2660 3131 2946 3191 utramque
2995 3122 3330 3176 nimietatem
3384 3137 3481 3192 po-

1893 3192 2016 3247 sitis
2063 3193 2369 3247 contrarius
2391 3201 2493 3246 est.
2535 3211 2554 3245 ι
2588 3191 2647 3246 ld
2676 3208 2706 3247 a
2745 3193 2855 3247 Deo
2882 3193 3074 3247 educta
3101 3208 3197 3262 per
3228 3192 3285 3246 S.
3316 3192 3491 3246 Adal-r

1890 3266 2064 3316 ricum
2107 3262 2299 3334 didicit
2320 3263 2379 3334 Β.
2408 3263 2573 3334 virgo
2602 3268 2658 3317 et
2687 3272 2894 3334 martyr
2933 3263 3251 3334 Wiborada,
3278 3278 3398 3332 quae
3425 3263 3481 3317 in

1888 3332 2221 3402 monasterio
2241 3334 2300 3388 S.
2324 3332 2464 3388 Galli
2492 3331 2704 3388 reclusa
2728 3331 2944 3388 carnem
2961 3331 3181 3401 jejuniis
3202 3341 3257 3386 et
3281 3331 3482 3402 vigiliis

1891 3401 2264 3473 immoderatis
2307 3403 2647 3473 opprimebat
2681 3405 2813 3457 :scd
2859 3404 2927 3456 ab
2983 3403 3190 3473 Angelo
3238 3401 3478 3457 monitus

1888 3471 1951 3525 B.
1983 3472 2268 3529 Adalricus
2305 3471 2525 3527 adeam
2572 3475 2744 3537 venit,
2785 3474 2988 3541 Deique
3035 3471 3388 3535 voluntatem,
3422 3479 3482 3526 ut

1890 3542 2094 3612 aliquid
2124 3544 2190 3596 de
2224 3551 2339 3597 tam
2360 3543 2495 3597 dura
2539 3551 2595 3597 et
2622 3557 2811 3610 aspera
2844 3543 2970 3612 vita:
2993 3542 3202 3612 ratione
3231 3541 3475 3595 remitte-

1888 3610 1999 3677 ret;
2022 3613 2231 3682 aperuit
2251 3614 2407 3684 (Acta
2437 3622 2639 3684 sanctae
2678 3610 3001 3684 Viboradae).
3036 3611 3179 3684 Ergo
3208 3612 3478 3684 noscenda

1889 3691 1974 3736 est
2020 3681 2275 3737 mensura
2324 3683 2428 3747 sui,
2456 3681 2585 3752 quid
2626 3684 2843 3735 valeant
2871 3682 3281 3807 hmnerLgIcIid
3333 3682 3481 3737 vires

1892 3751 2039 3807 ferre
2069 3760 2339 3807 recusent.
2366 3751 2523 3807 Nam.
2551 3761 2612 3805 ut
2638 3754 2913 3807 sapienter
2938 3760 3122 3806 monet
3226 3767 3355 3806 oeca
3379 3751 3475 3806 lib.

1892 3751 2045 3823 ferre
2069 3760 2339 3823 recusent.
2366 3751 2523 3819 Nam,
2551 3761 2612 3805 ut
2638 3754 2913 3823 sapienter
2938 3760 3122 3806 monet
3149 3751 3355 3807 Seneca
3379 3751 3475 3806 lib.

1890 3822 1959 3876 de
2007 3822 2425 3894 Tranquillitate
2471 3822 2751 3894 animm":
2788 3836 3009 3878 necesse
3054 3829 3138 3877 est
3172 3823 3482 3894 opprimant

1890 3905 2077 3956 onera,
2107 3892 2228 3961 quae
2259 3893 2468 3947 ferente
2495 3892 2700 3962 majora
2733 3900 2877 3947 sunt.
2916 3911 2934 3944 ι

1959 3963 1989 4002 ιι
2020 3962 2159 4027 Quia
2180 3962 2410 4033 quotidie
2432 3962 2770 4033 reﬁciendum
2790 3972 2882 4015 est.
2912 3962 3074 4033 Lege,
3096 3962 3474 4033 proﬁciendum

1891 4041 1985 4105 est,
2018 4041 2078 4087 ut
2100 4032 2317 4105 Regula
2344 4047 2447 4087 ms.
2473 4032 2595 4105 cod.
2619 4034 2765 4105 Flor.
2796 4041 2852 4086 et
2878 4032 3118 4105 editione
3158 4032 3481 4097 Parisiensi,

1890 4111 1947 4157 et
1969 4103 2322 4173 InsulmISed
2350 4105 2407 4159 τό
2429 4104 2553 4173 quia
2586 4104 2803 4173 videtur
2827 4103 3148 4157 redundare.

1971 4175 1993 4246 i_
2022 4172 2129 4246 Per
2149 4190 2352 4246 omnem
2370 4172 2568 4240 autem,
2594 4182 2700 4229 etc.
2729 4172 2854 4228 Hinc
2874 4173 3058 4228 videre
3086 4183 3172 4230 est
3190 4173 3245 4228 in
3272 4172 3475 4246 Regula

1892 4243 1951 4299 S.
1972 4243 2167 4315 lsidori
2197 4260 2396 4301 excusa
2419 4260 2537 4315 cap.
2560 4247 2615 4301 9.

1965 4314 1979 4364 i
2021 4314 2270 4386 Utantur.
2304 4316 2361 4386 ln
2397 4313 2602 4386 Regula
2632 4316 2775 4371 edita
2814 4313 3030 4386 legitur,
3063 4315 3305 4372 habeant.

1964 4386 1991 4456 ξ
2026 4385 2320 4456 interdum.
2343 4385 2401 4439 ln
2430 4385 2635 4456 Regula
2662 4401 2860 4456 excusa
2887 4385 3139 4456 habetur,
3163 4387 3437 4440 inducant.

198 4459 258 4527 ει
283 4462 437 4527 sexta
468 4454 783 4527 reficiebant
803 4455 933 4527 hora
960 4471 1120 4527 nona,
1146 4464 1200 4510 ut
1229 4456 1448 4525 planum
1476 4466 1561 4512 est
1584 4453 1649 4511 ex
1674 4455 1791 4524 ejus
1816 4457 1871 4517 D
1972 4453 2428 4527 lgLerissimarum
2464 4453 2722 4511 carnium.
2746 4454 3111 4527 Quantitatem
3154 4457 3345 4527 tangit,
3370 4471 3477 4511 non

197 4520 565 4578 Ptenitentiali
609 4540 756 4595 ms,:
806 4542 826 4575 ι
863 4524 922 4579 Si
972 4525 1095 4595 quis
1148 4520 1274 4581 ante
1339 4527 1528 4580 horam
1590 4520 1790 4581 nonam

242 4601 399 4673 parta
428 4601 688 4665 sextaqne
712 4594 848 4649 feria
875 4594 1186 4660 manducet,
1227 4596 1330 4651 nisi
1361 4596 1630 4662 infirmus,
1658 4598 1793 4653 duos

242 4664 321 4717 ies
345 4664 402 4735 in
431 4678 570 4733 pane
598 4664 652 4719 et
687 4681 847 4735 aqua.
879 4684 898 4717 ι

274 4731 521 4807 [Par—iis.
556 4735 694 4807 Lege
722 4731 876 4806 pane,
919 4742 976 4790 ut
1006 4735 1058 4790 in
1087 4735 1293 4807 Regula
1321 4736 1442 4791 col.
1475 4735 1622 4791 Flor.
1653 4745 1709 4791 et
1739 4734 1793 4792 in

198 4801 681 4875 editionelnsulze,
715 4801 775 4859 ut
802 4807 874 4860 sit
901 4801 1189 4875 appositiol

272 4872 301 4912 ει
333 4871 584 4947 ρεὶιίιαιὶ.
612 4874 817 4947 Nempe
842 4871 1092 4947 spiritali.

278 4954 304 4982 ο
337 4943 406 4997 Et
432 4946 573 5000 usui.
605 4943 1089 5017 Vitae—corporalis.
1130 4945 1293 5012 Quasi
1316 4945 1536 5017 diceret
1563 4962 1577 4999 :
1613 4946 1688 5017 ita
1715 4947 1791 5002 ci-

201 5014 306 5094 bus
327 5016 713 5086 temperandus
734 5025 840 5083 est,
861 5014 923 5071 ut
950 5017 1145 5071 anima:
1169 5014 1330 5072 simul
1350 5027 1406 5072 et
1425 5016 1639 5087 corpori
1667 5031 1794 5087 pro-

202 5091 298 5138 sit.
574 5124 581 5131 .

283 5152 305 5192 ι
340 5151 660 5210 Retentetur.
685 5155 763 5210 ιω
792 5156 846 5211 in
876 5156 1111 5212 editione
1147 5154 1443 5212 Parisiensi
1472 5163 1529 5210 et
1575 5156 1781 5212 Insulae.

202 5222 264 5279 In
296 5223 417 5278 cod.
456 5224 602 5280 Flor.
635 5235 970 5280 sustentetur.

280 5294 308 5333 ⁸
332 5292 393 5348 Si
413 5296 549 5349 enim
572 5297 783 5350 modum
802 5296 1118 5351 abstinentia
1136 5297 1434 5362 excesserit,
1457 5296 1661 5362 vitium,
1682 5313 1787 5352 non

1894 4525 2235 4595 qualitatem,
2260 4535 2400 4596 utex
2435 4527 2786 4596 sequentibus
2815 4525 3022 4596 clarum
3043 4534 3144 4579 est.

1965 4607 2005 4634 ιιι
2041 4596 2180 4666 Nam
2207 4613 2272 4650 ex
2290 4593 2609 4666 plenitudine
2628 4596 2819 4650 ventris
2849 4595 2951 4666 cito
2981 4597 3240 4649 excitatur
3263 4593 3481 4666 luxuria

1896 4666 2093 4719 carnis.
2146 4664 2332 4721 Recte.
2361 4665 2478 4722 Huc
2520 4674 2731 4722 spectat
2755 4665 2884 4719 illud
2910 4664 3225 4720 Tertulliani
3256 4665 3348 4719 lib.
3379 4664 3475 4717 ad-

1896 4750 2086 4789 versus
2116 4735 2415 4806 Psychicos
2445 4754 2457 4790 :
2488 4754 2507 4787 ι
2536 4734 2641 4792 Per
2683 4735 3003 4790 edacitatem
3052 4737 3246 4790 transit
3287 4734 3481 4789 salaei-o

1897 4811 1998 4875 tas.
2037 4826 2054 4857 ι
2084 4806 2150 4859 Ει
2172 4805 2332 4875 paulo
2382 4815 2545 4862 ante:
2577 4825 2596 4859 ι
2626 4806 2924 4861 Monstrum
2952 4805 3159 4862 scilicet
3188 4806 3485 4860 haberetur

1895 4874 2075 4947 libido
2091 4874 2209 4929 sine
2234 4876 2378 4947 gula.
2412 4896 2431 4929 ›

1969 4955 1998 4984 ιι
2042 4945 2322 5000 νίνιιιε.“ι(1
2349 4954 2453 5013 est,
2474 4946 2639 5003 vires.

1971 5022 1997 5051 ο
2029 5016 2098 5071 1η
2152 5017 2382 5087 utrisque
2412 5018 2745 5087 temporibus.
2789 5016 3053 5072 Videlicet
3091 5016 3316 5083 :estatis,
3363 5016 3495 5075 hie-

1894 5085 2019 5150 mis,
2049 5087 2244 5156 quibus
2266 5085 2614 5141 continentur
2636 5102 2735 5142 ver
2769 5095 2825 5141 et
2847 5095 3160 5142 autumnus.

1967 5165 1996 5206 ρ
2027 5156 2280 5228 Tertium.
2308 5158 2390 5211 Ab
2414 5158 2653 5228 oleribus
2681 5165 2736 5214 et
2761 5157 3139 5228 leguminibus.

1963 5236 1991 5276 ιι
2021 5226 2331 5309 femorum.
2359 5228 2416 5282 ln
2446 5226 2894 5309 Regulaexeusa,
2924 5227 2977 5309 id
3007 5236 3102 5293 est,
3126 5242 3421 5309 pomorum.

1969 5306 1990 5333 τ
2021 5296 2205 5351 Tarnis
2240 5313 2445 5369 quoque
2487 5295 2709 5368 poculis.
2753 5297 2915 5354 Juxta
2938 5295 3239 5354 Ausonium
3284 5296 3341 5351 in
3367 5295 3485 5369 gri-

203 5363 376 5438 oirtus
396 5366 514 5438 erit.
546 5366 723 5421 Aurea
770 5367 1137 5433 mediocritas,
1167 5368 1324 5420 beata
1351 5367 1626 5438 discretio.
1660 5383 1782 5438 quze
1886 5366 2028 5438 pho:

204 5433 439 5509 virtutes
465 5434 611 5509 fovet
654 5445 710 5509 et
739 5445 923 5509 auget,
947 5439 1208 5494 virtutum
1237 5444 1434 5509 mater,
1455 5444 1510 5509 et
1547 5437 1637 5490 lux
1664 5433 1784 5491 ani-

204 5503 284 5581 nti
308 5522 322 5557 :
355 5506 441 5560 cui
467 5507 560 5581 u_n_i
588 5508 793 5577 primas
815 5503 985 5581 vdedit
1028 5521 1267 5581 magnus
1283 5505 1567 5581 Antonins.
1595 5510 1784 5581 μέτρον

207 5573 445 5647 ignei-av.
478 5576 552 5647 id
577 5573 684 5641 est,
731 5577 922 5633 modus
950 5573 1208 5647 optimus,
1256 5578 1431 5647 inquit
1476 5573 1783 5632 Cleobulus.

260 5644 657 5738 nilqsnphorum.
673 5664 875 5738 quatere
898 5644 1153 5738 sententia
1172 5644 1786 5738 εδιᾉμξςεότζητέῗῑςέςιξὸς,

209 5716 495 5792 ὑπερϐολὰς
549 5716 721 5783 itania;
770 5716 916 5786 εἶναι,
956 5719 1009 5775 id
1053 5727 1156 5785 est,
1184 5736 1203 5774 ι
1242 5716 1643 5774 mediocritates
1670 5734 1791 5774 esse

2134 5434 2233 5487 Ter
2255 5438 2392 5487 bibe.
2457 5471 2473 5487 .
2536 5470 2555 5489 .
2618 5472 2635 5488 .
2705 5474 2717 5487 .

1891 5504 2167 5577 Augustus
2210 5506 2507 5577 imperator
2534 5509 2587 5562 in
2616 5508 2813 5563 castris
2838 5508 2903 5562 ad
2932 5506 3187 5561 Mutinam
3230 5514 3315 5562 ter
3342 5508 3485 5563 duu«

1896 5577 2316 5648 taxat_bibebat,
2340 5587 2401 5632 ut
2424 5577 2590 5633 refert
2610 5578 2902 5633 Suetonius
2930 5592 3049 5648 cap.
3080 5578 3168 5634 ⁵27.

1971 5658 1990 5684 ε
2038 5644 2163 5719 Post
2176 5648 2461 5719 expletum
2484 5648 2768 5719 jejunium.
2798 5649 2850 5702 ld
2884 5644 3139 5712 estfetnn
3170 5648 3300 5703 bora
3344 5647 3491 5702 refe-

1971 5665 1990 5684 ε
2038 5665 2163 5699 rost
2185 5665 2445 5715 expletum
2484 5665 2768 5772 μγιιηηηη.
2798 5665 2850 5702 ια
2884 5665 2985 5712 est,
3018 5665 3139 5703 cum
3170 5665 3300 5703 nora
3344 5665 3473 5702 I'CIG‘

1896 5718 2089 5772 ctionis
2119 5718 2414 5774 advenerit.
2449 5718 2504 5773 In
2559 5721 2668 5791 tog.
2694 5734 2891 5776 excusa
2917 5719 3131 5791 legitur,
3159 5730 3473 5790 ext-inpium.
