3948 6182
182 333 309 394 itit

171 456 242 513 de
274 453 520 510 omnium
550 448 779 505 annonis
817 461 843 491 ι
887 456 1201 504 antecessus
1230 449 1498 513 subtrahi,
1525 464 1591 505 ne
1619 449 1758 504 forte
1787 456 1832 513 Α

170 556 296 602 cum
330 545 554 613 integra:
578 554 807 595 annonce
835 539 890 593 in
939 540 1142 595 mensis
1181 538 1384 596 fuerint
1430 541 1655 608 positae,
1703 548 1760 595 et

168 636 315 691 forte
345 632 637 689 adveniens
662 629 833 685 frater
868 630 1104 685 novitius
1130 631 1377 687 nesciens
1398 631 1571 685 adhuc
1599 646 1758 685 men-

168 741 356 782 suram
383 723 602 796 Regulze
630 730 785 794 putet
813 722 917 778 sibi
954 723 1148 777 iterato
1187 724 1253 778 ad
1286 737 1498 777 caenam
1528 724 1713 794 reponi
1740 763 1755 788 ,

170 817 241 870 ad
267 814 555 886 prandium
580 812 810 883 explicet
842 821 1033 877 totum,
1059 822 1113 868 et
1142 828 1262 867 sera
1292 828 1416 868 cum
1453 814 1630 883 pomis
1661 814 1759 867 ba—

170 907 301 960 beat
338 902 511 959 nihil:
544 913 639 958 aut
672 902 840 958 frater
869 903 1095 958 multum
1127 905 1292 960 edere
1336 920 1546 969 amans,
1569 920 1761 973 quam-

170 997 257 1049 vis
290 1008 604 1049 mensuram
645 993 855 1048 noverit
889 992 1127 1064 Regulae,
1158 1009 1279 1049 cum
1302 994 1508 1063 petenti
1541 994 1759 1066 Regulae

169 1084 289 1138 vult
312 1082 657 1148 satisfacere,
697 1083 766 1136 ad
803 1083 993 1137 horam
1020 1090 1191 1138 totum
1219 1082 1382 1154 eligat
1403 1084 1755 1149 manducare,

169 1184 229 1231 et
252 1176 321 1231 ad
346 1190 523 1233 seram
553 1184 707 1245 putet
738 1191 796 1230 se
817 1190 936 1231 esse
969 1185 1358 1245 contemptum.
1392 1175 1523 1243 Quae
1568 1190 1760 1231 omnes

171 1267 394 1336 quadrae
421 1281 546 1321 cum
574 1264 775 1320 fuerint
797 1265 852 1319 in
875 1265 1094 1322 cellario
1118 1275 1426 1331 reservatm,
1455 1280 1579 1321 sera
1602 1267 1630 1306 δ
1652 1267 1762 1337 eje-

172 1365 300 1421 ctaa,
322 1363 379 1411 et
424 1356 479 1411 in
514 1369 702 1411 mensa
742 1354 954 1411 abbatis
977 1396 993 1421 ,
1036 1366 1093 1411 et
1118 1357 1187 1412 ab
1220 1372 1285 1412 eo
1312 1358 1570 1429 signatae,
1620 1359 1761 1413 sicut

174 1445 517 1503 consuetudo
547 1446 806 1510 ostendit,
836 1449 989 1516 prius
1014 1445 1117 1502 sibi
1141 1459 1162 1487 ο
1188 1447 1272 1503 vel
1302 1464 1503 1504 mensa:
1530 1464 1642 1505 sum
1666 1450 1762 1504 tol-

172 1537 271 1604 lat,
297 1547 354 1594 ει
388 1539 618 1595 residua:
641 1553 673 1593 a
700 1538 983 1595 cellarario
1007 1539 1196 1594 levata:
1221 1554 1319 1609 per
1340 1540 1581 1612 singulas
1610 1556 1763 1598 men-

174 1645 268 1686 sas
295 1636 569 1701 ponantur
592 1628 620 1669 ἀ
652 1629 966 1686 tollentibus
995 1647 1008 1685 :
1040 1637 1101 1685 ut
1128 1630 1258 1701 ipsae
1279 1630 1408 1686 sola:
1431 1642 1617 1702 partes
1635 1648 1758 1687 eum

172 1722 343 1779 crudo
361 1736 682 1793 quocunque
708 1721 1069 1792 pulmentario
1090 1722 1261 1778 mixto
1288 1737 1413 1778 cum
1448 1724 1643 1794 pomis,
1674 1723 1761 1780 vel

1071 327 1461 387 COXCORDIA
1501 326 1959 386 REGULARUM.
2000 358 2070 367 —
2107 326 2259 383 CAP.
2305 327 2528 385 XLVIII.

3306 332 3439 389 1122

2184 441 2211 514 §
2248 441 2315 495 Χ.
2360 472 2432 483 —-
2461 441 2536 495 Ex
2579 439 2798 497 ΒεςυιΑ
2835 456 3118 499 cumse“.

1932 534 2130 590 Mensa:
2152 533 2552 589 administratio
2590 533 2677 589 vel
2701 533 3008 589 observatio
3030 528 3231 604 quan’ta
3253 552 3441 609 (equa-

1858 626 2011 682 litate
2036 612 2144 681 vel‘
2154 626 2449 680 sobrietate
2472 626 2714 695 percurri
2738 625 2950 691 debeat,
2979 626 3193 683 abbatis
3216 630 3444 685 scientia

1856 727 1941 774 est
1969 718 2361 781 trutinandum,
2389 726 2448 771 ut
2468 717 2522 771 in
2560 717 2830 782 omnibus,
2853 718 2993 773 sicut
3034 719 3187 774 decet
3214 720 3311 774 Dei
3340 722 3445 776 mi-

1859 809 2084 873 nistros,
2137 807 2416 878 religionis
2452 807 2633 878 vigeat
2682 807 2875 862 fomes.
2924 808 3315 867 Ministrandus
3362 823 3446 867 est

1860 914 2094 969 namque
2128 899 2383 954 omnibus
2420 913 2574 967 aequa
2620 897 2910 955 libratione
2941 909 3050 954 tam
3078 910 3239 971 potus
3279 918 3444 973 quam

1858 990 2032 1053 cibus,
2058 997 2221 1059 prout
2251 996 2486 1057 tempus,
2516 989 2631 1043 sive
2667 989 3038 1045 solemnitates
3063 1031 3078 1057 ,
3121 991 3235 1046 sive
3279 993 3449 1048 absti-

1860 1082 2080 1148 nentiae,
2107 1081 2221 1137 sive
2240 1080 2542 1152 quotidiani
2565 1096 2696 1135 usus
2716 1082 3083 1152 poposcerint.
3108 1082 3448 1151 Quotidianis

1859 1173 2004 1228 enim
2037 1172 2230 1227 diebus
2255 1171 2282 1210 ιι
2319 1170 2570 1227 sufficere
2615 1171 2889 1227 credimus
2931 1172 3040 1227 duo
3090 1171 3329 1239 fercula,
3356 1190 3451 1229 ex-

1862 1266 2036 1336 ceptis
2062 1280 2348 1336 pomorum
2380 1266 2556 1332 donis,
2585 1265 2969 1336 leguminibus,
2991 1265 3077 1321 vel
3119 1266 3185 1321 de
3212 1266 3452 1323 oleribus

1870 1357 1886 1397 ί
1921 1354 2187 1423 conferta,
2212 1369 2308 1411 seu
2341 1355 2530 1410 farina:
2552 1355 2793 1425 qualibet
2827 1357 3229 1426 conspersione.
3255 1357 3445 1414 Omni-

1863 1447 1964 1502 bus
1983 1447 2185 1503 etenim
2210 1462 2363 1517 requa
2410 1462 2667 1502 mensura
2709 1448 3150 1515 ministrantium,
3174 1458 3372 1521 praeter
3402 1450 3450 1506 si

1862 1548 1995 1594 tetas
2022 1539 2312 1617 infirmior,
2343 1554 2465 1610 quae
2493 1541 2766 1597 sustinere
2814 1557 2922 1596 non
2950 1541 3150 1609 valeat,
3174 1550 3269 1597 aut
3294 1544 3450 1614 aegri-

1861 1631 1993 1687 tudo
2014 1633 2281 1703 eorporis,
2311 1641 2368 1688 et
2397 1630 2411 1683 i
2446 1632 2671 1689 novella:
2702 1634 3075 1690 conversionis
3112 1636 3324 1691 novitas
3346 1636 3451 1691 im-

1864 1723 2092 1794 probata
2124 1722 2377 1780 sufficere
2400 1739 2509 1780 non
2549 1734 2745 1795 queat;
2803 1727 2949 1796 quod
2995 1727 3207 1784 abbatis
3243 1727 3452 1799 judicio

172 1814 219 1870 si
251 1813 380 1884 quid
413 1813 480 1867 de
506 1811 882 1883 pulmentariis
911 1812 1126 1882 prandii
1150 1814 1492 1880 remanserit,
1526 1813 1757 1869 fratrum
1788 1818 1833 1876 Β
1859 1814 2195 1884 pensandum
2224 1822 2329 1869 est.
2368 1814 2396 1854 ι
2416 1812 2583 1870 Ροιιιε
2618 1829 2751 1871 vero
2800 1814 2915 1889 [si]
2958 1816 3147 1872 sicerre
3187 1817 3450 1889 liquoris,

172 1917 347 1959 coenae
396 1901 685 1957 sufficiant.
733 1900 871 1957 Nam
904 1903 990 1957 die
1019 1902 1323 1971 Dominico,
1347 1904 1432 1959 vel
1476 1905 1599 1961 aliis
1645 1906 1762 1962 die-

171 1994 277 2050 bus
302 1992 486 2059 festis,
514 2003 539 2033 °
571 1992 666 2049 sed
707 2001 764 2048 et
813 2000 1038 2064 propter
1069 2002 1363 2051 extraneas
1411 1995 1762 2053 advenientes

168 2101 439 2158 personas
491 2086 682 2157 quovis
717 2086 806 2142 die
849 2086 869 2126 ί
911 2086 1173 2158 quidquid
1210 2088 1379 2144 abbas
1418 2088 1471 2143 in
1512 2088 1633 2144 cibo
1667 2104 1762 2144 vo-

170 2178 358 2242 luerit,
390 2187 450 2232 ut
484 2186 609 2248 pote
652 2176 845 2247 majori
894 2179 1231 2244 conceditur,
1273 2182 1299 2220 8
1336 2179 1420 2234 vel
1459 2179 1761 2235 dulciorum

172 2270 356 2341 aliqua
382 2270 676 2325 secundum
722 2270 1091 2324 teStimonium
1135 2269 1279 2339 quod
1305 2269 1501 2354 legitur
1543 2270 1598 2324 in
1625 2269 1765 2326 Vitis

171 2361 422 2417 Patrum.
456 2360 557 2417 Ubi
595 2377 692 2433 pro
720 2361 910 2417 diebus
935 2360 1091 2417 festis
1121 2360 1407 2417 delicatum
1431 2363 1703 2432 petierunt
1732 2378 1763 2417 a

172 2453 408 2508 Domino
456 2452 634 2507 cibum
660 2492 675 2516 ,
737 2461 793 2509 et
846 2453 1090 2523 apparuit
1142 2454 1223 2508 eis
1269 2468 1393 2509 cum
1434 2452 1558 2509 favo
1594 2470 1764 2527 auge-

172 2545 283 2600 lus.
311 2544 542 2598 Tantum
583 2553 669 2598 est
715 2552 774 2598 ut
821 2545 1130 2599 consideret
1166 2544 1561 2615 aequalitatem,
1597 2556 1654 2601 et
1682 2547 1767 2601 fu-

173 2637 291 2708 giat
314 2634 720 2705 corruptibilem
747 2635 1099 2690 nimietatem.
1149 2635 1445 2693 Minoribus
1475 2651 1603 2693 vero
1628 2639 1765 2695 duo-

172 2728 354 2785 decim
374 2729 539 2784 annis
566 2729 747 2784 minus
777 2743 808 2783 a
836 2728 973 2784 libra
1005 2727 1164 2799 panis
1190 2729 1243 2784 in
1264 2729 1353 2785 die
1372 2731 1622 2787 sufliciat.

251 2933 282 2962 ι
320 2922 647 2996 Antecessus.
678 2920 754 2977 Ita
782 2922 834 2977 in
860 2922 1065 2996 Regula
1094 2939 1229 2991 ms.;
1262 2924 1380 2996 lege
1420 2932 1618 2992 tamen,
1647 2939 1768 2985 ante

172 3008 377 3067 genus,
401 2993 455 3067 id
482 3002 585 3058 est,
618 3003 743 3050 ante
771 2993 1061 3060 sessiones,
1090 3009 1186 3050 seu
1227 2993 1518 3067 antéquam
1543 2999 1765 3056 sedeant

173 3061 381 3118 fratres
408 3063 461 3117 in
493 3079 697 3119 mensa.
1370 3061 1389 3067 ”
1554 3072 1557 3075 ·

255 3134 286 3174 ιι
315 3132 537 3198 ΕῘεειαν.
569 3133 625 3189 ld
651 3141 752 3198 est,
776 3134 982 3189 eductae
1008 3148 1038 3188 e
1064 3133 1304 3190 cellario.

254 3214 281 3242 c
332 3173 1126 3260 ﬂiam};“IXJrZ'FuEuiS
1399 3207 1519 3264 loco
1566 3218 1650 3265 est
1680 3225 1773 3265 co-
1800 3173 1845 3236 Ο

172 3274 444 3348 puiativa,
470 3288 567 3343 pro
590 3283 670 3348 et;
712 3289 836 3329 nam
860 3275 959 3348 sibi
987 3283 1042 3329 et
1069 3290 1268 3348 mensae
1290 3293 1421 3343 suze,
1450 3279 1552 3335 hoc
1574 3288 1678 3348 est,
1705 3282 1775 3338 iis

173 3343 276 3415 qui
308 3346 785 3415 ulnaiiccumliuut,
816 3343 1052 3415 quadras
1078 3347 1241 3400 sumit
1263 3348 1449 3403 abbas.

250 3414 281 3454 ἀ
325 3412 666 3485 fallentibus.
700 3414 755 3469 Id
788 3412 890 3478 est,
918 3414 1026 3469 sibi
1052 3416 1460 3485 accipientibus.

258 3496 285 3524 ο
327 3481 430 3559 sed
473 3493 532 3559 ειΔ
562 3493 771 3553 prapter
807 3495 1083 3559 exiraneas
1125 3481 1455 3559 advenientes
1497 3506 1769 3559 personas.

173 3553 592 3626 Monacbiolim
627 3563 848 3624 propter
866 3555 1104 3626 hospites
1146 3556 1359 3626 plenius
1400 3553 1775 3626 procuraban-

174 3634 293 3689 tur,
318 3633 378 3677 ut
407 3623 589 3678 videre
611 3634 694 3695 est
720 3623 840 3679 add.
872 3642 887 3679 ι
910 3624 1040 3695 Cap.
1065 3623 1198 3679 Lud.
1220 3626 1382 3695 imp.,
1401 3623 1493 3681 ’tit.
1521 3630 1591 3682 29
1618 3648 1631 3682 :
1662 3648 1680 3679 σ
1715 3630 1773 3684 Si

171 3710 316 3750 vero
368 3703 589 3766 propter
620 3694 883 3766 hospitem
931 3694 1159 3749 voluerit
1205 3694 1414 3766 (abbas)
1459 3700 1525 3752 ad
1558 3699 1771 3753 solitam

174 3780 498 3820 mensuram
547 3763 822 3829 fratribus,
852 3766 1064 3835 sibique
1091 3763 1289 3837 augere
1313 3766 1539 3838 aliquid,
1568 3769 1620 3824 in
1657 3789 1673 3821 t
1683 3768 1775 3838 jus

173 3842 404 3903 maneat
443 3842 726 3903 potestate.
760 3855 777 3886 ι

263 3904 282 3943 ἲ
328 3902 615 3976 Quidquid.
647 3904 703 3958 In
730 3903 927 3976 Regula
948 3919 1048 3959 ms.
1076 3907 1341 3976 sequitur,
1358 3906 1769 3974 uddere;recte.

261 3977 288 4015 8
334 3972 745 4047 Yefdufciorum
780 3972 977 4047 aliqua.
1015 3972 1335 4047 Qum—vulgo
1376 3972 1630 4033 dicuntur
1655 3978 1775 4032 dul-

173 4043 456 4108 ciamina,
509 4060 628 4114 quae
674 4043 900 4100 subinde
943 4043 1296 4101 recreationis
1319 4062 1481 4102 causa
1505 4048 1775 4104 dabantur

174 4114 490 4191 monacbis,
522 4116 759 4191 Inarime
779 4115 969 4191 diebus
995 4116 1167 4191 festis,
1193 4126 1253 4191 ut
1278 4118 1467 4191 statui_t
1495 4117 1773 4191 Magister,

173 4188 299 4243 sive
324 4183 772 4251 solemnioribus,
826 4193 884 4239 ut
924 4184 981 4241 S.
1021 4186 1288 4243 Czesarius
1332 4188 1386 4242 in
1434 4183 1776 4251 Reeaﬁitula-l

178 4259 357 4329 tione,
377 4269 495 4324 cap.
520 4254 589 4329 i6
613 4271 626 4307 :
665 4271 685 4305 ‹
719 4256 775 4310 1η
805 4253 1191 4329 festivitatibus
1214 4257 1510 4329 majoribus
1528 4253 1596 4313 ad
1614 4275 1775 4329 pran-

178 4328 337 4380 dium
366 4334 422 4379 et
469 4325 537 4379 ad
568 4339 778 4380 ccenam
816 4324 1019 4381 fercula
1059 4324 1344 4393 addantur,
1378 4336 1433 4383 et
1477 4324 1775 4384 recedenti-

176 4397 285 4468 bus
316 4395 399 4468 de_
432 4409 497 4468 ea
526 4394 860 4468 dulciamina
880 4395 1124 4468 addenda
1153 4407 1298 4452 sunt.
1341 4418 1368 4468 »ν
1404 4398 1521 4454 lluc
1568 4407 1776 4468 spectat

180 4466 319 4521 illud
369 4464 645 4519 Pachomii
683 4466 906 4519 art.i7:
950 4485 969 4517 ι
1019 4466 1120 4533 Qui
1178 4478 1304 4523 ante
1350 4467 1497 4523 fores
1537 4464 1771 4525 c6uvivii

180 4534 590 4607 egredientibus
639 4535 898 4607 fratribus
942 4525 1129 4607 erogat
1177 4538 1502 4593 dulciamina
1530 4579 1546 4604 ,
1595 4540 1647 4592 in
1683 4525 1850 4593 tri-D

179 4604 403 4679 bitendo
439 4604 727 4679 meditetur
750 4606 951 4679 aliquid
970 4604 1374 4679 defScripturis,
1408 4628 1426 4660 ι
1462 4624 1584 4679 quae
1604 4611 1769 4664 verba

180 4684 317 4749 sunt
330 4675 871 4749 _de_solemn_ilatibu§
910 4675 1271 4749 intelligenda.

255 4748 284 4785 ιι
320 4742 596 4816 Safﬁcere.
638 4745 798 4815 Lege,
833 4742 1182 4816 Sulferrefut
1212 4746 1264 4801 in
1296 4745 1417 4801 cod.
1458 4746 1619 4803 Vind.

263 4816 281 4855 ί
331 4813 600 4887 Conferta.
631 4813 791 4887 Ita—in
815 4813 938 4887 cod.
969 4817 1122 4887 Vind.
1168 4830 1266 4887 pro
1292 4819 1632 4887 confertione.
1664 4816 1772 4876 Sed

181 4884 274 4955 de
294 4884 561 4955 ejusmodi
599 4886 878 4942 vocabulis
910 4885 1071 4941 infra.

261 4953 568 5028 ii'Aiovcllie
603 4956 953 5028 conversionis
994 4957 1194 5010 novitas
1216 4956 1529 5028 improbata.
1566 4957 1623 5013 Id
1650 4967 1770 5026 est,

185 5024 380 5097 novitii
401 5026 637 5080 nondum
660 5026 995 5082 sufficienter
1012 5028 1243 5097 probati.
1279 5024 1298 5097 ξ
1398 5024 1419 5039 ⁸

262 5095 290 5133 Ιι
337 5093 504 5150 Polus
549 5113 668 5151 vero
720 5098 767 5150 si
812 5093 1031 5151 sicana.—
1060 5095 1328 5151 Particula
1386 5096 1432 5150 si
1482 5097 1769 5154 redundat.

186 5163 335 5241 Quid
350 5165 422 5219 sit
442 5166 614 5241 sicera
635 5167 793 5241 docet
816 5166 1115 5238 Hesychius
1141 5185 1153 5220 :
1176 5172 1349 5241 tingat
1371 5164 1497 5228 οἶνος
1510 5176 1773 5241 συμμιγής

185 5234 482 5320 ﬁdenam,
511 5236 666 5320 ᾓπᾶν
684 5234 1327 5320 πόμαιέιμὶτειοῦνήξιέθηῦ,
1357 5245 1427 5320 μή
1459 5241 1508 5303 ἐξ
1547 5234 1772 5320 ἀξέιᾶτᾷλου

185 5303 244 5360 δέ
272 5303 559 5363 cirum-riu
586 5303 901 5368 mamma
922 5315 1027 5371 est,
1061 5325 1079 5357 ι
1114 5303 1510 5362 δίεετείνίηιιηι
1542 5303 1769 5365 mixtum

188 5376 549 5448 aromatibus.
597 5378 682 5431 vel
727 5378 903 5448 omnis
948 5377 1096 5448 potio
1145 5380 1369 5448 gignens
1423 5377 1768 5448 ebrietatem,

187 5456 316 5532 qua:
360 5460 466 5499 non
495 5445 568 5500 sit
605 5447 901 5532 composita
946 5445 1013 5532 ex
1062 5445 1434 5532 iru'etu'vitis.
1474 5446 1723 5532 i‘Suidas
1755 5463 1771 5503 :

185 5516 374 5591 Siypa
387 5519 671 5591 σκευςστόν
691 5516 850 5588 πόμα,
873 5520 1078 5591 καὶπᾳρ
1099 5517 1345 5591 Ἑϐραίοις
1360 5518 1491 5574 οὕτω
1510 5519 1774 5590 λεγόμενον

192 5582 461 5666 μέθὺσειᾳ,
494 5584 621 5648 οἶνος
662 5582 928 5666 quiQui-7n:
975 5582 1236 5666 ὁδιξσμαόι
1268 5591 1323 5643 ἐκ
1367 5595 1461 5643 τοῦ
1490 5582 1775 5666 minimae?-

192 5610 461 5666 μιυνσμα,
494 5610 621 5648 om;
662 5610 928 5712 σιὲιμινης
975 5610 1236 5658 ηουσμασι
1268 5610 1323 5643 εκ
1367 5610 1461 5643 του
1490 5610 1772 5662 συγκεκρα-

192 5655 337 5727 eam,
369 5656 424 5727 id
472 5666 579 5722 est,
642 5674 661 5708 ι
757 5658 904 5712 icera
957 5659 1104 5727 potio
1155 5667 1455 5727 prazparata
1503 5657 1772 5722 confecta,

189 5723 339 5790 apud
379 5724 635 5797 Hebraeos
672 5730 753 5783 sic
795 5723 1471 5797 dicta—potio'inébrians
1526 5746 1539 5781 :
1590 5728 1774 5783 vinum

190 5796 532 5854 arounatibus
574 5798 872 5865 conditum,
909 5796 1072 5854 abeo
1106 5798 1247 5870 quod
1285 5800 1665 5856 commiscetur
1698 5798 1778 5854 di-

1837 4811 2068 4885 'l_’linio,
2102 4814 2196 4869 lib.
2233 4830 2369 4883 xm,
2410 4811 2654 4885 capfult.
2684 4832 2697 4885 ς

1867 1901 1886 1941 1
1920 1903 1973 1959 id
2001 1911 2105 1968 est,
2126 1904 2391 1969 cervisiae,
2425 1920 2680 1962 mensura
2702 1906 2862 1962 solita
2896 1908 3185 1964 tribuatur.
3212 1921 3251 1950 ω
3276 1909 3333 1966 Si
3356 1927 3454 1966 vo-

1859 1993 2042 2049 luntas
2078 1993 2260 2063 fuerit,
2282 1996 2369 2051 vel
2402 1995 2576 2062 labor,
2602 1998 2688 2054 vel
2727 1996 2899 2055 festus
2923 2000 3063 2068 dies,
3086 2001 3172 2057 vel
3209 2012 3240 2042 ιι
3264 2004 3452 2074 hospi-

1863 2086 1933 2142 tis
1960 2087 2223 2142 adventus
2270 2086 2357 2158 pia
2388 2088 2632 2159 precatio
2676 2089 3054 2160 exagitaverit,
3093 2099 3119 2129 ο
3142 2093 3268 2150 vino
3306 2093 3455 2165 potio

1863 2180 2107 2250 augenda
2145 2190 2246 2235 est.
2290 2180 2359 2234 Et
2397 2180 2443 2235 si
2470 2180 2680 2236 duabus
2725 2181 2935 2238 vicibus
2960 2182 3309 2240 reficiendum
3349 2186 3451 2251 sit,

1865 2280 1894 2320 P
1935 2280 2137 2341 pra-ter
2172 2272 2281 2326 vini
2332 2272 2609 2343 potionem
2655 2283 2682 2324 ει
2726 2275 2920 2330 Similis
2960 2277 3143 2347 regula
3185 2290 3452 2336 servetur.

1864 2358 2040 2415 Festis
2060 2375 2190 2416 vero
2216 2361 2423 2426 diebus,
2450 2377 2548 2432 pro
2576 2363 2877 2417 reverentia
2908 2373 3109 2420 sancta:
3133 2366 3450 2424 solemnita-

1866 2450 1955 2516 tis,
1985 2450 2231 2520 pluribus
2267 2450 2426 2518 cibis,
2458 2451 2513 2506 id
2549 2460 2652 2518 est,
2684 2453 2874 2519 ternis,
2904 2454 2988 2509 vel
3012 2458 3291 2525 quaternis
3328 2468 3457 2515 sunt

1866 2557 2093 2613 corpora
2119 2541 2406 2597 reficienda
2438 2560 2451 2597 :
2482 2543 2563 2599 sic
2590 2550 2770 2598 tamen
2793 2552 2870 2610 ut,
2897 2545 2940 2601 si
2962 2545 3115 2616 plura
3143 2558 3270 2603 sunt
3299 2552 3450 2607 ciba-

1867 2633 1950 2688 ria
1982 2647 2225 2698 Lumero,
2250 2633 2360 2688 sint
2380 2634 2590 2689 minora
2617 2652 2630 2688 :
2660 2642 2719 2689 ut
2744 2650 2973 2705 corpora
2997 2639 3306 2695 necessario
3331 2642 3454 2698 cibo

1869 2722 2202 2789 reficiantur,
2223 2738 2331 2779 non
2376 2724 2544 2779 nimia
2592 2725 2844 2782 satietate
2871 2727 3216 2802 damnentur.
3248 2730 3454 2787 Seden-

1869 2931 2040 2997 (ξιιιηξ1
2077 2939 2097 2997 ρ
2145 2921 2290 2997 Duas
2314 2920 2404 2997 hic
2428 2922 2606 2997 tangit
2643 2920 3016 2997 etymologias,
3046 2923 3302 2994 primam,
3330 2942 3452 2997 quae

1869 2999 1953 3064 est
1997 2990 2283 3064 chraica,
2338 2993 2407 3064 ab
2426 2990 2792 3064 rincbriatidne
2830 3012 2842 3048 :
2881 2990 3007 3048 nam
3031 2990 3175 3061 ἥξω,
3217 2990 3456 3064 εςΙιεὲαν,

1870 3060 1925 3116 id
1953 3070 2039 3116 est
2068 3054 2289 3133 siceraa
2321 3063 2502 3133 radice
2518 3073 2673 3133 πεπυ,
2701 3064 2940 3127 scliacar,
2970 3064 3021 3118 id
3046 3054 3137 3120 est
3157 3054 3452 3133 inebriarei

1877 3132 2020 3207 u_nd_e
2052 3132 2440 3207 Tertullianus,
2472 3132 2567 3207 lib.
2616 3134 2874 3190 adversus
2900 3134 3193 3207 Psychicos
3222 3132 3458 3207 appellat

1878 3201 2186 3268 ebriamen;
2217 3203 2442 3257 alteram
2472 3202 2715 3259 Grascam
2747 3220 2776 3259 a
2808 3201 3210 3271 commixtione,
3240 3201 3333 3262 sed
3357 3209 3459 3263 imo

1876 3272 2593 3347 propriam.__S_._iIIe_thodius
2622 3274 2807 3347 libido
2831 3274 3117 3342 Castitate,
3140 3279 3281 3347 apud
3316 3276 3460 3334 Pho-

1877 3342 2010 3427 tium
2068 3344 2121 3396 in
2168 3342 2545 3430 .Bib‘liot'iieca,‘
2574 3359 2657 3430 In-
2683 3344 2785 3430 S57
2810 3363 2842 3430 ,ί
2864 3351 3042 3430 stupe
3082 3342 3191 3430 πᾷεὶ
3218 3350 3456 3430 τὸηειέθην

1877 3415 2022 3493 φέροι
2056 3415 2187 3483 μετὰ
2219 3416 2304 3493 re}?
2324 3410 2457 3493 εἶξον
2494 3416 2580 3493 τὸν
2607 3417 2657 3493 ξξ
2686 3416 2943 3489 ἀμπέλων,
2974 3410 3027 3471 id
3056 3426 3156 3493 est,
3203 3437 3222 3469 ι
3268 3410 3455 3493 Sicera

1875 3483 2121 3554 idemne
2149 3485 2291 3554 thod
2323 3483 2485 3536 infert
2513 3483 2856 3554 ebrietatem,
2885 3483 3007 3554 pest
3034 3486 3217 3540 vinum
3251 3502 3317 3541 ex
3345 3490 3455 3544 vite

1876 3550 2097 3627 factum.
2142 3550 2181 3603 ι’
2208 3551 2523 3627 Theodorus
2542 3552 2851 3627 _Balsamon
2882 3550 2935 3610 in
2955 3569 3240 3627 Arcanonem
3266 3557 3301 3611 5
3328 3572 3458 3627 apo-

1877 3623 2138 3697 stolarum
2164 3627 2403 3697 _:_Zizrpa
2532 3623 2641 3680 ἐστὶ
2693 3630 2794 3678 πᾶν
2835 3628 2894 3681 τὸ
2938 3623 3064 3697 duo
3120 3625 3254 3697 οἶνον
3300 3622 3455 3697 pii-6m

1875 3694 2130 3764 ἕμπριοῦν,
2162 3692 2215 3746 i.l
2236 3691 2343 3764 est,
2375 3711 2392 3741 ‹
2416 3691 2728 3764 Siceraiest
2744 3708 2904 3749 omne
2933 3695 2993 3764 id
3016 3696 3157 3764 quod
3189 3691 3310 3751 sine
3329 3698 3454 3753 vino

1875 3761 2472 3838 ebriciatemjnducit.
2524 3782 2543 3814 ›
2599 3761 2949 3838 S._Isidorus
2986 3761 3080 3820 lib.
3136 3781 3227 3820 xx.
3277 3765 3454 3838 Orig.,

1875 3846 1993 3905 cap.
2027 3832 2061 3905 3
2105 3849 2117 3883 :
2158 3851 2175 3881 ι
2216 3830 2400 3886 Sicera
2433 3834 2716 3905 estomnis
2746 3834 2893 3903 potio
2923 3845 3241 3905 quze_cxtra
3268 3830 3454 3894 vind'ui

1876 3902 2176 3984 inebriare
2188 3910 2393 3984 potest,
2448 3901 2601 3984 cujus
2648 3901 2775 3958 licet
2803 3901 3001 3984 nomen
3034 3903 3318 3961 Hebrmum
3353 3908 3454 3984 _sit,

1876 3978 2057 4047 tamen
2108 3971 2333 4026 latinum
2387 3981 2563 4036 sonat,
2598 3987 2703 4047 pro
2748 3988 2813 4029 eo
2851 3977 2995 4047 quod
3024 3988 3091 4047 ex_
3138 3990 3300 4031 succo
3348 3971 3458 4032 frui-

1875 4042 2048 4127 menti
2083 4054 2456 4127 etnpomorum
2483 4044 2803 4127 conficiatur
2835 4042 3308 4127 :‘autpalmarum
3336 4048 3454 4127 fru-

1875 4118 1996 4167 ctus
2035 4112 2110 4195 in.
2137 4112 2403 4195 liquorem
2443 4112 3159 4196 exprimantur,_coctisqu§
3200 4116 3455 4196 frugibus

1874 4196 2028 4254 aqua
2058 4182 2329 4254 pinguior,
2368 4182 2526 4252 quasi
2560 4200 2754 4241 succus
2782 4186 3008 4241 colatur.
3049 4182 3087 4238 ι’
3110 4184 3216 4241 Sed
3248 4182 3361 4242 Itale
3383 4203 3453 4243 ex

1877 4249 1942 4306 εξ
1967 4249 2316 4329 Hieroifymo,
2480 4255 2536 4321 2,
2579 4255 2646 4310 ad
2694 4255 3081 4329 Nepotianum,
3105 4258 3244 4329 apud
3290 4274 3451 4329 quem

1876 4322 2235 4395 malelegitur
2264 4343 2276 4378 :
2304 4322 2573 4395 Coloratur
2592 4340 2691 4394 pro
2712 4322 2936 4381 cofatur.
2961 4327 3040 4381 Ex
3064 4322 3153 4381 bis
3170 4322 3453 4383 sciendum

1875 4402 1961 4467 est
1988 4394 2219 4467 siceram
2250 4394 2537 4467 dupliciter
2567 4396 2726 4457 sumi,
2756 4397 2932 4466 primo
2958 4411 3057 4467 pro
3083 4396 3210 4452 vino
3235 4412 3300 4451 ex
3333 4414 3456 4451 aro-

1878 4463 2113 4519 matibus
2150 4463 2389 4529 condito,
2433 4467 2575 4535 quod
2621 4463 3327 4536 posteriores'vocaverunt
3371 4466 3453 4536 pi-

1875 4542 2174 4606 gmentnm,
2205 4536 2442 4606 secundo
2472 4552 2569 4605 pro
2611 4536 2828 4606 potione
2853 4536 2999 4590 omni
3043 4551 3163 4606 quae
3194 4544 3348 4589 extra
3379 4538 3456 4591 vi-

1872 4618 2003 4678 num
2042 4604 2314 4660 inebriare
2343 4604 2520 4678 potest
2571 4604 2637 4678 ex
2689 4606 2854 4661 variis
2893 4604 3138 4678 frugibus
3179 4606 3451 4678 confecta,

1872 4671 2125 4745 idemque
2156 4685 2240 4729 est
2267 4671 2409 4745 quod
2437 4677 2689 4742 cervisia,
2718 4686 2770 4731 et
2801 4677 2872 4730 ita
2902 4671 3011 4732 hoc
3048 4675 3167 4731 loco
3197 4671 3451 4732 sumitur.

1952 4740 1968 4780 ι
1999 4740 2066 4816 Id
2092 4755 2186 4816 est,
2218 4740 2469 4800 cei-visite.
2502 4745 2640 4814 Quid
2675 4740 2756 4801 'sit
2781 4747 3010 4801 cervisia
3035 4749 3169 4803 satis
3198 4746 3363 4816 liquet
3386 4762 3450 4800 ex

2738 4835 2757 4867 ι
2810 4817 2887 4871 Ex
2929 4816 3119 4888 iisdem
3161 4816 3452 4888 (frugibus)

1873 4883 2012 4957 {iant
2044 4893 2097 4957 et
2122 4893 2283 4955 potus
2313 4883 2553 4957 zytbum,
2581 4888 2636 4941 in
2660 4884 2896 4957 Egypto
2923 4887 3102 4957 eteiia,
3130 4883 3183 4942 ει
3223 4886 3377 4957 εεᾲτὶει
3396 4883 3449 4957 in

1876 4953 2154 5023 Hispania,
2177 4953 2408 5010 cerviSia
2433 4964 2488 5011 et
2498 4956 2661 5080 plura
2684 4953 2883 5038 genera
2909 4957 2964 5010 in
2987 4955 3180 5011 Gallia.
3219 4974 3239 5007 ι
3271 4953 3328 5009 S.
3359 4954 3456 5009 Isi-

1876 5025 2045 5080 dorus
2073 5041 2122 5080 c.
2172 5026 2338 5080 citato
2371 5039 2386 5078 :
2423 5043 2443 5076 ί
2522 5027 2738 5080 ‘ervisna
2772 5041 2800 5079 a
2832 5040 3041 5080 cerere.
3078 5026 3131 5080 id
3163 5034 3248 5080 est
3276 5024 3451 5080 fruge.

1875 5025 2045 5080 dorus
2073 5041 2122 5080 c.
2172 5026 2338 5081 citato
2371 5039 2386 5078 :
2423 5043 2443 5076 ί
2498 5024 2738 5082 Cervisia
2772 5041 2800 5079 a
2832 5040 3041 5091 cerere,
3078 5026 3131 5080 id
3163 5034 3248 5080 est
3276 5024 3451 5095 fruge,

1874 5105 2066 5167 vocata
2092 5114 2104 5149 :
2132 5104 2220 5167 est
2244 5096 2387 5151 enim
2414 5096 2564 5167 potio
2600 5111 2667 5152 ex
2695 5096 2993 5153 seminibus
3020 5095 3280 5151 frumenti
3302 5094 3454 5150 vario

1874 5166 2036 5221 modo
2062 5165 2326 5221 confecta.
2363 5186 2382 5219 ι

1946 5247 1985 5275 ω
2008 5234 2072 5307 Si
2090 5235 2348 5307 voluntas.
2377 5235 2520 5307 Lege
2544 5254 2557 5290 :
2590 5234 2649 5291 Si
2677 5235 2754 5291 ref
2780 5244 2936 5307 a’sgas

1945 5305 2236 5389 fllospitis
2269 5304 2542 5389 adventus.
2560 5307 2728 5389 lege
2752 5324 2792 5389 _:
2840 5304 3450 5389 Hospitisadveaientis.

1947 5383 1972 5411 ο
2011 5374 2145 5431 Vino
2181 5375 2432 5447 potio._in
2474 5378 2594 5432 cod.
2631 5374 2814 5441 Vind.,
2842 5374 3147 5447 vini'potio,
3172 5376 3272 5447 sed
3304 5375 3456 5445 prior

1873 5445 2034 5501 lectio
2061 5443 2303 5515 praesul.
2344 5443 2478 5500 Nam
2526 5448 2615 5503 hic
2658 5448 2819 5502 Pater
2850 5462 2957 5501 non
2980 5443 3236 5516 quotidie
3265 5443 3454 5500 mona-

1874 5516 1993 5571 chis
2014 5518 2200 5586 vinum
2224 5517 2506 5586 permittit.

1947 5596 1975 5636 ι)
1998 5585 2203 5649 Prwler
2225 5584 2349 5639 'viui
2389 5588 2668 5658 potionem.
2706 5585 2766 5641 Id
2799 5593 2905 5651 est,
2936 5592 3165 5658 excepta
3203 5584 3315 5641 vini
3363 5599 3456 5657 po-

1874 5656 2040 5711 tione.

1914 5737 1973 5808 .q_
1998 5724 2200 5782 Similis
2233 5725 2411 5799 regula
2455 5736 2706 5784 servetur.
2754 5727 2830 5785 De
2858 5725 3016 5784 solita
3051 5741 3304 5783 mensura
3334 5740 3453 5781 cer-

1877 5810 2042 5852 VISIZB.
