  <div class='ocr_page' id='page_1' title='image "/cluster/home/n/w/nwhite01/storage/ocr_20150623/103/hvd.32044054759691/564.png"; bbox 0 0 3948 6182; ppageno 0'>
   <div class='ocr_carea' id='block_1_1' title="bbox 214 339 353 398">
    <p class='ocr_par' dir='ltr' id='par_1_1' title="bbox 214 339 353 398">
     <span class='ocr_line' id='line_1_1' title="bbox 214 339 353 398; baseline -0.05 0"><span class='ocrx_word' id='word_1_1' title='bbox 214 339 353 398; x_wconf 66' lang='lat'><strong>“23&#39;</strong></span> 
     </span>
    </p>
   </div>
   <div class='ocr_carea' id='block_1_2' title="bbox 1101 332 2564 392">
    <p class='ocr_par' dir='ltr' id='par_1_2' title="bbox 1101 332 2564 392">
     <span class='ocr_line' id='line_1_2' title="bbox 1101 332 2564 392; baseline 0.001 -2"><span class='ocrx_word' id='word_1_2' title='bbox 1101 332 1491 392; x_wconf 74' lang='lat' dir='ltr'><strong>CONCORDIA</strong></span> <span class='ocrx_word' id='word_1_3' title='bbox 1533 334 1988 392; x_wconf 76' lang='lat' dir='ltr'><strong>REGULARUM.</strong></span> <span class='ocrx_word' id='word_1_4' title='bbox 2026 366 2098 376; x_wconf 90' lang='lat'><strong>-—</strong></span> <span class='ocrx_word' id='word_1_5' title='bbox 2137 334 2290 390; x_wconf 80' lang='lat' dir='ltr'><strong>CAP.</strong></span> <span class='ocrx_word' id='word_1_6' title='bbox 2335 334 2564 392; x_wconf 70' lang='lat' dir='ltr'><strong>XLVI&quot;.</strong></span> 
     </span>
    </p>
   </div>
   <div class='ocr_carea' id='block_1_3' title="bbox 3332 322 3470 396">
    <p class='ocr_par' dir='ltr' id='par_1_3' title="bbox 3332 322 3470 396">
     <span class='ocr_line' id='line_1_3' title="bbox 3332 322 3470 396; baseline 0.007 -1"><span class='ocrx_word' id='word_1_7' title='bbox 3332 322 3470 396; x_wconf 68' lang='lat' dir='ltr'><strong>itas</strong></span> 
     </span>
    </p>
   </div>
   <div class='ocr_carea' id='block_1_4' title="bbox 210 448 3473 525">
    <p class='ocr_par' dir='ltr' id='par_1_4' title="bbox 210 448 3473 525">
     <span class='ocr_line' id='line_1_4' title="bbox 210 448 3473 525; baseline -0.001 -13"><span class='ocrx_word' id='word_1_8' title='bbox 210 457 297 512; x_wconf 79' lang='lat' dir='ltr'><strong>his</strong></span> <span class='ocrx_word' id='word_1_9' title='bbox 322 453 394 510; x_wconf 85' lang='lat' dir='ltr'><strong>ad</strong></span> <span class='ocrx_word' id='word_1_10' title='bbox 423 450 693 525; x_wconf 85' lang='lat' dir='ltr'><strong>promissa</strong></span> <span class='ocrx_word' id='word_1_11' title='bbox 729 448 1012 514; x_wconf 77' lang='lat' dir='ltr'><strong>festinare,</strong></span> <span class='ocrx_word' id='word_1_12' title='bbox 1050 448 1228 505; x_wconf 88' lang='lat' dir='ltr'><strong>sciens</strong></span> <span class='ocrx_word' id='word_1_13' title='bbox 1251 451 1378 520; x_wconf 88' lang='lat' dir='ltr'><strong>quia</strong></span> <span class='ocrx_word' id='word_1_14' title='bbox 1407 449 1549 506; x_wconf 90' lang='lat' dir='ltr'><strong>sicut</strong></span> <span class='ocrx_word' id='word_1_15' title='bbox 1574 464 1672 521; x_wconf 91' lang='lat' dir='ltr'><strong>pro</strong></span> <span class='ocrx_word' id='word_1_16' title='bbox 1705 450 1789 504; x_wconf 85' lang='lat' dir='ltr'><strong>la-</strong></span> <span class='ocrx_word' id='word_1_17' title='bbox 1815 452 1865 513; x_wconf 80' lang='grc' dir='ltr'>Α</span> <span class='ocrx_word' id='word_1_18' title='bbox 1891 448 2083 519; x_wconf 81' lang='lat' dir='ltr'><strong>dignus</strong></span> <span class='ocrx_word' id='word_1_19' title='bbox 2119 448 2364 515; x_wconf 78' lang='lat' dir='ltr'><strong>cﬂ‘ectus,</strong></span> <span class='ocrx_word' id='word_1_20' title='bbox 2403 464 2526 504; x_wconf 91' lang='lat' dir='ltr'><strong>cum</strong></span> <span class='ocrx_word' id='word_1_21' title='bbox 2555 458 2612 504; x_wconf 89' lang='lat' dir='ltr'><strong>ct</strong></span> <span class='ocrx_word' id='word_1_22' title='bbox 2640 449 2753 518; x_wconf 90' lang='lat' dir='ltr'><strong>ipse</strong></span> <span class='ocrx_word' id='word_1_23' title='bbox 2782 449 2944 504; x_wconf 88' lang='lat' dir='ltr'><strong>simili</strong></span> <span class='ocrx_word' id='word_1_24' title='bbox 2967 451 3143 522; x_wconf 86' lang='lat' dir='ltr'><strong>spatio</strong></span> <span class='ocrx_word' id='word_1_25' title='bbox 3170 460 3473 523; x_wconf 82' lang='lat' dir='ltr'><strong>temporum</strong></span> 
     </span>
    </p>
   </div>
   <div class='ocr_carea' id='block_1_5' title="bbox 207 539 1790 611">
    <p class='ocr_par' dir='ltr' id='par_1_5' title="bbox 207 539 1790 611">
     <span class='ocr_line' id='line_1_5' title="bbox 207 539 1790 611; baseline -0.007 -8"><span class='ocrx_word' id='word_1_26' title='bbox 207 546 436 603; x_wconf 78' lang='lat' dir='ltr'><strong>boribus</strong></span> <span class='ocrx_word' id='word_1_27' title='bbox 456 540 736 599; x_wconf 83' lang='lat' dir='ltr'><strong>mercedes</strong></span> <span class='ocrx_word' id='word_1_28' title='bbox 758 539 976 611; x_wconf 88' lang='lat' dir='ltr'><strong>paravit</strong></span> <span class='ocrx_word' id='word_1_29' title='bbox 989 540 1270 604; x_wconf 87' lang='lat' dir='ltr'><strong>Dominus,</strong></span> <span class='ocrx_word' id='word_1_30' title='bbox 1292 540 1458 596; x_wconf 86' lang='lat' dir='ltr'><strong>etiam</strong></span> <span class='ocrx_word' id='word_1_31' title='bbox 1488 555 1587 610; x_wconf 89' lang='lat' dir='ltr'><strong>pro</strong></span> <span class='ocrx_word' id='word_1_32' title='bbox 1615 554 1790 609; x_wconf 77' lang='lat' dir='ltr'><strong>angu-</strong></span> 
     </span>
    </p>
   </div>
   <div class='ocr_carea' id='block_1_6' title="bbox 208 627 1791 697">
    <p class='ocr_par' dir='ltr' id='par_1_6' title="bbox 208 627 1791 697">
     <span class='ocr_line' id='line_1_6' title="bbox 208 627 1791 697; baseline -0.009 -5"><span class='ocrx_word' id='word_1_33' title='bbox 208 635 333 693; x_wconf 84' lang='lat' dir='ltr'><strong>stiis</strong></span> <span class='ocrx_word' id='word_1_34' title='bbox 384 629 803 689; x_wconf 74' lang='lat' dir='ltr'><strong>consolationes.</strong></span> <span class='ocrx_word' id='word_1_35' title='bbox 854 627 1239 683; x_wconf 80' lang='lat' dir='ltr'><strong>Verumtamen</strong></span> <span class='ocrx_word' id='word_1_36' title='bbox 1280 628 1338 682; x_wconf 91' lang='lat' dir='ltr'><strong>hi</strong></span> <span class='ocrx_word' id='word_1_37' title='bbox 1387 627 1478 697; x_wconf 90' lang='lat' dir='ltr'><strong>qui</strong></span> <span class='ocrx_word' id='word_1_38' title='bbox 1525 632 1791 695; x_wconf 76' lang='lat' dir='ltr'><strong>praesunt,</strong></span> 
     </span>
    </p>
   </div>
   <div class='ocr_carea' id='block_1_7' title="bbox 209 715 1794 792">
    <p class='ocr_par' dir='ltr' id='par_1_7' title="bbox 209 715 1794 792">
     <span class='ocr_line' id='line_1_7' title="bbox 209 715 1794 792; baseline -0.008 -11"><span class='ocrx_word' id='word_1_39' title='bbox 209 723 582 781; x_wconf 84' lang='lat' dir='ltr'><strong>observabunt</strong></span> <span class='ocrx_word' id='word_1_40' title='bbox 612 717 854 792; x_wconf 81' lang='lat' dir='ltr'><strong>regulam</strong></span> <span class='ocrx_word' id='word_1_41' title='bbox 896 716 1042 773; x_wconf 87' lang='lat' dir='ltr'><strong>illam</strong></span> <span class='ocrx_word' id='word_1_42' title='bbox 1082 728 1204 787; x_wconf 64' lang='lat' dir='ltr'><strong>quae</strong></span> <span class='ocrx_word' id='word_1_43' title='bbox 1231 718 1363 773; x_wconf 81' lang='lat' dir='ltr'><strong>dicit</strong></span> <span class='ocrx_word' id='word_1_44' title='bbox 1396 734 1410 771; x_wconf 94' lang='lat'><strong>:</strong></span> <span class='ocrx_word' id='word_1_45' title='bbox 1449 715 1794 771; x_wconf 77' lang='lat' dir='ltr'><strong>Dividebatur</strong></span> 
     </span>
    </p>
   </div>
   <div class='ocr_carea' id='block_1_8' title="bbox 210 808 1791 885">
    <p class='ocr_par' dir='ltr' id='par_1_8' title="bbox 210 808 1791 885">
     <span class='ocr_line' id='line_1_8' title="bbox 210 808 1791 885; baseline -0.006 -15"><span class='ocrx_word' id='word_1_46' title='bbox 210 816 515 885; x_wconf 76' lang='lat' dir='ltr'><strong>unicuique,</strong></span> <span class='ocrx_word' id='word_1_47' title='bbox 565 819 721 881; x_wconf 81' lang='lat' dir='ltr'><strong>prout</strong></span> <span class='ocrx_word' id='word_1_48' title='bbox 763 826 893 881; x_wconf 84' lang='lat' dir='ltr'><strong>opus</strong></span> <span class='ocrx_word' id='word_1_49' title='bbox 942 819 1056 864; x_wconf 85' lang='lat' dir='ltr'><strong>erat</strong></span> <span class='ocrx_word' id='word_1_50' title='bbox 1110 808 1249 880; x_wconf 82' lang='lat' dir='ltr'><strong>(Act.</strong></span> <span class='ocrx_word' id='word_1_51' title='bbox 1299 808 1395 880; x_wconf 85' lang='lat' dir='ltr'><strong>tv).</strong></span> <span class='ocrx_word' id='word_1_52' title='bbox 1429 808 1599 863; x_wconf 81' lang='lat' dir='ltr'><strong>Debet</strong></span> <span class='ocrx_word' id='word_1_53' title='bbox 1647 808 1791 863; x_wconf 91' lang='lat' dir='ltr'><strong>enim</strong></span> 
     </span>
    </p>
   </div>
   <div class='ocr_carea' id='block_1_9' title="bbox 209 900 1792 974">
    <p class='ocr_par' dir='ltr' id='par_1_9' title="bbox 209 900 1792 974">
     <span class='ocr_line' id='line_1_9' title="bbox 209 900 1792 974; baseline -0.003 -15"><span class='ocrx_word' id='word_1_54' title='bbox 209 916 656 974; x_wconf 82' lang='lat' dir='ltr'><strong>unumquemque</strong></span> <span class='ocrx_word' id='word_1_55' title='bbox 697 901 999 973; x_wconf 66' lang='lat' dir='ltr'><strong>praevenire</strong></span> <span class='ocrx_word' id='word_1_56' title='bbox 1023 941 1039 966; x_wconf 91' lang='lat'><strong>,</strong></span> <span class='ocrx_word' id='word_1_57' title='bbox 1100 908 1162 955; x_wconf 90' lang='lat' dir='ltr'><strong>ut</strong></span> <span class='ocrx_word' id='word_1_58' title='bbox 1208 901 1505 957; x_wconf 89' lang='lat' dir='ltr'><strong>secundum</strong></span> <span class='ocrx_word' id='word_1_59' title='bbox 1550 900 1792 956; x_wconf 83' lang='lat' dir='ltr'><strong>laborem</strong></span> 
     </span>
    </p>
   </div>
   <div class='ocr_carea' id='block_1_10' title="bbox 209 991 1258 1050">
    <p class='ocr_par' dir='ltr' id='par_1_10' title="bbox 209 991 1258 1050">
     <span class='ocr_line' id='line_1_10' title="bbox 209 991 1258 1050; baseline -0.002 -1"><span class='ocrx_word' id='word_1_60' title='bbox 209 996 379 1050; x_wconf 87' lang='lat' dir='ltr'><strong>etiam</strong></span> <span class='ocrx_word' id='word_1_61' title='bbox 427 993 620 1048; x_wconf 87' lang='lat' dir='ltr'><strong>solatia</strong></span> <span class='ocrx_word' id='word_1_62' title='bbox 655 991 971 1048; x_wconf 87' lang='lat' dir='ltr'><strong>refectionis</strong></span> <span class='ocrx_word' id='word_1_63' title='bbox 1000 991 1258 1048; x_wconf 76' lang='lat' dir='ltr'><strong>inveniat.</strong></span> 
     </span>
    </p>
   </div>
   <div class='ocr_carea' id='block_1_11' title="bbox 402 1083 1616 1159">
    <p class='ocr_par' dir='ltr' id='par_1_11' title="bbox 402 1083 1616 1159">
     <span class='ocr_line' id='line_1_11' title="bbox 402 1083 1616 1159; baseline -0.002 -18"><span class='ocrx_word' id='word_1_64' title='bbox 402 1086 431 1159; x_wconf 85' lang='lat'>§</span> <span class='ocrx_word' id='word_1_65' title='bbox 464 1086 581 1143; x_wconf 78' lang='lat' dir='ltr'><strong>XV.</strong></span> <span class='ocrx_word' id='word_1_66' title='bbox 611 1115 684 1125; x_wconf 93' lang='lat'><strong>—-</strong></span> <span class='ocrx_word' id='word_1_67' title='bbox 710 1083 847 1140; x_wconf 84' lang='lat' dir='ltr'><strong>Item</strong></span> <span class='ocrx_word' id='word_1_68' title='bbox 870 1084 1104 1154; x_wconf 84' lang='lat' dir='ltr'><strong>ejusdem</strong></span> <span class='ocrx_word' id='word_1_69' title='bbox 1122 1083 1335 1157; x_wconf 78' lang='lat' dir='ltr'><strong>Regulte</strong></span> <span class='ocrx_word' id='word_1_70' title='bbox 1363 1083 1500 1156; x_wconf 86' lang='lat' dir='ltr'><strong>(cap.</strong></span> <span class='ocrx_word' id='word_1_71' title='bbox 1537 1083 1616 1155; x_wconf 91' lang='lat'><strong>8).</strong></span> 
     </span>
    </p>
   </div>
   <div class='ocr_carea' id='block_1_12' title="bbox 286 1176 1795 1250">
    <p class='ocr_par' dir='ltr' id='par_1_12' title="bbox 286 1176 1795 1250">
     <span class='ocr_line' id='line_1_12' title="bbox 286 1176 1795 1250; baseline -0.003 -16"><span class='ocrx_word' id='word_1_72' title='bbox 286 1179 551 1250; x_wconf 82' lang='lat' dir='ltr'><strong>Interrog.</strong></span> <span class='ocrx_word' id='word_1_73' title='bbox 605 1190 631 1219; x_wconf 72' lang='grc' dir='ltr'><strong>ι</strong></span> <span class='ocrx_word' id='word_1_74' title='bbox 671 1176 728 1233; x_wconf 91' lang='lat' dir='ltr'><strong>Si</strong></span> <span class='ocrx_word' id='word_1_75' title='bbox 778 1184 996 1248; x_wconf 82' lang='lat' dir='ltr'><strong>Oportet</strong></span> <span class='ocrx_word' id='word_1_76' title='bbox 1028 1191 1153 1233; x_wconf 90' lang='lat' dir='ltr'><strong>eum</strong></span> <span class='ocrx_word' id='word_1_77' title='bbox 1203 1177 1296 1246; x_wconf 87' lang='lat' dir='ltr'><strong>qui</strong></span> <span class='ocrx_word' id='word_1_78' title='bbox 1356 1191 1414 1231; x_wconf 87' lang='lat' dir='ltr'><strong>se</strong></span> <span class='ocrx_word' id='word_1_79' title='bbox 1451 1177 1552 1245; x_wconf 83' lang='lat' dir='ltr'><strong>piae</strong></span> <span class='ocrx_word' id='word_1_80' title='bbox 1594 1190 1660 1230; x_wconf 89' lang='lat' dir='ltr'><strong>ac</strong></span> <span class='ocrx_word' id='word_1_81' title='bbox 1709 1189 1795 1229; x_wconf 84' lang='lat' dir='ltr'><strong>re-</strong></span> 
     </span>
    </p>
   </div>
   <div class='ocr_carea' id='block_1_13' title="bbox 211 1265 1794 1344">
    <p class='ocr_par' dir='ltr' id='par_1_13' title="bbox 211 1265 1794 1344">
     <span class='ocr_line' id='line_1_13' title="bbox 211 1265 1794 1344; baseline -0.006 -16"><span class='ocrx_word' id='word_1_82' title='bbox 211 1273 420 1344; x_wconf 62' lang='lat' dir='ltr'><strong>ligiosae</strong></span> <span class='ocrx_word' id='word_1_83' title='bbox 439 1271 567 1325; x_wconf 74' lang='lat' dir='ltr'><strong>vitm</strong></span> <span class='ocrx_word' id='word_1_84' title='bbox 597 1268 804 1324; x_wconf 87' lang='lat' dir='ltr'><strong>dederit</strong></span> <span class='ocrx_word' id='word_1_85' title='bbox 834 1268 998 1323; x_wconf 89' lang='lat' dir='ltr'><strong>etiam</strong></span> <span class='ocrx_word' id='word_1_86' title='bbox 1036 1266 1424 1323; x_wconf 87' lang='lat' dir='ltr'><strong>continentiam</strong></span> <span class='ocrx_word' id='word_1_87' title='bbox 1467 1265 1794 1322; x_wconf 84' lang='lat' dir='ltr'><strong>observare?</strong></span> 
     </span>
    </p>
   </div>
   <div class='ocr_carea' id='block_1_14' title="bbox 208 1356 1789 1431">
    <p class='ocr_par' dir='ltr' id='par_1_14' title="bbox 208 1356 1789 1431">
     <span class='ocr_line' id='line_1_14' title="bbox 208 1356 1789 1431; baseline -0.005 -15"><span class='ocrx_word' id='word_1_88' title='bbox 208 1392 283 1404; x_wconf 87' lang='lat'><strong>--</strong></span> <span class='ocrx_word' id='word_1_89' title='bbox 316 1361 470 1431; x_wconf 85' lang='lat' dir='ltr'><strong>Resp.</strong></span> <span class='ocrx_word' id='word_1_90' title='bbox 498 1359 633 1427; x_wconf 84' lang='lat' dir='ltr'><strong>Quia</strong></span> <span class='ocrx_word' id='word_1_91' title='bbox 658 1359 712 1414; x_wconf 89' lang='lat' dir='ltr'><strong>in</strong></span> <span class='ocrx_word' id='word_1_92' title='bbox 740 1357 991 1413; x_wconf 89' lang='lat' dir='ltr'><strong>omnibus</strong></span> <span class='ocrx_word' id='word_1_93' title='bbox 1013 1356 1317 1412; x_wconf 89' lang='lat' dir='ltr'><strong>necessaria</strong></span> <span class='ocrx_word' id='word_1_94' title='bbox 1339 1356 1411 1411; x_wconf 86' lang='lat' dir='ltr'><strong>sit</strong></span> <span class='ocrx_word' id='word_1_95' title='bbox 1432 1356 1789 1414; x_wconf 78' lang='lat' dir='ltr'><strong>continentia,</strong></span> 
     </span>
    </p>
   </div>
   <div class='ocr_carea' id='block_1_15' title="bbox 211 1444 1795 1516">
    <p class='ocr_par' dir='ltr' id='par_1_15' title="bbox 211 1444 1795 1516">
     <span class='ocr_line' id='line_1_15' title="bbox 211 1444 1795 1516; baseline -0.006 -8"><span class='ocrx_word' id='word_1_96' title='bbox 211 1450 562 1508; x_wconf 88' lang='lat' dir='ltr'><strong>manifestum</strong></span> <span class='ocrx_word' id='word_1_97' title='bbox 589 1458 693 1504; x_wconf 88' lang='lat' dir='ltr'><strong>est.</strong></span> <span class='ocrx_word' id='word_1_98' title='bbox 724 1447 905 1503; x_wconf 88' lang='lat' dir='ltr'><strong>Primo</strong></span> <span class='ocrx_word' id='word_1_99' title='bbox 941 1446 1179 1501; x_wconf 91' lang='lat' dir='ltr'><strong>omnium</strong></span> <span class='ocrx_word' id='word_1_100' title='bbox 1208 1454 1262 1501; x_wconf 91' lang='lat' dir='ltr'><strong>et</strong></span> <span class='ocrx_word' id='word_1_101' title='bbox 1295 1460 1362 1503; x_wconf 81' lang='lat' dir='ltr'><strong>ex</strong></span> <span class='ocrx_word' id='word_1_102' title='bbox 1385 1459 1451 1501; x_wconf 89' lang='lat' dir='ltr'><strong>eo</strong></span> <span class='ocrx_word' id='word_1_103' title='bbox 1479 1446 1623 1515; x_wconf 88' lang='lat' dir='ltr'><strong>quod</strong></span> <span class='ocrx_word' id='word_1_104' title='bbox 1650 1444 1795 1516; x_wconf 81' lang='lat' dir='ltr'><strong>Apo-</strong></span> 
     </span>
    </p>
   </div>
   <div class='ocr_carea' id='block_1_16' title="bbox 212 1535 1793 1607">
    <p class='ocr_par' dir='ltr' id='par_1_16' title="bbox 212 1535 1793 1607">
     <span class='ocr_line' id='line_1_16' title="bbox 212 1535 1793 1607; baseline -0.008 -7"><span class='ocrx_word' id='word_1_105' title='bbox 212 1542 386 1600; x_wconf 80' lang='lat' dir='ltr'><strong>stolus</strong></span> <span class='ocrx_word' id='word_1_106' title='bbox 408 1539 608 1595; x_wconf 88' lang='lat' dir='ltr'><strong>Paulus</strong></span> <span class='ocrx_word' id='word_1_107' title='bbox 633 1539 774 1593; x_wconf 90' lang='lat' dir='ltr'><strong>inter</strong></span> <span class='ocrx_word' id='word_1_108' title='bbox 799 1537 1004 1592; x_wconf 90' lang='lat' dir='ltr'><strong>fructus</strong></span> <span class='ocrx_word' id='word_1_109' title='bbox 1019 1535 1254 1607; x_wconf 86' lang='lat' dir='ltr'><strong>Spiritus</strong></span> <span class='ocrx_word' id='word_1_110' title='bbox 1277 1535 1450 1591; x_wconf 85' lang='lat' dir='ltr'><strong>sancti</strong></span> <span class='ocrx_word' id='word_1_111' title='bbox 1474 1536 1638 1590; x_wconf 88' lang='lat' dir='ltr'><strong>etiam</strong></span> <span class='ocrx_word' id='word_1_112' title='bbox 1665 1551 1793 1590; x_wconf 82' lang='lat' dir='ltr'><strong>con-</strong></span> 
     </span>
    </p>
   </div>
   <div class='ocr_carea' id='block_1_17' title="bbox 213 1625 1792 1710">
    <p class='ocr_par' dir='ltr' id='par_1_17' title="bbox 213 1625 1792 1710">
     <span class='ocr_line' id='line_1_17' title="bbox 213 1625 1792 1710; baseline -0.006 -21"><span class='ocrx_word' id='word_1_113' title='bbox 213 1628 782 1710; x_wconf 34' lang='lat' dir='ltr'><strong>tinentiam‘nominat</strong></span> <span class='ocrx_word' id='word_1_114' title='bbox 807 1625 951 1699; x_wconf 85' lang='lat' dir='ltr'><strong>(Gal.</strong></span> <span class='ocrx_word' id='word_1_115' title='bbox 980 1627 1057 1699; x_wconf 92' lang='lat' dir='ltr'><strong>v).</strong></span> <span class='ocrx_word' id='word_1_116' title='bbox 1091 1626 1229 1682; x_wconf 88' lang='lat' dir='ltr'><strong>Tum</strong></span> <span class='ocrx_word' id='word_1_117' title='bbox 1257 1625 1453 1681; x_wconf 89' lang='lat' dir='ltr'><strong>deinde</strong></span> <span class='ocrx_word' id='word_1_118' title='bbox 1490 1626 1658 1681; x_wconf 88' lang='lat' dir='ltr'><strong>etiam</strong></span> <span class='ocrx_word' id='word_1_119' title='bbox 1687 1627 1792 1680; x_wconf 79' lang='lat' dir='ltr'><strong>im-</strong></span> 
     </span>
    </p>
   </div>
   <div class='ocr_carea' id='block_1_18' title="bbox 213 1717 1794 1791">
    <p class='ocr_par' dir='ltr' id='par_1_18' title="bbox 213 1717 1794 1791">
     <span class='ocr_line' id='line_1_18' title="bbox 213 1717 1794 1791; baseline -0.005 -11"><span class='ocrx_word' id='word_1_120' title='bbox 213 1722 543 1780; x_wconf 82' lang='lat' dir='ltr'><strong>maculatum</strong></span> <span class='ocrx_word' id='word_1_121' title='bbox 577 1719 936 1776; x_wconf 79' lang='lat' dir='ltr'><strong>ministerium</strong></span> <span class='ocrx_word' id='word_1_122' title='bbox 965 1734 1061 1791; x_wconf 85' lang='lat' dir='ltr'><strong>per</strong></span> <span class='ocrx_word' id='word_1_123' title='bbox 1088 1719 1228 1773; x_wconf 87' lang='lat' dir='ltr'><strong>hanc</strong></span> <span class='ocrx_word' id='word_1_124' title='bbox 1272 1717 1477 1772; x_wconf 86' lang='lat' dir='ltr'><strong>servari</strong></span> <span class='ocrx_word' id='word_1_125' title='bbox 1505 1731 1667 1786; x_wconf 83' lang='lat' dir='ltr'><strong>posse</strong></span> <span class='ocrx_word' id='word_1_126' title='bbox 1701 1717 1794 1772; x_wconf 82' lang='lat' dir='ltr'><strong>de-</strong></span> 
     </span>
    </p>
   </div>
   <div class='ocr_carea' id='block_1_19' title="bbox 1892 539 3475 618">
    <p class='ocr_par' dir='ltr' id='par_1_19' title="bbox 1892 539 3475 618">
     <span class='ocr_line' id='line_1_19' title="bbox 1892 539 3475 618; baseline 0.006 -25"><span class='ocrx_word' id='word_1_127' title='bbox 1892 555 1922 593; x_wconf 91' lang='lat' dir='ltr'><strong>a</strong></span> <span class='ocrx_word' id='word_1_128' title='bbox 1953 539 2075 595; x_wconf 87' lang='lat' dir='ltr'><strong>cibo</strong></span> <span class='ocrx_word' id='word_1_129' title='bbox 2104 554 2163 597; x_wconf 92' lang='lat' dir='ltr'><strong>se</strong></span> <span class='ocrx_word' id='word_1_130' title='bbox 2199 542 2533 597; x_wconf 88' lang='lat' dir='ltr'><strong>continuisse</strong></span> <span class='ocrx_word' id='word_1_131' title='bbox 2558 541 2815 596; x_wconf 82' lang='lat' dir='ltr'><strong>scribitur</strong></span> <span class='ocrx_word' id='word_1_132' title='bbox 2848 541 2967 612; x_wconf 87' lang='lat' dir='ltr'><strong><em>(III</em></strong></span> <span class='ocrx_word' id='word_1_133' title='bbox 2992 542 3121 615; x_wconf 86' lang='lat' dir='ltr'><strong>Reg.</strong></span> <span class='ocrx_word' id='word_1_134' title='bbox 3150 545 3249 618; x_wconf 83' lang='lat' dir='ltr'><strong>nt).</strong></span> <span class='ocrx_word' id='word_1_135' title='bbox 3279 546 3388 603; x_wconf 89' lang='lat' dir='ltr'><strong>Sed</strong></span> <span class='ocrx_word' id='word_1_136' title='bbox 3414 558 3475 602; x_wconf 91' lang='lat' dir='ltr'><strong>et</strong></span> 
     </span>
    </p>
   </div>
   <div class='ocr_carea' id='block_1_20' title="bbox 1891 628 3481 709">
    <p class='ocr_par' dir='ltr' id='par_1_20' title="bbox 1891 628 3481 709">
     <span class='ocr_line' id='line_1_20' title="bbox 1891 628 3481 709; baseline 0.008 -26"><span class='ocrx_word' id='word_1_137' title='bbox 1891 628 2081 684; x_wconf 83' lang='lat' dir='ltr'><strong>Daniel</strong></span> <span class='ocrx_word' id='word_1_138' title='bbox 2109 637 2162 685; x_wconf 90' lang='lat' dir='ltr'><strong>et</strong></span> <span class='ocrx_word' id='word_1_139' title='bbox 2188 631 2352 686; x_wconf 91' lang='lat' dir='ltr'><strong>trium</strong></span> <span class='ocrx_word' id='word_1_140' title='bbox 2377 646 2671 702; x_wconf 88' lang='lat' dir='ltr'><strong>puerorum</strong></span> <span class='ocrx_word' id='word_1_141' title='bbox 2698 633 2953 687; x_wconf 89' lang='lat' dir='ltr'><strong>meritum</strong></span> <span class='ocrx_word' id='word_1_142' title='bbox 2979 635 3120 704; x_wconf 92' lang='lat' dir='ltr'><strong>apud</strong></span> <span class='ocrx_word' id='word_1_143' title='bbox 3145 636 3335 702; x_wconf 89' lang='lat' dir='ltr'><strong>Deum,</strong></span> <span class='ocrx_word' id='word_1_144' title='bbox 3369 654 3481 709; x_wconf 90' lang='lat' dir='ltr'><strong>quo</strong></span> 
     </span>
    </p>
   </div>
   <div class='ocr_carea' id='block_1_21' title="bbox 1891 719 3481 794">
    <p class='ocr_par' dir='ltr' id='par_1_21' title="bbox 1891 719 3481 794">
     <span class='ocr_line' id='line_1_21' title="bbox 1891 719 3481 794; baseline 0.006 -21"><span class='ocrx_word' id='word_1_145' title='bbox 1891 719 1959 774; x_wconf 92' lang='lat' dir='ltr'><strong>de</strong></span> <span class='ocrx_word' id='word_1_146' title='bbox 1997 720 2249 775; x_wconf 90' lang='lat' dir='ltr'><strong>omnibus</strong></span> <span class='ocrx_word' id='word_1_147' title='bbox 2271 721 2506 777; x_wconf 89' lang='lat' dir='ltr'><strong>inimicis</strong></span> <span class='ocrx_word' id='word_1_148' title='bbox 2526 721 2656 785; x_wconf 86' lang='lat' dir='ltr'><strong>suis,</strong></span> <span class='ocrx_word' id='word_1_149' title='bbox 2692 730 2748 776; x_wconf 86' lang='lat' dir='ltr'><strong>et</strong></span> <span class='ocrx_word' id='word_1_150' title='bbox 2792 723 2857 778; x_wconf 92' lang='lat' dir='ltr'><strong>de</strong></span> <span class='ocrx_word' id='word_1_151' title='bbox 2882 723 2999 791; x_wconf 88' lang='lat' dir='ltr'><strong>ipso</strong></span> <span class='ocrx_word' id='word_1_152' title='bbox 3021 730 3252 794; x_wconf 85' lang='lat' dir='ltr'><strong>tyranno</strong></span> <span class='ocrx_word' id='word_1_153' title='bbox 3285 727 3481 782; x_wconf 81' lang='lat' dir='ltr'><strong>trium—</strong></span> 
     </span>
    </p>
   </div>
   <div class='ocr_carea' id='block_1_22' title="bbox 1892 807 3479 883">
    <p class='ocr_par' dir='ltr' id='par_1_22' title="bbox 1892 807 3479 883">
     <span class='ocr_line' id='line_1_22' title="bbox 1892 807 3479 883; baseline 0.006 -22"><span class='ocrx_word' id='word_1_154' title='bbox 1892 807 2058 877; x_wconf 81' lang='lat' dir='ltr'><strong>phum</strong></span> <span class='ocrx_word' id='word_1_155' title='bbox 2093 818 2374 878; x_wconf 62' lang='lat' dir='ltr'><strong>coeperunt</strong></span> <span class='ocrx_word' id='word_1_156' title='bbox 2400 807 2564 875; x_wconf 88' lang='lat' dir='ltr'><strong>(Dan.</strong></span> <span class='ocrx_word' id='word_1_157' title='bbox 2596 809 2654 880; x_wconf 85' lang='grc' dir='ltr'><strong>ι),</strong></span> <span class='ocrx_word' id='word_1_158' title='bbox 2703 826 2809 865; x_wconf 91' lang='lat' dir='ltr'><strong>non</strong></span> <span class='ocrx_word' id='word_1_159' title='bbox 2839 810 3055 867; x_wconf 87' lang='lat' dir='ltr'><strong>aliunde</strong></span> <span class='ocrx_word' id='word_1_160' title='bbox 3082 813 3186 868; x_wconf 87' lang='lat' dir='ltr'><strong>nisi</strong></span> <span class='ocrx_word' id='word_1_161' title='bbox 3226 829 3326 883; x_wconf 86' lang='lat' dir='ltr'><strong>per</strong></span> <span class='ocrx_word' id='word_1_162' title='bbox 3349 830 3479 871; x_wconf 90' lang='lat' dir='ltr'><strong>con-</strong></span> 
     </span>
    </p>
   </div>
   <div class='ocr_carea' id='block_1_23' title="bbox 1894 899 3482 961">
    <p class='ocr_par' dir='ltr' id='par_1_23' title="bbox 1894 899 3482 961">
     <span class='ocr_line' id='line_1_23' title="bbox 1894 899 3482 961; baseline 0.004 -7"><span class='ocrx_word' id='word_1_163' title='bbox 1894 899 2177 954; x_wconf 90' lang='lat' dir='ltr'><strong>tinentiam</strong></span> <span class='ocrx_word' id='word_1_164' title='bbox 2220 900 2387 955; x_wconf 81' lang='lat' dir='ltr'><strong>venit.</strong></span> <span class='ocrx_word' id='word_1_165' title='bbox 2446 899 2672 955; x_wconf 86' lang='lat' dir='ltr'><strong>Joannis</strong></span> <span class='ocrx_word' id='word_1_166' title='bbox 2716 912 2894 956; x_wconf 86' lang='lat' dir='ltr'><strong>autem</strong></span> <span class='ocrx_word' id='word_1_167' title='bbox 2930 903 3117 958; x_wconf 85' lang='lat' dir='ltr'><strong>omnis</strong></span> <span class='ocrx_word' id='word_1_168' title='bbox 3151 905 3263 959; x_wconf 89' lang='lat' dir='ltr'><strong>vita</strong></span> <span class='ocrx_word' id='word_1_169' title='bbox 3306 908 3482 961; x_wconf 90' lang='lat' dir='ltr'><strong>conti-</strong></span> 
     </span>
    </p>
   </div>
   <div class='ocr_carea' id='block_1_24' title="bbox 1892 987 3483 1050">
    <p class='ocr_par' dir='ltr' id='par_1_24' title="bbox 1892 987 3483 1050">
     <span class='ocr_line' id='line_1_24' title="bbox 1892 987 3483 1050; baseline 0.006 -9"><span class='ocrx_word' id='word_1_170' title='bbox 1892 988 2077 1043; x_wconf 89' lang='lat' dir='ltr'><strong>nentia</strong></span> <span class='ocrx_word' id='word_1_171' title='bbox 2106 987 2228 1044; x_wconf 87' lang='lat' dir='ltr'><strong>fuit.</strong></span> <span class='ocrx_word' id='word_1_172' title='bbox 2275 988 2358 1042; x_wconf 87' lang='lat' dir='ltr'><strong>Ab</strong></span> <span class='ocrx_word' id='word_1_173' title='bbox 2386 989 2489 1043; x_wconf 83' lang='lat' dir='ltr'><strong>hac</strong></span> <span class='ocrx_word' id='word_1_174' title='bbox 2529 989 2694 1043; x_wconf 88' lang='lat' dir='ltr'><strong>etiam</strong></span> <span class='ocrx_word' id='word_1_175' title='bbox 2723 988 2983 1045; x_wconf 87' lang='lat' dir='ltr'><strong>Dominus</strong></span> <span class='ocrx_word' id='word_1_176' title='bbox 3024 992 3483 1050; x_wconf 79' lang='lat' dir='ltr'><strong>manifestationis</strong></span> 
     </span>
    </p>
   </div>
   <div class='ocr_carea' id='block_1_25' title="bbox 1894 1078 3479 1149">
    <p class='ocr_par' dir='ltr' id='par_1_25' title="bbox 1894 1078 3479 1149">
     <span class='ocr_line' id='line_1_25' title="bbox 1894 1078 3479 1149; baseline 0.004 -15"><span class='ocrx_word' id='word_1_177' title='bbox 1894 1094 2004 1134; x_wconf 71' lang='lat' dir='ltr'><strong>sua:</strong></span> <span class='ocrx_word' id='word_1_178' title='bbox 2044 1078 2196 1134; x_wconf 89' lang='lat' dir='ltr'><strong>initia</strong></span> <span class='ocrx_word' id='word_1_179' title='bbox 2239 1080 2415 1148; x_wconf 88' lang='lat' dir='ltr'><strong>prima</strong></span> <span class='ocrx_word' id='word_1_180' title='bbox 2442 1078 2714 1149; x_wconf 78' lang='lat' dir='ltr'><strong>patefecit.</strong></span> <span class='ocrx_word' id='word_1_181' title='bbox 2747 1079 3148 1137; x_wconf 87' lang='lat' dir='ltr'><strong>Continentiam</strong></span> <span class='ocrx_word' id='word_1_182' title='bbox 3185 1094 3367 1140; x_wconf 90' lang='lat' dir='ltr'><strong>autem</strong></span> <span class='ocrx_word' id='word_1_183' title='bbox 3395 1087 3479 1141; x_wconf 79' lang='lat' dir='ltr'><strong>di—</strong></span> 
     </span>
    </p>
   </div>
   <div class='ocr_carea' id='block_1_26' title="bbox 1892 1173 3479 1243">
    <p class='ocr_par' dir='ltr' id='par_1_26' title="bbox 1892 1173 3479 1243">
     <span class='ocr_line' id='line_1_26' title="bbox 1892 1173 3479 1243; baseline 0.003 -14"><span class='ocrx_word' id='word_1_184' title='bbox 1892 1173 2086 1236; x_wconf 89' lang='lat' dir='ltr'><strong>cimus,</strong></span> <span class='ocrx_word' id='word_1_185' title='bbox 2137 1190 2244 1229; x_wconf 92' lang='lat' dir='ltr'><strong>non</strong></span> <span class='ocrx_word' id='word_1_186' title='bbox 2294 1173 2438 1242; x_wconf 88' lang='lat' dir='ltr'><strong>quod</strong></span> <span class='ocrx_word' id='word_1_187' title='bbox 2481 1188 2512 1227; x_wconf 87' lang='lat' dir='ltr'><strong>a</strong></span> <span class='ocrx_word' id='word_1_188' title='bbox 2548 1174 2670 1228; x_wconf 85' lang='lat' dir='ltr'><strong>cibo</strong></span> <span class='ocrx_word' id='word_1_189' title='bbox 2699 1173 2915 1243; x_wconf 87' lang='lat' dir='ltr'><strong>penitus</strong></span> <span class='ocrx_word' id='word_1_190' title='bbox 2960 1174 3338 1232; x_wconf 86' lang='lat' dir='ltr'><strong>abstinendum</strong></span> <span class='ocrx_word' id='word_1_191' title='bbox 3386 1180 3479 1243; x_wconf 87' lang='lat' dir='ltr'><strong>sit,</strong></span> 
     </span>
    </p>
   </div>
   <div class='ocr_carea' id='block_1_27' title="bbox 1892 1263 3481 1330">
    <p class='ocr_par' dir='ltr' id='par_1_27' title="bbox 1892 1263 3481 1330">
     <span class='ocr_line' id='line_1_27' title="bbox 1892 1263 3481 1330; baseline 0.001 -11"><span class='ocrx_word' id='word_1_192' title='bbox 1892 1264 1996 1319; x_wconf 89' lang='lat' dir='ltr'><strong>hoc</strong></span> <span class='ocrx_word' id='word_1_193' title='bbox 2040 1271 2124 1319; x_wconf 86' lang='lat' dir='ltr'><strong>est</strong></span> <span class='ocrx_word' id='word_1_194' title='bbox 2168 1263 2314 1319; x_wconf 86' lang='lat' dir='ltr'><strong>enim</strong></span> <span class='ocrx_word' id='word_1_195' title='bbox 2363 1263 2629 1318; x_wconf 77' lang='lat' dir='ltr'><strong>violenter</strong></span> <span class='ocrx_word' id='word_1_196' title='bbox 2672 1263 2839 1317; x_wconf 89' lang='lat' dir='ltr'><strong>vitam</strong></span> <span class='ocrx_word' id='word_1_197' title='bbox 2872 1264 3188 1330; x_wconf 83' lang='lat' dir='ltr'><strong>dissolvere,</strong></span> <span class='ocrx_word' id='word_1_198' title='bbox 3239 1267 3335 1322; x_wconf 90' lang='lat' dir='ltr'><strong>sed</strong></span> <span class='ocrx_word' id='word_1_199' title='bbox 3359 1281 3481 1321; x_wconf 87' lang='lat' dir='ltr'><strong>eam</strong></span> 
     </span>
    </p>
   </div>
   <div class='ocr_carea' id='block_1_28' title="bbox 1892 1352 3484 1426">
    <p class='ocr_par' dir='ltr' id='par_1_28' title="bbox 1892 1352 3484 1426">
     <span class='ocr_line' id='line_1_28' title="bbox 1892 1352 3484 1426; baseline 0.003 -19"><span class='ocrx_word' id='word_1_200' title='bbox 1892 1369 1998 1426; x_wconf 86' lang='lat' dir='ltr'><strong>qua</strong></span> <span class='ocrx_word' id='word_1_201' title='bbox 2022 1355 2141 1408; x_wconf 69' lang='lat' dir='ltr'><strong>vita:</strong></span> <span class='ocrx_word' id='word_1_202' title='bbox 2182 1369 2313 1408; x_wconf 92' lang='lat' dir='ltr'><strong>usus</strong></span> <span class='ocrx_word' id='word_1_203' title='bbox 2345 1369 2451 1409; x_wconf 90' lang='lat' dir='ltr'><strong>non</strong></span> <span class='ocrx_word' id='word_1_204' title='bbox 2496 1352 2818 1424; x_wconf 83' lang='lat' dir='ltr'><strong>superﬂuus,</strong></span> <span class='ocrx_word' id='word_1_205' title='bbox 2851 1355 2944 1409; x_wconf 87' lang='lat' dir='ltr'><strong>sed</strong></span> <span class='ocrx_word' id='word_1_206' title='bbox 2988 1357 3334 1411; x_wconf 87' lang='lat' dir='ltr'><strong>necessarius</strong></span> <span class='ocrx_word' id='word_1_207' title='bbox 3359 1373 3484 1412; x_wconf 88' lang='lat' dir='ltr'><strong>con-</strong></span> 
     </span>
    </p>
   </div>
   <div class='ocr_carea' id='block_1_29' title="bbox 1894 1444 3479 1518">
    <p class='ocr_par' dir='ltr' id='par_1_29' title="bbox 1894 1444 3479 1518">
     <span class='ocr_line' id='line_1_29' title="bbox 1894 1444 3479 1518; baseline 0.002 -17"><span class='ocrx_word' id='word_1_208' title='bbox 1894 1454 2041 1502; x_wconf 88' lang='lat' dir='ltr'><strong>stat:</strong></span> <span class='ocrx_word' id='word_1_209' title='bbox 2069 1461 2193 1501; x_wconf 89' lang='lat' dir='ltr'><strong>cum</strong></span> <span class='ocrx_word' id='word_1_210' title='bbox 2232 1444 2528 1515; x_wconf 81' lang='lat' dir='ltr'><strong>refugimus</strong></span> <span class='ocrx_word' id='word_1_211' title='bbox 2573 1446 2716 1516; x_wconf 85' lang='lat' dir='ltr'><strong>quod</strong></span> <span class='ocrx_word' id='word_1_212' title='bbox 2756 1461 2927 1502; x_wconf 89' lang='lat' dir='ltr'><strong>suave</strong></span> <span class='ocrx_word' id='word_1_213' title='bbox 2947 1455 3054 1511; x_wconf 89' lang='lat' dir='ltr'><strong>est,</strong></span> <span class='ocrx_word' id='word_1_214' title='bbox 3090 1448 3370 1518; x_wconf 83' lang='lat' dir='ltr'><strong>explemus</strong></span> <span class='ocrx_word' id='word_1_215' title='bbox 3414 1464 3479 1504; x_wconf 86' lang='lat' dir='ltr'><strong>ea</strong></span> 
     </span>
    </p>
   </div>
   <div class='ocr_carea' id='block_1_30' title="bbox 1893 1534 3484 1606">
    <p class='ocr_par' dir='ltr' id='par_1_30' title="bbox 1893 1534 3484 1606">
     <span class='ocr_line' id='line_1_30' title="bbox 1893 1534 3484 1606; baseline 0.004 -19"><span class='ocrx_word' id='word_1_216' title='bbox 1893 1550 2013 1606; x_wconf 70' lang='lat' dir='ltr'><strong>quae</strong></span> <span class='ocrx_word' id='word_1_217' title='bbox 2030 1534 2141 1591; x_wconf 88' lang='lat' dir='ltr'><strong>sola</strong></span> <span class='ocrx_word' id='word_1_218' title='bbox 2168 1536 2413 1606; x_wconf 90' lang='lat' dir='ltr'><strong>corporis</strong></span> <span class='ocrx_word' id='word_1_219' title='bbox 2438 1536 2735 1591; x_wconf 84' lang='lat' dir='ltr'><strong>necessitas</strong></span> <span class='ocrx_word' id='word_1_220' title='bbox 2757 1537 2995 1606; x_wconf 81' lang='lat' dir='ltr'><strong>exposcit</strong></span> <span class='ocrx_word' id='word_1_221' title='bbox 3021 1557 3034 1592; x_wconf 90' lang='lat'><strong>:</strong></span> <span class='ocrx_word' id='word_1_222' title='bbox 3060 1546 3134 1605; x_wconf 93' lang='lat' dir='ltr'><strong>et,</strong></span> <span class='ocrx_word' id='word_1_223' title='bbox 3162 1550 3219 1593; x_wconf 92' lang='lat' dir='ltr'><strong>ut</strong></span> <span class='ocrx_word' id='word_1_224' title='bbox 3244 1540 3484 1595; x_wconf 87' lang='lat' dir='ltr'><strong>breviter</strong></span> 
     </span>
    </p>
   </div>
   <div class='ocr_carea' id='block_1_31' title="bbox 1894 1628 3486 1702">
    <p class='ocr_par' dir='ltr' id='par_1_31' title="bbox 1894 1628 3486 1702">
     <span class='ocr_line' id='line_1_31' title="bbox 1894 1628 3486 1702; baseline 0.001 -18"><span class='ocrx_word' id='word_1_225' title='bbox 1894 1628 2097 1692; x_wconf 89' lang='lat' dir='ltr'><strong>dicam,</strong></span> <span class='ocrx_word' id='word_1_226' title='bbox 2139 1628 2317 1683; x_wconf 83' lang='lat' dir='ltr'><strong>omnia</strong></span> <span class='ocrx_word' id='word_1_227' title='bbox 2359 1643 2481 1698; x_wconf 71' lang='lat' dir='ltr'><strong>qua:</strong></span> <span class='ocrx_word' id='word_1_228' title='bbox 2513 1643 2617 1699; x_wconf 86' lang='lat' dir='ltr'><strong>per</strong></span> <span class='ocrx_word' id='word_1_229' title='bbox 2647 1629 2955 1698; x_wconf 87' lang='lat' dir='ltr'><strong>passibilem</strong></span> <span class='ocrx_word' id='word_1_230' title='bbox 2993 1632 3486 1702; x_wconf 80' lang='lat' dir='ltr'><strong>concupiscentiam</strong></span> 
     </span>
    </p>
   </div>
   <div class='ocr_carea' id='block_1_32' title="bbox 1895 1720 3485 1790">
    <p class='ocr_par' dir='ltr' id='par_1_32' title="bbox 1895 1720 3485 1790">
     <span class='ocr_line' id='line_1_32' title="bbox 1895 1720 3485 1790; baseline 0.001 -17"><span class='ocrx_word' id='word_1_231' title='bbox 1895 1720 2272 1790; x_wconf 86' lang='lat' dir='ltr'><strong>requiruntur,</strong></span> <span class='ocrx_word' id='word_1_232' title='bbox 2297 1721 2366 1775; x_wconf 89' lang='lat' dir='ltr'><strong>ab</strong></span> <span class='ocrx_word' id='word_1_233' title='bbox 2394 1721 2480 1775; x_wconf 86' lang='lat' dir='ltr'><strong>his</strong></span> <span class='ocrx_word' id='word_1_234' title='bbox 2506 1720 2781 1775; x_wconf 88' lang='lat' dir='ltr'><strong>abstinere</strong></span> <span class='ocrx_word' id='word_1_235' title='bbox 2805 1722 2977 1776; x_wconf 89' lang='lat' dir='ltr'><strong>virtus</strong></span> <span class='ocrx_word' id='word_1_236' title='bbox 3005 1730 3089 1777; x_wconf 88' lang='lat' dir='ltr'><strong>est</strong></span> <span class='ocrx_word' id='word_1_237' title='bbox 3115 1723 3485 1778; x_wconf 61' lang='lat' dir='ltr'><strong>continentiae.</strong></span> 
     </span>
    </p>
   </div>
   <div class='ocr_carea' id='block_1_33' title="bbox 213 1792 3489 1884">
    <p class='ocr_par' dir='ltr' id='par_1_33' title="bbox 213 1792 3489 1884">
     <span class='ocr_line' id='line_1_33' title="bbox 213 1792 3489 1884; baseline 0 -16"><span class='ocrx_word' id='word_1_238' title='bbox 213 1814 412 1884; x_wconf 75' lang='lat' dir='ltr'><strong>signat,</strong></span> <span class='ocrx_word' id='word_1_239' title='bbox 435 1826 560 1866; x_wconf 89' lang='lat' dir='ltr'><strong>cum</strong></span> <span class='ocrx_word' id='word_1_240' title='bbox 582 1810 749 1865; x_wconf 87' lang='lat' dir='ltr'><strong>dicit:</strong></span> <span class='ocrx_word' id='word_1_241' title='bbox 780 1809 843 1863; x_wconf 90' lang='lat' dir='ltr'><strong>In</strong></span> <span class='ocrx_word' id='word_1_242' title='bbox 873 1808 1156 1873; x_wconf 79' lang='lat' dir='ltr'><strong>laboribus,</strong></span> <span class='ocrx_word' id='word_1_243' title='bbox 1180 1808 1232 1862; x_wconf 89' lang='lat' dir='ltr'><strong>in</strong></span> <span class='ocrx_word' id='word_1_244' title='bbox 1246 1807 1457 1878; x_wconf 75' lang='lat' dir='ltr'><strong>vigiliis,</strong></span> <span class='ocrx_word' id='word_1_245' title='bbox 1482 1808 1535 1861; x_wconf 89' lang='lat' dir='ltr'><strong>in</strong></span> <span class='ocrx_word' id='word_1_246' title='bbox 1553 1807 1794 1877; x_wconf 84' lang='lat' dir='ltr'><strong>jejuniis,</strong></span> <span class='ocrx_word' id='word_1_247' title='bbox 1825 1792 1871 1851; x_wconf 81' lang='grc' dir='ltr'><strong>Β</strong></span> <span class='ocrx_word' id='word_1_248' title='bbox 1900 1810 1967 1864; x_wconf 85' lang='lat' dir='ltr'><strong>Et</strong></span> <span class='ocrx_word' id='word_1_249' title='bbox 2014 1812 2135 1866; x_wconf 88' lang='lat' dir='ltr'><strong>ideo</strong></span> <span class='ocrx_word' id='word_1_250' title='bbox 2171 1825 2302 1882; x_wconf 78' lang='lat' dir='ltr'><strong>ergo</strong></span> <span class='ocrx_word' id='word_1_251' title='bbox 2337 1827 2445 1865; x_wconf 89' lang='lat' dir='ltr'><strong>non</strong></span> <span class='ocrx_word' id='word_1_252' title='bbox 2481 1811 2656 1866; x_wconf 86' lang='lat' dir='ltr'><strong>solum</strong></span> <span class='ocrx_word' id='word_1_253' title='bbox 2705 1811 2758 1864; x_wconf 91' lang='lat' dir='ltr'><strong>in</strong></span> <span class='ocrx_word' id='word_1_254' title='bbox 2787 1826 2881 1866; x_wconf 90' lang='lat' dir='ltr'><strong>esu</strong></span> <span class='ocrx_word' id='word_1_255' title='bbox 2911 1812 3016 1866; x_wconf 87' lang='lat' dir='ltr'><strong>cibi</strong></span> <span class='ocrx_word' id='word_1_256' title='bbox 3059 1820 3133 1877; x_wconf 90' lang='lat' dir='ltr'><strong>et,</strong></span> <span class='ocrx_word' id='word_1_257' title='bbox 3173 1814 3227 1867; x_wconf 89' lang='lat' dir='ltr'><strong>in</strong></span> <span class='ocrx_word' id='word_1_258' title='bbox 3266 1814 3489 1869; x_wconf 84' lang='lat' dir='ltr'><strong>libidine</strong></span> 
     </span>
    </p>
   </div>
   <div class='ocr_carea' id='block_1_34' title="bbox 211 1894 1797 1971">
    <p class='ocr_par' dir='ltr' id='par_1_34' title="bbox 211 1894 1797 1971">
     <span class='ocr_line' id='line_1_34' title="bbox 211 1894 1797 1971; baseline -0.006 -13"><span class='ocrx_word' id='word_1_259' title='bbox 211 1905 270 1958; x_wconf 86' lang='lat' dir='ltr'><strong>in</strong></span> <span class='ocrx_word' id='word_1_260' title='bbox 314 1903 554 1957; x_wconf 70' lang='lat' dir='ltr'><strong>castitate</strong></span> <span class='ocrx_word' id='word_1_261' title='bbox 597 1898 684 1971; x_wconf 88' lang='lat' dir='ltr'><strong>(If</strong></span> <span class='ocrx_word' id='word_1_262' title='bbox 728 1898 850 1955; x_wconf 88' lang='lat' dir='ltr'><strong>Cor.</strong></span> <span class='ocrx_word' id='word_1_263' title='bbox 902 1897 984 1970; x_wconf 89' lang='grc' dir='ltr'><strong>ιι).</strong></span> <span class='ocrx_word' id='word_1_264' title='bbox 1026 1898 1094 1955; x_wconf 86' lang='lat' dir='ltr'><strong>Et</strong></span> <span class='ocrx_word' id='word_1_265' title='bbox 1139 1897 1335 1952; x_wconf 85' lang='lat' dir='ltr'><strong>iterum</strong></span> <span class='ocrx_word' id='word_1_266' title='bbox 1377 1895 1489 1950; x_wconf 73' lang='grc' dir='ltr'><strong>ειη</strong></span> <span class='ocrx_word' id='word_1_267' title='bbox 1522 1894 1702 1949; x_wconf 87' lang='lat' dir='ltr'><strong>labore</strong></span> <span class='ocrx_word' id='word_1_268' title='bbox 1750 1903 1797 1949; x_wconf 87' lang='lat' dir='ltr'><strong>et</strong></span> 
     </span>
    </p>
   </div>
   <div class='ocr_carea' id='block_1_35' title="bbox 212 1987 1802 2067">
    <p class='ocr_par' dir='ltr' id='par_1_35' title="bbox 212 1987 1802 2067">
     <span class='ocr_line' id='line_1_35' title="bbox 212 1987 1802 2067; baseline -0.006 -19"><span class='ocrx_word' id='word_1_269' title='bbox 212 1995 550 2067; x_wconf 75' lang='lat' dir='ltr'><strong>fatigatione.</strong></span> <span class='ocrx_word' id='word_1_270' title='bbox 580 1993 635 2046; x_wconf 90' lang='lat' dir='ltr'><strong>in</strong></span> <span class='ocrx_word' id='word_1_271' title='bbox 675 1990 864 2061; x_wconf 80' lang='lat' dir='ltr'><strong>uigiliis</strong></span> <span class='ocrx_word' id='word_1_272' title='bbox 899 1989 1100 2053; x_wconf 86' lang='lat' dir='ltr'><strong>multis,</strong></span> <span class='ocrx_word' id='word_1_273' title='bbox 1145 1988 1367 2058; x_wconf 77' lang='lat' dir='ltr'><strong>infame</strong></span> <span class='ocrx_word' id='word_1_274' title='bbox 1395 1997 1441 2041; x_wconf 84' lang='lat' dir='ltr'><strong>et</strong></span> <span class='ocrx_word' id='word_1_275' title='bbox 1484 1987 1595 2051; x_wconf 82' lang='lat' dir='ltr'><strong>siti,</strong></span> <span class='ocrx_word' id='word_1_276' title='bbox 1623 1988 1679 2040; x_wconf 91' lang='lat' dir='ltr'><strong>in</strong></span> <span class='ocrx_word' id='word_1_277' title='bbox 1714 1987 1802 2055; x_wconf 89' lang='lat' dir='ltr'><strong>je-</strong></span> 
     </span>
    </p>
   </div>
   <div class='ocr_carea' id='block_1_36' title="bbox 206 2076 1801 2158">
    <p class='ocr_par' dir='ltr' id='par_1_36' title="bbox 206 2076 1801 2158">
     <span class='ocr_line' id='line_1_36' title="bbox 206 2076 1801 2158; baseline -0.004 -19"><span class='ocrx_word' id='word_1_278' title='bbox 206 2086 379 2158; x_wconf 77' lang='lat' dir='ltr'><strong>juniis</strong></span> <span class='ocrx_word' id='word_1_279' title='bbox 403 2084 698 2154; x_wconf 73' lang='lat' dir='ltr'><strong>frequenter</strong></span> <span class='ocrx_word' id='word_1_280' title='bbox 718 2079 805 2151; x_wconf 86' lang='lat' dir='ltr'><strong>(II</strong></span> <span class='ocrx_word' id='word_1_281' title='bbox 820 2079 943 2135; x_wconf 83' lang='lat' dir='ltr'><strong>Cor.</strong></span> <span class='ocrx_word' id='word_1_282' title='bbox 975 2078 1073 2152; x_wconf 85' lang='lat' dir='ltr'><strong>vt).</strong></span> <span class='ocrx_word' id='word_1_283' title='bbox 1092 2078 1159 2133; x_wconf 81' lang='lat' dir='ltr'><strong>Et</strong></span> <span class='ocrx_word' id='word_1_284' title='bbox 1178 2079 1403 2133; x_wconf 89' lang='lat' dir='ltr'><strong>iterum:</strong></span> <span class='ocrx_word' id='word_1_285' title='bbox 1423 2076 1607 2133; x_wconf 79' lang='lat' dir='ltr'><strong>Omnis</strong></span> <span class='ocrx_word' id='word_1_286' title='bbox 1632 2078 1719 2147; x_wconf 86' lang='lat' dir='ltr'><strong>qui</strong></span> <span class='ocrx_word' id='word_1_287' title='bbox 1744 2078 1801 2132; x_wconf 84' lang='lat' dir='ltr'><strong>iu</strong></span> 
     </span>
    </p>
   </div>
   <div class='ocr_carea' id='block_1_37' title="bbox 212 2165 1795 2244">
    <p class='ocr_par' dir='ltr' id='par_1_37' title="bbox 212 2165 1795 2244">
     <span class='ocr_line' id='line_1_37' title="bbox 212 2165 1795 2244; baseline -0.007 -15"><span class='ocrx_word' id='word_1_288' title='bbox 212 2190 382 2244; x_wconf 84' lang='lat' dir='ltr'><strong>agone</strong></span> <span class='ocrx_word' id='word_1_289' title='bbox 409 2171 670 2227; x_wconf 84' lang='lat' dir='ltr'><strong>contendit</strong></span> <span class='ocrx_word' id='word_1_290' title='bbox 697 2169 763 2224; x_wconf 89' lang='lat' dir='ltr'><strong>ab</strong></span> <span class='ocrx_word' id='word_1_291' title='bbox 790 2169 1031 2223; x_wconf 87' lang='lat' dir='ltr'><strong>omnibus</strong></span> <span class='ocrx_word' id='word_1_292' title='bbox 1058 2168 1328 2223; x_wconf 83' lang='lat' dir='ltr'><strong>continens</strong></span> <span class='ocrx_word' id='word_1_293' title='bbox 1360 2176 1434 2221; x_wconf 88' lang='lat' dir='ltr'><strong>est</strong></span> <span class='ocrx_word' id='word_1_294' title='bbox 1461 2165 1511 2237; x_wconf 92' lang='grc'><strong>(1</strong></span> <span class='ocrx_word' id='word_1_295' title='bbox 1534 2166 1660 2219; x_wconf 87' lang='lat' dir='ltr'><strong>Cor.</strong></span> <span class='ocrx_word' id='word_1_296' title='bbox 1699 2165 1795 2237; x_wconf 69' lang='grc' dir='ltr'><strong>ιιι).</strong></span> 
     </span>
    </p>
   </div>
   <div class='ocr_carea' id='block_1_38' title="bbox 211 2258 1802 2329">
    <p class='ocr_par' dir='ltr' id='par_1_38' title="bbox 211 2258 1802 2329">
     <span class='ocr_line' id='line_1_38' title="bbox 211 2258 1802 2329; baseline -0.006 -7"><span class='ocrx_word' id='word_1_297' title='bbox 211 2266 286 2322; x_wconf 88' lang='lat' dir='ltr'><strong>Et</strong></span> <span class='ocrx_word' id='word_1_298' title='bbox 323 2266 521 2321; x_wconf 82' lang='lat' dir='ltr'><strong>iterum</strong></span> <span class='ocrx_word' id='word_1_299' title='bbox 554 2281 568 2317; x_wconf 89' lang='lat'><strong>:</strong></span> <span class='ocrx_word' id='word_1_300' title='bbox 609 2262 823 2319; x_wconf 77' lang='lat' dir='ltr'><strong>Macero</strong></span> <span class='ocrx_word' id='word_1_301' title='bbox 869 2276 1055 2329; x_wconf 86' lang='lat' dir='ltr'><strong>corpus</strong></span> <span class='ocrx_word' id='word_1_302' title='bbox 1095 2275 1288 2320; x_wconf 81' lang='lat' dir='ltr'><strong>meum.</strong></span> <span class='ocrx_word' id='word_1_303' title='bbox 1329 2268 1377 2313; x_wconf 93' lang='lat' dir='ltr'><strong>et</strong></span> <span class='ocrx_word' id='word_1_304' title='bbox 1418 2258 1653 2314; x_wconf 80' lang='lat' dir='ltr'><strong>servituti</strong></span> <span class='ocrx_word' id='word_1_305' title='bbox 1678 2258 1802 2314; x_wconf 82' lang='lat' dir='ltr'><strong>sub-</strong></span> 
     </span>
    </p>
   </div>
   <div class='ocr_carea' id='block_1_39' title="bbox 209 2349 1803 2427">
    <p class='ocr_par' dir='ltr' id='par_1_39' title="bbox 209 2349 1803 2427">
     <span class='ocr_line' id='line_1_39' title="bbox 209 2349 1803 2427; baseline -0.003 -19"><span class='ocrx_word' id='word_1_306' title='bbox 209 2356 345 2427; x_wconf 71' lang='lat' dir='ltr'><strong>jicio</strong></span> <span class='ocrx_word' id='word_1_307' title='bbox 380 2354 430 2425; x_wconf 94' lang='lat' dir='ltr'><strong>(I</strong></span> <span class='ocrx_word' id='word_1_308' title='bbox 459 2354 585 2408; x_wconf 86' lang='lat' dir='ltr'><strong>Cor.</strong></span> <span class='ocrx_word' id='word_1_309' title='bbox 615 2352 717 2423; x_wconf 83' lang='lat' dir='ltr'><strong>ut).</strong></span> <span class='ocrx_word' id='word_1_310' title='bbox 750 2351 903 2418; x_wconf 86' lang='lat' dir='ltr'><strong>Quod</strong></span> <span class='ocrx_word' id='word_1_311' title='bbox 932 2350 1118 2419; x_wconf 86' lang='lat' dir='ltr'><strong>utique</strong></span> <span class='ocrx_word' id='word_1_312' title='bbox 1157 2366 1263 2405; x_wconf 90' lang='lat' dir='ltr'><strong>non</strong></span> <span class='ocrx_word' id='word_1_313' title='bbox 1303 2349 1462 2407; x_wconf 86' lang='lat' dir='ltr'><strong>aliter</strong></span> <span class='ocrx_word' id='word_1_314' title='bbox 1497 2365 1661 2420; x_wconf 89' lang='lat' dir='ltr'><strong>quam</strong></span> <span class='ocrx_word' id='word_1_315' title='bbox 1702 2363 1803 2418; x_wconf 91' lang='lat' dir='ltr'><strong>per</strong></span> 
     </span>
    </p>
   </div>
   <div class='ocr_carea' id='block_1_40' title="bbox 215 2435 1801 2509">
    <p class='ocr_par' dir='ltr' id='par_1_40' title="bbox 215 2435 1801 2509">
     <span class='ocr_line' id='line_1_40' title="bbox 215 2435 1801 2509; baseline -0.006 -8"><span class='ocrx_word' id='word_1_316' title='bbox 215 2446 606 2501; x_wconf 84' lang='lat' dir='ltr'><strong>continentiam</strong></span> <span class='ocrx_word' id='word_1_317' title='bbox 652 2443 866 2497; x_wconf 90' lang='lat' dir='ltr'><strong>videtur</strong></span> <span class='ocrx_word' id='word_1_318' title='bbox 912 2440 1142 2509; x_wconf 88' lang='lat' dir='ltr'><strong>impleri.</strong></span> <span class='ocrx_word' id='word_1_319' title='bbox 1177 2440 1243 2494; x_wconf 84' lang='lat' dir='ltr'><strong>Et</strong></span> <span class='ocrx_word' id='word_1_320' title='bbox 1284 2435 1587 2506; x_wconf 75' lang='lat' dir='ltr'><strong>iuventutis</strong></span> <span class='ocrx_word' id='word_1_321' title='bbox 1619 2446 1801 2493; x_wconf 86' lang='lat' dir='ltr'><strong>tumor</strong></span> 
     </span>
    </p>
   </div>
   <div class='ocr_carea' id='block_1_41' title="bbox 216 2528 1805 2600">
    <p class='ocr_par' dir='ltr' id='par_1_41' title="bbox 216 2528 1805 2600">
     <span class='ocr_line' id='line_1_41' title="bbox 216 2528 1805 2600; baseline -0.008 -6"><span class='ocrx_word' id='word_1_322' title='bbox 216 2552 287 2594; x_wconf 84' lang='lat' dir='ltr'><strong>ac</strong></span> <span class='ocrx_word' id='word_1_323' title='bbox 311 2535 492 2590; x_wconf 80' lang='lat' dir='ltr'><strong>fervor</strong></span> <span class='ocrx_word' id='word_1_324' title='bbox 528 2532 704 2588; x_wconf 70' lang='lat' dir='ltr'><strong>aetatis</strong></span> <span class='ocrx_word' id='word_1_325' title='bbox 730 2532 876 2586; x_wconf 91' lang='lat' dir='ltr'><strong>velut</strong></span> <span class='ocrx_word' id='word_1_326' title='bbox 896 2531 1063 2585; x_wconf 69' lang='lat' dir='ltr'><strong>fraauo</strong></span> <span class='ocrx_word' id='word_1_327' title='bbox 1098 2530 1347 2600; x_wconf 84' lang='lat' dir='ltr'><strong>restringi</strong></span> <span class='ocrx_word' id='word_1_328' title='bbox 1377 2539 1432 2584; x_wconf 92' lang='lat' dir='ltr'><strong>et</strong></span> <span class='ocrx_word' id='word_1_329' title='bbox 1458 2528 1675 2599; x_wconf 88' lang='lat' dir='ltr'><strong>reprimi</strong></span> <span class='ocrx_word' id='word_1_330' title='bbox 1708 2543 1805 2598; x_wconf 91' lang='lat' dir='ltr'><strong>per</strong></span> 
     </span>
    </p>
   </div>
   <div class='ocr_carea' id='block_1_42' title="bbox 216 2619 1805 2694">
    <p class='ocr_par' dir='ltr' id='par_1_42' title="bbox 216 2619 1805 2694">
     <span class='ocr_line' id='line_1_42' title="bbox 216 2619 1805 2694; baseline -0.007 -11"><span class='ocrx_word' id='word_1_331' title='bbox 216 2625 393 2683; x_wconf 84' lang='lat' dir='ltr'><strong>solam</strong></span> <span class='ocrx_word' id='word_1_332' title='bbox 440 2624 827 2684; x_wconf 88' lang='lat' dir='ltr'><strong>continentiam</strong></span> <span class='ocrx_word' id='word_1_333' title='bbox 866 2630 1067 2694; x_wconf 84' lang='lat' dir='ltr'><strong>potest.</strong></span> <span class='ocrx_word' id='word_1_334' title='bbox 1113 2621 1141 2664; x_wconf 72' lang='grc' dir='ltr'>δ</span> <span class='ocrx_word' id='word_1_335' title='bbox 1178 2620 1293 2676; x_wconf 84' lang='grc' dir='ltr'><strong>Νοιι</strong></span> <span class='ocrx_word' id='word_1_336' title='bbox 1324 2622 1468 2676; x_wconf 89' lang='lat' dir='ltr'><strong>enim</strong></span> <span class='ocrx_word' id='word_1_337' title='bbox 1512 2619 1805 2689; x_wconf 82' lang='lat' dir='ltr'><strong>expediunt</strong></span> 
     </span>
    </p>
   </div>
   <div class='ocr_carea' id='block_1_43' title="bbox 217 2709 1798 2781">
    <p class='ocr_par' dir='ltr' id='par_1_43' title="bbox 217 2709 1798 2781">
     <span class='ocr_line' id='line_1_43' title="bbox 217 2709 1798 2781; baseline -0.006 -9"><span class='ocrx_word' id='word_1_338' title='bbox 217 2716 392 2772; x_wconf 86' lang='lat' dir='ltr'><strong>stulto</strong></span> <span class='ocrx_word' id='word_1_339' title='bbox 434 2715 673 2779; x_wconf 80' lang='lat' dir='ltr'><strong>delicite,</strong></span> <span class='ocrx_word' id='word_1_340' title='bbox 717 2713 1011 2769; x_wconf 85' lang='lat' dir='ltr'><strong>secundum</strong></span> <span class='ocrx_word' id='word_1_341' title='bbox 1052 2711 1402 2770; x_wconf 86' lang='lat' dir='ltr'><strong>Salomonem</strong></span> <span class='ocrx_word' id='word_1_342' title='bbox 1445 2709 1628 2780; x_wconf 85' lang='lat' dir='ltr'><strong>(Prov.</strong></span> <span class='ocrx_word' id='word_1_343' title='bbox 1660 2709 1798 2781; x_wconf 72' lang='lat' dir='ltr'><strong>nx).</strong></span> 
     </span>
    </p>
   </div>
   <div class='ocr_carea' id='block_1_44' title="bbox 217 2798 1805 2874">
    <p class='ocr_par' dir='ltr' id='par_1_44' title="bbox 217 2798 1805 2874">
     <span class='ocr_line' id='line_1_44' title="bbox 217 2798 1805 2874; baseline -0.008 -10"><span class='ocrx_word' id='word_1_344' title='bbox 217 2806 293 2864; x_wconf 82' lang='lat' dir='ltr'><strong>Et</strong></span> <span class='ocrx_word' id='word_1_345' title='bbox 318 2823 332 2859; x_wconf 91' lang='lat'><strong>:</strong></span> <span class='ocrx_word' id='word_1_346' title='bbox 372 2800 560 2860; x_wconf 74' lang='lat' dir='ltr'><strong>carnis</strong></span> <span class='ocrx_word' id='word_1_347' title='bbox 599 2819 804 2868; x_wconf 85' lang='lat' dir='ltr'><strong>curam,</strong></span> <span class='ocrx_word' id='word_1_348' title='bbox 847 2802 1021 2871; x_wconf 87' lang='lat' dir='ltr'><strong>inquit</strong></span> <span class='ocrx_word' id='word_1_349' title='bbox 1052 2800 1374 2874; x_wconf 86' lang='lat' dir='ltr'><strong>Apostolus,</strong></span> <span class='ocrx_word' id='word_1_350' title='bbox 1403 2816 1465 2854; x_wconf 88' lang='lat' dir='ltr'><strong>ne</strong></span> <span class='ocrx_word' id='word_1_351' title='bbox 1494 2798 1719 2869; x_wconf 77' lang='lat' dir='ltr'><strong>feceritis</strong></span> <span class='ocrx_word' id='word_1_352' title='bbox 1749 2798 1805 2852; x_wconf 90' lang='lat' dir='ltr'><strong>in</strong></span> 
     </span>
    </p>
   </div>
   <div class='ocr_carea' id='block_1_45' title="bbox 217 2891 1804 2969">
    <p class='ocr_par' dir='ltr' id='par_1_45' title="bbox 217 2891 1804 2969">
     <span class='ocr_line' id='line_1_45' title="bbox 217 2891 1804 2969; baseline -0.008 -12"><span class='ocrx_word' id='word_1_353' title='bbox 217 2897 651 2969; x_wconf 80' lang='lat' dir='ltr'><strong>concupiscentiis</strong></span> <span class='ocrx_word' id='word_1_354' title='bbox 679 2894 852 2967; x_wconf 87' lang='lat' dir='ltr'><strong>(Rom.</strong></span> <span class='ocrx_word' id='word_1_355' title='bbox 878 2892 1020 2964; x_wconf 83' lang='lat' dir='ltr'><strong>xm).</strong></span> <span class='ocrx_word' id='word_1_356' title='bbox 1046 2894 1114 2947; x_wconf 88' lang='lat' dir='ltr'><strong>Et</strong></span> <span class='ocrx_word' id='word_1_357' title='bbox 1142 2893 1336 2948; x_wconf 88' lang='lat' dir='ltr'><strong>iterum</strong></span> <span class='ocrx_word' id='word_1_358' title='bbox 1364 2910 1376 2945; x_wconf 92' lang='lat'><strong>:</strong></span> <span class='ocrx_word' id='word_1_359' title='bbox 1404 2902 1426 2930; x_wconf 80' lang='grc' dir='ltr'><strong>ο</strong></span> <span class='ocrx_word' id='word_1_360' title='bbox 1468 2891 1658 2953; x_wconf 77' lang='lat' dir='ltr'><strong>Vidua,</strong></span> <span class='ocrx_word' id='word_1_361' title='bbox 1686 2906 1804 2956; x_wconf 72' lang='lat' dir='ltr'><strong>qua:</strong></span> 
     </span>
    </p>
   </div>
   <div class='ocr_carea' id='block_1_46' title="bbox 182 2981 1807 3056">
    <p class='ocr_par' dir='ltr' id='par_1_46' title="bbox 182 2981 1807 3056">
     <span class='ocr_line' id='line_1_46' title="bbox 182 2981 1807 3056; baseline -0.004 -12"><span class='ocrx_word' id='word_1_362' title='bbox 182 2990 280 3045; x_wconf 74' lang='grc' dir='ltr'><strong>ἐνι</strong></span> <span class='ocrx_word' id='word_1_363' title='bbox 309 2989 509 3045; x_wconf 81' lang='lat' dir='ltr'><strong>deliciis</strong></span> <span class='ocrx_word' id='word_1_364' title='bbox 545 2988 686 3051; x_wconf 84' lang='lat' dir='ltr'><strong>vivit,</strong></span> <span class='ocrx_word' id='word_1_365' title='bbox 748 2996 955 3040; x_wconf 84' lang='lat' dir='ltr'><strong>mortua</strong></span> <span class='ocrx_word' id='word_1_366' title='bbox 991 2993 1066 3039; x_wconf 87' lang='lat' dir='ltr'><strong>est</strong></span> <span class='ocrx_word' id='word_1_367' title='bbox 1098 2983 1149 3056; x_wconf 91' lang='lat' dir='ltr'><strong>(I</strong></span> <span class='ocrx_word' id='word_1_368' title='bbox 1185 2983 1323 3037; x_wconf 88' lang='lat' dir='ltr'><strong>Tim.</strong></span> <span class='ocrx_word' id='word_1_369' title='bbox 1355 2982 1430 3054; x_wconf 93' lang='lat' dir='ltr'><strong>v).</strong></span> <span class='ocrx_word' id='word_1_370' title='bbox 1474 2981 1583 3037; x_wconf 86' lang='lat' dir='ltr'><strong>Sed</strong></span> <span class='ocrx_word' id='word_1_371' title='bbox 1626 2996 1807 3037; x_wconf 78' lang='lat' dir='ltr'><strong>exem-</strong></span> 
     </span>
    </p>
   </div>
   <div class='ocr_carea' id='block_1_47' title="bbox 1899 1899 3487 1969">
    <p class='ocr_par' dir='ltr' id='par_1_47' title="bbox 1899 1899 3487 1969">
     <span class='ocr_line' id='line_1_47' title="bbox 1899 1899 3487 1969; baseline 0.002 -15"><span class='ocrx_word' id='word_1_372' title='bbox 1899 1899 2250 1957; x_wconf 78' lang='lat' dir='ltr'><strong>continentiae</strong></span> <span class='ocrx_word' id='word_1_373' title='bbox 2277 1899 2448 1956; x_wconf 82' lang='lat' dir='ltr'><strong>virtus</strong></span> <span class='ocrx_word' id='word_1_374' title='bbox 2476 1899 2808 1969; x_wconf 80' lang='lat' dir='ltr'><strong>agnoscitur,</strong></span> <span class='ocrx_word' id='word_1_375' title='bbox 2850 1901 2944 1955; x_wconf 92' lang='lat' dir='ltr'><strong>sed</strong></span> <span class='ocrx_word' id='word_1_376' title='bbox 2972 1916 3096 1957; x_wconf 86' lang='lat' dir='ltr'><strong>cum</strong></span> <span class='ocrx_word' id='word_1_377' title='bbox 3126 1903 3194 1955; x_wconf 89' lang='lat' dir='ltr'><strong>ab</strong></span> <span class='ocrx_word' id='word_1_378' title='bbox 3216 1903 3487 1967; x_wconf 81' lang='lat' dir='ltr'><strong>omnibus,</strong></span> 
     </span>
    </p>
   </div>
   <div class='ocr_carea' id='block_1_48' title="bbox 1901 1988 3493 2059">
    <p class='ocr_par' dir='ltr' id='par_1_48' title="bbox 1901 1988 3493 2059">
     <span class='ocr_line' id='line_1_48' title="bbox 1901 1988 3493 2059; baseline 0.002 -16"><span class='ocrx_word' id='word_1_379' title='bbox 1901 1990 1953 2043; x_wconf 86' lang='lat' dir='ltr'><strong>in</strong></span> <span class='ocrx_word' id='word_1_380' title='bbox 1994 1989 2191 2059; x_wconf 87' lang='lat' dir='ltr'><strong>quibus</strong></span> <span class='ocrx_word' id='word_1_381' title='bbox 2218 2001 2241 2028; x_wconf 77' lang='grc' dir='ltr'><strong>ε</strong></span> <span class='ocrx_word' id='word_1_382' title='bbox 2268 1989 2604 2044; x_wconf 87' lang='lat' dir='ltr'><strong>delectamur</strong></span> <span class='ocrx_word' id='word_1_383' title='bbox 2636 1988 2875 2058; x_wconf 89' lang='lat' dir='ltr'><strong>quidem,</strong></span> <span class='ocrx_word' id='word_1_384' title='bbox 2915 1991 3011 2046; x_wconf 89' lang='lat' dir='ltr'><strong>sed</strong></span> <span class='ocrx_word' id='word_1_385' title='bbox 3042 1992 3095 2045; x_wconf 89' lang='lat' dir='ltr'><strong>in</strong></span> <span class='ocrx_word' id='word_1_386' title='bbox 3125 1992 3307 2045; x_wconf 88' lang='lat' dir='ltr'><strong>anima</strong></span> <span class='ocrx_word' id='word_1_387' title='bbox 3344 1993 3493 2046; x_wconf 77' lang='lat' dir='ltr'><strong>laedi-</strong></span> 
     </span>
    </p>
   </div>
   <div class='ocr_carea' id='block_1_49' title="bbox 1900 2078 3486 2157">
    <p class='ocr_par' dir='ltr' id='par_1_49' title="bbox 1900 2078 3486 2157">
     <span class='ocr_line' id='line_1_49' title="bbox 1900 2078 3486 2157; baseline 0.002 -20"><span class='ocrx_word' id='word_1_388' title='bbox 1900 2099 2042 2146; x_wconf 88' lang='lat' dir='ltr'><strong>mur,</strong></span> <span class='ocrx_word' id='word_1_389' title='bbox 2081 2084 2438 2139; x_wconf 74' lang='lat' dir='ltr'><strong>abstinemus.</strong></span> <span class='ocrx_word' id='word_1_390' title='bbox 2474 2083 2646 2138; x_wconf 76' lang='lat' dir='ltr'><strong>Verus</strong></span> <span class='ocrx_word' id='word_1_391' title='bbox 2667 2097 2798 2152; x_wconf 79' lang='lat' dir='ltr'><strong>ergo</strong></span> <span class='ocrx_word' id='word_1_392' title='bbox 2822 2083 3110 2141; x_wconf 88' lang='lat' dir='ltr'><strong>continens</strong></span> <span class='ocrx_word' id='word_1_393' title='bbox 3132 2078 3233 2141; x_wconf 81' lang='lat' dir='ltr'><strong>nec</strong></span> <span class='ocrx_word' id='word_1_394' title='bbox 3261 2086 3486 2157; x_wconf 80' lang='lat' dir='ltr'><strong>gloriam</strong></span> 
     </span>
    </p>
   </div>
   <div class='ocr_carea' id='block_1_50' title="bbox 1900 2172 3491 2242">
    <p class='ocr_par' dir='ltr' id='par_1_50' title="bbox 1900 2172 3491 2242">
     <span class='ocr_line' id='line_1_50' title="bbox 1900 2172 3491 2242; baseline 0.003 -16"><span class='ocrx_word' id='word_1_395' title='bbox 1900 2174 2195 2227; x_wconf 84' lang='lat' dir='ltr'><strong>humanam</strong></span> <span class='ocrx_word' id='word_1_396' title='bbox 2236 2172 2531 2237; x_wconf 88' lang='lat' dir='ltr'><strong>desiderat,</strong></span> <span class='ocrx_word' id='word_1_397' title='bbox 2570 2172 2663 2227; x_wconf 88' lang='lat' dir='ltr'><strong>sed</strong></span> <span class='ocrx_word' id='word_1_398' title='bbox 2685 2188 2716 2226; x_wconf 89' lang='lat' dir='ltr'><strong>a</strong></span> <span class='ocrx_word' id='word_1_399' title='bbox 2744 2173 2894 2228; x_wconf 86' lang='lat' dir='ltr'><strong>vitiis</strong></span> <span class='ocrx_word' id='word_1_400' title='bbox 2930 2188 2988 2228; x_wconf 91' lang='lat' dir='ltr'><strong>se</strong></span> <span class='ocrx_word' id='word_1_401' title='bbox 3027 2176 3295 2242; x_wconf 89' lang='lat' dir='ltr'><strong>continet,</strong></span> <span class='ocrx_word' id='word_1_402' title='bbox 3328 2184 3381 2231; x_wconf 92' lang='lat' dir='ltr'><strong>et</strong></span> <span class='ocrx_word' id='word_1_403' title='bbox 3422 2177 3491 2230; x_wconf 90' lang='lat' dir='ltr'><strong>ab</strong></span> 
     </span>
    </p>
   </div>
   <div class='ocr_carea' id='block_1_51' title="bbox 1901 2265 3490 2338">
    <p class='ocr_par' dir='ltr' id='par_1_51' title="bbox 1901 2265 3490 2338">
     <span class='ocr_line' id='line_1_51' title="bbox 1901 2265 3490 2338; baseline 0.003 -19"><span class='ocrx_word' id='word_1_404' title='bbox 1901 2266 2005 2331; x_wconf 91' lang='lat' dir='ltr'><strong>ira,</strong></span> <span class='ocrx_word' id='word_1_405' title='bbox 2030 2273 2086 2320; x_wconf 89' lang='lat' dir='ltr'><strong>et</strong></span> <span class='ocrx_word' id='word_1_406' title='bbox 2115 2281 2145 2318; x_wconf 89' lang='lat' dir='ltr'><strong>a</strong></span> <span class='ocrx_word' id='word_1_407' title='bbox 2171 2265 2420 2330; x_wconf 84' lang='lat' dir='ltr'><strong>tristitia,</strong></span> <span class='ocrx_word' id='word_1_408' title='bbox 2449 2272 2506 2320; x_wconf 89' lang='lat' dir='ltr'><strong>et</strong></span> <span class='ocrx_word' id='word_1_409' title='bbox 2532 2265 2789 2320; x_wconf 89' lang='lat' dir='ltr'><strong>omnibus</strong></span> <span class='ocrx_word' id='word_1_410' title='bbox 2822 2280 2942 2334; x_wconf 84' lang='lat' dir='ltr'><strong>quae</strong></span> <span class='ocrx_word' id='word_1_411' title='bbox 2972 2275 3265 2338; x_wconf 88' lang='lat' dir='ltr'><strong>occupatas</strong></span> <span class='ocrx_word' id='word_1_412' title='bbox 3304 2277 3490 2324; x_wconf 89' lang='lat' dir='ltr'><strong>tenere</strong></span> 
     </span>
    </p>
   </div>
   <div class='ocr_carea' id='block_1_52' title="bbox 1900 2357 3492 2416">
    <p class='ocr_par' dir='ltr' id='par_1_52' title="bbox 1900 2357 3492 2416">
     <span class='ocr_line' id='line_1_52' title="bbox 1900 2357 3492 2416; baseline 0.003 -4"><span class='ocrx_word' id='word_1_413' title='bbox 1900 2368 2301 2413; x_wconf 82' lang='lat' dir='ltr'><strong>consueverunt</strong></span> <span class='ocrx_word' id='word_1_414' title='bbox 2344 2357 2644 2412; x_wconf 90' lang='lat' dir='ltr'><strong>ineruditas</strong></span> <span class='ocrx_word' id='word_1_415' title='bbox 2682 2358 2893 2413; x_wconf 87' lang='lat' dir='ltr'><strong>animas</strong></span> <span class='ocrx_word' id='word_1_416' title='bbox 2939 2366 2993 2413; x_wconf 92' lang='lat' dir='ltr'><strong>et</strong></span> <span class='ocrx_word' id='word_1_417' title='bbox 3028 2359 3295 2416; x_wconf 87' lang='lat' dir='ltr'><strong>incautas.</strong></span> <span class='ocrx_word' id='word_1_418' title='bbox 3343 2360 3492 2416; x_wconf 78' lang='lat' dir='ltr'><strong>Pone</strong></span> 
     </span>
    </p>
   </div>
   <div class='ocr_carea' id='block_1_53' title="bbox 1901 2450 3493 2523">
    <p class='ocr_par' dir='ltr' id='par_1_53' title="bbox 1901 2450 3493 2523">
     <span class='ocr_line' id='line_1_53' title="bbox 1901 2450 3493 2523; baseline 0 -18"><span class='ocrx_word' id='word_1_419' title='bbox 1901 2459 2081 2505; x_wconf 86' lang='lat' dir='ltr'><strong>autem</strong></span> <span class='ocrx_word' id='word_1_420' title='bbox 2105 2450 2159 2505; x_wconf 90' lang='lat' dir='ltr'><strong>in</strong></span> <span class='ocrx_word' id='word_1_421' title='bbox 2181 2451 2433 2505; x_wconf 90' lang='lat' dir='ltr'><strong>omnibus</strong></span> <span class='ocrx_word' id='word_1_422' title='bbox 2454 2450 2726 2505; x_wconf 87' lang='lat' dir='ltr'><strong>mandatis</strong></span> <span class='ocrx_word' id='word_1_423' title='bbox 2736 2450 2830 2504; x_wconf 92' lang='lat' dir='ltr'><strong>Dei</strong></span> <span class='ocrx_word' id='word_1_424' title='bbox 2848 2450 2950 2505; x_wconf 83' lang='lat' dir='ltr'><strong>hoc</strong></span> <span class='ocrx_word' id='word_1_425' title='bbox 2977 2451 3330 2517; x_wconf 81' lang='lat' dir='ltr'><strong>inveniemus,</strong></span> <span class='ocrx_word' id='word_1_426' title='bbox 3349 2454 3493 2523; x_wconf 83' lang='lat' dir='ltr'><strong>quod</strong></span> 
     </span>
    </p>
   </div>
   <div class='ocr_carea' id='block_1_54' title="bbox 1900 2539 3494 2610">
    <p class='ocr_par' dir='ltr' id='par_1_54' title="bbox 1900 2539 3494 2610">
     <span class='ocr_line' id='line_1_54' title="bbox 1900 2539 3494 2610; baseline 0.001 -15"><span class='ocrx_word' id='word_1_427' title='bbox 1900 2556 2068 2595; x_wconf 92' lang='lat' dir='ltr'><strong>unum</strong></span> <span class='ocrx_word' id='word_1_428' title='bbox 2110 2539 2266 2595; x_wconf 84' lang='lat' dir='ltr'><strong>alteri</strong></span> <span class='ocrx_word' id='word_1_429' title='bbox 2313 2540 2587 2604; x_wconf 75' lang='lat' dir='ltr'><strong>conteret,</strong></span> <span class='ocrx_word' id='word_1_430' title='bbox 2628 2548 2683 2593; x_wconf 91' lang='lat' dir='ltr'><strong>et</strong></span> <span class='ocrx_word' id='word_1_431' title='bbox 2729 2549 3041 2610; x_wconf 88' lang='lat' dir='ltr'><strong>separatum</strong></span> <span class='ocrx_word' id='word_1_432' title='bbox 3086 2542 3230 2597; x_wconf 87' lang='lat' dir='ltr'><strong>aliud</strong></span> <span class='ocrx_word' id='word_1_433' title='bbox 3277 2543 3345 2598; x_wconf 89' lang='lat' dir='ltr'><strong>ab</strong></span> <span class='ocrx_word' id='word_1_434' title='bbox 3385 2544 3494 2597; x_wconf 91' lang='lat' dir='ltr'><strong>alio</strong></span> 
     </span>
    </p>
   </div>
   <div class='ocr_carea' id='block_1_55' title="bbox 1903 2633 3492 2706">
    <p class='ocr_par' dir='ltr' id='par_1_55' title="bbox 1903 2633 3492 2706">
     <span class='ocr_line' id='line_1_55' title="bbox 1903 2633 3492 2706; baseline 0 -15"><span class='ocrx_word' id='word_1_435' title='bbox 1903 2634 2159 2706; x_wconf 87' lang='lat' dir='ltr'><strong>compleri</strong></span> <span class='ocrx_word' id='word_1_436' title='bbox 2189 2634 2521 2704; x_wconf 88' lang='lat' dir='ltr'><strong>impossibile</strong></span> <span class='ocrx_word' id='word_1_437' title='bbox 2554 2641 2659 2688; x_wconf 89' lang='lat' dir='ltr'><strong>est.</strong></span> <span class='ocrx_word' id='word_1_438' title='bbox 2705 2633 2761 2688; x_wconf 72' lang='grc' dir='ltr'><strong>ιιι</strong></span> <span class='ocrx_word' id='word_1_439' title='bbox 2791 2641 2968 2689; x_wconf 77' lang='lat' dir='ltr'><strong>tamen</strong></span> <span class='ocrx_word' id='word_1_440' title='bbox 3004 2635 3274 2705; x_wconf 66' lang='lat' dir='ltr'><strong>praecipue</strong></span> <span class='ocrx_word' id='word_1_441' title='bbox 3288 2638 3356 2696; x_wconf 88' lang='lat' dir='ltr'><strong>.in</strong></span> <span class='ocrx_word' id='word_1_442' title='bbox 3388 2637 3492 2691; x_wconf 85' lang='lat' dir='ltr'><strong>hac</strong></span> 
     </span>
    </p>
   </div>
   <div class='ocr_carea' id='block_1_56' title="bbox 1904 2722 3492 2795">
    <p class='ocr_par' dir='ltr' id='par_1_56' title="bbox 1904 2722 3492 2795">
     <span class='ocr_line' id='line_1_56' title="bbox 1904 2722 3492 2795; baseline -0.001 -15"><span class='ocrx_word' id='word_1_443' title='bbox 1904 2724 2018 2795; x_wconf 86' lang='lat' dir='ltr'><strong>ipsa</strong></span> <span class='ocrx_word' id='word_1_444' title='bbox 2043 2723 2376 2780; x_wconf 87' lang='lat' dir='ltr'><strong>continentia</strong></span> <span class='ocrx_word' id='word_1_445' title='bbox 2406 2722 2848 2792; x_wconf 85' lang='lat' dir='ltr'><strong>deprehenditur,</strong></span> <span class='ocrx_word' id='word_1_446' title='bbox 2877 2722 3131 2793; x_wconf 87' lang='lat' dir='ltr'><strong>quoniam</strong></span> <span class='ocrx_word' id='word_1_447' title='bbox 3155 2725 3372 2794; x_wconf 89' lang='lat' dir='ltr'><strong>quidem</strong></span> <span class='ocrx_word' id='word_1_448' title='bbox 3394 2725 3492 2779; x_wconf 90' lang='lat' dir='ltr'><strong>hu-</strong></span> 
     </span>
    </p>
   </div>
   <div class='ocr_carea' id='block_1_57' title="bbox 1904 2812 3496 2888">
    <p class='ocr_par' dir='ltr' id='par_1_57' title="bbox 1904 2812 3496 2888">
     <span class='ocr_line' id='line_1_57' title="bbox 1904 2812 3496 2888; baseline -0.002 -16"><span class='ocrx_word' id='word_1_449' title='bbox 1904 2817 2046 2872; x_wconf 90' lang='lat' dir='ltr'><strong>milis</strong></span> <span class='ocrx_word' id='word_1_450' title='bbox 2086 2817 2174 2871; x_wconf 90' lang='lat' dir='ltr'><strong>ille</strong></span> <span class='ocrx_word' id='word_1_451' title='bbox 2210 2816 2650 2888; x_wconf 85' lang='lat' dir='ltr'><strong>deprehenditur,</strong></span> <span class='ocrx_word' id='word_1_452' title='bbox 2695 2815 2779 2870; x_wconf 90' lang='lat' dir='ltr'><strong>vel</strong></span> <span class='ocrx_word' id='word_1_453' title='bbox 2809 2812 3109 2884; x_wconf 75' lang='lat' dir='ltr'><strong>iudicatur,</strong></span> <span class='ocrx_word' id='word_1_454' title='bbox 3137 2815 3228 2885; x_wconf 90' lang='lat' dir='ltr'><strong>qui</strong></span> <span class='ocrx_word' id='word_1_455' title='bbox 3265 2830 3324 2870; x_wconf 88' lang='lat' dir='ltr'><strong>se</strong></span> <span class='ocrx_word' id='word_1_456' title='bbox 3347 2830 3375 2869; x_wconf 91' lang='lat' dir='ltr'><strong>a</strong></span> <span class='ocrx_word' id='word_1_457' title='bbox 3404 2831 3496 2870; x_wconf 88' lang='lat' dir='ltr'><strong>su-</strong></span> 
     </span>
    </p>
   </div>
   <div class='ocr_carea' id='block_1_58' title="bbox 1903 2905 3497 2981">
    <p class='ocr_par' dir='ltr' id='par_1_58' title="bbox 1903 2905 3497 2981">
     <span class='ocr_line' id='line_1_58' title="bbox 1903 2905 3497 2981; baseline 0 -19"><span class='ocrx_word' id='word_1_458' title='bbox 1903 2908 2092 2981; x_wconf 88' lang='lat' dir='ltr'><strong>perbia</strong></span> <span class='ocrx_word' id='word_1_459' title='bbox 2129 2908 2411 2972; x_wconf 84' lang='lat' dir='ltr'><strong>continet;</strong></span> <span class='ocrx_word' id='word_1_460' title='bbox 2447 2915 2503 2963; x_wconf 90' lang='lat' dir='ltr'><strong>et</strong></span> <span class='ocrx_word' id='word_1_461' title='bbox 2542 2907 2631 2962; x_wconf 89' lang='lat' dir='ltr'><strong>ille</strong></span> <span class='ocrx_word' id='word_1_462' title='bbox 2669 2906 2943 2962; x_wconf 85' lang='lat' dir='ltr'><strong>renuntiat</strong></span> <span class='ocrx_word' id='word_1_463' title='bbox 2977 2906 3230 2961; x_wconf 90' lang='lat' dir='ltr'><strong>omnibus</strong></span> <span class='ocrx_word' id='word_1_464' title='bbox 3267 2905 3497 2962; x_wconf 87' lang='lat' dir='ltr'><strong>faculta-</strong></span> 
     </span>
    </p>
   </div>
   <div class='ocr_carea' id='block_1_59' title="bbox 1904 2999 3493 3070">
    <p class='ocr_par' dir='ltr' id='par_1_59' title="bbox 1904 2999 3493 3070">
     <span class='ocr_line' id='line_1_59' title="bbox 1904 2999 3493 3070; baseline -0.001 -16"><span class='ocrx_word' id='word_1_465' title='bbox 1904 3000 2049 3056; x_wconf 88' lang='lat' dir='ltr'><strong>tibus</strong></span> <span class='ocrx_word' id='word_1_466' title='bbox 2090 3001 2222 3064; x_wconf 87' lang='lat' dir='ltr'><strong>suis,</strong></span> <span class='ocrx_word' id='word_1_467' title='bbox 2271 3007 2326 3053; x_wconf 84' lang='lat' dir='ltr'><strong>et</strong></span> <span class='ocrx_word' id='word_1_468' title='bbox 2364 3000 2660 3055; x_wconf 87' lang='lat' dir='ltr'><strong>secundum</strong></span> <span class='ocrx_word' id='word_1_469' title='bbox 2691 2999 3043 3070; x_wconf 81' lang='lat' dir='ltr'><strong>Evangelium</strong></span> <span class='ocrx_word' id='word_1_470' title='bbox 3082 2999 3269 3053; x_wconf 85' lang='lat' dir='ltr'><strong>vendit</strong></span> <span class='ocrx_word' id='word_1_471' title='bbox 3307 3000 3493 3055; x_wconf 81' lang='lat' dir='ltr'><strong>omnia</strong></span> 
     </span>
    </p>
   </div>
   <div class='ocr_carea' id='block_1_60' title="bbox 215 3073 3501 3188">
    <p class='ocr_par' dir='ltr' id='par_1_60' title="bbox 215 3073 3501 3188">
     <span class='ocr_line' id='line_1_60' title="bbox 215 3073 3501 3188; baseline -0.003 -33"><span class='ocrx_word' id='word_1_472' title='bbox 215 3082 373 3188; x_wconf 61' lang='grc' dir='ltr'><strong>Ρῖιξῑξι</strong></span> <span class='ocrx_word' id='word_1_473' title='bbox 408 3081 538 3138; x_wconf 70' lang='lat' dir='ltr'><strong>illud</strong></span> <span class='ocrx_word' id='word_1_474' title='bbox 583 3080 766 3188; x_wconf 53' lang='lat' dir='ltr'><strong>divitis</strong></span> <span class='ocrx_word' id='word_1_475' title='bbox 815 3078 868 3133; x_wconf 87' lang='lat' dir='ltr'><strong>in</strong></span> <span class='ocrx_word' id='word_1_476' title='bbox 898 3076 1106 3179; x_wconf 75' lang='lat' dir='ltr'><strong>deliciis</strong></span> <span class='ocrx_word' id='word_1_477' title='bbox 1137 3074 1392 3188; x_wconf 45' lang='lat' dir='ltr'><strong>‘viventis</strong></span> <span class='ocrx_word' id='word_1_478' title='bbox 1438 3073 1802 3188; x_wconf 50' lang='grc' dir='ltr'><strong>ἷιειξθδεξξτίειω</strong></span> <span class='ocrx_word' id='word_1_479' title='bbox 1832 3126 1876 3188; x_wconf 74' lang='lat' dir='ltr'><strong>C</strong></span> <span class='ocrx_word' id='word_1_480' title='bbox 1909 3107 2034 3157; x_wconf 91' lang='lat' dir='ltr'><strong>sua,</strong></span> <span class='ocrx_word' id='word_1_481' title='bbox 2077 3099 2133 3146; x_wconf 91' lang='lat' dir='ltr'><strong>et</strong></span> <span class='ocrx_word' id='word_1_482' title='bbox 2161 3090 2372 3156; x_wconf 85' lang='lat' dir='ltr'><strong>dividit,</strong></span> <span class='ocrx_word' id='word_1_483' title='bbox 2399 3090 2491 3160; x_wconf 88' lang='lat' dir='ltr'><strong>qui</strong></span> <span class='ocrx_word' id='word_1_484' title='bbox 2513 3090 2629 3145; x_wconf 89' lang='lat' dir='ltr'><strong>sine</strong></span> <span class='ocrx_word' id='word_1_485' title='bbox 2658 3089 2823 3144; x_wconf 91' lang='lat' dir='ltr'><strong>dubio</strong></span> <span class='ocrx_word' id='word_1_486' title='bbox 2862 3088 3103 3143; x_wconf 86' lang='lat' dir='ltr'><strong>continet</strong></span> <span class='ocrx_word' id='word_1_487' title='bbox 3125 3102 3186 3143; x_wconf 90' lang='lat' dir='ltr'><strong>se</strong></span> <span class='ocrx_word' id='word_1_488' title='bbox 3210 3103 3241 3142; x_wconf 91' lang='lat' dir='ltr'><strong>a</strong></span> <span class='ocrx_word' id='word_1_489' title='bbox 3270 3088 3501 3159; x_wconf 81' lang='lat' dir='ltr'><strong>pecunia</strong></span> 
     </span>
    </p>
   </div>
   <div class='ocr_carea' id='block_1_61' title="bbox 218 3164 1807 3249">
    <p class='ocr_par' dir='ltr' id='par_1_61' title="bbox 218 3164 1807 3232">
     <span class='ocr_line' id='line_1_61' title="bbox 218 3164 1807 3232; baseline -0.008 -1"><span class='ocrx_word' id='word_1_490' title='bbox 218 3174 385 3232; x_wconf 82' lang='lat' dir='ltr'><strong>nobis</strong></span> <span class='ocrx_word' id='word_1_491' title='bbox 435 3171 673 3227; x_wconf 85' lang='lat' dir='ltr'><strong>ostendit</strong></span> <span class='ocrx_word' id='word_1_492' title='bbox 725 3183 846 3225; x_wconf 85' lang='lat' dir='ltr'><strong>esse</strong></span> <span class='ocrx_word' id='word_1_493' title='bbox 879 3167 1293 3232; x_wconf 88' lang='lat' dir='ltr'><strong>continentiam,</strong></span> <span class='ocrx_word' id='word_1_494' title='bbox 1334 3181 1400 3221; x_wconf 87' lang='lat' dir='ltr'><strong>ne</strong></span> <span class='ocrx_word' id='word_1_495' title='bbox 1440 3164 1578 3221; x_wconf 77' lang='lat' dir='ltr'><strong>forte</strong></span> <span class='ocrx_word' id='word_1_496' title='bbox 1617 3173 1669 3219; x_wconf 85' lang='lat' dir='ltr'><strong>et</strong></span> <span class='ocrx_word' id='word_1_497' title='bbox 1707 3179 1807 3219; x_wconf 79' lang='lat' dir='ltr'><strong>nos</strong></span> 
     </span>
    </p>
   </div>
   <div class='ocr_carea' id='block_1_62' title="bbox 1908 3164 3498 3249">
    <p class='ocr_par' dir='ltr' id='par_1_62' title="bbox 1909 3178 3498 3249">
     <span class='ocr_line' id='line_1_62' title="bbox 1909 3178 3498 3249; baseline -0.001 -12"><span class='ocrx_word' id='word_1_498' title='bbox 1909 3190 1965 3237; x_wconf 92' lang='lat' dir='ltr'><strong>et</strong></span> <span class='ocrx_word' id='word_1_499' title='bbox 2001 3181 2289 3237; x_wconf 89' lang='lat' dir='ltr'><strong>desiderio.</strong></span> <span class='ocrx_word' id='word_1_500' title='bbox 2327 3180 2436 3235; x_wconf 90' lang='lat' dir='ltr'><strong>Sed</strong></span> <span class='ocrx_word' id='word_1_501' title='bbox 2478 3187 2533 3235; x_wconf 88' lang='lat' dir='ltr'><strong>et</strong></span> <span class='ocrx_word' id='word_1_502' title='bbox 2571 3186 2890 3235; x_wconf 87' lang='lat' dir='ltr'><strong>mansuetus</strong></span> <span class='ocrx_word' id='word_1_503' title='bbox 2931 3178 3020 3233; x_wconf 91' lang='lat' dir='ltr'><strong>illc</strong></span> <span class='ocrx_word' id='word_1_504' title='bbox 3065 3178 3174 3234; x_wconf 88' lang='lat' dir='ltr'><strong>erit</strong></span> <span class='ocrx_word' id='word_1_505' title='bbox 3237 3179 3329 3249; x_wconf 87' lang='lat' dir='ltr'><strong>qui</strong></span> <span class='ocrx_word' id='word_1_506' title='bbox 3359 3180 3498 3236; x_wconf 85' lang='lat' dir='ltr'><strong>iram</strong></span> 
     </span>
    </p>
   </div>
   <div class='ocr_carea' id='block_1_63' title="bbox 218 3255 3502 3341">
    <p class='ocr_par' dir='ltr' id='par_1_63' title="bbox 218 3255 3502 3341">
     <span class='ocr_line' id='line_1_63' title="bbox 218 3255 3502 3341; baseline 0.002 -25"><span class='ocrx_word' id='word_1_507' title='bbox 218 3262 512 3318; x_wconf 85' lang='lat' dir='ltr'><strong>audiamus</strong></span> <span class='ocrx_word' id='word_1_508' title='bbox 547 3261 690 3331; x_wconf 91' lang='lat' dir='ltr'><strong>quod</strong></span> <span class='ocrx_word' id='word_1_509' title='bbox 721 3259 927 3314; x_wconf 89' lang='lat' dir='ltr'><strong>audivit</strong></span> <span class='ocrx_word' id='word_1_510' title='bbox 951 3265 1006 3313; x_wconf 91' lang='lat' dir='ltr'><strong>et</strong></span> <span class='ocrx_word' id='word_1_511' title='bbox 1030 3257 1180 3312; x_wconf 90' lang='lat' dir='ltr'><strong>dives</strong></span> <span class='ocrx_word' id='word_1_512' title='bbox 1211 3274 1224 3309; x_wconf 88' lang='lat'><strong>:</strong></span> <span class='ocrx_word' id='word_1_513' title='bbox 1258 3255 1397 3322; x_wconf 83' lang='lat' dir='ltr'><strong>Quia</strong></span> <span class='ocrx_word' id='word_1_514' title='bbox 1428 3266 1734 3310; x_wconf 84' lang='lat' dir='ltr'><strong>consecutus</strong></span> <span class='ocrx_word' id='word_1_515' title='bbox 1755 3271 1808 3309; x_wconf 88' lang='lat' dir='ltr'><strong>es</strong></span> <span class='ocrx_word' id='word_1_516' title='bbox 1909 3272 2152 3327; x_wconf 68' lang='grc' dir='ltr'><strong>εοηιίηει</strong></span> <span class='ocrx_word' id='word_1_517' title='bbox 2193 3280 2250 3326; x_wconf 73' lang='grc' dir='ltr'><strong>ει</strong></span> <span class='ocrx_word' id='word_1_518' title='bbox 2285 3270 2505 3327; x_wconf 72' lang='lat' dir='ltr'><strong>cohibet</strong></span> <span class='ocrx_word' id='word_1_519' title='bbox 2540 3269 2798 3326; x_wconf 80' lang='lat' dir='ltr'><strong>furorem.</strong></span> <span class='ocrx_word' id='word_1_520' title='bbox 2840 3270 2977 3338; x_wconf 83' lang='lat' dir='ltr'><strong>Quid</strong></span> <span class='ocrx_word' id='word_1_521' title='bbox 3017 3285 3147 3327; x_wconf 88' lang='lat' dir='ltr'><strong>vero</strong></span> <span class='ocrx_word' id='word_1_522' title='bbox 3180 3270 3293 3341; x_wconf 86' lang='lat' dir='ltr'><strong>jam</strong></span> <span class='ocrx_word' id='word_1_523' title='bbox 3331 3287 3502 3341; x_wconf 79' lang='lat' dir='ltr'><strong>vagos</strong></span> 
     </span>
    </p>
   </div>
   <div class='ocr_carea' id='block_1_64' title="bbox 216 3347 1811 3422">
    <p class='ocr_par' dir='ltr' id='par_1_64' title="bbox 216 3347 1811 3422">
     <span class='ocr_line' id='line_1_64' title="bbox 216 3347 1811 3422; baseline -0.006 -13"><span class='ocrx_word' id='word_1_524' title='bbox 216 3354 361 3411; x_wconf 84' lang='lat' dir='ltr'><strong>bona</strong></span> <span class='ocrx_word' id='word_1_525' title='bbox 391 3353 446 3407; x_wconf 89' lang='lat' dir='ltr'><strong>in</strong></span> <span class='ocrx_word' id='word_1_526' title='bbox 485 3352 586 3406; x_wconf 77' lang='lat' dir='ltr'><strong>vita</strong></span> <span class='ocrx_word' id='word_1_527' title='bbox 624 3361 715 3405; x_wconf 90' lang='lat' dir='ltr'><strong>tua</strong></span> <span class='ocrx_word' id='word_1_528' title='bbox 742 3348 891 3422; x_wconf 87' lang='lat' dir='ltr'><strong>(Luc.</strong></span> <span class='ocrx_word' id='word_1_529' title='bbox 917 3348 1049 3420; x_wconf 80' lang='lat' dir='ltr'><strong>xv1).</strong></span> <span class='ocrx_word' id='word_1_530' title='bbox 1081 3347 1361 3415; x_wconf 84' lang='lat' dir='ltr'><strong>Quomodo</strong></span> <span class='ocrx_word' id='word_1_531' title='bbox 1400 3354 1582 3402; x_wconf 83' lang='lat' dir='ltr'><strong>autem</strong></span> <span class='ocrx_word' id='word_1_532' title='bbox 1625 3347 1811 3401; x_wconf 86' lang='lat' dir='ltr'><strong>incon-</strong></span> 
     </span>
    </p>
   </div>
   <div class='ocr_carea' id='block_1_65' title="bbox 215 3438 1809 3513">
    <p class='ocr_par' dir='ltr' id='par_1_65' title="bbox 215 3438 1809 3513">
     <span class='ocr_line' id='line_1_65' title="bbox 215 3438 1809 3513; baseline -0.006 -13"><span class='ocrx_word' id='word_1_533' title='bbox 215 3443 457 3501; x_wconf 85' lang='lat' dir='ltr'><strong>tinentia</strong></span> <span class='ocrx_word' id='word_1_534' title='bbox 490 3441 787 3513; x_wconf 86' lang='lat' dir='ltr'><strong>periculosa</strong></span> <span class='ocrx_word' id='word_1_535' title='bbox 818 3440 911 3505; x_wconf 88' lang='lat' dir='ltr'><strong>sit,</strong></span> <span class='ocrx_word' id='word_1_536' title='bbox 942 3440 1106 3494; x_wconf 89' lang='lat' dir='ltr'><strong>etiam</strong></span> <span class='ocrx_word' id='word_1_537' title='bbox 1143 3438 1429 3509; x_wconf 89' lang='lat' dir='ltr'><strong>Apostolus</strong></span> <span class='ocrx_word' id='word_1_538' title='bbox 1469 3438 1648 3502; x_wconf 89' lang='lat' dir='ltr'><strong>docet,</strong></span> <span class='ocrx_word' id='word_1_539' title='bbox 1687 3451 1809 3492; x_wconf 83' lang='lat' dir='ltr'><strong>cum</strong></span> 
     </span>
    </p>
   </div>
   <div class='ocr_carea' id='block_1_66' title="bbox 216 3530 1812 3605">
    <p class='ocr_par' dir='ltr' id='par_1_66' title="bbox 216 3530 1812 3605">
     <span class='ocr_line' id='line_1_66' title="bbox 216 3530 1812 3605; baseline -0.004 -13"><span class='ocrx_word' id='word_1_540' title='bbox 216 3551 348 3592; x_wconf 86' lang='lat' dir='ltr'><strong>eam</strong></span> <span class='ocrx_word' id='word_1_541' title='bbox 386 3533 605 3605; x_wconf 88' lang='lat' dir='ltr'><strong>proprie</strong></span> <span class='ocrx_word' id='word_1_542' title='bbox 644 3533 751 3588; x_wconf 89' lang='lat' dir='ltr'><strong>illis</strong></span> <span class='ocrx_word' id='word_1_543' title='bbox 793 3532 1042 3596; x_wconf 87' lang='lat' dir='ltr'><strong>ascribit,</strong></span> <span class='ocrx_word' id='word_1_544' title='bbox 1079 3547 1215 3603; x_wconf 90' lang='lat' dir='ltr'><strong>quos</strong></span> <span class='ocrx_word' id='word_1_545' title='bbox 1249 3531 1503 3587; x_wconf 86' lang='lat' dir='ltr'><strong>recedere</strong></span> <span class='ocrx_word' id='word_1_546' title='bbox 1526 3545 1557 3585; x_wconf 91' lang='lat' dir='ltr'><strong>a</strong></span> <span class='ocrx_word' id='word_1_547' title='bbox 1581 3530 1812 3586; x_wconf 89' lang='lat' dir='ltr'><strong>Domino</strong></span> 
     </span>
    </p>
   </div>
   <div class='ocr_carea' id='block_1_67' title="bbox 218 3620 1811 3693">
    <p class='ocr_par' dir='ltr' id='par_1_67' title="bbox 218 3620 1811 3693">
     <span class='ocr_line' id='line_1_67' title="bbox 218 3620 1811 3693; baseline -0.005 -10"><span class='ocrx_word' id='word_1_548' title='bbox 218 3627 392 3693; x_wconf 85' lang='lat' dir='ltr'><strong>dicit;</strong></span> <span class='ocrx_word' id='word_1_549' title='bbox 423 3627 501 3681; x_wconf 86' lang='lat' dir='ltr'><strong>ait</strong></span> <span class='ocrx_word' id='word_1_550' title='bbox 521 3625 665 3681; x_wconf 90' lang='lat' dir='ltr'><strong>enim</strong></span> <span class='ocrx_word' id='word_1_551' title='bbox 698 3642 711 3679; x_wconf 88' lang='lat'><strong>:</strong></span> <span class='ocrx_word' id='word_1_552' title='bbox 744 3622 813 3678; x_wconf 88' lang='lat' dir='ltr'><strong>In</strong></span> <span class='ocrx_word' id='word_1_553' title='bbox 845 3622 1141 3678; x_wconf 68' lang='lat' dir='ltr'><strong>novissimis</strong></span> <span class='ocrx_word' id='word_1_554' title='bbox 1171 3622 1352 3676; x_wconf 86' lang='lat' dir='ltr'><strong>diebus</strong></span> <span class='ocrx_word' id='word_1_555' title='bbox 1381 3620 1650 3675; x_wconf 80' lang='lat' dir='ltr'><strong>instabunt</strong></span> <span class='ocrx_word' id='word_1_556' title='bbox 1678 3629 1811 3675; x_wconf 83' lang='lat' dir='ltr'><strong>tem-</strong></span> 
     </span>
    </p>
   </div>
   <div class='ocr_carea' id='block_1_68' title="bbox 219 3713 1814 3793">
    <p class='ocr_par' dir='ltr' id='par_1_68' title="bbox 219 3713 1814 3793">
     <span class='ocr_line' id='line_1_68' title="bbox 219 3713 1814 3793; baseline -0.006 -19"><span class='ocrx_word' id='word_1_557' title='bbox 219 3736 357 3793; x_wconf 89' lang='lat' dir='ltr'><strong>pora</strong></span> <span class='ocrx_word' id='word_1_558' title='bbox 377 3717 673 3790; x_wconf 88' lang='lat' dir='ltr'><strong>periculosa</strong></span> <span class='ocrx_word' id='word_1_559' title='bbox 699 3732 719 3771; x_wconf 89' lang='lat'><strong><em>:</em></strong></span> <span class='ocrx_word' id='word_1_560' title='bbox 744 3726 894 3776; x_wconf 77' lang='lat' dir='ltr'><strong>erunt</strong></span> <span class='ocrx_word' id='word_1_561' title='bbox 919 3715 1057 3773; x_wconf 85' lang='lat' dir='ltr'><strong>enim</strong></span> <span class='ocrx_word' id='word_1_562' title='bbox 1102 3714 1334 3769; x_wconf 79' lang='lat' dir='ltr'><strong>homines</strong></span> <span class='ocrx_word' id='word_1_563' title='bbox 1355 3713 1550 3784; x_wconf 83' lang='lat' dir='ltr'><strong>seipsos</strong></span> <span class='ocrx_word' id='word_1_564' title='bbox 1577 3721 1814 3767; x_wconf 86' lang='lat' dir='ltr'><strong>amantes</strong></span> 
     </span>
    </p>
   </div>
   <div class='ocr_carea' id='block_1_69' title="bbox 223 3804 1818 3883">
    <p class='ocr_par' dir='ltr' id='par_1_69' title="bbox 223 3804 1818 3883">
     <span class='ocr_line' id='line_1_69' title="bbox 223 3804 1818 3883; baseline -0.003 -19"><span class='ocrx_word' id='word_1_565' title='bbox 223 3809 279 3883; x_wconf 84' lang='grc' dir='ltr'><strong>(Ι</strong></span> <span class='ocrx_word' id='word_1_566' title='bbox 312 3808 450 3864; x_wconf 69' lang='lat' dir='ltr'><strong>Tini.</strong></span> <span class='ocrx_word' id='word_1_567' title='bbox 477 3810 578 3879; x_wconf 87' lang='grc' dir='ltr'><strong>ιιι).</strong></span> <span class='ocrx_word' id='word_1_568' title='bbox 609 3809 677 3863; x_wconf 89' lang='lat' dir='ltr'><strong>Et</strong></span> <span class='ocrx_word' id='word_1_569' title='bbox 701 3823 824 3864; x_wconf 92' lang='lat' dir='ltr'><strong>eum</strong></span> <span class='ocrx_word' id='word_1_570' title='bbox 846 3806 1002 3878; x_wconf 85' lang='lat' dir='ltr'><strong>plura</strong></span> <span class='ocrx_word' id='word_1_571' title='bbox 1039 3804 1260 3861; x_wconf 70' lang='lat' dir='ltr'><strong>malitia:</strong></span> <span class='ocrx_word' id='word_1_572' title='bbox 1282 3818 1480 3876; x_wconf 74' lang='lat' dir='ltr'><strong>genera</strong></span> <span class='ocrx_word' id='word_1_573' title='bbox 1501 3818 1818 3860; x_wconf 79' lang='lat' dir='ltr'><strong>enumeras-</strong></span> 
     </span>
    </p>
   </div>
   <div class='ocr_carea' id='block_1_70' title="bbox 221 3895 1814 3970">
    <p class='ocr_par' dir='ltr' id='par_1_70' title="bbox 221 3895 1814 3970">
     <span class='ocr_line' id='line_1_70' title="bbox 221 3895 1814 3970; baseline -0.005 -13"><span class='ocrx_word' id='word_1_574' title='bbox 221 3908 329 3963; x_wconf 80' lang='lat' dir='ltr'><strong>set.</strong></span> <span class='ocrx_word' id='word_1_575' title='bbox 367 3901 436 3956; x_wconf 87' lang='lat' dir='ltr'><strong>ad</strong></span> <span class='ocrx_word' id='word_1_576' title='bbox 469 3900 720 3957; x_wconf 92' lang='lat' dir='ltr'><strong>ultimum</strong></span> <span class='ocrx_word' id='word_1_577' title='bbox 753 3898 963 3970; x_wconf 91' lang='lat' dir='ltr'><strong>posuit:</strong></span> <span class='ocrx_word' id='word_1_578' title='bbox 990 3896 1018 3938; x_wconf 76' lang='grc' dir='ltr'><strong>(ι</strong></span> <span class='ocrx_word' id='word_1_579' title='bbox 1042 3895 1392 3962; x_wconf 87' lang='lat' dir='ltr'><strong>Comessores,</strong></span> <span class='ocrx_word' id='word_1_580' title='bbox 1414 3896 1814 3961; x_wconf 84' lang='lat' dir='ltr'><strong>incontinentes,</strong></span> 
     </span>
    </p>
   </div>
   <div class='ocr_carea' id='block_1_71' title="bbox 220 3985 1817 4059">
    <p class='ocr_par' dir='ltr' id='par_1_71' title="bbox 220 3985 1817 4059">
     <span class='ocr_line' id='line_1_71' title="bbox 220 3985 1817 4059; baseline -0.005 -8"><span class='ocrx_word' id='word_1_581' title='bbox 220 3994 472 4051; x_wconf 82' lang='lat' dir='ltr'><strong>immites.</strong></span> <span class='ocrx_word' id='word_1_582' title='bbox 502 3991 610 4050; x_wconf 85' lang='lat' dir='ltr'><strong>Sed</strong></span> <span class='ocrx_word' id='word_1_583' title='bbox 632 4001 688 4049; x_wconf 91' lang='lat' dir='ltr'><strong>et</strong></span> <span class='ocrx_word' id='word_1_584' title='bbox 700 3992 842 4048; x_wconf 87' lang='lat' dir='ltr'><strong>Esau</strong></span> <span class='ocrx_word' id='word_1_585' title='bbox 867 3991 1134 4046; x_wconf 88' lang='lat' dir='ltr'><strong>malorum</strong></span> <span class='ocrx_word' id='word_1_586' title='bbox 1155 4003 1379 4045; x_wconf 88' lang='lat' dir='ltr'><strong>suorum</strong></span> <span class='ocrx_word' id='word_1_587' title='bbox 1393 3987 1547 4059; x_wconf 89' lang='lat' dir='ltr'><strong>quasi</strong></span> <span class='ocrx_word' id='word_1_588' title='bbox 1573 3985 1817 4045; x_wconf 78' lang='lat' dir='ltr'><strong>fomitem</strong></span> 
     </span>
    </p>
   </div>
   <div class='ocr_carea' id='block_1_72' title="bbox 223 4077 1816 4151">
    <p class='ocr_par' dir='ltr' id='par_1_72' title="bbox 223 4077 1816 4151">
     <span class='ocr_line' id='line_1_72' title="bbox 223 4077 1816 4151; baseline -0.004 -11"><span class='ocrx_word' id='word_1_589' title='bbox 223 4084 423 4140; x_wconf 84' lang='lat' dir='ltr'><strong>habuit</strong></span> <span class='ocrx_word' id='word_1_590' title='bbox 440 4083 909 4148; x_wconf 80' lang='lat' dir='ltr'><strong>incontinentiam,</strong></span> <span class='ocrx_word' id='word_1_591' title='bbox 934 4082 1027 4151; x_wconf 89' lang='lat' dir='ltr'><strong>qui</strong></span> <span class='ocrx_word' id='word_1_592' title='bbox 1052 4095 1152 4151; x_wconf 91' lang='lat' dir='ltr'><strong>pro</strong></span> <span class='ocrx_word' id='word_1_593' title='bbox 1171 4095 1279 4135; x_wconf 92' lang='lat' dir='ltr'><strong>uno</strong></span> <span class='ocrx_word' id='word_1_594' title='bbox 1301 4079 1423 4136; x_wconf 89' lang='lat' dir='ltr'><strong>cibo</strong></span> <span class='ocrx_word' id='word_1_595' title='bbox 1442 4078 1684 4135; x_wconf 76' lang='lat' dir='ltr'><strong>vendidit</strong></span> <span class='ocrx_word' id='word_1_596' title='bbox 1702 4077 1816 4150; x_wconf 91' lang='lat' dir='ltr'><strong>pri-</strong></span> 
     </span>
    </p>
   </div>
   <div class='ocr_carea' id='block_1_73' title="bbox 223 4169 1819 4248">
    <p class='ocr_par' dir='ltr' id='par_1_73' title="bbox 223 4169 1819 4248">
     <span class='ocr_line' id='line_1_73' title="bbox 223 4169 1819 4248; baseline -0.005 -16"><span class='ocrx_word' id='word_1_597' title='bbox 223 4176 417 4232; x_wconf 85' lang='lat' dir='ltr'><strong>mitiva</strong></span> <span class='ocrx_word' id='word_1_598' title='bbox 441 4191 537 4232; x_wconf 88' lang='lat' dir='ltr'><strong>sua</strong></span> <span class='ocrx_word' id='word_1_599' title='bbox 564 4174 720 4248; x_wconf 79' lang='lat' dir='ltr'><strong>(Gen.</strong></span> <span class='ocrx_word' id='word_1_600' title='bbox 747 4173 898 4247; x_wconf 80' lang='lat' dir='ltr'><strong>xxv).</strong></span> <span class='ocrx_word' id='word_1_601' title='bbox 928 4172 1035 4229; x_wconf 87' lang='lat' dir='ltr'><strong>Sed</strong></span> <span class='ocrx_word' id='word_1_602' title='bbox 1058 4181 1113 4229; x_wconf 90' lang='lat' dir='ltr'><strong>et</strong></span> <span class='ocrx_word' id='word_1_603' title='bbox 1131 4171 1220 4227; x_wconf 87' lang='lat' dir='ltr'><strong>illa</strong></span> <span class='ocrx_word' id='word_1_604' title='bbox 1242 4172 1420 4245; x_wconf 89' lang='lat' dir='ltr'><strong>prima</strong></span> <span class='ocrx_word' id='word_1_605' title='bbox 1439 4169 1819 4241; x_wconf 69' lang='lat' dir='ltr'><strong>pmvaricatio</strong></span> 
     </span>
    </p>
   </div>
   <div class='ocr_carea' id='block_1_74' title="bbox 225 4262 1815 4337">
    <p class='ocr_par' dir='ltr' id='par_1_74' title="bbox 225 4262 1815 4337">
     <span class='ocr_line' id='line_1_74' title="bbox 225 4262 1815 4337; baseline -0.002 -17"><span class='ocrx_word' id='word_1_606' title='bbox 225 4280 338 4321; x_wconf 81' lang='lat' dir='ltr'><strong>non</strong></span> <span class='ocrx_word' id='word_1_607' title='bbox 364 4266 579 4323; x_wconf 88' lang='lat' dir='ltr'><strong>aliunde</strong></span> <span class='ocrx_word' id='word_1_608' title='bbox 609 4266 812 4326; x_wconf 81' lang='lat' dir='ltr'><strong>homini</strong></span> <span class='ocrx_word' id='word_1_609' title='bbox 848 4265 953 4320; x_wconf 91' lang='lat' dir='ltr'><strong>nisi</strong></span> <span class='ocrx_word' id='word_1_610' title='bbox 980 4279 1079 4337; x_wconf 89' lang='lat' dir='ltr'><strong>per</strong></span> <span class='ocrx_word' id='word_1_611' title='bbox 1106 4263 1552 4321; x_wconf 87' lang='lat' dir='ltr'><strong>incontinentiam</strong></span> <span class='ocrx_word' id='word_1_612' title='bbox 1601 4262 1815 4318; x_wconf 89' lang='lat' dir='ltr'><strong>accidit.</strong></span> 
     </span>
    </p>
   </div>
   <div class='ocr_carea' id='block_1_75' title="bbox 226 4351 1820 4424">
    <p class='ocr_par' dir='ltr' id='par_1_75' title="bbox 226 4351 1820 4424">
     <span class='ocr_line' id='line_1_75' title="bbox 226 4351 1820 4424; baseline -0.003 -13"><span class='ocrx_word' id='word_1_613' title='bbox 226 4353 421 4412; x_wconf 87' lang='lat' dir='ltr'><strong>Omnis</strong></span> <span class='ocrx_word' id='word_1_614' title='bbox 444 4361 759 4412; x_wconf 87' lang='lat' dir='ltr'><strong>sanctorum</strong></span> <span class='ocrx_word' id='word_1_615' title='bbox 782 4354 916 4419; x_wconf 88' lang='lat' dir='ltr'><strong>vita,</strong></span> <span class='ocrx_word' id='word_1_616' title='bbox 946 4363 1108 4423; x_wconf 86' lang='lat' dir='ltr'><strong>atque</strong></span> <span class='ocrx_word' id='word_1_617' title='bbox 1135 4353 1305 4424; x_wconf 87' lang='lat' dir='ltr'><strong>ipsius</strong></span> <span class='ocrx_word' id='word_1_618' title='bbox 1325 4352 1541 4408; x_wconf 92' lang='lat' dir='ltr'><strong>Domini</strong></span> <span class='ocrx_word' id='word_1_619' title='bbox 1568 4351 1626 4407; x_wconf 94' lang='lat' dir='ltr'><strong>in</strong></span> <span class='ocrx_word' id='word_1_620' title='bbox 1651 4366 1820 4408; x_wconf 88' lang='lat' dir='ltr'><strong>carne</strong></span> 
     </span>
    </p>
   </div>
   <div class='ocr_carea' id='block_1_76' title="bbox 1909 3361 3500 3431">
    <p class='ocr_par' dir='ltr' id='par_1_76' title="bbox 1909 3361 3500 3431">
     <span class='ocr_line' id='line_1_76' title="bbox 1909 3361 3500 3431; baseline -0.001 -13"><span class='ocrx_word' id='word_1_621' title='bbox 1909 3363 2051 3418; x_wconf 90' lang='lat' dir='ltr'><strong>oeuli</strong></span> <span class='ocrx_word' id='word_1_622' title='bbox 2085 3363 2254 3427; x_wconf 85' lang='lat' dir='ltr'><strong>visus,</strong></span> <span class='ocrx_word' id='word_1_623' title='bbox 2284 3370 2338 3418; x_wconf 92' lang='lat' dir='ltr'><strong>et</strong></span> <span class='ocrx_word' id='word_1_624' title='bbox 2366 3362 2516 3417; x_wconf 87' lang='lat' dir='ltr'><strong>auris</strong></span> <span class='ocrx_word' id='word_1_625' title='bbox 2545 3361 2787 3427; x_wconf 81' lang='lat' dir='ltr'><strong>auditus,</strong></span> <span class='ocrx_word' id='word_1_626' title='bbox 2824 3369 2881 3421; x_wconf 87' lang='lat' dir='ltr'><strong>et</strong></span> <span class='ocrx_word' id='word_1_627' title='bbox 2900 3361 3099 3431; x_wconf 66' lang='lat' dir='ltr'><strong>lingua;</strong></span> <span class='ocrx_word' id='word_1_628' title='bbox 3130 3361 3500 3430; x_wconf 67' lang='lat' dir='ltr'><strong>intemperam</strong></span> 
     </span>
    </p>
   </div>
   <div class='ocr_carea' id='block_1_77' title="bbox 1910 3450 3502 3522">
    <p class='ocr_par' dir='ltr' id='par_1_77' title="bbox 1910 3450 3502 3522">
     <span class='ocr_line' id='line_1_77' title="bbox 1910 3450 3502 3522; baseline -0.001 -15"><span class='ocrx_word' id='word_1_629' title='bbox 1910 3454 2066 3520; x_wconf 77' lang='lat' dir='ltr'><strong>tiam,</strong></span> <span class='ocrx_word' id='word_1_630' title='bbox 2096 3452 2241 3508; x_wconf 89' lang='lat' dir='ltr'><strong>aliud</strong></span> <span class='ocrx_word' id='word_1_631' title='bbox 2267 3468 2425 3522; x_wconf 90' lang='lat' dir='ltr'><strong>quam</strong></span> <span class='ocrx_word' id='word_1_632' title='bbox 2465 3452 2799 3507; x_wconf 86' lang='lat' dir='ltr'><strong>continentia</strong></span> <span class='ocrx_word' id='word_1_633' title='bbox 2827 3450 3142 3506; x_wconf 88' lang='lat' dir='ltr'><strong>moderatur</strong></span> <span class='ocrx_word' id='word_1_634' title='bbox 3161 3458 3218 3507; x_wconf 91' lang='lat' dir='ltr'><strong>et</strong></span> <span class='ocrx_word' id='word_1_635' title='bbox 3238 3452 3502 3506; x_wconf 79' lang='lat' dir='ltr'><strong>cohibet?</strong></span> 
     </span>
    </p>
   </div>
   <div class='ocr_carea' id='block_1_78' title="bbox 1914 3541 3504 3612">
    <p class='ocr_par' dir='ltr' id='par_1_78' title="bbox 1914 3541 3504 3612">
     <span class='ocr_line' id='line_1_78' title="bbox 1914 3541 3504 3612; baseline 0.001 -14"><span class='ocrx_word' id='word_1_636' title='bbox 1914 3541 2021 3599; x_wconf 88' lang='lat' dir='ltr'><strong>Sed</strong></span> <span class='ocrx_word' id='word_1_637' title='bbox 2050 3552 2105 3598; x_wconf 91' lang='lat' dir='ltr'><strong>et</strong></span> <span class='ocrx_word' id='word_1_638' title='bbox 2139 3544 2529 3612; x_wconf 88' lang='lat' dir='ltr'><strong>intemperatos</strong></span> <span class='ocrx_word' id='word_1_639' title='bbox 2589 3541 2731 3597; x_wconf 90' lang='lat' dir='ltr'><strong>risus</strong></span> <span class='ocrx_word' id='word_1_640' title='bbox 2781 3541 3115 3596; x_wconf 72' lang='lat' dir='ltr'><strong>mntinentia</strong></span> <span class='ocrx_word' id='word_1_641' title='bbox 3157 3550 3396 3596; x_wconf 88' lang='lat' dir='ltr'><strong>coercet.</strong></span> <span class='ocrx_word' id='word_1_642' title='bbox 3437 3542 3504 3600; x_wconf 83' lang='lat' dir='ltr'><strong>Et</strong></span> 
     </span>
    </p>
   </div>
   <div class='ocr_carea' id='block_1_79' title="bbox 1918 3630 3605 3701">
    <p class='ocr_par' dir='ltr' id='par_1_79' title="bbox 1918 3630 3605 3701">
     <span class='ocr_line' id='line_1_79' title="bbox 1918 3630 3605 3701; baseline -0.002 -13"><span class='ocrx_word' id='word_1_643' title='bbox 1918 3632 1939 3672; x_wconf 69' lang='grc' dir='ltr'><em>τ</em></span> <span class='ocrx_word' id='word_1_644' title='bbox 1975 3634 2119 3689; x_wconf 87' lang='lat' dir='ltr'><strong>sicut</strong></span> <span class='ocrx_word' id='word_1_645' title='bbox 2163 3631 2567 3688; x_wconf 74' lang='lat' dir='ltr'><strong>incontinentiae</strong></span> <span class='ocrx_word' id='word_1_646' title='bbox 2601 3630 2815 3701; x_wconf 79' lang='lat' dir='ltr'><strong>signum</strong></span> <span class='ocrx_word' id='word_1_647' title='bbox 2842 3638 2948 3695; x_wconf 90' lang='lat' dir='ltr'><strong>est,</strong></span> <span class='ocrx_word' id='word_1_648' title='bbox 2980 3630 3304 3687; x_wconf 88' lang='lat' dir='ltr'><strong>inordinatis</strong></span> <span class='ocrx_word' id='word_1_649' title='bbox 3336 3639 3390 3686; x_wconf 91' lang='lat' dir='ltr'><strong>et</strong></span> <span class='ocrx_word' id='word_1_650' title='bbox 3413 3631 3501 3685; x_wconf 87' lang='lat' dir='ltr'><strong>in-</strong></span> <span class='ocrx_word' id='word_1_651' title='bbox 3600 3694 3605 3701; x_wconf 34' lang='grc'><em>,</em></span> 
     </span>
    </p>
   </div>
   <div class='ocr_carea' id='block_1_80' title="bbox 1913 3720 3506 3794">
    <p class='ocr_par' dir='ltr' id='par_1_80' title="bbox 1913 3720 3506 3794">
     <span class='ocr_line' id='line_1_80' title="bbox 1913 3720 3506 3794; baseline -0.003 -15"><span class='ocrx_word' id='word_1_652' title='bbox 1913 3723 2229 3794; x_wconf 90' lang='lat' dir='ltr'><strong>compositis</strong></span> <span class='ocrx_word' id='word_1_653' title='bbox 2256 3721 2495 3777; x_wconf 89' lang='lat' dir='ltr'><strong>moribus</strong></span> <span class='ocrx_word' id='word_1_654' title='bbox 2518 3735 2680 3792; x_wconf 78' lang='lat' dir='ltr'><strong>agere</strong></span> <span class='ocrx_word' id='word_1_655' title='bbox 2710 3720 2765 3775; x_wconf 88' lang='lat' dir='ltr'><strong>in</strong></span> <span class='ocrx_word' id='word_1_656' title='bbox 2793 3720 2930 3786; x_wconf 91' lang='lat' dir='ltr'><strong>risu,</strong></span> <span class='ocrx_word' id='word_1_657' title='bbox 2953 3735 3075 3775; x_wconf 92' lang='lat' dir='ltr'><strong>cum</strong></span> <span class='ocrx_word' id='word_1_658' title='bbox 3100 3720 3289 3791; x_wconf 87' lang='lat' dir='ltr'><strong>utique</strong></span> <span class='ocrx_word' id='word_1_659' title='bbox 3324 3720 3506 3777; x_wconf 89' lang='lat' dir='ltr'><strong>subri-</strong></span> 
     </span>
    </p>
   </div>
   <div class='ocr_carea' id='block_1_81' title="bbox 1914 3809 3507 3881">
    <p class='ocr_par' dir='ltr' id='par_1_81' title="bbox 1914 3809 3507 3881">
     <span class='ocr_line' id='line_1_81' title="bbox 1914 3809 3507 3881; baseline -0.002 -13"><span class='ocrx_word' id='word_1_660' title='bbox 1914 3814 2091 3869; x_wconf 88' lang='lat' dir='ltr'><strong>dendo</strong></span> <span class='ocrx_word' id='word_1_661' title='bbox 2136 3810 2527 3867; x_wconf 81' lang='lat' dir='ltr'><strong>tantummodo‘</strong></span> <span class='ocrx_word' id='word_1_662' title='bbox 2543 3809 2787 3864; x_wconf 79' lang='lat' dir='ltr'><strong>laetitiam</strong></span> <span class='ocrx_word' id='word_1_663' title='bbox 2837 3809 3038 3865; x_wconf 85' lang='lat' dir='ltr'><strong>mentis</strong></span> <span class='ocrx_word' id='word_1_664' title='bbox 3081 3818 3331 3881; x_wconf 81' lang='lat' dir='ltr'><strong>oporteat</strong></span> <span class='ocrx_word' id='word_1_665' title='bbox 3363 3810 3507 3865; x_wconf 84' lang='lat' dir='ltr'><strong>indi-</strong></span> 
     </span>
    </p>
   </div>
   <div class='ocr_carea' id='block_1_82' title="bbox 1915 3897 3502 3968">
    <p class='ocr_par' dir='ltr' id='par_1_82' title="bbox 1915 3897 3502 3968">
     <span class='ocr_line' id='line_1_82' title="bbox 1915 3897 3502 3968; baseline 0.001 -13"><span class='ocrx_word' id='word_1_666' title='bbox 1915 3901 2049 3955; x_wconf 88' lang='lat' dir='ltr'><strong>cari.</strong></span> <span class='ocrx_word' id='word_1_667' title='bbox 2079 3900 2394 3955; x_wconf 85' lang='lat' dir='ltr'><strong>indecorum</strong></span> <span class='ocrx_word' id='word_1_668' title='bbox 2430 3908 2608 3956; x_wconf 83' lang='lat' dir='ltr'><strong>autem</strong></span> <span class='ocrx_word' id='word_1_669' title='bbox 2638 3906 2723 3953; x_wconf 88' lang='lat' dir='ltr'><strong>est</strong></span> <span class='ocrx_word' id='word_1_670' title='bbox 2751 3897 2832 3953; x_wconf 92' lang='lat' dir='ltr'><strong>sic</strong></span> <span class='ocrx_word' id='word_1_671' title='bbox 2865 3898 3222 3968; x_wconf 86' lang='lat' dir='ltr'><strong>crepitantem</strong></span> <span class='ocrx_word' id='word_1_672' title='bbox 3255 3915 3378 3954; x_wconf 90' lang='lat' dir='ltr'><strong>cum</strong></span> <span class='ocrx_word' id='word_1_673' title='bbox 3409 3914 3502 3956; x_wconf 79' lang='lat' dir='ltr'><strong>so-</strong></span> 
     </span>
    </p>
   </div>
   <div class='ocr_carea' id='block_1_83' title="bbox 1917 3989 3520 4063">
    <p class='ocr_par' dir='ltr' id='par_1_83' title="bbox 1917 3989 3520 4063">
     <span class='ocr_line' id='line_1_83' title="bbox 1917 3989 3520 4063; baseline -0.003 -13"><span class='ocrx_word' id='word_1_674' title='bbox 1917 3996 2036 4051; x_wconf 89' lang='lat' dir='ltr'><strong>nitu</strong></span> <span class='ocrx_word' id='word_1_675' title='bbox 2063 3993 2279 4050; x_wconf 87' lang='lat' dir='ltr'><strong>elevare</strong></span> <span class='ocrx_word' id='word_1_676' title='bbox 2319 3993 2511 4056; x_wconf 91' lang='lat' dir='ltr'><strong>risum,</strong></span> <span class='ocrx_word' id='word_1_677' title='bbox 2537 3990 2680 4063; x_wconf 89' lang='lat' dir='ltr'><strong>quod</strong></span> <span class='ocrx_word' id='word_1_678' title='bbox 2703 3997 2913 4046; x_wconf 89' lang='lat' dir='ltr'><strong>certum</strong></span> <span class='ocrx_word' id='word_1_679' title='bbox 2939 3997 3025 4044; x_wconf 88' lang='lat' dir='ltr'><strong>est</strong></span> <span class='ocrx_word' id='word_1_680' title='bbox 3049 4004 3147 4061; x_wconf 86' lang='lat' dir='ltr'><strong>per</strong></span> <span class='ocrx_word' id='word_1_681' title='bbox 3170 3989 3520 4046; x_wconf 56' lang='lat' dir='ltr'><strong>incontinenv-</strong></span> 
     </span>
    </p>
   </div>
   <div class='ocr_carea' id='block_1_84' title="bbox 1917 4080 3505 4147">
    <p class='ocr_par' dir='ltr' id='par_1_84' title="bbox 1917 4080 3505 4147">
     <span class='ocr_line' id='line_1_84' title="bbox 1917 4080 3505 4147; baseline -0.003 -6"><span class='ocrx_word' id='word_1_682' title='bbox 1917 4086 2048 4141; x_wconf 89' lang='lat' dir='ltr'><strong>tiam</strong></span> <span class='ocrx_word' id='word_1_683' title='bbox 2084 4083 2281 4140; x_wconf 88' lang='lat' dir='ltr'><strong>mentis</strong></span> <span class='ocrx_word' id='word_1_684' title='bbox 2325 4083 2590 4138; x_wconf 87' lang='lat' dir='ltr'><strong>accidere.</strong></span> <span class='ocrx_word' id='word_1_685' title='bbox 2635 4080 2788 4136; x_wconf 83' lang='lat' dir='ltr'><strong>Solet</strong></span> <span class='ocrx_word' id='word_1_686' title='bbox 2827 4081 2994 4137; x_wconf 88' lang='lat' dir='ltr'><strong>etiam</strong></span> <span class='ocrx_word' id='word_1_687' title='bbox 3030 4080 3248 4137; x_wconf 89' lang='lat' dir='ltr'><strong>evenire</strong></span> <span class='ocrx_word' id='word_1_688' title='bbox 3294 4080 3505 4147; x_wconf 91' lang='lat' dir='ltr'><strong>invitis,</strong></span> 
     </span>
    </p>
   </div>
   <div class='ocr_carea' id='block_1_85' title="bbox 1917 4171 3510 4247">
    <p class='ocr_par' dir='ltr' id='par_1_85' title="bbox 1917 4171 3510 4247">
     <span class='ocr_line' id='line_1_85' title="bbox 1917 4171 3510 4247; baseline -0.001 -17"><span class='ocrx_word' id='word_1_689' title='bbox 1917 4192 2037 4247; x_wconf 78' lang='lat' dir='ltr'><strong>qua:</strong></span> <span class='ocrx_word' id='word_1_690' title='bbox 2075 4189 2165 4231; x_wconf 90' lang='lat' dir='ltr'><strong>res</strong></span> <span class='ocrx_word' id='word_1_691' title='bbox 2208 4174 2531 4246; x_wconf 73' lang='lat' dir='ltr'><strong>gravitatem</strong></span> <span class='ocrx_word' id='word_1_692' title='bbox 2564 4179 2620 4227; x_wconf 91' lang='lat' dir='ltr'><strong>et</strong></span> <span class='ocrx_word' id='word_1_693' title='bbox 2650 4172 3018 4228; x_wconf 89' lang='lat' dir='ltr'><strong>constantiam</strong></span> <span class='ocrx_word' id='word_1_694' title='bbox 3053 4171 3220 4226; x_wconf 88' lang='lat' dir='ltr'><strong>animi</strong></span> <span class='ocrx_word' id='word_1_695' title='bbox 3261 4171 3510 4228; x_wconf 81' lang='lat' dir='ltr'><strong>emollire</strong></span> 
     </span>
    </p>
   </div>
   <div class='ocr_carea' id='block_1_86' title="bbox 1918 4262 3508 4336">
    <p class='ocr_par' dir='ltr' id='par_1_86' title="bbox 1918 4262 3508 4336">
     <span class='ocr_line' id='line_1_86' title="bbox 1918 4262 3508 4336; baseline -0.003 -13"><span class='ocrx_word' id='word_1_696' title='bbox 1918 4283 1985 4323; x_wconf 86' lang='lat' dir='ltr'><strong>ac</strong></span> <span class='ocrx_word' id='word_1_697' title='bbox 2010 4267 2282 4323; x_wconf 87' lang='lat' dir='ltr'><strong>resolvere.</strong></span> <span class='ocrx_word' id='word_1_698' title='bbox 2302 4264 2457 4320; x_wconf 88' lang='lat' dir='ltr'><strong>solet.</strong></span> <span class='ocrx_word' id='word_1_699' title='bbox 2483 4264 2638 4321; x_wconf 83' lang='lat' dir='ltr'><strong>Unde</strong></span> <span class='ocrx_word' id='word_1_700' title='bbox 2666 4271 2722 4319; x_wconf 91' lang='lat' dir='ltr'><strong>et</strong></span> <span class='ocrx_word' id='word_1_701' title='bbox 2740 4263 2882 4336; x_wconf 90' lang='lat' dir='ltr'><strong>apud</strong></span> <span class='ocrx_word' id='word_1_702' title='bbox 2904 4262 3268 4327; x_wconf 87' lang='lat' dir='ltr'><strong>Salomonem,</strong></span> <span class='ocrx_word' id='word_1_703' title='bbox 3298 4267 3325 4307; x_wconf 71' lang='grc'>8</span> <span class='ocrx_word' id='word_1_704' title='bbox 3353 4262 3508 4318; x_wconf 82' lang='lat' dir='ltr'><strong>Risui</strong></span> 
     </span>
    </p>
   </div>
   <div class='ocr_carea' id='block_1_87' title="bbox 1918 4352 3507 4428">
    <p class='ocr_par' dir='ltr' id='par_1_87' title="bbox 1918 4352 3507 4428">
     <span class='ocr_line' id='line_1_87' title="bbox 1918 4352 3507 4428; baseline -0.004 -14"><span class='ocrx_word' id='word_1_705' title='bbox 1918 4358 2119 4428; x_wconf 90' lang='lat' dir='ltr'><strong>inquit,</strong></span> <span class='ocrx_word' id='word_1_706' title='bbox 2162 4357 2277 4411; x_wconf 77' lang='lat' dir='ltr'><strong>dixi</strong></span> <span class='ocrx_word' id='word_1_707' title='bbox 2299 4356 2581 4411; x_wconf 85' lang='lat' dir='ltr'><strong>amentiam</strong></span> <span class='ocrx_word' id='word_1_708' title='bbox 2612 4354 2802 4426; x_wconf 85' lang='lat' dir='ltr'><strong>(Eccli.</strong></span> <span class='ocrx_word' id='word_1_709' title='bbox 2827 4352 2912 4423; x_wconf 91' lang='grc' dir='ltr'><strong>ιι).</strong></span> <span class='ocrx_word' id='word_1_710' title='bbox 2953 4354 3022 4409; x_wconf 88' lang='lat' dir='ltr'><strong>Et</strong></span> <span class='ocrx_word' id='word_1_711' title='bbox 3054 4368 3067 4408; x_wconf 89' lang='lat'><strong>:</strong></span> <span class='ocrx_word' id='word_1_712' title='bbox 3102 4352 3252 4409; x_wconf 87' lang='lat' dir='ltr'><strong>Sicut</strong></span> <span class='ocrx_word' id='word_1_713' title='bbox 3282 4370 3379 4409; x_wconf 70' lang='lat' dir='ltr'><strong>eos:</strong></span> <span class='ocrx_word' id='word_1_714' title='bbox 3399 4354 3507 4423; x_wconf 67' lang='lat' dir='ltr'><strong>spi-</strong></span> 
     </span>
    </p>
   </div>
   <div class='ocr_carea' id='block_1_88' title="bbox 225 4443 3508 4529">
    <p class='ocr_par' dir='ltr' id='par_1_88' title="bbox 225 4443 3508 4529">
     <span class='ocr_line' id='line_1_88' title="bbox 225 4443 3508 4529; baseline 0 -29"><span class='ocrx_word' id='word_1_715' title='bbox 225 4446 422 4517; x_wconf 89' lang='lat' dir='ltr'><strong>positi,</strong></span> <span class='ocrx_word' id='word_1_716' title='bbox 470 4445 759 4516; x_wconf 58' lang='lat' dir='ltr'><strong>praesentia</strong></span> <span class='ocrx_word' id='word_1_717' title='bbox 812 4459 934 4517; x_wconf 77' lang='lat' dir='ltr'><strong>qute</strong></span> <span class='ocrx_word' id='word_1_718' title='bbox 975 4444 1133 4499; x_wconf 88' lang='lat' dir='ltr'><strong>nobis</strong></span> <span class='ocrx_word' id='word_1_719' title='bbox 1178 4443 1287 4499; x_wconf 87' lang='lat' dir='ltr'><strong>alia</strong></span> <span class='ocrx_word' id='word_1_720' title='bbox 1325 4443 1433 4498; x_wconf 88' lang='lat' dir='ltr'><strong>nisi</strong></span> <span class='ocrx_word' id='word_1_721' title='bbox 1470 4443 1818 4499; x_wconf 72' lang='lat' dir='ltr'><strong>continentia:</strong></span> <span class='ocrx_word' id='word_1_722' title='bbox 1842 4469 1896 4529; x_wconf 83' lang='lat' dir='ltr'><strong>D</strong></span> <span class='ocrx_word' id='word_1_723' title='bbox 1923 4466 2111 4504; x_wconf 82' lang='lat' dir='ltr'><strong>narum</strong></span> <span class='ocrx_word' id='word_1_724' title='bbox 2143 4449 2241 4504; x_wconf 76' lang='lat' dir='ltr'><strong>sub</strong></span> <span class='ocrx_word' id='word_1_725' title='bbox 2279 4447 2388 4501; x_wconf 89' lang='lat' dir='ltr'><strong>olla</strong></span> <span class='ocrx_word' id='word_1_726' title='bbox 2418 4461 2437 4499; x_wconf 91' lang='lat'><strong><em>:</em></strong></span> <span class='ocrx_word' id='word_1_727' title='bbox 2465 4447 2542 4500; x_wconf 88' lang='lat' dir='ltr'><strong>ita</strong></span> <span class='ocrx_word' id='word_1_728' title='bbox 2574 4448 2712 4500; x_wconf 86' lang='lat' dir='ltr'><strong>risus</strong></span> <span class='ocrx_word' id='word_1_729' title='bbox 2738 4448 3020 4500; x_wconf 81' lang='lat' dir='ltr'><strong>stultorum</strong></span> <span class='ocrx_word' id='word_1_730' title='bbox 3052 4443 3242 4515; x_wconf 74' lang='lat' dir='ltr'><strong>(Ereti.</strong></span> <span class='ocrx_word' id='word_1_731' title='bbox 3284 4444 3383 4513; x_wconf 88' lang='lat' dir='ltr'><strong>vn)</strong></span> <span class='ocrx_word' id='word_1_732' title='bbox 3438 4444 3508 4502; x_wconf 84' lang='lat' dir='ltr'><strong>Et</strong></span> 
     </span>
    </p>
   </div>
   <div class='ocr_carea' id='block_1_89' title="bbox 229 4533 1816 4610">
    <p class='ocr_par' dir='ltr' id='par_1_89' title="bbox 229 4533 1816 4610">
     <span class='ocr_line' id='line_1_89' title="bbox 229 4533 1816 4610; baseline -0.003 -20"><span class='ocrx_word' id='word_1_733' title='bbox 229 4536 485 4610; x_wconf 85' lang='lat' dir='ltr'><strong>proponit</strong></span> <span class='ocrx_word' id='word_1_734' title='bbox 526 4534 819 4605; x_wconf 75' lang='lat' dir='ltr'><strong>exempla?</strong></span> <span class='ocrx_word' id='word_1_735' title='bbox 857 4534 1070 4605; x_wconf 81' lang='lat' dir='ltr'><strong>Moyses</strong></span> <span class='ocrx_word' id='word_1_736' title='bbox 1105 4547 1320 4603; x_wconf 87' lang='lat' dir='ltr'><strong>quoque</strong></span> <span class='ocrx_word' id='word_1_737' title='bbox 1347 4533 1474 4588; x_wconf 88' lang='lat' dir='ltr'><strong>dum</strong></span> <span class='ocrx_word' id='word_1_738' title='bbox 1502 4533 1816 4588; x_wconf 87' lang='lat' dir='ltr'><strong>continuato</strong></span> 
     </span>
    </p>
   </div>
   <div class='ocr_carea' id='block_1_90' title="bbox 229 4621 1817 4699">
    <p class='ocr_par' dir='ltr' id='par_1_90' title="bbox 229 4621 1817 4699">
     <span class='ocr_line' id='line_1_90' title="bbox 229 4621 1817 4699; baseline -0.001 -21"><span class='ocrx_word' id='word_1_739' title='bbox 229 4625 590 4699; x_wconf 79' lang='lat' dir='ltr'><strong>quadraginta</strong></span> <span class='ocrx_word' id='word_1_740' title='bbox 601 4625 808 4681; x_wconf 86' lang='lat' dir='ltr'><strong>dierum</strong></span> <span class='ocrx_word' id='word_1_741' title='bbox 817 4623 1023 4694; x_wconf 86' lang='lat' dir='ltr'><strong>jejunio</strong></span> <span class='ocrx_word' id='word_1_742' title='bbox 1048 4624 1289 4681; x_wconf 88' lang='lat' dir='ltr'><strong>astitisse</strong></span> <span class='ocrx_word' id='word_1_743' title='bbox 1306 4621 1605 4678; x_wconf 89' lang='lat' dir='ltr'><strong>indefessus</strong></span> <span class='ocrx_word' id='word_1_744' title='bbox 1617 4623 1817 4678; x_wconf 87' lang='lat' dir='ltr'><strong>dicitur</strong></span> 
     </span>
    </p>
   </div>
   <div class='ocr_carea' id='block_1_91' title="bbox 231 4712 1817 4786">
    <p class='ocr_par' dir='ltr' id='par_1_91' title="bbox 231 4712 1817 4786">
     <span class='ocr_line' id='line_1_91' title="bbox 231 4712 1817 4786; baseline -0.004 -11"><span class='ocrx_word' id='word_1_745' title='bbox 231 4718 371 4781; x_wconf 87' lang='lat' dir='ltr'><strong>Deo,</strong></span> <span class='ocrx_word' id='word_1_746' title='bbox 385 4724 442 4773; x_wconf 89' lang='lat' dir='ltr'><strong>et</strong></span> <span class='ocrx_word' id='word_1_747' title='bbox 455 4716 717 4773; x_wconf 86' lang='lat' dir='ltr'><strong>meruisse</strong></span> <span class='ocrx_word' id='word_1_748' title='bbox 731 4716 867 4786; x_wconf 81' lang='lat' dir='ltr'><strong>legis</strong></span> <span class='ocrx_word' id='word_1_749' title='bbox 881 4715 1141 4775; x_wconf 74' lang='lat' dir='ltr'><strong>auxilium</strong></span> <span class='ocrx_word' id='word_1_750' title='bbox 1156 4716 1394 4770; x_wconf 87' lang='lat' dir='ltr'><strong>humano</strong></span> <span class='ocrx_word' id='word_1_751' title='bbox 1406 4714 1591 4784; x_wconf 77' lang='lat' dir='ltr'><strong>generi</strong></span> <span class='ocrx_word' id='word_1_752' title='bbox 1604 4712 1817 4771; x_wconf 86' lang='lat' dir='ltr'><strong>deferre</strong></span> 
     </span>
    </p>
   </div>
   <div class='ocr_carea' id='block_1_92' title="bbox 231 4803 1810 4879">
    <p class='ocr_par' dir='ltr' id='par_1_92' title="bbox 231 4803 1810 4879">
     <span class='ocr_line' id='line_1_92' title="bbox 231 4803 1810 4879; baseline -0.001 -19"><span class='ocrx_word' id='word_1_753' title='bbox 231 4805 435 4879; x_wconf 72' lang='lat' dir='ltr'><strong>(Exod.</strong></span> <span class='ocrx_word' id='word_1_754' title='bbox 462 4808 632 4879; x_wconf 54' lang='grc' dir='ltr'><strong>χιιι).</strong></span> <span class='ocrx_word' id='word_1_755' title='bbox 676 4806 823 4862; x_wconf 87' lang='lat' dir='ltr'><strong>Elias</strong></span> <span class='ocrx_word' id='word_1_756' title='bbox 849 4820 1066 4879; x_wconf 86' lang='lat' dir='ltr'><strong>quoque</strong></span> <span class='ocrx_word' id='word_1_757' title='bbox 1097 4806 1305 4861; x_wconf 88' lang='lat' dir='ltr'><strong>visione</strong></span> <span class='ocrx_word' id='word_1_758' title='bbox 1324 4803 1420 4859; x_wconf 88' lang='lat' dir='ltr'><strong>Dei</strong></span> <span class='ocrx_word' id='word_1_759' title='bbox 1450 4810 1579 4863; x_wconf 89' lang='lat' dir='ltr'><strong>tunc</strong></span> <span class='ocrx_word' id='word_1_760' title='bbox 1605 4804 1810 4862; x_wconf 88' lang='lat' dir='ltr'><strong>dicitur</strong></span> 
     </span>
    </p>
   </div>
   <div class='ocr_carea' id='block_1_93' title="bbox 310 4952 1811 5026">
    <p class='ocr_par' dir='ltr' id='par_1_93' title="bbox 310 4952 1811 5026">
     <span class='ocr_line' id='line_1_93' title="bbox 310 4952 1811 5026; baseline 0.003 -17"><span class='ocrx_word' id='word_1_761' title='bbox 310 4968 336 4997; x_wconf 78' lang='grc' dir='ltr'><strong>ι</strong></span> <span class='ocrx_word' id='word_1_762' title='bbox 369 4952 428 5010; x_wconf 89' lang='lat' dir='ltr'><strong>Si</strong></span> <span class='ocrx_word' id='word_1_763' title='bbox 446 4966 647 5026; x_wconf 84' lang='lat' dir='ltr'><strong>oportet</strong></span> <span class='ocrx_word' id='word_1_764' title='bbox 671 4974 811 5012; x_wconf 88' lang='lat' dir='ltr'><strong>eum.</strong></span> <span class='ocrx_word' id='word_1_765' title='bbox 844 4958 1038 5013; x_wconf 82' lang='lat' dir='ltr'><strong>Exstat</strong></span> <span class='ocrx_word' id='word_1_766' title='bbox 1064 4957 1204 5023; x_wconf 86' lang='lat' dir='ltr'><strong>apud</strong></span> <span class='ocrx_word' id='word_1_767' title='bbox 1231 4956 1291 5012; x_wconf 90' lang='lat' dir='ltr'><strong>S.</strong></span> <span class='ocrx_word' id='word_1_768' title='bbox 1316 4955 1597 5023; x_wconf 88' lang='lat' dir='ltr'><strong>Basilium,</strong></span> <span class='ocrx_word' id='word_1_769' title='bbox 1621 4958 1811 5015; x_wconf 88' lang='lat' dir='ltr'><strong>interr.</strong></span> 
     </span>
    </p>
   </div>
   <div class='ocr_carea' id='block_1_94' title="bbox 235 5025 1815 5100">
    <p class='ocr_par' dir='ltr' id='par_1_94' title="bbox 235 5025 1815 5100">
     <span class='ocr_line' id='line_1_94' title="bbox 235 5025 1815 5100; baseline 0.003 -18"><span class='ocrx_word' id='word_1_770' title='bbox 235 5025 309 5082; x_wconf 71' lang='lat' dir='ltr'><strong>i6</strong></span> <span class='ocrx_word' id='word_1_771' title='bbox 352 5025 543 5100; x_wconf 73' lang='lat' dir='ltr'><strong>Regni.</strong></span> <span class='ocrx_word' id='word_1_772' title='bbox 571 5026 746 5083; x_wconf 81' lang='lat' dir='ltr'><strong>fusius</strong></span> <span class='ocrx_word' id='word_1_773' title='bbox 783 5029 1211 5100; x_wconf 78' lang='lat' dir='ltr'><strong>disputaturum,</strong></span> <span class='ocrx_word' id='word_1_774' title='bbox 1265 5036 1321 5083; x_wconf 85' lang='lat' dir='ltr'><strong>et</strong></span> <span class='ocrx_word' id='word_1_775' title='bbox 1367 5029 1510 5100; x_wconf 84' lang='lat' dir='ltr'><strong>apud</strong></span> <span class='ocrx_word' id='word_1_776' title='bbox 1537 5027 1815 5097; x_wconf 83' lang='lat' dir='ltr'><strong>Rufinum,</strong></span> 
     </span>
    </p>
   </div>
   <div class='ocr_carea' id='block_1_95' title="bbox 234 5095 1039 5152">
    <p class='ocr_par' dir='ltr' id='par_1_95' title="bbox 234 5095 1039 5152">
     <span class='ocr_line' id='line_1_95' title="bbox 234 5095 1039 5152; baseline -0.005 0"><span class='ocrx_word' id='word_1_777' title='bbox 234 5112 361 5152; x_wconf 85' lang='lat' dir='ltr'><strong>can.</strong></span> <span class='ocrx_word' id='word_1_778' title='bbox 393 5095 458 5152; x_wconf 55' lang='lat'><strong>9.’</strong></span> <span class='ocrx_word' id='word_1_779' title='bbox 871 5095 888 5100; x_wconf 82' lang='grc'><em>’</em></span> <span class='ocrx_word' id='word_1_780' title='bbox 1036 5122 1039 5127; x_wconf 84' lang='grc'>·</span> 
     </span>
    </p>
   </div>
   <div class='ocr_carea' id='block_1_96' title="bbox 305 5112 1820 5237">
    <p class='ocr_par' dir='ltr' id='par_1_96' title="bbox 305 5112 1820 5237">
     <span class='ocr_line' id='line_1_96' title="bbox 305 5112 1820 5237; baseline 0.005 -18"><span class='ocrx_word' id='word_1_781' title='bbox 305 5112 361 5206; x_wconf 51' lang='grc' dir='ltr'><strong>ξ’</strong></span> <span class='ocrx_word' id='word_1_782' title='bbox 374 5112 499 5237; x_wconf 50' lang='grc' dir='ltr'><strong>ἔξω</strong></span> <span class='ocrx_word' id='word_1_783' title='bbox 514 5167 805 5237; x_wconf 70' lang='lat' dir='ltr'><strong>expediunt</strong></span> <span class='ocrx_word' id='word_1_784' title='bbox 848 5166 1009 5222; x_wconf 83' lang='lat' dir='ltr'><strong>stulto</strong></span> <span class='ocrx_word' id='word_1_785' title='bbox 1045 5166 1265 5223; x_wconf 74' lang='lat' dir='ltr'><strong>delicite.</strong></span> <span class='ocrx_word' id='word_1_786' title='bbox 1294 5167 1353 5223; x_wconf 89' lang='lat' dir='ltr'><strong>In</strong></span> <span class='ocrx_word' id='word_1_787' title='bbox 1379 5168 1631 5225; x_wconf 88' lang='lat' dir='ltr'><strong>versione</strong></span> <span class='ocrx_word' id='word_1_788' title='bbox 1671 5186 1820 5226; x_wconf 88' lang='lat' dir='ltr'><strong>com-</strong></span> 
     </span>
    </p>
   </div>
   <div class='ocr_carea' id='block_1_97' title="bbox 238 5235 1319 5295">
    <p class='ocr_par' dir='ltr' id='par_1_97' title="bbox 238 5235 1319 5295">
     <span class='ocr_line' id='line_1_97' title="bbox 238 5235 1319 5295; baseline -0.001 -2"><span class='ocrx_word' id='word_1_789' title='bbox 238 5235 397 5293; x_wconf 84' lang='lat' dir='ltr'><strong>muni</strong></span> <span class='ocrx_word' id='word_1_790' title='bbox 427 5255 440 5290; x_wconf 88' lang='lat'><strong>:</strong></span> <span class='ocrx_word' id='word_1_791' title='bbox 475 5235 600 5292; x_wconf 80' lang='lat' dir='ltr'><strong>Non</strong></span> <span class='ocrx_word' id='word_1_792' title='bbox 635 5238 818 5293; x_wconf 83' lang='lat' dir='ltr'><strong>decent</strong></span> <span class='ocrx_word' id='word_1_793' title='bbox 849 5240 1066 5295; x_wconf 86' lang='lat' dir='ltr'><strong>stultum</strong></span> <span class='ocrx_word' id='word_1_794' title='bbox 1096 5237 1319 5294; x_wconf 80' lang='lat' dir='ltr'><strong>delicite.</strong></span> 
     </span>
    </p>
   </div>
   <div class='ocr_carea' id='block_1_98' title="bbox 317 5302 1819 5378">
    <p class='ocr_par' dir='ltr' id='par_1_98' title="bbox 317 5302 1819 5378">
     <span class='ocr_line' id='line_1_98' title="bbox 317 5302 1819 5378; baseline 0.006 -21"><span class='ocrx_word' id='word_1_795' title='bbox 317 5315 340 5345; x_wconf 75' lang='grc' dir='ltr'><strong>ο</strong></span> <span class='ocrx_word' id='word_1_796' title='bbox 370 5302 551 5378; x_wconf 79' lang='lat' dir='ltr'><strong>_Vi_dut_t</strong></span> <span class='ocrx_word' id='word_1_797' title='bbox 576 5324 694 5378; x_wconf 71' lang='lat' dir='ltr'><strong>quae</strong></span> <span class='ocrx_word' id='word_1_798' title='bbox 716 5306 1001 5378; x_wconf 84' lang='lat' dir='ltr'><strong>in__deliciis</strong></span> <span class='ocrx_word' id='word_1_799' title='bbox 1030 5309 1170 5369; x_wconf 78' lang='lat' dir='ltr'><strong>vivit,</strong></span> <span class='ocrx_word' id='word_1_800' title='bbox 1202 5317 1409 5378; x_wconf 87' lang='lat' dir='ltr'><strong>mortua</strong></span> <span class='ocrx_word' id='word_1_801' title='bbox 1436 5318 1531 5364; x_wconf 86' lang='lat' dir='ltr'><strong>est.</strong></span> <span class='ocrx_word' id='word_1_802' title='bbox 1568 5308 1734 5378; x_wconf 79' lang='lat' dir='ltr'><strong>Lege,</strong></span> <span class='ocrx_word' id='word_1_803' title='bbox 1759 5319 1819 5365; x_wconf 88' lang='lat' dir='ltr'><strong>ut</strong></span> 
     </span>
    </p>
   </div>
   <div class='ocr_carea' id='block_1_99' title="bbox 241 5374 1823 5449">
    <p class='ocr_par' dir='ltr' id='par_1_99' title="bbox 241 5374 1823 5449">
     <span class='ocr_line' id='line_1_99' title="bbox 241 5374 1823 5449; baseline 0.004 -20"><span class='ocrx_word' id='word_1_804' title='bbox 241 5374 388 5446; x_wconf 85' lang='lat' dir='ltr'><strong>apud</strong></span> <span class='ocrx_word' id='word_1_805' title='bbox 426 5374 721 5449; x_wconf 79' lang='lat' dir='ltr'><strong>Ruﬁnum;</strong></span> <span class='ocrx_word' id='word_1_806' title='bbox 766 5375 1134 5449; x_wconf 39' lang='lat' dir='ltr'><strong>Vidua,un</strong></span> <span class='ocrx_word' id='word_1_807' title='bbox 1160 5378 1219 5431; x_wconf 84' lang='lat' dir='ltr'><strong>in</strong></span> <span class='ocrx_word' id='word_1_808' title='bbox 1246 5377 1447 5434; x_wconf 86' lang='lat' dir='ltr'><strong>deliciis</strong></span> <span class='ocrx_word' id='word_1_809' title='bbox 1491 5388 1603 5444; x_wconf 89' lang='lat' dir='ltr'><strong>est,</strong></span> <span class='ocrx_word' id='word_1_810' title='bbox 1650 5374 1823 5441; x_wconf 61' lang='lat' dir='ltr'><strong>uiuens</strong></span> 
     </span>
    </p>
   </div>
   <div class='ocr_carea' id='block_1_100' title="bbox 239 5445 1822 5526">
    <p class='ocr_par' dir='ltr' id='par_1_100' title="bbox 239 5445 1822 5526">
     <span class='ocr_line' id='line_1_100' title="bbox 239 5445 1822 5526; baseline 0.004 -29"><span class='ocrx_word' id='word_1_811' title='bbox 239 5445 459 5526; x_wconf 62' lang='lat' dir='ltr'><strong>mortua</strong></span> <span class='ocrx_word' id='word_1_812' title='bbox 481 5456 579 5513; x_wconf 86' lang='lat' dir='ltr'><strong>est,</strong></span> <span class='ocrx_word' id='word_1_813' title='bbox 615 5458 673 5500; x_wconf 91' lang='lat' dir='ltr'><strong>ut</strong></span> <span class='ocrx_word' id='word_1_814' title='bbox 699 5448 753 5502; x_wconf 88' lang='lat' dir='ltr'><strong>in</strong></span> <span class='ocrx_word' id='word_1_815' title='bbox 778 5445 1029 5526; x_wconf 80' lang='lat' dir='ltr'><strong>Apostolo</strong></span> <span class='ocrx_word' id='word_1_816' title='bbox 1056 5463 1076 5502; x_wconf 89' lang='lat'><strong><em>:</em></strong></span> <span class='ocrx_word' id='word_1_817' title='bbox 1105 5445 1246 5526; x_wconf 73' lang='lat' dir='ltr'><strong>Nam</strong></span> <span class='ocrx_word' id='word_1_818' title='bbox 1274 5464 1391 5526; x_wconf 72' lang='lat' dir='ltr'><strong>aute</strong></span> <span class='ocrx_word' id='word_1_819' title='bbox 1420 5450 1477 5503; x_wconf 88' lang='lat' dir='ltr'><strong>in</strong></span> <span class='ocrx_word' id='word_1_820' title='bbox 1503 5449 1706 5526; x_wconf 72' lang='lat' dir='ltr'><strong>deliciis</strong></span> <span class='ocrx_word' id='word_1_821' title='bbox 1724 5460 1822 5516; x_wconf 83' lang='lat' dir='ltr'><strong>est,</strong></span> 
     </span>
    </p>
   </div>
   <div class='ocr_carea' id='block_1_101' title="bbox 242 5518 1821 5583">
    <p class='ocr_par' dir='ltr' id='par_1_101' title="bbox 242 5518 1821 5583">
     <span class='ocr_line' id='line_1_101' title="bbox 242 5518 1821 5583; baseline 0.006 -15"><span class='ocrx_word' id='word_1_822' title='bbox 242 5518 420 5583; x_wconf 73' lang='lat' dir='ltr'><strong>vivens</strong></span> <span class='ocrx_word' id='word_1_823' title='bbox 466 5527 676 5572; x_wconf 85' lang='lat' dir='ltr'><strong>mortua</strong></span> <span class='ocrx_word' id='word_1_824' title='bbox 718 5526 795 5572; x_wconf 88' lang='lat' dir='ltr'><strong>est</strong></span> <span class='ocrx_word' id='word_1_825' title='bbox 829 5533 849 5573; x_wconf 91' lang='lat'><strong><em>:</em></strong></span> <span class='ocrx_word' id='word_1_826' title='bbox 885 5521 968 5573; x_wconf 73' lang='grc' dir='ltr'><strong>καὶ</strong></span> <span class='ocrx_word' id='word_1_827' title='bbox 1009 5518 1329 5574; x_wconf 58' lang='lat' dir='ltr'><strong>anaremos:</strong></span> <span class='ocrx_word' id='word_1_828' title='bbox 1376 5523 1522 5583; x_wconf 77' lang='grc' dir='ltr'><strong>ζῶσα</strong></span> <span class='ocrx_word' id='word_1_829' title='bbox 1569 5520 1821 5578; x_wconf 75' lang='grc' dir='ltr'><strong>τέθνηκεν.</strong></span> 
     </span>
    </p>
   </div>
   <div class='ocr_carea' id='block_1_102' title="bbox 246 5580 1827 5671">
    <p class='ocr_par' dir='ltr' id='par_1_102' title="bbox 246 5580 1827 5671">
     <span class='ocr_line' id='line_1_102' title="bbox 246 5580 1827 5671; baseline 0.006 -34"><span class='ocrx_word' id='word_1_830' title='bbox 246 5580 1080 5671; x_wconf 22' lang='grc' dir='ltr'><strong>ρρίλσςῖταταλῷσαιξρπαξοξλῶ,</strong></span> <span class='ocrx_word' id='word_1_831' title='bbox 1126 5580 1497 5671; x_wconf 52' lang='grc' dir='ltr'><strong>ἀειίσίιξε-ἇςο,</strong></span> <span class='ocrx_word' id='word_1_832' title='bbox 1544 5588 1597 5671; x_wconf 77' lang='lat' dir='ltr'><strong>i_u</strong></span> <span class='ocrx_word' id='word_1_833' title='bbox 1628 5589 1827 5671; x_wconf 68' lang='lat' dir='ltr'><strong>glossis</strong></span> 
     </span>
    </p>
   </div>
   <div class='ocr_carea' id='block_1_103' title="bbox 248 5652 1819 5766">
    <p class='ocr_par' dir='ltr' id='par_1_103' title="bbox 248 5652 1819 5766">
     <span class='ocr_line' id='line_1_103' title="bbox 248 5652 1819 5766; baseline 0.006 -59"><span class='ocrx_word' id='word_1_834' title='bbox 248 5652 541 5736; x_wconf 60' lang='lat' dir='ltr'><strong>veteribus.</strong></span> <span class='ocrx_word' id='word_1_835' title='bbox 574 5657 730 5738; x_wconf 52' lang='lat' dir='ltr'><strong>.Apud</strong></span> <span class='ocrx_word' id='word_1_836' title='bbox 752 5656 1100 5728; x_wconf 83' lang='lat' dir='ltr'><strong>Hesychium,</strong></span> <span class='ocrx_word' id='word_1_837' title='bbox 1122 5659 1390 5729; x_wconf 80' lang='grc' dir='ltr'><strong>σπαταλᾷ,</strong></span> <span class='ocrx_word' id='word_1_838' title='bbox 1409 5652 1600 5766; x_wconf 58' lang='grc' dir='ltr'><strong>ὶςυφᾷ,</strong></span> <span class='ocrx_word' id='word_1_839' title='bbox 1630 5652 1688 5716; x_wconf 81' lang='lat' dir='ltr'><strong>id</strong></span> <span class='ocrx_word' id='word_1_840' title='bbox 1715 5671 1819 5726; x_wconf 88' lang='lat' dir='ltr'><strong>est,</strong></span> 
     </span>
     <span class='ocr_line' id='line_1_104' title="bbox 250 5718 1819 5766; baseline 0 0"><span class='ocrx_word' id='word_1_841' title='bbox 250 5718 507 5766; x_wconf 68' lang='lat' dir='ltr'><strong>deimman</strong></span> <span class='ocrx_word' id='word_1_842' title='bbox 538 5728 668 5766; x_wconf 70' lang='lat' dir='ltr'><strong>mvil</strong></span> <span class='ocrx_word' id='word_1_843' title='bbox 719 5726 853 5766; x_wconf 73' lang='lat' dir='ltr'><strong>“inn</strong></span> <span class='ocrx_word' id='word_1_844' title='bbox 876 5726 1115 5766; x_wconf 59' lang='grc' dir='ltr'><strong>,γραφη-Ἲς.</strong></span> <span class='ocrx_word' id='word_1_845' title='bbox 1164 5726 1382 5766; x_wconf 65' lang='grc' dir='ltr'><strong>Ιειαιιίνίῃ</strong></span> <span class='ocrx_word' id='word_1_846' title='bbox 1431 5749 1445 5766; x_wconf 83' lang='grc' dir='ltr'><strong>ι</strong></span> <span class='ocrx_word' id='word_1_847' title='bbox 1467 5730 1636 5766; x_wconf 64' lang='lat' dir='ltr'><strong>Alit-im</strong></span> <span class='ocrx_word' id='word_1_848' title='bbox 1688 5730 1819 5766; x_wconf 68' lang='lat' dir='ltr'><strong>Mula</strong></span> 
     </span>
    </p>
   </div>
   <div class='ocr_carea' id='block_1_104' title="bbox 250 5718 1824 5797">
    <p class='ocr_par' dir='ltr' id='par_1_104' title="bbox 250 5718 1824 5797">
     <span class='ocr_line' id='line_1_105' title="bbox 250 5718 1824 5797; baseline 0.006 -18"><span class='ocrx_word' id='word_1_849' title='bbox 250 5718 507 5783; x_wconf 86' lang='lat' dir='ltr'><strong>deliciose</strong></span> <span class='ocrx_word' id='word_1_850' title='bbox 538 5718 691 5782; x_wconf 82' lang='lat' dir='ltr'><strong>vivit.</strong></span> <span class='ocrx_word' id='word_1_851' title='bbox 717 5718 1136 5796; x_wconf 64' lang='lat' dir='ltr'><strong>Hinc&#39;amrﬂn,</strong></span> <span class='ocrx_word' id='word_1_852' title='bbox 1163 5718 1406 5797; x_wconf 76' lang='lat' dir='ltr'><strong>lascivia,</strong></span> <span class='ocrx_word' id='word_1_853' title='bbox 1431 5718 1656 5787; x_wconf 71' lang='lat' dir='ltr'><strong>deliciae.</strong></span> <span class='ocrx_word' id='word_1_854' title='bbox 1687 5718 1824 5788; x_wconf 81' lang='lat' dir='ltr'><strong>Male</strong></span> 
     </span>
    </p>
   </div>
   <div class='ocr_carea' id='block_1_105' title="bbox 1923 4534 3507 4596">
    <p class='ocr_par' dir='ltr' id='par_1_105' title="bbox 1923 4534 3507 4596">
     <span class='ocr_line' id='line_1_106' title="bbox 1923 4534 3507 4596; baseline -0.006 0"><span class='ocrx_word' id='word_1_855' title='bbox 1923 4542 2120 4596; x_wconf 84' lang='lat' dir='ltr'><strong>iterum</strong></span> <span class='ocrx_word' id='word_1_856' title='bbox 2153 4558 2166 4594; x_wconf 90' lang='lat'><strong>:</strong></span> <span class='ocrx_word' id='word_1_857' title='bbox 2201 4538 2407 4595; x_wconf 83' lang='lat' dir='ltr'><strong>Stultus</strong></span> <span class='ocrx_word' id='word_1_858' title='bbox 2439 4539 2495 4591; x_wconf 88' lang='lat' dir='ltr'><strong>in</strong></span> <span class='ocrx_word' id='word_1_859' title='bbox 2518 4538 2629 4591; x_wconf 86' lang='lat' dir='ltr'><strong>risu</strong></span> <span class='ocrx_word' id='word_1_860' title='bbox 2663 4536 2862 4590; x_wconf 68' lang='lat' dir='ltr'><strong>exultat</strong></span> <span class='ocrx_word' id='word_1_861' title='bbox 2886 4551 3063 4590; x_wconf 79' lang='lat' dir='ltr'><strong>uocem</strong></span> <span class='ocrx_word' id='word_1_862' title='bbox 3087 4550 3239 4589; x_wconf 88' lang='lat' dir='ltr'><strong>suam</strong></span> <span class='ocrx_word' id='word_1_863' title='bbox 3265 4547 3284 4586; x_wconf 93' lang='lat'><strong><em>:</em></strong></span> <span class='ocrx_word' id='word_1_864' title='bbox 3313 4534 3389 4589; x_wconf 78' lang='lat' dir='ltr'><strong>vir</strong></span> <span class='ocrx_word' id='word_1_865' title='bbox 3408 4551 3507 4587; x_wconf 79' lang='lat' dir='ltr'><strong>.m-</strong></span> 
     </span>
    </p>
   </div>
   <div class='ocr_carea' id='block_1_106' title="bbox 1922 4623 3507 4702">
    <p class='ocr_par' dir='ltr' id='par_1_106' title="bbox 1922 4623 3507 4702">
     <span class='ocr_line' id='line_1_107' title="bbox 1922 4623 3507 4702; baseline -0.004 -16"><span class='ocrx_word' id='word_1_866' title='bbox 1922 4640 2026 4686; x_wconf 81' lang='lat' dir='ltr'><strong>tent</strong></span> <span class='ocrx_word' id='word_1_867' title='bbox 2062 4633 2270 4702; x_wconf 86' lang='lat' dir='ltr'><strong>sapiens</strong></span> <span class='ocrx_word' id='word_1_868' title='bbox 2307 4631 2392 4684; x_wconf 77' lang='lat' dir='ltr'><strong>via:</strong></span> <span class='ocrx_word' id='word_1_869' title='bbox 2432 4629 2588 4683; x_wconf 87' lang='lat' dir='ltr'><strong>tacite</strong></span> <span class='ocrx_word' id='word_1_870' title='bbox 2633 4626 2819 4682; x_wconf 86' lang='lat' dir='ltr'><strong>ridebit</strong></span> <span class='ocrx_word' id='word_1_871' title='bbox 2868 4624 3059 4699; x_wconf 87' lang='lat' dir='ltr'><strong>(Eccli.</strong></span> <span class='ocrx_word' id='word_1_872' title='bbox 3091 4624 3206 4695; x_wconf 78' lang='lat' dir='ltr'><strong>xx).</strong></span> <span class='ocrx_word' id='word_1_873' title='bbox 3256 4623 3507 4680; x_wconf 85' lang='lat' dir='ltr'><strong>Ostendit</strong></span> 
     </span>
    </p>
   </div>
   <div class='ocr_carea' id='block_1_107' title="bbox 1922 4713 3507 4785">
    <p class='ocr_par' dir='ltr' id='par_1_107' title="bbox 1922 4713 3507 4785">
     <span class='ocr_line' id='line_1_108' title="bbox 1922 4713 3507 4785; baseline -0.005 -7"><span class='ocrx_word' id='word_1_874' title='bbox 1922 4731 2104 4777; x_wconf 87' lang='lat' dir='ltr'><strong>autem</strong></span> <span class='ocrx_word' id='word_1_875' title='bbox 2148 4719 2411 4775; x_wconf 91' lang='lat' dir='ltr'><strong>Dominus</strong></span> <span class='ocrx_word' id='word_1_876' title='bbox 2448 4718 2502 4772; x_wconf 91' lang='lat' dir='ltr'><strong>in</strong></span> <span class='ocrx_word' id='word_1_877' title='bbox 2554 4719 2847 4785; x_wconf 89' lang='lat' dir='ltr'><strong>semetipso</strong></span> <span class='ocrx_word' id='word_1_878' title='bbox 2894 4716 3235 4772; x_wconf 87' lang='lat' dir='ltr'><strong>necessarias</strong></span> <span class='ocrx_word' id='word_1_879' title='bbox 3284 4713 3507 4784; x_wconf 88' lang='lat' dir='ltr'><strong>quidem</strong></span> 
     </span>
    </p>
   </div>
   <div class='ocr_carea' id='block_1_108' title="bbox 1919 4805 3507 4878">
    <p class='ocr_par' dir='ltr' id='par_1_108' title="bbox 1919 4805 3507 4878">
     <span class='ocr_line' id='line_1_109' title="bbox 1919 4805 3507 4878; baseline -0.004 -6"><span class='ocrx_word' id='word_1_880' title='bbox 1919 4814 2104 4872; x_wconf 83' lang='lat' dir='ltr'><strong>carnis</strong></span> <span class='ocrx_word' id='word_1_881' title='bbox 2123 4811 2378 4867; x_wconf 84' lang='lat' dir='ltr'><strong>habuisse</strong></span> <span class='ocrx_word' id='word_1_882' title='bbox 2391 4809 2693 4876; x_wconf 85' lang='lat' dir='ltr'><strong>passiones,</strong></span> <span class='ocrx_word' id='word_1_883' title='bbox 2711 4809 2763 4864; x_wconf 94' lang='lat' dir='ltr'><strong>id</strong></span> <span class='ocrx_word' id='word_1_884' title='bbox 2783 4816 2889 4873; x_wconf 87' lang='lat' dir='ltr'><strong>est,</strong></span> <span class='ocrx_word' id='word_1_885' title='bbox 2912 4823 3032 4878; x_wconf 84' lang='lat' dir='ltr'><strong>quae</strong></span> <span class='ocrx_word' id='word_1_886' title='bbox 3045 4807 3281 4870; x_wconf 89' lang='lat' dir='ltr'><strong>virtutis,</strong></span> <span class='ocrx_word' id='word_1_887' title='bbox 3301 4805 3507 4865; x_wconf 90' lang='lat' dir='ltr'><strong>ferrent</strong></span> 
     </span>
    </p>
   </div>
   <div class='ocr_carea' id='block_1_109' title="bbox 1924 4957 3501 5051">
    <p class='ocr_par' dir='ltr' id='par_1_109' title="bbox 1924 4957 3501 5051">
     <span class='ocr_line' id='line_1_110' title="bbox 1924 4957 3501 5051; baseline -0.003 -32"><span class='ocrx_word' id='word_1_888' title='bbox 1924 4962 2083 5051; x_wconf 36' lang='lat' dir='ltr'><strong>apud,</strong></span> <span class='ocrx_word' id='word_1_889' title='bbox 2122 4960 2673 5051; x_wconf 47' lang='grc' dir='ltr'><strong>Δ,ειςζτετέιλινη</strong></span> <span class='ocrx_word' id='word_1_890' title='bbox 2728 4963 2904 5034; x_wconf 63' lang='grc' dir='ltr'><strong>τροφή.</strong></span> <span class='ocrx_word' id='word_1_891' title='bbox 2964 4957 3275 5029; x_wconf 76' lang='lat' dir='ltr'><strong>Legendum</strong></span> <span class='ocrx_word' id='word_1_892' title='bbox 3333 4960 3501 5026; x_wconf 84' lang='lat' dir='ltr'><strong>enim,</strong></span> 
     </span>
    </p>
   </div>
   <div class='ocr_carea' id='block_1_110' title="bbox 1921 5030 3508 5182">
    <p class='ocr_par' dir='ltr' id='par_1_110' title="bbox 1921 5030 3508 5182">
     <span class='ocr_line' id='line_1_111' title="bbox 1921 5030 2841 5109; baseline -0.015 -18"><span class='ocrx_word' id='word_1_893' title='bbox 1921 5030 2107 5109; x_wconf 63' lang='grc' dir='ltr'><strong>τρυφή,</strong></span> <span class='ocrx_word' id='word_1_894' title='bbox 2147 5032 2202 5087; x_wconf 91' lang='lat' dir='ltr'><strong>id</strong></span> <span class='ocrx_word' id='word_1_895' title='bbox 2222 5039 2330 5095; x_wconf 88' lang='lat' dir='ltr'><strong>est,</strong></span> <span class='ocrx_word' id='word_1_896' title='bbox 2354 5030 2577 5084; x_wconf 66' lang='lat' dir='ltr'><strong>deliciae.</strong></span> <span class='ocrx_word' id='word_1_897' title='bbox 2762 5030 2772 5034; x_wconf 78' lang='lat'><em>&#39;</em></span> <span class='ocrx_word' id='word_1_898' title='bbox 2826 5030 2841 5034; x_wconf 83' lang='grc'><strong><em>“</em></strong></span> 
     </span>
     <span class='ocr_line' id='line_1_112' title="bbox 1937 5096 3508 5182; baseline -0.003 -25"><span class='ocrx_word' id='word_1_899' title='bbox 1937 5173 1951 5182; x_wconf 84' lang='lat'>_</span> <span class='ocrx_word' id='word_1_900' title='bbox 1992 5103 2020 5143; x_wconf 74' lang='grc' dir='ltr'><strong><em>ἀ</em></strong></span> <span class='ocrx_word' id='word_1_901' title='bbox 2059 5100 2408 5182; x_wconf 59' lang='grc' dir='ltr'><strong>ϐοῃιεεερζεε.</strong></span> <span class='ocrx_word' id='word_1_902' title='bbox 2442 5097 2692 5182; x_wconf 76' lang='lat' dir='ltr'><strong>lta_apud</strong></span> <span class='ocrx_word' id='word_1_903' title='bbox 2720 5096 2996 5182; x_wconf 79' lang='lat' dir='ltr'><strong>Rufinum.</strong></span> <span class='ocrx_word' id='word_1_904' title='bbox 3040 5096 3101 5152; x_wconf 84' lang='lat' dir='ltr'><strong>in</strong></span> <span class='ocrx_word' id='word_1_905' title='bbox 3137 5105 3290 5152; x_wconf 75' lang='lat' dir='ltr'><strong>textu</strong></span> <span class='ocrx_word' id='word_1_906' title='bbox 3313 5097 3508 5153; x_wconf 65' lang='lat' dir='ltr'><strong>Graeco</strong></span> 
     </span>
    </p>
   </div>
   <div class='ocr_carea' id='block_1_111' title="bbox 1922 5167 3117 5244">
    <p class='ocr_par' dir='ltr' id='par_1_111' title="bbox 1922 5167 3117 5244">
     <span class='ocr_line' id='line_1_113' title="bbox 1922 5167 3117 5244; baseline -0.006 -16"><span class='ocrx_word' id='word_1_907' title='bbox 1922 5172 2188 5244; x_wconf 68' lang='lat' dir='ltr'><strong>Apostoli,</strong></span> <span class='ocrx_word' id='word_1_908' title='bbox 2219 5170 2468 5234; x_wconf 77' lang='grc' dir='ltr'><strong>διάϐολοι,</strong></span> <span class='ocrx_word' id='word_1_909' title='bbox 2499 5167 2681 5244; x_wconf 85' lang='lat' dir='ltr'><strong>est,</strong></span> <span class='ocrx_word' id='word_1_910' title='bbox 2701 5168 3117 5244; x_wconf 63' lang='lat' dir='ltr'><strong>criminatores.</strong></span> 
     </span>
    </p>
   </div>
   <div class='ocr_carea' id='block_1_112' title="bbox 2000 5236 3509 5313">
    <p class='ocr_par' dir='ltr' id='par_1_112' title="bbox 2000 5236 3509 5313">
     <span class='ocr_line' id='line_1_114' title="bbox 2000 5236 3509 5313; baseline -0.003 -17"><span class='ocrx_word' id='word_1_911' title='bbox 2000 5254 2025 5284; x_wconf 79' lang='grc' dir='ltr'><strong>ο</strong></span> <span class='ocrx_word' id='word_1_912' title='bbox 2054 5236 2393 5297; x_wconf 88' lang='lat' dir='ltr'><strong>Delectamur</strong></span> <span class='ocrx_word' id='word_1_913' title='bbox 2440 5238 2651 5313; x_wconf 83' lang='lat' dir='ltr'><strong>quidem</strong></span> <span class='ocrx_word' id='word_1_914' title='bbox 2689 5239 2793 5294; x_wconf 79' lang='lat' dir='ltr'><strong>hic.</strong></span> <span class='ocrx_word' id='word_1_915' title='bbox 2844 5236 3150 5294; x_wconf 84' lang='lat' dir='ltr'><strong>Desiderari</strong></span> <span class='ocrx_word' id='word_1_916' title='bbox 3193 5236 3409 5292; x_wconf 87' lang='lat' dir='ltr'><strong>videtur</strong></span> <span class='ocrx_word' id='word_1_917' title='bbox 3445 5237 3509 5292; x_wconf 74' lang='grc' dir='ltr'><strong>τὸ</strong></span> 
     </span>
    </p>
   </div>
   <div class='ocr_carea' id='block_1_113' title="bbox 1926 5329 3505 5449">
    <p class='ocr_par' dir='ltr' id='par_1_113' title="bbox 1926 5329 3505 5449">
     <span class='ocr_line' id='line_1_115' title="bbox 1926 5329 3505 5449; baseline -0.004 -11"><span class='ocrx_word' id='word_1_918' title='bbox 1926 5329 2209 5438; x_wconf 52' lang='grc' dir='ltr'><strong>ω’ῗὲἲῖὶη</strong></span> <span class='ocrx_word' id='word_1_919' title='bbox 2236 5382 2293 5435; x_wconf 89' lang='lat' dir='ltr'><strong>in</strong></span> <span class='ocrx_word' id='word_1_920' title='bbox 2323 5380 2662 5434; x_wconf 61' lang='lat' dir='ltr'><strong>continentiae</strong></span> <span class='ocrx_word' id='word_1_921' title='bbox 2688 5379 2915 5449; x_wconf 83' lang='lat' dir='ltr'><strong>signum,</strong></span> <span class='ocrx_word' id='word_1_922' title='bbox 2949 5376 3214 5449; x_wconf 66' lang='lat' dir='ltr'><strong>etc._l_iec</strong></span> <span class='ocrx_word' id='word_1_923' title='bbox 3235 5374 3505 5449; x_wconf 81' lang='lat' dir='ltr'><strong>habentur</strong></span> 
     </span>
    </p>
   </div>
   <div class='ocr_carea' id='block_1_114' title="bbox 1925 5445 3504 5533">
    <p class='ocr_par' dir='ltr' id='par_1_114' title="bbox 1925 5445 3504 5533">
     <span class='ocr_line' id='line_1_116' title="bbox 1925 5445 3504 5533; baseline -0.005 -27"><span class='ocrx_word' id='word_1_924' title='bbox 1925 5455 2066 5533; x_wconf 77' lang='lat' dir='ltr'><strong>apud</strong></span> <span class='ocrx_word' id='word_1_925' title='bbox 2207 5450 2467 5505; x_wconf 85' lang='lat' dir='ltr'><strong>Basilium</strong></span> <span class='ocrx_word' id='word_1_926' title='bbox 2515 5450 2688 5533; x_wconf 43' lang='lat' dir='ltr'><strong>circa.</strong></span> <span class='ocrx_word' id='word_1_927' title='bbox 2709 5445 2922 5533; x_wconf 74' lang='lat' dir='ltr'><strong>initium</strong></span> <span class='ocrx_word' id='word_1_928' title='bbox 2962 5447 3157 5517; x_wconf 88' lang='lat' dir='ltr'><strong>capitis</strong></span> <span class='ocrx_word' id='word_1_929' title='bbox 3199 5445 3504 5516; x_wconf 87' lang='lat' dir='ltr'><strong>sequentis,</strong></span> 
     </span>
    </p>
   </div>
   <div class='ocr_carea' id='block_1_115' title="bbox 1925 5516 3507 5674">
    <p class='ocr_par' dir='ltr' id='par_1_115' title="bbox 1925 5516 3507 5674">
     <span class='ocr_line' id='line_1_117' title="bbox 1925 5516 3043 5592; baseline -0.004 -16"><span class='ocrx_word' id='word_1_930' title='bbox 1925 5516 2068 5592; x_wconf 79' lang='lat' dir='ltr'><strong>quod</strong></span> <span class='ocrx_word' id='word_1_931' title='bbox 2103 5523 2374 5592; x_wconf 76' lang='lat' dir='ltr'><strong>integrum</strong></span> <span class='ocrx_word' id='word_1_932' title='bbox 2416 5535 2525 5575; x_wconf 91' lang='lat' dir='ltr'><strong>non</strong></span> <span class='ocrx_word' id='word_1_933' title='bbox 2560 5516 2851 5588; x_wconf 80' lang='lat' dir='ltr'><strong>profertur.</strong></span> <span class='ocrx_word' id='word_1_934' title='bbox 3040 5516 3043 5517; x_wconf 62' lang='grc'><strong><em>⁷</em></strong></span> 
     </span>
     <span class='ocr_line' id='line_1_118' title="bbox 2001 5585 3507 5674; baseline 0.001 0"><span class='ocrx_word' id='word_1_935' title='bbox 2001 5594 2027 5632; x_wconf 74' lang='grc' dir='ltr'><strong>ε</strong></span> <span class='ocrx_word' id='word_1_936' title='bbox 2054 5590 2446 5674; x_wconf 39' lang='lat' dir='ltr'><strong>ﬂaviniaque.</strong></span> <span class='ocrx_word' id='word_1_937' title='bbox 2624 5585 3507 5674; x_wconf 54' lang='grc' dir='ltr'><strong>ανηεπιὲειτης.ῌωο,εςιξιφξίε,ιοη</strong></span> 
     </span>
    </p>
   </div>
   <div class='ocr_carea' id='block_1_116' title="bbox 1928 5656 3503 5798">
    <p class='ocr_par' dir='ltr' id='par_1_116' title="bbox 1928 5656 3503 5798">
     <span class='ocr_line' id='line_1_119' title="bbox 1928 5656 3503 5733; baseline -0.003 -15"><span class='ocrx_word' id='word_1_938' title='bbox 1928 5662 2202 5733; x_wconf 88' lang='lat' dir='ltr'><strong>reperitur</strong></span> <span class='ocrx_word' id='word_1_939' title='bbox 2225 5661 2281 5715; x_wconf 92' lang='lat' dir='ltr'><strong>in</strong></span> <span class='ocrx_word' id='word_1_940' title='bbox 2310 5656 2461 5716; x_wconf 75' lang='lat' dir='ltr'><strong>textu</strong></span> <span class='ocrx_word' id='word_1_941' title='bbox 2482 5659 2671 5716; x_wconf 71' lang='lat' dir='ltr'><strong>Crteoo</strong></span> <span class='ocrx_word' id='word_1_942' title='bbox 2708 5656 2767 5714; x_wconf 91' lang='lat' dir='ltr'><strong>S.</strong></span> <span class='ocrx_word' id='word_1_943' title='bbox 2798 5657 3020 5724; x_wconf 85' lang='lat' dir='ltr'><strong>Basilii,</strong></span> <span class='ocrx_word' id='word_1_944' title='bbox 3051 5665 3111 5713; x_wconf 92' lang='lat' dir='ltr'><strong>ut</strong></span> <span class='ocrx_word' id='word_1_945' title='bbox 3139 5671 3243 5712; x_wconf 90' lang='lat' dir='ltr'><strong>nec</strong></span> <span class='ocrx_word' id='word_1_946' title='bbox 3274 5664 3333 5714; x_wconf 86' lang='lat' dir='ltr'><strong>et</strong></span> <span class='ocrx_word' id='word_1_947' title='bbox 3368 5657 3459 5713; x_wconf 87' lang='lat' dir='ltr'><strong>illa</strong></span> <span class='ocrx_word' id='word_1_948' title='bbox 3487 5673 3503 5713; x_wconf 91' lang='lat'><strong>:</strong></span> 
     </span>
     <span class='ocr_line' id='line_1_120' title="bbox 1936 5730 2367 5798; baseline -0.002 -11"><span class='ocrx_word' id='word_1_949' title='bbox 1936 5730 2027 5789; x_wconf 73' lang='lat' dir='ltr'><strong>Vw</strong></span> <span class='ocrx_word' id='word_1_950' title='bbox 2054 5731 2218 5798; x_wconf 80' lang='lat' dir='ltr'><strong>vobis,</strong></span> <span class='ocrx_word' id='word_1_951' title='bbox 2257 5741 2367 5790; x_wconf 89' lang='lat' dir='ltr'><strong>etc.</strong></span> 
     </span>
    </p>
   </div>
  </div>
