3948 6182
426 327 564 385 “39

1423 325 1479 380 S.
1518 325 1879 382 BENEDlCTl
1917 327 2209 383 ABBATIS
2248 330 2658 387 ANIANENSIS

3555 344 3679 401 ilio

422 454 529 500 tem
562 442 897 515 Septembris
921 454 945 482 ιι
969 455 1139 511 usque
1174 439 1241 496 ad
1274 446 1436 511 caput
1473 438 1900 509 quadragesimae
1934 438 2002 493 ad
2028 442 2076 501 Α
2105 439 2311 496 Natalis
2356 442 2566 498 Domini
2617 458 2788 513 usque
2826 445 2893 499 ad
2934 445 3405 505 circumcisionem
3451 451 3683 509 solemne

422 553 619 593 nonam
645 550 853 606 semper
883 531 1149 590 reﬁciant.
1194 531 1252 587 ln
1291 530 1704 603 quadragesima
1733 544 1904 599 usque
1932 530 2001 586 ad

418 629 625 686 Pascha
656 628 724 682 ad
745 640 1024 697 vesperam
1051 623 1319 679 reficiant.
1361 622 1389 663 ι’
1420 622 1537 692 Ipsa
1564 628 1747 677 tamen
1775 635 2000 691 vespera

417 722 501 777 sic
541 727 752 791 agatur,
795 727 856 772 ut
892 715 1098 771 lumine
1133 713 1371 770 lucernae
1406 727 1514 767 non
1561 710 1834 782 indigeant
1872 708 1998 765 refi-

416 812 643 877 cientes,
672 821 696 851 °
724 811 819 866 sed
843 809 962 864 luce
986 808 1162 863 adhuc
1186 806 1290 862 diei
1321 804 1502 861 omnia
1535 810 1996 859 consummentur.

417 904 525 960 Sed
548 913 605 959 et
629 902 776 959 omni
801 910 1041 971 tempore
1062 898 1090 941 ἀ
1115 899 1229 954 sive
1247 911 1446 961 orente,
1479 906 1503 934 ε
1533 894 1647 950 sive
1671 890 1997 955 refectionis,

422 996 443 1036 τ
474 996 610 1052 hera
634 996 714 1051 sic
736 1002 1086 1064 temperetur,
1118 993 1143 1031 ⁸
1170 996 1230 1045 ut
1260 1003 1381 1044 cum
1412 986 1530 1042 luce
1559 984 1691 1039 fiant
1725 983 1926 1038 omnia.

560 1085 589 1158 §
620 1084 857 1140 ll.-—Ex
885 1085 1105 1139 Recens
1130 1095 1317 1136 ssnon
1346 1079 1544 1134 lsrnout
1572 1078 1709 1148 (cap.
1744 1074 1852 1146 ll).

483 1177 515 1217 ιι
564 1174 622 1230 ln
670 1173 964 1230 refectione
1011 1172 1396 1226 monachorum
1435 1185 1467 1223 a
1505 1168 1695 1223 diebus
1743 1165 1999 1219 Penteco-

414 1272 528 1321 stes
565 1265 583 1305 ί
618 1278 792 1333 usque
816 1264 886 1318 ad
906 1261 1148 1316 autumni
1174 1259 1523 1330 principium,
1548 1266 1658 1312 tota
1683 1264 1843 1311 aestas
1872 1267 1885 1305 ι
1923 1255 2001 1309 in-

414 1356 658 1411 terdiana
688 1355 912 1425 prandia
953 1353 1145 1408 invitat
1173 1373 1187 1406 ;
1221 1351 1487 1421 reliquum
1529 1357 1740 1418 tempus
1775 1361 1999 1415 suspen—

413 1446 515 1512 dit,
543 1444 768 1515 prandia
797 1458 1008 1498 cumam
1042 1449 1249 1495 tantum
1274 1439 1512 1510 apponit.

694 1535 722 1607 §
759 1532 1077 1589 lll.—Item
1122 1531 1355 1602 ejusdem
1400 1528 1538 1602 (cap.
1588 1528 1693 1599 1‘2).

484 1626 511 1665 ιι
553 1624 679 1680 [iam
712 1631 839 1679 sunt
878 1621 1027 1677 ferize
1060 1621 1447 1675 monachorum
1483 1619 1537 1673 in
1576 1617 1773 1688 quibus
1793 1616 1995 1686 jejunia

411 1719 801 1790 conquiescunt
834 1735 847 1770 :
881 1714 1123 1785 inprimis
1150 1712 1168 1751 1
1196 1710 1524 1767 venerabilis
1547 1710 1661 1765 dics
1687 1709 1998 1786 Dominicus

2107 541 2319 603 tempus
2349 532 2578 599 edicere,
2610 534 2989 605 licentiamque
3013 538 3267 593 vescendi
3302 540 3531 597 habere.
3572 541 3681 598 Non

2105 625 2260 681 aliter
2302 633 2359 681 et
2387 627 2504 682 dies
2540 626 2858 698 Epiphaniae
2888 644 2955 683 ex
2987 631 3155 684 veteri
3189 631 3375 703 regula
3410 633 3679 691 reficiendi

2105 714 2380 771 licentiam
2414 727 2738 774 consecutus
2760 726 2863 773 est.
2909 718 2967 775 Si
2995 720 3211 788 quidem
3235 730 3291 775 et
3311 722 3438 778 dum
3463 725 3681 795 quisque.

2105 803 2333 860 fratrum
2360 808 2697 863 convertitur
2715 849 2729 874 ,
2758 817 2853 863 aut
2875 824 2942 863 ex
2970 809 3093 866 aliis
3120 814 3468 869 monasteriis
3495 814 3683 872 fratres

2103 896 2358 951 visitandi
2381 898 2552 967 gratia
2575 908 2922 965 concurrunt,
2947 897 3047 969 pro
3064 901 3329 956 cbaritate
3349 903 3476 957 adin
3496 904 3682 973 plenda

2102 987 2569 1059 interrumpuntur
2588 989 2790 1060 jcjunia
2808 1002 2847 1029 ω
2879 990 2924 1044 si
2953 999 3135 1046 tamen
3162 1007 3269 1046 non
3299 990 3503 1047 fuerint
3530 1007 3663 1062 gone

2104 1079 2258 1134 ralia.
2310 1082 2513 1136 Praeter
2556 1083 2675 1137 haec
2717 1082 2821 1137 alia
2860 1090 3101 1154 tempora
3144 1083 3314 1139 libere
3357 1084 3681 1154 licenterquc

2103 1173 2269 1228 cultui
2294 1172 2619 1244 jejuniorum
2647 1176 2965 1230 inserviunt.
3021 1186 3049 1213 ιι
3078 1175 3135 1231 Si
3161 1177 3253 1246 qui
3278 1185 3460 1231 autem
3498 1192 3686 1231 mona-

2103 1264 2327 1318 chorum
2380 1264 2653 1334 pracdiclis
2702 1264 3034 1334 temporibus
3070 1266 3319 1336 jejunare
3360 1266 3685 1337 disponunt,

2102 1370 2440 1424 nequaquam
2480 1354 2799 1424 prohibendi
2830 1363 2976 1409 sunt.
3021 1353 3157 1408 Nam
3193 1363 3255 1409 et
3285 1355 3440 1409 multi
3474 1364 3689 1411 sancto—

2104 1461 2222 1502 rum
2261 1445 2483 1500 Patrum
2523 1446 2609 1500 bis
2646 1446 2837 1501 diebus
2880 1446 2936 1500 in
2976 1460 3163 1501 eremo
3196 1446 3545 1511 abstinuisse,
3591 1462 3688 1502 nec

2102 1537 2392 1607 aliquando
2432 1536 2637 1607 jcjunia
2681 1536 2906 1591 solvisse
2945 1535 3199 1608 leguntur
3224 1578 3238 1602 ,
3286 1544 3311 1571 °
3352 1537 3458 1592 nisi
3498 1537 3690 1592 diebus

2103 1628 2399 1683 Dominicis
2421 1637 2641 1698 propter
2670 1628 3085 1682 resurrectionis
3105 1627 3307 1683 Christi
3330 1627 3594 1682 laetitiam.

2246 1720 2273 1792 §
2304 1719 2389 1774 IV.
2413 1751 2483 1760 —
2503 1720 2639 1774 Item
2665 1737 2731 1774 ea:
2756 1721 2993 1792 ejusdem
3018 1719 3221 1790 Regula
3247 1721 3388 1793 (cap.
3418 1721 3529 1795 15).

410 1809 615 1867 nomini
648 1808 848 1864 Christi
878 1807 1107 1870 dicatus,
1138 1804 1229 1875 qui
1257 1803 1398 1858 sicut
1426 1810 1647 1872 propter
1681 1801 1998 1873 mysterium
2027 1792 2075 1851 B
2176 1823 2204 1862 p
2233 1810 2570 1881 Jejuniomm
2601 1818 2782 1865 autem
2816 1810 2915 1864 hos
2949 1810 3064 1865 dies
3093 1792 3436 1880 ροιίεςξηίυη,
3476 1792 3692 1865 “lere;

412 1899 827 1956 resurrectionis
857 1895 975 1965 ejus
1006 1895 1263 1951 solemnis
1293 1903 1397 1960 est,
1432 1894 1508 1948 ita
1543 1900 1599 1947 et
1634 1892 1773 1963 apud
1811 1907 2000 1948 omnes

410 2007 598 2048 servos
625 1989 742 2059 ejus
772 1988 1142 2044 celebritatem
1171 1986 1402 2042 convivii
1426 1986 1608 2040 votivo
1638 1985 1836 2057 gaudio
1866 1986 1998 2040 rcti-

410 2068 581 2140 nebit.
629 2084 760 2138 ltcm
792 2100 820 2135 a
850 2081 1027 2153 primo
1057 2080 1143 2136 die
1183 2079 1403 2134 Pascha:
1437 2095 1609 2150 usque
1643 2080 1710 2134 ad
1742 2080 2002 2134 Penteco-

410 2186 529 2233 sten
567 2175 959 2246 quinquaginta
989 2172 1195 2228 scilicet
1220 2170 1489 2227 continuis
1522 2171 1711 2225 diebus
1733 2168 1998 2239 jejunium

410 2284 441 2323 a
486 2268 688 2325 sanctis
719 2266 971 2320 Patribus
1005 2263 1324 2320 dissolutum
1368 2270 1455 2318 est
1496 2271 1719 2332 propter
1758 2276 2001 2317 resurre-

408 2362 644 2417 ctionem
678 2359 931 2414 viJcltcct
956 2357 1160 2413 Christi
1190 2364 1247 2411 et
1272 2355 1560 2411 adventum
1593 2354 1830 2425 Spiritus
1867 2371 1995 2409 san-

408 2452 521 2507 cti:
552 2458 616 2505 ut
642 2450 696 2505 hi
727 2450 844 2509 dics
865 2463 970 2503 non
992 2448 1047 2502 in
1077 2446 1250 2516 ﬁgura
1279 2446 1501 2511 laboris,
1532 2447 1676 2516 quod
1702 2447 1999 2518 quadrage-

407 2545 561 2601 sima:
589 2551 798 2613 tempus
823 2540 1110 2613 significat,
1141 2539 1235 2595 sed
1268 2539 1321 2594 iu
1350 2539 1531 2612 quiete
1565 2539 1766 2594 hetitia:
1806 2538 2001 2595 laxatis

401 2638 623 2710 jejuniis
664 2636 1026 2693 celebrentur.
1098 2635 1310 2691 Placuit
1346 2636 1508 2691 etiam
1555 2634 1805 2691 Patribus
1845 2651 1876 2689 a
1914 2635 2001 2691 die

408 2831 530 2871 rum
557 2815 612 2870 in
641 2814 812 2871 malos
841 2821 1106 2885 pastores.
1154 2812 1273 2885 Ipse
1302 2820 1481 2885 tamen
1505 2812 1817 2885 Rulliardus
1848 2820 1999 2885 notat

408 2888 464 2941 in
516 2883 997 2955 quibusdam'aliis
1035 2883 1431 2955 exemplaribus
1468 2884 1567 2955 legi
1603 2900 1616 2936 :
1647 2884 1850 2955 Absque
1890 2883 1998 2955 ulla

406 2954 848 3020 murmuratione,
882 2954 1333 3023 quemadmodum
1374 2954 1427 3007 in
1476 2954 1595 3007 aliis
1635 2955 1755 3007 cod.
1798 2954 1998 3009 nostris

414 3035 774 3095 mss.,_‘atque
799 3026 963 3095 etiam
990 3023 1169 3095 editis.

486 3109 512 3136 ιι
536 3164 546 3166 _
563 3092 734 3166 Usque
747 3094 816 3149 ad
828 3103 984 3165 caput
996 3093 1429 3166 qngdragesimw.
1460 3093 1515 3166 Id
1529 3101 1628 3155 est,
1646 3094 1898 3166 usquead
1914 3109 1999 3149 se-

407 3162 661 3247 nunciam."
679 3164 869 3218 feriam
893 3162 1027 3247 post
1060 3162 1396 3247 Dominicam
1429 3164 1659 3232 primam
1694 3164 1997 3247 quadrage-

408 3235 558 3315 sima:
587 3252 602 3288 ε
628 3235 701 3289 ita
717 3242 781 3315 ιιι
809 3232 1220 3315 quadragesima
1250 3232 1350 3287 hoc
1374 3232 1490 3287 loco
1515 3241 1758 3287 sumatur
1783 3249 1884 3304 pro
1911 3232 1994 3304 je-

391 3303 1068 3376 'iuuioAquadragesimali.

481 3375 507 3413 ι’
555 3372 681 3445 Ipsa
722 3372 896 3430 tamen
932 3390 1140 3446 vespera
1185 3372 1262 3427 sic
1299 3382 1506 3442 agatur.
1563 3373 1829 3444 Tempore
1864 3387 1996 3444 qua—

410 3444 751 3516 tlrage’simtc.
916 3514 942 3516 η
984 3514 991 3516 Α
1017 3444 1023 3446 ⁷
1442 3502 1449 3509 ,

482 3514 666 3571 θ’ὃεά
721 3514 837 3569 luce
891 3514 993 3568 diei
1041 3516 1216 3569 omnia
1267 3522 1710 3567 consummentur.
1749 3514 1879 3580 Quae
1927 3514 1995 3567 ad

407 3584 755 3642 refectionem
792 3592 1081 3656 spectant,
1112 3583 1271 3639 Ratio
1306 3591 1411 3649 est,
1444 3585 1571 3653 quia
1605 3599 1726 3656 cum
1763 3586 1995 3639 lucerna:

406 3657 496 3711 lux
525 3658 596 3713 sit
624 3655 1025 3720 subobscurior,
1055 3655 1275 3710 daretur
1302 3656 1518 3709 occasio
1547 3655 1815 3725 maligno,
1851 3670 1992 3725 prze-

406 3728 452 3781 ei
497 3743 563 3783 ue
599 3728 651 3781 in
682 3726 860 3796 amplo
891 3725 1200 3791 refectorio,
1234 3725 1358 3779 iusti
1398 3726 1522 3780 andi
1551 3724 1748 3780 fratres
1777 3724 1996 3781 adeon-

407 3744 816 3851 faﬁulationem.
847 3806 901 3851 et
925 3796 1169 3851 quadam
1195 3795 1299 3849 alia
1330 3742 1536 3849 ilficita.

407 3795 816 3862 fabulationem,
847 3806 901 3852 et
925 3796 1169 3866 quaedam
1195 3795 1536 3866 aliaillicita.

479 3868 503 3906 ἀ
556 3868 678 3922 Sive
719 3883 895 3923 caanae.
937 3863 1070 3923 Cum
1107 3880 1215 3920 non
1247 3863 1524 3936 jejunatur
1547 3884 1560 3919 :
1583 3866 1709 3937 quia
1746 3865 1832 3921 bis
1869 3864 1995 3920 refi-

408 3940 557 3994 ciunt
593 3939 862 3993 monachi.

483 4020 507 4048 ο
558 4007 1017 4080 Siverefectionis.
1058 4006 1193 4063 Cum
1209 4008 1502 4080 jejuruatur.

483 4080 503 4117 τ
553 4076 1179 4148 δὶεγΙιοναῨῙεηιρεγειαν.
1210 4075 1364 4133 Ὀἱῦἱ
1410 4076 1674 4148 sumendi
1701 4076 1755 4130 in
1805 4075 1993 4148 diebus

405 4147 766 4204 brevioribus.
820 4145 1022 4201 Tamen
1056 4149 1345 4203 notandum
1368 4157 1452 4203 est
1475 4148 1532 4200 S.
1556 4146 1618 4201 P.
1644 4145 1992 4201 Benedictum

374 4272 375 4275 η
407 4217 802 4288 maximehuic
827 4218 1199 4288 constitutioni
1231 4218 1528 4288 astringere
1558 4232 1652 4271 eos
1674 4217 1776 4288 qui
1806 4216 1859 4269 in
1890 4216 1995 4288 Ita-

407 4289 477 4343 lia
510 4287 883 4358 similibusque
914 4286 1263 4358 religionibus
1295 4286 1561 4351 habitant,
1595 4286 1688 4341 ubi
1716 4287 1861 4358 circa
1888 4287 1993 4340 sol-

406 4358 615 4415 stitium
646 4357 891 4413 brumale
918 4357 1032 4413 dies
1072 4373 1179 4412 non
1215 4366 1341 4414 sunt
1374 4358 1445 4412 ita
1485 4358 1678 4412 breves
1717 4372 1781 4411 ac
1821 4357 1875 4410 in
1917 4374 1994 4409 γρ-

404 4427 655 4501 gionibus
679 4427 1015 4501 Borealibus,
1042 4438 1099 4501 ut
1130 4429 1183 4482 in
1209 4426 1876 4501 Anglia,Scotia,_Dania,
1905 4442 1991 4481 ex-

2101 1905 2399 1974 elcgerunt.
2444 1902 2685 1957 Primum
2723 1900 2988 1972 jejunium
3033 1903 3467 1973 quadragesima:
3507 1903 3689 1972 quoti-

2100 1995 2319 2050 dianum
2340 2035 2355 2060 ,
2390 1994 2444 2048 in
2472 2008 2581 2063 qua
2610 1992 2785 2063 major
2811 1991 3159 2047 abstinentia
3191 1992 3543 2047 observantia
3570 2008 3686 2046 ma-

2101 2087 2249 2141 nebit
2278 2086 2331 2139 in
2363 2084 2646 2139 monachis
2667 2124 2682 2149 ,
2710 2083 2927 2153 quando
2963 2098 3071 2138 non
3119 2082 3291 2137 solum
3334 2098 3366 2136 a
3411 2083 3688 2153 prandiis,

2100 2177 2196 2232 sed
2238 2175 2402 2231 etiam
2447 2192 2475 2229 a
2507 2176 2635 2230 vino
2673 2182 2729 2230 et
2760 2174 2828 2228 ab
2859 2172 2981 2227 oleo
3020 2172 3345 2227 abstinetur.
3375 2171 3687 2228 Secundum

2092 2267 2361 2339 jejunium
2399 2279 2426 2318 τι
2458 2268 2826 2322 interdianum
2871 2274 2994 2337 post
3029 2264 3389 2320 Pentecosten
3443 2264 3554 2319 alia
3604 2266 3690 2319 die

2102 2360 2415 2415 inchoatum
2437 2373 2609 2428 usque
2632 2358 2699 2412 ad
2725 2357 3109 2428 mquinoctium
3133 2355 3446 2411 autumnale
3468 2364 3688 2425 proten-

2101 2452 2282 2505 ditur:
2321 2459 2341 2485 ι’
2375 2449 2544 2503 ternis
2588 2448 2797 2503 scilicet
2838 2446 3031 2503 diebus
3070 2462 3169 2517 per
3212 2445 3455 2517 singulas
3483 2446 3687 2501 hebdo-

2102 2541 2289 2595 madas
2335 2547 2559 2610 propter
2596 2539 2843 2593 mstivum
2872 2537 3130 2593 calorem.
3160 2536 3406 2591 Tertium
3443 2536 3689 2605 sequitur

2101 2630 2476 2700 quotidianum
2496 2626 2765 2699 jejunium
2784 2639 2806 2666 ι
2825 2627 2894 2683 ab
2905 2635 3098 2683 octavo
3111 2624 3370 2701 [decimo]
3386 2624 3511 2680 Kal.
3526 2624 3685 2682 Octo-

2178 2804 2193 2842 ι
2238 2802 2563 2858 Venerabilis
2591 2803 2700 2857 dies
2730 2800 3054 2854 Dominicus.
3085 2797 3248 2854 Juxta
3276 2798 3562 2868 antiquum
3590 2798 3685 2852 Ec-

2099 2875 2279 2931 clesiae
2307 2889 2538 2929 morem.
2572 2872 2937 2927 Tertullianus
2977 2871 3072 2925 lib.
3106 2870 3173 2925 de
3208 2869 3421 2924 Corona
3444 2868 3633 2923 militis
3663 2886 3678 2921 :

2108 2968 2125 2997 ι
2169 2946 2264 2999 Dic
2297 2945 2582 2999 Dominico
2609 2942 2860 3011 jejunarc
2888 2942 3041 2995 nefas
3069 2940 3335 3011 ducimus.
3374 2958 3394 2991 ι

2172 3029 2210 3055 ιη
2237 3017 2296 3071 Si
2327 3029 2501 3068 tamen
2525 3008 2629 3068 non
2656 3008 2850 3081 fuerint
2883 3009 3168 3081 generalia.
3196 3008 3407 3081 ld_est_._
3426 3008 3683 3064 ecclesia-

2102 3087 2235 3143 stica
2268 3095 2324 3141 et
2349 3079 2664 3140 comm-mia
2694 3079 2948 3136 omnibus
2980 3079 3326 3136 Christianis.
3360 3079 3489 3134 Haec
3516 3081 3679 3135 verba

2026 3144 2069 3206 (ἶ
2102 3173 2208 3212 non
2241 3164 2368 3210 sunt
2397 3156 2450 3208 in
2477 3154 2680 3223 [tegula
2712 3166 2933 3223 excusa.

2171 3239 2197 3265 ιι
2229 3226 2286 3279 Si
2309 3226 2398 3296 qui
2425 3219 3013 3296 auleinmonacltorum‘
3038 3220 3307 3296 praedictis
3331 3219 3674 3296 temporibus.

2096 3308 2203 3353 etc.
2236 3287 2382 3351 Idem
2420 3296 2578 3349 docet
2607 3290 2748 3347 idem
2790 3287 3155 3345 Isidorus'lib.
3183 3306 3198 3344 ι
3227 3290 3292 3344 de
3324 3287 3479 3343 Offic.
3505 3289 3674 3353 Koch,

2096 3384 2218 3437 cap.
2244 3367 2312 3420 i9.
2333 3384 2359 3437 :7
2377 3384 2394 3415 ι
2429 3364 2557 3437 Post
2584 3362 2791 3437 Pascha
2811 3368 2989 3437 autem
3011 3362 3273 3437 usquead
3291 3358 3673 3437 Pentecosten.

2097 3430 2225 3492 licet
2251 3436 2468 3491 traditio
2494 3433 2859 3489 Ecclesiarum
2888 3430 3227 3502 abstinentim
3254 3432 3495 3502 vigorem
3518 3445 3677 3502 pran-

2096 3510 2201 3563 diis
2224 3506 2578 3565 rclaxaverit,
2613 3513 2791 3559 tamen
2840 3502 2932 3571 qui
2974 3499 3363 3571 monachorum
3408 3500 3493 3571 vel
3523 3499 3675 3571 cleri-

2095 3594 2282 3633 corum
2320 3576 2587 3645 jejunarcr
2608 3575 2834 3644 cupiunt
2861 3569 2989 3645 nou
3018 3573 3145 3626 sunt
3178 3570 3525 3645 prohibendi,
3553 3569 3675 3645 quia

2094 3640 2360 3703 Antonius
2374 3640 2441 3702 vet
2465 3644 2665 3700 Paulus
2677 3640 2741 3699 et
2758 3642 2938 3697 caeteri
2959 3641 3150 3696 Patres
3170 3641 3378 3710 antiqui
3405 3640 3571 3695 etiam
3596 3640 3677 3693 his

2097 3718 2287 3773 diebus
2327 3719 2383 3772 in
2411 3731 2596 3771 eremo
2633 3715 2883 3784 leguntur
2922 3711 3284 3776 abstinuisse,
3322 3712 3430 3765 nisi
3467 3718 3673 3764 tantum

2096 3790 2182 3844 die
2214 3788 2515 3842 Dominico.
2558 3804 2578 3838 ι

2169 3868 2193 3894 ο
2226 3857 2346 3913 Nisi
2378 3857 2560 3911 diebus
2604 3853 2911 3909 Dominicis.
2943 3850 3192 3906 Monachi
3236 3851 3364 3906 licet
3389 3850 3549 3906 valde
3584 3865 3676 3903 au-

2096 3929 2248 3993 steri,
2279 3942 2554 3996 nunquam
2582 3934 2762 3980 tamen
2790 3922 3116 3996 jejunabant
3141 3922 3332 3996 diebus
3361 3921 3671 3996 Dominicis.

2095 4001 2151 4054 ιιι
2183 3991 2442 4054 statuitur
2470 3998 2525 4051 in
2558 3996 2759 4065 Regula
2787 3991 3011 4065 Macarii
3032 4000 3109 4065 _ct
3149 3992 3383 4046 aliorum
3412 3991 3632 4065 Patrum
3658 4010 3670 4043 :

2101 4089 2120 4121 ί
2163 4071 2333 4124 Debet
2353 4083 2481 4138 ergo
2506 4066 2596 4121 ille
2629 4061 2765 4138 ordo
2794 4063 3001 4126 teneri,
3027 4061 3262 4138 fratres,
3292 4070 3360 4138 ut
3385 4061 3671 4138 nullondir.

2097 4140 2198 4194 nisi
2221 4155 2360 4195 noua
2387 4131 2696 4191 rEﬁciantur
2716 4134 2934 4198 fratres,
2962 4140 3191 4202 excepto
3209 4132 3494 4202 Dominico
3513 4131 3620 4186 die.
3650 4150 3668 4181 ι

2094 4211 2261 4280 quue
2291 4210 2562 4264 faciebant
2588 4205 3004 4280 exhpraascripto
3030 4200 3264 4280 cuncilii
3300 4200 3669 4280 Gangrensis,

2095 4271 2236 4350 quod
2268 4296 2392 4335 can.
2418 4280 2484 4334 18
2512 4271 2763 4350 prohibet
2793 4271 3076 4350 monachis
3094 4271 3345 4350 jejunarc
3374 4273 3464 4327 die
3493 4271 3673 4326 Domi-

2097 4341 2218 4405 nico
2245 4370 2257 4404 :
2291 4350 2353 4405 Εἴ
2384 4371 2463 4410 τις
2506 4341 2590 4404 διὰ
2619 4348 2944 4418 νομιζομένην
2977 4341 3189 4418 ἄσκησιν
3218 4346 3285 4418 ,ἐν
3333 4351 3396 4418 τῇ
3444 4350 3674 4417 κυριακῇ

2092 4420 2623 4496 νησττύᾳῃηάνὰθεμα
2651 4414 3007 4496 ἴάτωένίᾷ-ρει,
3029 4433 3047 4461 ι
3141 4414 3263 4483 quis
3284 4414 3512 4496 propter
3525 4414 3673 4475 eam,

374 4500 379 4509 ’
405 4483 579 4573 ἴπξέιιὶὲι
606 4483 809 4573 Belgia,
830 4507 890 4573 et
915 4483 1201 4573 similibus,
1244 4483 1324 4554 inu
1339 4483 1551 4573 quibus
1571 4483 1658 4573 ob:
1673 4483 1991 4552 brevitatem
2025 4514 2071 4573 ι)
2096 4483 2597 4573 qute_existituatui°.
2620 4485 3064 4570 esercitationem
3090 4483 3215 4573 (hoc
3232 4491 3347 4573 est:
3369 4485 3537 4538 vitam
3557 4499 3675 4573 nio-

404 4571 616 4643 dierum
646 4568 761 4625 hinc
794 4570 1070 4643 observari
1096 4585 1203 4624 non
1224 4577 1404 4643 potest
1427 4568 1715 4623 institutio.

478 4642 504 4680 Β
556 4639 625 4694 Ut
659 4656 778 4695 cum
805 4634 919 4694 luce
941 4640 1073 4710 [iant
1101 4634 1298 4710 omnia.
1336 4639 1466 4707 Quae
1490 4645 1737 4710 spectant
1762 4637 1827 4691 ad
1861 4637 1991 4710 refe-

405 4710 676 4782 ctionem;
709 4725 833 4782 nam
870 4708 1093 4782 propter
1124 4709 1385 4782 hoSpitcs,
1428 4708 1695 4782 inﬁrmos,
1730 4716 1783 4762 et
1822 4708 1986 4762 multa

406 4781 530 4848 alia,
546 4779 768 4837 necesse
796 4779 887 4837 est
905 4779 1136 4834 lucerna!
1157 4779 1336 4835 lumen
1366 4779 1628 4835 adhiberi.

477 4847 519 4892 hi
550 4851 619 4905 In
652 4852 930 4920 refectione
959 4851 1353 4919 monachorum,
1387 4859 1491 4906 etc.
1526 4850 1752 4920 Exstant
1773 4849 1825 4902 in
1851 4847 1983 4920 Reg.

404 4937 524 4979 eve.
555 4920 613 4977 S.
644 4918 833 4978 lsi‘dori
864 4936 981 4993 cap.
1007 4921 1061 4978 9.
1094 4921 1180 4977 ubi
1208 4922 1323 4976 haec
1346 4920 1526 4976 omnia
1557 4918 1856 4974 eﬂ‘eruntur
1889 4918 1988 4973 im-

406 4993 627 5044 perandi
655 4994 832 5044 modo.

406 4994 627 5062 perandi
655 4994 832 5048 modo.

408 5133 421 5134 ί
484 5066 499 5105 ί
556 5060 726 5134 Usque
750 5064 819 5118 ad
842 5063 1084 5119 autumni
1103 5063 1435 5134 principium.
1464 5059 1615 5134 Quod
1636 5057 1779 5114 cadit
1796 5068 1989 5134 octavo

407 5133 523 5204 Kal.
562 5130 835 5200 Octobris,
881 5151 988 5204 quo
1023 5130 1211 5203 incipit
1252 5130 1633 5200 :cquinoctium
1677 5131 1991 5204 autumnale

398 5202 551 5270 juxta
582 5198 831 5261 eumdem
862 5198 1147 5267 Isidorum;
1184 5212 1242 5258 ut
1278 5198 1441 5271 supra
1481 5208 1857 5271 notatumest,
1899 5198 1991 5269 qui

406 5274 544 5398 iuffa
578 5276 681 5398 hoc;
707 5273 971 5346 jejunium
1007 5274 1255 5346 producit
1295 5270 1465 5341 usque
1503 5272 1569 5325 ad
1605 5270 1988 5340 mquinoctium

406 5362 470 5398 au
503 5362 660 5398 umna
684 5361 735 5398 ρ.

404 5354 735 5401 autumnale.

479 5415 491 5465 i
525 5416 860 5488 _Inlerdiana
896 5415 1147 5488 prandia.
1184 5413 1241 5468 ιιι
1274 5420 1377 5478 cst,
1404 5411 1630 5488 alterna,
1659 5425 1853 5488 [tempe
1877 5409 1985 5466 Do.

407 5484 628 5550 miuica,
656 5485 791 5540 feria
837 5480 1012 5551 tertia,
1059 5485 1248 5553 quinta
1277 5490 1334 5553 et
1365 5483 1611 5553 septima.
1661 5480 1795 5536 Nam
1830 5482 1984 5553 juxta

406 5555 547 5625 hanc
570 5555 812 5625 regulam
833 5556 922 5612 illo
944 5552 1183 5625 tempore
1212 5561 1293 5608 ter
1310 5552 1657 5619 jejunandum
1681 5560 1766 5606 est
1783 5553 1836 5607 in
1860 5552 1983 5608 heb-

404 5623 657 5693 domada;
697 5623 832 5679 feria
869 5623 1124 5688 secunda,
1165 5633 1357 5693 quarta
1394 5632 1448 5677 et
1486 5635 1659 5693 sexta.

476 5693 503 5731 ιι
536 5691 635 5745 ΙΙίιο
655 5703 775 5745 sunt
803 5696 944 5760 ferite
974 5691 1349 5747 monacliorum
1377 5733 1387 5751 .
1418 5700 1523 5745 etc.
1552 5691 1674 5748 lltcc
1707 5692 1976 5749 habentur

350 5825 354 5828 ⁴
409 5758 463 5815 in
500 5760 704 5830 Regula
728 5758 925 5815 excusa
949 5762 1006 5819 S.
1037 5762 1251 5827 lsidori,
1277 5776 1394 5832 cap.
1429 5762 1507 5816 10.

2101 4553 2383 4626 uasticam)
2413 4561 2498 4615 die
2530 4559 2810 4614 Dominico
2826 4553 3171 4626 jejungverit,
3196 4554 3493 4626 anathema
3527 4553 3614 4626 sit.
3647 4573 3665 4596 ι

2102 4632 2253 4688 Unde
2280 4633 2330 4686 in
2359 4619 2561 4693 Regula
2590 4619 2951 4682 Tetradii's'cu
2974 4619 3173 4679 Teridii
3199 4639 3320 4693 cap.
3344 4623 3417 4677 22
3445 4624 3665 4677 dicitur:

2103 4722 2121 4754 ι
2155 4703 2212 4758 Si
2261 4703 2385 4775 quis
2432 4693 2518 4775 die
2566 4698 2847 4775 Dominico
2887 4693 3670 4775 jejuuaver_it,_pec£at.alit

2096 4763 2344 4842 quamvis
2368 4771 2520 4827 multi
2555 4763 2930 4839 [Egyptiorufn
2968 4764 3220 4842 monachi
3259 4763 3351 4819 die
3394 4763 3668 4842 Dominico

2098 4833 2202 4897 non
2231 4850 2532 4905 ccenarent,
2555 4850 2605 4895 et
2628 4833 2837 4892 tantum
2860 4836 3215 4905 pranderent,
3233 4845 3304 4905 _ut
3345 4843 3501 4888 notat
3542 4833 3668 4887 Cas-

2096 4914 2284 4969 sianus
2316 4915 2409 4968 lib.
2438 4928 2497 4966 ιιι
2519 4903 2586 4965 de
2610 4909 2798 4963 Diurn.
2835 4903 3014 4971 Orat.,
3038 4920 3158 4974 cap.
3189 4903 3257 4957 12
3277 4944 3291 4968 ,
3324 4905 3456 4971 quia
3496 4913 3666 4957 tamen

2096 4985 2434 5054 prandebant
2468 4984 2601 5037 hora
2644 4988 2826 5041 sexta,
2866 4993 2976 5054 non
3002 4975 3251 5054 jejunare
3286 4976 3662 5054 censebantur.

2166 5066 2194 5105 ιι
2220 5052 2557 5123 Jejuniorum
2575 5060 2772 5114 autem,
2800 5059 2908 5103 etc.
2931 5043 3260 5102 Hice—videre
3280 5055 3369 5100 est
3394 5045 3451 5098 in
3470 5043 3663 5115 Regula

2093 5139 2294 5180 excusa
2309 5163 2326 5187 ,
2347 5139 2467 5192 cap.
2498 5123 2585 5176 Η.

2163 5207 2190 5246 (ι
2219 5185 2608 5249 Interdianum.
2633 5189 2688 5244 ld
2718 5197 2826 5254 est,
2848 5187 3074 5242 alternis
3098 5185 3307 5241 diebus.

2169 5276 2191 5304 τ
2227 5264 2410 5318 Ternis
2459 5262 2657 5317 scilicet
2705 5253 2908 5314 diebus.
2956 5257 3160 5326 Nempe
3204 5254 3344 5309 feria
3391 5253 3658 5316 secunda,

2098 5345 2286 5405 quarta
2320 5342 2377 5399 et
2401 5342 2576 5405 sexta.

2168 5418 2190 5445 ο
2218 5406 2296 5459 Ab
2323 5398 2505 5459 Octavo
2524 5401 2722 5455 decimo
2744 5398 2789 5453 Κ
2798 5398 2869 5453 al.
2889 5397 3148 5453 Octobris.
3170 5400 3236 5452 Τὸ
3257 5396 3496 5461 Decimo,
3517 5392 3664 5449 vide—

2095 5483 2183 5530 tur
2204 5474 2663 5545 redundare,_nec
2686 5470 2915 5524 habetur
2943 5469 2997 5522 in
3021 5466 3225 5545 Begula
3248 5482 3469 5545 excusa,
3494 5474 3657 5545 recte.

2090 5547 2215 5616 quia
2241 5544 2508 5614 jejunium
2534 5542 2891 5616 Pentecosles.
2911 5535 3164 5608 producit
3194 5552 3376 5616 usque
3399 5535 3466 5590 ad

2087 5604 2329 5671 noctium
2352 5612 2682 5676 autumnale,
2709 5608 2851 5679 quod
2873 5604 3026 5677 juxta
3049 5604 3297 5679 eumdem
3322 5607 3414 5679 lib.
3434 5620 3467 5656 v
3487 5604 3654 5679 Drig..

2085 5702 2135 5740 c.
2168 5686 2260 5749 34,
2289 5694 2346 5739 et
2378 5684 2417 5738 ι.
2449 5685 2512 5740 dc
2542 5676 2744 5737 Natura
2773 5676 2973 5734 Rerum
2997 5718 3011 5745 ,
3049 5691 3097 5732 c.
3140 5677 3203 5745 8,
3251 5676 3440 5746 incipit
3464 5676 3532 5730 ab
3561 5686 3655 5729 vui

2085 5756 2202 5811 lial.
2229 5755 2417 5813 Octob.
