3948 6182
522 314 659 377 llt‘l

1516 312 1575 369 S.
1615 309 1977 368 BENEDlCTl
2014 309 2307 367 ABBATlS
2343 309 2757 367 ANIANENSIS

3578 317 3678 380 ιιιι

521 429 1137 490 infimisintelleetibus
1161 442 1269 484 non
1303 428 1409 482 erit
1449 427 1585 484 utile
1632 427 1723 482 illa
1769 427 1907 482 hora
1953 424 2097 480 hanc
2126 429 2173 488 Α
2199 434 2305 495 que
2334 424 2402 480 ad
2441 424 2697 480 inferiora
2738 425 3008 497 depressis
3040 424 3208 482 stabit
3240 435 3359 483 ante
3395 428 3553 495 altare,
3587 442 3628 487 et
3657 451 3680 490 κ

521 525 845 593 scripturam
907 520 1097 574 audire
1140 537 1153 572 :
1197 517 1318 573 aliis
1366 533 1499 573 vero
1537 517 1688 573 boris
1722 516 1995 587 legantur.
2040 512 2100 568 Si

522 625 703 669 autem
726 611 917 682 jejunii
941 611 1057 666 dies
1086 609 1268 674 fuerit,
1296 609 1440 663 dicta
1464 623 1711 677 vespera,
1739 621 1910 676 parvo
1935 606 2103 660 inter-

520 704 662 758 vallo
692 718 814 757 mox
844 700 1107 756 accedant
1160 700 1227 755 ad
1280 699 1569 754 lectionem
1620 698 1980 754 Collationum
2000 736 2015 758 ,
2044 704 2104 750 ut

521 795 779 859 diximus,
807 802 861 847 et
894 793 1046 848 lectis
1089 800 1324 861 quatuor
1349 800 1443 845 ant
1471 791 1712 861 quinque
1762 789 1927 855 foliis,
1952 799 1978 828 ιι
2018 785 2104 840 vel

521 890 782 952 quantum
817 884 951 937 hora
982 882 1265 953 permittit,
1290 881 1316 920 δ
1342 881 1592 935 omnibus
1623 881 1674 934 in
1706 895 1870 934 unum
1915 894 2104 933 occur—

522 972 769 1028 rentibus
794 987 891 1042 per
912 973 1053 1026 hanc
1100 986 1306 1025 moram
1335 970 1602 1025 lectionis.
1632 969 1688 1024 Si
1725 986 1847 1040 qu
1872 969 2014 1025 forte
2048 968 2107 1022 in

523 1065 799 1135 assignato
823 1062 925 1116 sibi
954 1061 1245 1116 commisso
1282 1059 1444 1115 fuerit
1490 1069 1805 1130 occupatus,
1831 1066 2103 1115 occurrat.

523 1154 726 1210 Omnes
751 1167 880 1222 ergo
907 1150 963 1205 in
995 1166 1158 1204 unum
1186 1150 1345 1219 positi
1371 1159 1393 1188 ο
1420 1148 1746 1218 compleant.
1769 1148 1834 1202 Et
1848 1154 2107 1203 exeuntes

524 1262 555 1299 a
586 1243 951 1314 completoriis
978 1240 1005 1281 ἀ
1047 1241 1191 1295 nulla
1239 1241 1309 1296 sit
1359 1240 1576 1295 licentia
1623 1241 1801 1295 denuo
1854 1230 2105 1308 cuiqu’am

526 1336 672 1405 loqui
698 1334 924 1403 aliquid.
973 1332 1127 1400 Quod
1182 1332 1228 1386 si
1290 1333 1542 1386 inventus
1592 1330 1757 1385 fuerit
1818 1331 2105 1401 quisquam

523 1425 868 1497 praevaricari
927 1424 1067 1478 hanc
1116 1423 1503 1477 taciturnitatis
1552 1421 1835 1492 Regulam,
1865 1420 2103 1493 graviori

522 1517 774 1571 vindicta:
802 1513 1084 1583 subjaceat
1108 1532 1120 1567 :
1148 1520 1378 1583 excepto
1421 1515 1465 1569 si
1509 1513 1804 1568 necessitas
1833 1512 2105 1581 hospitum

524 1606 923 1678 supervenerit,
951 1614 1044 1661 aut
1074 1604 1212 1660 forte
1237 1605 1406 1659 abbas
1436 1604 1594 1658 alicui
1625 1603 1826 1674 aliquid
1846 1601 2107 1671 jusserit;

523 1701 668 1769 quod
695 1707 874 1754 tamen
894 1708 947 1753 et
974 1698 1147 1767 ipsum
1164 1713 1286 1752 cum
1317 1712 1527 1752 summa
1554 1697 1818 1767 gravitate
1843 1704 1898 1751 et
1926 1695 2107 1752 modo»

524 1789 734 1844 ratione
767 1788 1148 1843 honestissime
1171 1787 1292 1841 ﬁat.

633 1884 660 1955 §
698 1883 760 1937 ll.
793 1913 863 1922 -—
891 1883 970 1937 Ex
999 1882 1216 1937 Renum
1245 1896 1433 1935 SANCTI
1462 1879 1723 1935 PACHOIH
1754 1882 1890 1951 (cap.
1918 1880 1997 1951 8).

604 1986 627 2013 ο
646 1974 770 2028 Ηωρ
788 1975 929 2028 enim
958 1980 1223 2043 prreccpta
1242 1972 1424 2026 vitalia
1452 1972 1610 2025 nobis
1633 1986 1663 2024 a
1680 1969 1975 2039 majoribus
2002 1980 2109 2026 tra-

527 2065 659 2119 dita.
692 2064 750 2118 Si
789 2063 1060 2125 acciderit,
1091 2071 1151 2116 ut
1179 2061 1443 2132 psallendi
1470 2070 1737 2130 tempore,
1774 2061 1861 2115 vel
1889 2061 2110 2126 orandi,

526 2165 620 2210 aut
664 2156 715 2209 in
757 2153 935 2209 medio
980 2152 1229 2207 lectionis
1257 2151 1451 2221 aliquis
1484 2150 1757 2220 loquatur,
1785 2159 1877 2205 aut
1912 2150 2109 2216 rideat,

528 2245 670 2300 illico
697 2243 869 2298 solvat
891 2242 1187 2313 cingulum,
1216 2250 1271 2297 et
1293 2241 1548 2297 inclinata
1578 2242 1812 2309 cervice,
1836 2241 2111 2296 manibus-

527 2405 654 2456 etc.,
686 2404 814 2450 sunt
849 2408 1003 2464 aeque
1041 2396 1270 2451 obscura
1296 2412 1313 2447 τ
1339 2394 1432 2449 sed
1462 2393 1590 2464 quia
1623 2394 1674 2447 in
1717 2394 2113 2464 lleptateucho,

527 2476 584 2520 et
611 2466 812 2536 Regum
846 2466 1007 2536 libris
1027 2465 1406 2536 describuntur
1434 2465 1678 2536 quaedam
1707 2466 1967 2531 historiaz,
1990 2482 2111 2536 qua:

529 2533 1165 2619 possentdimperfectis
1199 2534 1479 2619 monachis
1534 2533 1797 2619 obscenas
1850 2533 2110 2619 quasdam

531 2602 940 2677 imaginationes
969 2604 1262 2677 secundum
1300 2604 1534 2675 quietem
1562 2602 1779 2677 oll‘erre,
1806 2602 2041 2661 maxime
2064 2607 2109 2662 si

530 2675 661 2732 sero
672 2678 929 2746 legantur
955 2675 1114 2746 paulo
1141 2684 1428 2746 antequam
1454 2683 1579 2746 eant
1602 2675 1861 2729 cubitum.

601 2692 655 2730 ro
681 2692 929 2797 Iepantur
955 2692 1114 2746 pauto
1141 2692 1428 2744 antequam
1454 2692 1579 2728 eant
1602 2692 1861 2729 cumtum.

601 2759 628 2786 α
670 2745 737 2799 Ve
781 2754 1036 2816 quantum
1054 2746 1183 2816 hora
1200 2745 1469 2814 permittit.
1494 2743 1731 2816 Subaudi
1755 2745 2107 2800 vocabulum:

533 2816 651 2887 Tot,
697 2815 801 2870 hoc
842 2817 1042 2887 modo,
1090 2815 1166 2869 vel
1212 2825 1321 2881 tot,
1366 2825 1620 2884 quantum
1658 2815 1790 2870 liora
1832 2817 2107 2887 permittit.

532 2886 675 2940 liora
706 2887 809 2940 hoc
842 2886 959 2941 loco
984 2893 1070 2940 est
1098 2895 1329 2955 tempus.

600 2955 625 2992 ι)
661 2955 913 3026 Omnibus
940 2956 994 3026 in
1024 2972 1185 3026 unum
1211 2956 1600 3026 occurrentibus
1628 2973 1719 3026 per
1736 2956 1871 3009 hanc
1908 2972 2111 3011 moram

531 3024 792 3079 lectionis.
818 3023 874 3078 Si
906 3024 1020 3094 quis
1052 3024 1205 3095 forte,
1234 3034 1338 3079 etc.
1372 3024 1547 3080 Locus
1575 3023 1838 3081 obscurus
1867 3042 1881 3078 :
1914 3026 2109 3095 primo,

532 3096 659 3164 quia
694 3110 799 3162 quo
829 3096 1051 3148 tendant
1097 3094 1185 3147 illa
1223 3097 1386 3148 verba
1428 3112 1440 3147 :
1488 3095 1557 3149 Et
1585 3096 1730 3149 lectis
1754 3094 1986 3164 quatuor
2020 3105 2112 3150 aut

530 3164 948 3236 quinque/otiis,
992 3179 1097 3236 non
1141 3164 1332 3236 video;
1384 3164 1620 3219 secundo
1650 3164 1777 3236 quid
1817 3165 1915 3220 sibi
1948 3165 2116 3236 velint

537 3236 653 3289 haec
679 3233 840 3305 verba
867 3251 879 3285 :
910 3233 1165 3305 Omnibus
1192 3235 1246 3287 in
1274 3250 1433 3287 unum
1457 3233 1843 3289 occurrentibus
1870 3251 1963 3305 per
1982 3235 2117 3288 hanc

535 3319 735 3374 moram
782 3302 1042 3366 lectionis,
1071 3304 1357 3374 obscurum
1405 3314 1508 3358 est.
1559 3305 1674 3360 Non
1719 3302 1991 3374 enim'per
2025 3305 2116 3359 illa

537 3372 757 3443 intelligi
784 3382 977 3443 potest,
1007 3375 1148 3443 quod
1175 3372 1372 3428 fratres
1402 3390 1509 3429 non
1541 3376 1771 3431 debeant
1801 3372 1988 3429 adesse
2016 3375 2119 3429 ini-

537 3444 925 3516 tioleetiouis,
981 3445 1074 3498 sed
1122 3452 1329 3516 tantum
1377 3444 1502 3499 dum
1533 3445 1927 3516 legituraquia
1959 3453 2117 3499 antea

536 3515 672 3568 dixit
702 3532 716 3568 :
750 3513 877 3568 Mea:
924 3515 1193 3568 accedant.
1238 3514 1305 3568 Et
1348 3530 1479 3569 sane
1505 3513 1608 3570 cur
1629 3531 1735 3570 non
1764 3513 1996 3569 debeant
2017 3518 2118 3570 ad-

535 3601 656 3640 esse
698 3584 904 3651 initio”.
921 3585 1063 3639 nulla
1106 3584 1244 3639 ratio
1289 3585 1409 3639 est?
1458 3585 1564 3640 Sed
1606 3597 1741 3651 esto,
1800 3600 1898 3639 cur
1940 3586 2119 3653 potius

543 3664 781 3725 tempore
823 3653 1011 3725 jejunii
1043 3670 1203 3724 quam
1251 3654 1458 3725 altero?
1495 3655 1552 3710 ln
1599 3657 1717 3711 cod.
1768 3669 1873 3708 ma.
1907 3670 2007 3709 ms.
2058 3654 2117 3709 S.

540 3724 797 3780 Germani
831 3724 983 3781 deest
1011 3727 1235 3781 verbum
1265 3742 1276 3778 :
1310 3724 1587 3793 Occurrat,
1617 3726 1708 3780 sed
1732 3733 1938 3778 tantum
1970 3725 2121 3779 addi-

539 3806 627 3849 tur
666 3797 991 3867 in_margine
1034 3796 1137 3849 alia
1181 3796 1449 3867 scriptura
1491 3802 1545 3850 et
1586 3795 1919 3867 recentiore;
1950 3803 2005 3867 et
2033 3811 2121 3867 re-

538 3875 624 3919 cte
671 3865 738 3920 ad
777 3865 1020 3920 nostrum
1051 3866 1416 3935 propositum;
1450 3866 1640 3920 deinde
1674 3866 1728 3919 in
1776 3865 1861 3918 his
1897 3865 2115 3919 verbis:

470 3978 473 3980 .
539 3935 735 3989 Omnes
760 3953 879 4006 ergo
908 3937 963 3990 in
994 3952 1155 3989 unum
1182 3937 1357 4005 positi,
1385 3936 1724 4005 particulam,
1751 3951 1893 4004 ergo,
1922 3948 2123 4004 expun-

536 4006 765 4074 gendum
795 4015 940 4074 puto,
975 4022 1095 4075 quae
1128 4021 1234 4059 non
1265 4014 1435 4060 exstat
1468 4007 1604 4076 apud
1652 4006 1989 4076 ltuthardum
2017 4024 2029 4059 :
2062 4014 2123 4059 ut

540 4076 653 4145 lucc
692 4084 803 4129 tota
846 4074 1100 4145 periodus
1137 4076 1218 4128 sic
1245 4091 1273 4128 a
1318 4077 1473 4130 nobis
1503 4074 1855 4144 interpuncta
1889 4074 2118 4145 legatur,
2162 4074 2165 4077 “

538 4142 746 4211 adjecta
752 4142 1053 4267 farticula,
1081 4145 1261 4209 etiam,
1287 4160 1408 4214 qua:
1434 4142 1736 4200 habetur—in
1765 4142 2001 4199 editione
2025 4147 2121 4201 Co-

539 4214 681 4267 lintei
708 4232 720 4267 :
786 4214 819 4267 ἐ
858 4212 1003 4267 lectis
1022 4224 1248 4267 quatuor
1275 4225 1364 4267 aut
1392 4217 1616 4267 auinaue
1653 4215 1813 4267 foliis.
1844 4214 1919 4267 rel
1947 4232 2119 4267 anan-

539 4214 681 4268 limui
706 4232 720 4286 ς
752 4212 819 4267 Et
858 4212 1248 4286 lectisqquatuor
1275 4212 1364 4286 aut
1392 4217 1616 4286 quinque
1651 4215 1813 4284 foliis,
1844 4214 1919 4269 rel
1947 4232 2119 4286 quan-

539 4295 649 4336 tum
693 4284 1107 4355 Itorarpermittit
1141 4284 1399 4355 (omnibus
1426 4286 1479 4338 in
1522 4284 1681 4338 unum
1711 4285 2115 4349 occurrentibus,

537 4355 694 4407 etiam
716 4353 963 4427 periltanc
1000 4353 1202 4427 moram
1236 4353 1490 4427 lectionis,
1520 4357 1565 4409 si
1593 4354 1706 4425 quis
1742 4356 1951 4427 fortem
1983 4357 2117 4409 assi-

537 4434 694 4495 gnato
716 4426 815 4478 sibi
845 4426 1119 4495 commisso
1149 4424 1306 4494 fuerit
1333 4424 1635 4495 occupatus)
1657 4424 1839 4478 ontnes'
1871 4424 1923 4478 in
1957 4442 2116 4479 unum

536 4492 692 4564 positi
727 4492 1035 4564 compleant.
1061 4495 1126 4549 Et
1146 4492 1334 4550 Sensus
1360 4507 1443 4549 est
1460 4492 1477 4547 ξ
1508 4495 1578 4550 Ut
1604 4494 1758 4548 lectis
1784 4504 2014 4564 quatuor
2036 4496 2116 4549 vel

537 4566 775 4635 quinque
824 4565 993 4629 foliis,
1026 4573 1156 4631 etc.,
1201 4579 1389 4620 omnes
1431 4566 1485 4619 in
1530 4580 1695 4619 unum
1737 4565 1894 4635 positi
1937 4566 2115 4620 dicant

566 4634 981 4704 lompletorium,
1026 4636 1277 4690 omnibus
1316 4636 1367 4688 in
1409 4651 1573 4689 unum
1610 4636 2018 4690 occurrentibus
2051 4636 2118 4690 ad

540 4704 681 4760 hanc
704 4704 1004 4769 lectionem,
1032 4705 1193 4759 etiam
1220 4720 1318 4775 per
1344 4720 1549 4760 moram
1572 4705 1735 4770 illius,
1763 4707 1806 4759 si
1834 4706 1955 4773 quis
1980 4705 2119 4760 forte

542 4776 594 4830 in
621 4776 800 4845 aliquo
847 4790 1011 4845 opere
1052 4776 1155 4830 sibi
1200 4775 1488 4830 commisso
1527 4784 1610 4830 est
1642 4784 1972 4844 occupatus:
2003 4776 2116 4844 qui,

538 4863 661 4900 cum
691 4848 854 4901 breve
881 4847 955 4900 sit
981 4846 1209 4916 spatium
1233 4846 1375 4900 inter
1408 4846 1766 4916 vespertinam
1796 4847 2037 4915 synaxim
2065 4855 2120 4901 et

540 4917 679 4971 hanc
725 4914 1030 4981 lectionem,
1074 4930 1216 4985 aegre
1262 4917 1449 4971 adesse
1479 4924 1661 4985 posset
1687 4914 1833 4969 illius
1862 4916 2015 4971 initio
2051 4918 2120 4971 ob

539 5002 676 5057 opus
701 4987 800 5041 sibi
839 4987 1159 5057 injunctum.

613 5069 635 5095 ο
666 5055 988 5126 Complcant.
1036 5056 1090 5110 ld
1138 5064 1256 5119 est,
1323 5055 1739 5125 Completorium
1798 5055 1998 5126 dicant.
2056 5056 2113 5110 S.

541 5128 869 5182 Fructuosus
890 5143 1007 5197 cap.
1040 5129 1072 5182 5
1102 5127 1316 5197 Regula:
1341 5144 1354 5179 :
1391 5126 1455 5180 Ut
1482 5128 1785 5197 priusquam
1806 5125 2117 5196 compleant,

541 5198 670 5253 liber
691 5198 910 5266 legatur.

608 5267 636 5307 ἀ
667 5263 833 5322 Nulla
874 5266 940 5321 sit
974 5266 1185 5321 licentia
1221 5266 1392 5321 denuo
1426 5267 1567 5337 loqui
1609 5264 1829 5337 aliquid.
1862 5263 2015 5337 Hunc
2041 5265 2120 5337 lo-

540 5353 661 5408 cum
702 5337 1200 5408 tangitAmalarius
1246 5332 1576 5408 Fortunatus
1614 5332 1708 5408 lib.
1761 5350 1821 5389 ιιι
1861 5335 1927 5388 de
1965 5332 2114 5389 Otiic.

540 5406 685 5476 Eccl.
717 5405 834 5476 cap.
858 5407 891 5461 8
917 5425 929 5459 :
959 5425 978 5458 ι
1014 5406 1166 5463 Unde
1186 5416 1242 5461 et
1272 5407 1407 5476 apud
1433 5405 1726 5461 monachos
1757 5412 1968 5476 tenetur
1989 5419 2120 5468 usus

541 5492 608 5547 es
649 5474 847 5547 Regula
871 5478 1063 5547 sancti
1106 5474 1401 5540 Benedicti,
1444 5485 1502 5531 ut
1532 5478 1599 5530 ab
1628 5491 1696 5547 eo
1737 5474 1913 5529 otlicio
1950 5474 2119 5544 (com-

540 5545 789 5614 pletoriis)
836 5546 1071 5601 claustra
1096 5546 1209 5602 oris
1242 5548 1507 5602 muniant.
1563 5567 1580 5598 ι
1625 5546 1959 5614 Nocturnum
1987 5559 2118 5598 sane

542 5613 816 5686 Silentium
856 5617 1106 5686 omnibus
1151 5618 1380 5686 expletis
1422 5617 1569 5671 horis
1615 5614 1891 5686 canonicis
1923 5613 1975 5666 in
2016 5629 2117 5686 usu

541 5698 755 5754 semper
794 5683 893 5739 fuit
934 5688 1072 5754 apud
1098 5683 1311 5742 veteres
1356 5687 1665 5742 monachos.
1703 5685 1993 5739 Cassianus
2022 5684 2112 5737 lib.

544 5772 582 5810 ιι
612 5754 677 5809 dc
700 5752 987 5812 Nocturnis
1008 5755 1355 5811 Orationibus
1378 5772 1497 5829 cap.
1532 5756 1593 5811 l5
1619 5775 1628 5811 :
1669 5774 1687 5807 ι
1719 5754 1913 5810 Finitis
1937 5754 2116 5824 itaque

2199 517 2444 587 principe
2483 517 2799 573 monasterii
2843 518 3223 588 increpabitur.
3258 517 3366 575 lloc
3403 520 3521 575 idem
3553 521 3682 591 faciet,

2198 610 2255 662 et
2283 607 2336 661 in
2366 616 2635 664 conventu
2674 607 2924 671 fratrum,
2968 624 3091 663 cum
3134 609 3200 662 ad
3225 609 3517 664 vescendum
3538 614 3687 680 pariter

2199 697 2570 752 convenerint.

2309 786 2337 859 ᾗ
2365 786 2451 842 lll.
2481 817 2554 828 —
2579 787 2658 842 Ex
2689 788 2908 844 Racuu
2935 802 3125 844 ssuc'n
3153 786 3343 844 lsrnont
3377 786 3496 862 (cap.
3526 790 3613 861 l5).

2276 877 2297 917 τ
2330 877 2498 933 Nocte
2542 879 2667 933 dum
2703 880 2768 933 ad
2799 878 3171 933 dormiendum
3203 879 3325 944 itur,
3364 894 3448 934 seu
3472 890 3690 951 postquam

2203 968 2519 1037 quicscitur,
2555 968 2712 1022 alteri
2761 983 2922 1023 nemo
2964 968 3233 1039 loquatur.
3285 969 3480 1024 Duobus
3514 971 3556 1025 in
3591 973 3693 1027 lecto

2204 1072 2311 1111 uno
2343 1057 2526 1125 jacere
2556 1073 2660 1112 non
2692 1059 2871 1113 liceat.
2920 1059 2976 1113 In
3020 1060 3295 1115 nocturnis
3341 1059 3548 1116 tenebris
3579 1078 3695 1117 nemo

2204 1148 2454 1216 loquatur
2500 1148 2677 1213 fratri,
2723 1149 2807 1203 cui
2851 1149 3057 1203 obviat.
3105 1149 3219 1203 Lux
3260 1158 3425 1204 autem
3451 1160 3583 1205 nocte
3611 1153 3697 1207 dor-

2205 1239 2481 1294 mientium
2510 1240 2687 1295 locum
2724 1240 2990 1296 illustret:
3024 1249 3086 1295 ut
3116 1241 3342 1309 depulsis
3374 1242 3580 1297 tenebris
3603 1245 3623 1282 ε
3641 1252 3695 1296 tc-

2206 1330 2518 1385 stimonium
2552 1340 2735 1402 pateat
2772 1332 3064 1403 singularis
3092 1333 3302 1402 quietis.
3343 1332 3396 1387 ln
3436 1333 3557 1387 nulla
3593 1336 3695 1403 turpi

2205 1423 2531 1492 cogitatione
2581 1431 2847 1488 versetur,
2894 1425 2988 1478 sed
3014 1426 3042 1464 ιι
3074 1425 3128 1478 in
3179 1425 3289 1479 sola
3328 1425 3697 1495 contemplatione

2209 1512 2301 1567 Dei
2333 1514 2605 1569 accubans
2644 1523 2699 1568 et
2736 1515 2979 1583 requiem
3021 1531 3283 1586 corporis,
3323 1526 3375 1571 et
3396 1518 3596 1587 quietem
3630 1518 3698 1572 ln-

2208 1607 2333 1660 beat
2375 1604 2574 1671 cordis,
2630 1606 3094 1676 cogitationesque
3141 1622 3329 1676 pravas
3366 1622 3393 1660 a
3433 1622 3486 1661 se
3510 1607 3701 1676 repellat,

2208 1695 2471 1765 bonisque
2503 1696 2729 1766 objectis
2765 1705 2947 1767 turpes
2989 1714 3022 1752 a
3066 1713 3126 1754 se
3172 1699 3386 1767 rejiciat.
3428 1697 3544 1752 Nam
3576 1699 3701 1753 animi

2134 1771 2181 1831 Β
2212 1794 2387 1839 motus
2416 1785 2739 1855 imaginibus
2765 1788 2877 1842 suis
2904 1789 3117 1858 agitur;
3153 1797 3207 1842 et
3231 1788 3393 1856 qualis
3409 1787 3612 1859 vigilanti
3634 1803 3701 1841 co-

2210 1874 2400 1944 gitatio
2438 1874 2621 1939 fuerit,
2651 1876 2773 1931 talis
2798 1885 2854 1930 et
2889 1877 3070 1947 imago
3108 1892 3203 1947 per
3240 1891 3466 1946 soporem
3498 1878 3701 1933 occurrit.

2280 1963 2307 2035 §
2336 1962 2424 2018 ιν.
2446 1995 2518 2004 —
2538 1965 2615 2020 Ex
2642 1964 2860 2036 Recens
2883 1981 3074 2022 sssc'n
3103 1966 3391 2021 FRUCTUOSI
3425 1967 3545 2037 (cap.
3568 1966 3652 2037 16).

2288 2056 2303 2094 ί
2335 2053 2390 2107 ln
2421 2055 2658 2109 tenebris
2703 2072 2863 2111 nemo
2910 2057 3167 2125 loquatur
3209 2057 3354 2111 alteri
3384 2069 3398 2110 :
3424 2070 3510 2110 nec
3535 2054 3706 2111 accedat

2211 2144 2320 2199 ullo
2345 2146 2504 2199 modo
2526 2144 2710 2213 junior
2756 2147 2979 2217 quilibet
3031 2148 3099 2203 ad
3147 2148 3333 2203 lectum
3362 2145 3587 2202 alteriusi
3617 2154 3707 2216 post

2210 2236 2571 2308 Completam.

2208 2391 2430 2464 psalmis
2477 2392 3384 2464 et_quotidianahcongregatione,
3435 2390 3553 2464 sicut
3586 2402 3703 2464 supra

2211 2460 2471 2526 diximus,
2516 2460 2778 2526 absoluta,
2826 2461 3005 2517 nullus
3057 2460 3244 2518 eorum
3288 2462 3368 2516 vel
3404 2461 3462 2514 ad
3498 2460 3701 2514 modicum

2210 2531 2526 2597 subsistere,
2552 2540 2645 2586 aut
2663 2532 3017 2587 sermocinari
3043 2534 3205 2588 audet
3226 2548 3339 2588 cum
3355 2531 3520 2585 altero.
3546 2528 3709 2582 il’cene

2210 2601 2490 2657 breviores
2537 2616 2658 2672 qua:
2702 2603 3013 2657 tribuuntur
3067 2603 3125 2657 S.
3158 2602 3364 2664 Basilio,
3393 2617 3442 2654 ιι.
3476 2599 3533 2653 15
3557 2617 3566 2652 :
3590 2598 3708 2672 Birt:

2211 2673 2433 2751 ianipa;
2463 2670 2592 2751 praui
2632 2675 2791 2751 ῌάτερ
2829 2675 2968 2744 ἡμῶν
3008 2675 3192 2751 εὑρεθῇ
3232 2670 3702 2751 ὃμὺιῶννᾶφονμζέσβω.

2212 2742 2265 2812 id
2300 2735 2402 2803 est.
2438 2735 2535 2797 {si
2567 2742 2690 2810 quis
2719 2735 2944 2812 vespere
2988 2735 3116 2812 post
3138 2735 3296 2799 Pater
3330 2735 3707 2812 nosterinventus

2212 2810 2523 2882 fueritcum
2567 2812 2747 2881 aliquo
2806 2810 3155 2882 colloquens,
3204 2810 3647 2882 excommunieetur.
3686 2825 3706 2856 ν

2214 2881 2325 2937 Hoc
2351 2881 2621 2936 silentium
2651 2883 3047 2937 observabatur
3067 2885 3230 2938 etiam
3256 2891 3398 2937 extra
3418 2881 3611 2936 claustra
3628 2890 3707 2929 mo-

2213 2953 2456 3016 naSTerii,
2484 2961 2539 3007 et
2563 2968 2684 3007 cum
2715 2953 2839 3006 vitae
2866 2952 3203 3009 discrimine.
3233 2953 3289 3008 S.
3312 2951 3579 3020 Stephanus
3607 2945 3706 3000 Oba-

2214 3023 2350 3093 zinae
2385 3023 2580 3086 abbas,
2610 3037 2730 3077 cum
2774 3032 2933 3077 nocte
2977 3039 3043 3078 se
3083 3026 3151 3079 ad
3195 3023 3474 3093 Dolouense
3502 3025 3706 3093 monaste-

2217 3092 2357 3146 rium
2384 3093 2677 3156 couferret,
2706 3093 3043 3161 interceptus
3066 3110 3099 3148 a
3127 3092 3423 3149 latronibus
3437 3089 3572 3161 nullis
3593 3087 3705 3161 mittis

2220 3163 2413 3236 adduci
2448 3162 2624 3236 potuit
2666 3171 2725 3216 ut
2762 3160 3113 3236 loqueretur,
3124 3165 3305 3236 "etiam
3344 3162 3514 3236 librato
3546 3160 3589 3211 in
3623 3160 3706 3236 ejus

2220 3233 2430 3286 cervice
2448 3226 2617 3297 Ten-0,
2641 3248 2671 3286 a
2693 3248 2799 3302 quo
2821 3226 3349 3289 divinitus-liberatus
3369 3239 3462 3293 cst,
3483 3226 3705 3302 latronibus

2219 3311 2428 3356 terrore
2451 3296 2643 3373 panico
2672 3296 2955 3373 perculsis.
2988 3303 3192 3360 Eadem
3221 3303 3316 3357 fuit
3335 3298 3593 3373 constantia
3612 3296 3708 3373 duo

2220 3387 2341 3428 rum
2367 3369 2748 3442 discipulorum
2789 3371 2846 3426 S.
2885 3372 3094 3429 Odonis
3137 3373 3340 3429 abbatis
3397 3369 3707 3442 Cluniacensisv

2220 3443 2312 3511 qui
2341 3457 2371 3495 a
2401 3439 2649 3514 barbaris
2691 3443 2857 3513 ligati,
2890 3444 3095 3514 diuque
3132 3443 3356 3499 lacessiti
3390 3439 3617 3514 silentium
3640 3449 3704 3487 no-

2220 3510 2468 3567 cturnum
2508 3510 2821 3581 neutiquam
2859 3510 3220 3580 violaverunt,
3254 3514 3406 3569 etiam
3431 3510 3703 3583 barbaroruut

2221 3584 2378 3649 duce,
2424 3591 2484 3637 ut
2530 3580 2718 3637 eorum
2753 3584 3118 3639 constantiam
3169 3591 3408 3646 tentaret,
3450 3580 3707 3649 irruente‘iu

2219 3667 2335 3717 eos,
2366 3641 2435 3707 'et
2475 3652 2659 3708 lancea
2699 3656 2894 3709 mortis
2938 3664 3147 3709 metum
3196 3641 3483 3714 incutiente,
3519 3655 3567 3701 ut
3589 3641 3706 3699 refert

2218 3721 2453 3777 Joannes
2482 3724 2774 3778 monachus
2811 3724 2905 3779 lib.
2940 3740 2979 3778 ιι
3008 3723 3148 3779 Viue
3173 3725 3230 3779 S.
3253 3722 3454 3780 Odonis.

2296 3792 2477 3865 illam
2499 3803 2617 3865 sunt
2637 3804 2914 3865 praecepta,
2940 3803 3051 3849 etc.
3066 3778 3207 3865 illaec
3233 3778 3475 3849 habentur
3494 3787 3538 3865 in
3558 3778 3705 3865 Βεειιῑῆ

2223 3860 2280 3916 S.
2314 3861 2593 3917 Pachumii
2636 3855 2833 3917 excusa
2876 3855 2980 3918 art.
3032 3865 3085 3919 l.
3131 3863 3234 3920 Sed
3262 3859 3603 3933 quorsu_m_isla
3631 3855 3706 3933 9"}?

2223 3933 2545 3996 referantur,
2564 3948 2670 3987 non
2695 3934 2869 3987 video.
2892 3934 3026 3988 Nam
3055 3936 3109 3989 in
3132 3936 3231 3989 hoc
3252 3923 3413 4003 capite
3435 3923 3707 4003 S.Benetlic}i

2221 4005 2399 4073 agitur
2432 4005 2498 4058 de
2530 3989 2756 4073 lectione
2800 4012 2922 4073 post
2969 4019 3185 4059 caenam
3226 4012 3279 4060 et
3314 3989 3707 4073 'vcsperas,_et'de

2222 4022 2248 4056 {l
2293 4022 2399 4057 lllll‘
2432 4022 2498 4058 ue
2530 4022 2756 4058 ICCUOHC
2800 4022 2922 4073 pOSl
2969 4022 3185 4059 cumam
3226 4022 3279 4060 ει
3322 4022 3561 4070 Πεερεηδ»
3593 4022 3633 4048 τ’
3660 4022 3706 4041 ¹³¹¹

2222 4022 2435 4128 silentio
2455 4081 2577 4142 post
2597 4071 3038 4143 Complctorium.
3067 4075 3137 4128 At
3171 4076 3225 4129 in
3252 4076 3349 4130 hoc
3379 4069 3529 4143 sancti

2141 3122 2184 3185 C

2224 4145 2314 4197 mii
2358 4133 2591 4213 capitulo
2627 4133 2803 4213 agitur
2830 4145 2896 4200 de
2924 4144 3101 4214 culpis
3132 4147 3183 4200 in
3224 4133 3708 4214 ecclesiacommissis,

2222 4215 2290 4268 de
2318 4208 2505 4268 earum
2556 4208 2895 4283 correptione
2933 4224 2989 4270 et
3013 4208 3408 4283 satisfactione.
3440 4208 3601 4283 itaque
3630 4214 3708 4283 ettj

2222 4284 2384 4338 stimo
2407 4300 2515 4337 non
2534 4285 2691 4353 hunc
2714 4275 2845 4339 'esse
2876 4285 3056 4340 locum
3089 4284 3245 4353 hujus
3274 4279 3489 4353 articuli,
3528 4275 3602 4329 Sed
3620 4280 3706 4353 eum

2221 4368 2342 4409 esse
2369 4352 2802 4409 transferendum
2830 4356 2896 4409 ad
2920 4347 3428 4424 sequens-capuam
3450 4360 3541 4418 quo
3565 4347 3708 4397 Incu-

2224 4433 2316 4504 tur
2336 4424 2404 4504 de
2431 4424 2604 4504 culpis
2627 4425 2682 4478 in
2714 4425 2963 4504 oratorio
2981 4425 3300 4504 commissis.
3366 4500 3374 4504 Δ
3455 4487 3555 4504 “ﬁ
3576 4479 3640 4504 mu

2296 4493 2316 4532 ί
2351 4487 2670 4548 Nocte-dum
2699 4495 2767 4548 ad
2794 4495 3160 4552 dormiendum
3188 4497 3310 4558 itur,
3331 4500 3430 4547 etc.
3453 4487 3559 4542 Hac
3576 4487 3707 4535 videre

2217 4571 2302 4620 est
2327 4565 2381 4635 in
2406 4559 2608 4635 Regula
2634 4579 2832 4620 excusa
2855 4564 2912 4619 S.
2941 4566 3152 4631 lsidori,
3183 4580 3300 4634 cap.
3324 4563 3376 4635 3.

2291 4638 2317 4675 Β
2342 4626 2714 4706 Testimonium
2741 4644 2915 4704 pateat
2942 4626 3227 4706 singularis
3246 4626 3711 4706 'quietisrlll‘wﬁm"

2217 4716 2403 4761 scatur
2425 4721 2492 4758 an
2523 4704 2718 4760 fratres
2741 4700 2843 4760 soli
2878 4706 2928 4758 in
2958 4700 3114 4760 lectis
3140 4706 3251 4760 suis
3273 4700 3576 4757 decumbant.

2288 4756 3470 4846 risisti;nassiternam;tantum.
3506 4756 3701 4846 Practer:

2220 4845 2531 4900 admonitio.
2564 4843 2697 4898 Nam
2728 4830 2952 4899 multum
2982 4840 3193 4900 Confert
3219 4844 3460 4914 adversus
3496 4830 3705 4914 carn‘isfnl

2219 4897 2835 4970 amissisanissis
2848 4897 2923 4969 in
2969 4897 3324 4974 tccto'omuo,
3352 4917 3438 4963 aut
3472 4906 3543 4976 pia
3576 4897 3702 4980 aliut“

2219 4986 2516 5040 meditatio.
2546 4984 2700 5050 Quod
2722 4986 2886 5040 etiam
2914 4994 3096 5040 monet
3123 4984 3181 5039 S.
3207 4974 3511 5036 Fructuosus
3526 4974 3700 5052 ρρίεεθιξ

2218 5036 2699 5125 animum;
2718 5036 3153 5111 {Istaista
3188 5063 3387 5125 tempus
3423 5036 3703 5125 peculiarith

2218 5110 2584 5189 orationibus:
2605 5134 2659 5180 et
2689 5110 2859 5181 sacris
2880 5110 3090 5195 vigiliis
3125 5110 3522 5179 ducendum'est
3545 5110 3703 5223 ρτοριὲτ

2221 5196 2478 5223 Luat-nm...
2509 5198 2775 5223 .1..............
2824 5211 3099 5223 ...η-,Μυκη
3146 5195 3235 5223 ιι..;
3278 5193 3568 5223 damnum-pa-
3605 5197 3620 5223 ι
3688 5177 3701 5219 ί

2219 5177 2481 5265 {causa
2496 5177 2796 5251 aestas;
2814 5177 3100 5251 servans
3134 5177 3249 5249 δεῖ
3276 5177 3570 5265 ῥεορριοτεέο
3586 5177 3701 5265 3,1“

2220 5245 2641 5321 sicinistas
2653 5245 2776 5319 ἐἰὶτῖ
2807 5245 2901 5319 5'6—
2921 5245 3179 5336 negtiis:
3193 5245 3235 5336 Ῐὲ
3275 5245 3536 5327 Postumia)
3556 5245 3701 5303 obdor-
3721 5310 3725 5321 ι

2218 5337 2421 5401 mierit,
2448 5338 2492 5391 si
2523 5346 2641 5404 post
2663 5351 2912 5405 somnum
2935 5334 3250 5405 vigilaverit,
3280 5338 3408 5405 oret.
3435 5348 3452 5379 ι

2290 5406 2312 5444 λ
2346 5381 2659 5460 Ιιίιεηῖὸνὶδ
2696 5422 2844 5459 nemo
2882 5381 3125 5463 loquiztur
3152 5381 3319 5463 alteri,
3368 5406 3461 5453 etc.
3505 5389 3604 5444 Haec
3634 5381 3701 5463 bf‘

2218 5477 2415 5531 bentur
2445 5478 2497 5530 in
2530 5476 2662 5546 Reg,
2695 5491 2799 5528 ms.
2847 5477 2905 5530 S.
2947 5461 3232 5529 'Fructuosi
3258 5461 3410 5540 cpisc.
3447 5461 3698 5527 BRN-vc“?

2225 5547 2285 5567 an
2323 5548 2415 5567 --Α
2483 5546 2639 5567 ρμ.--
2708 5545 2831 5567 ιι..-
2884 5544 3188 5567 ..-_...:.--.:..
3235 5547 3426 5567 ...πη-ιιι,
3470 5538 3534 5567 oel
3570 5538 3618 5567 ρς
3656 5523 3696 5567 δ-

2222 5547 2285 5600 l7
2317 5548 2437 5601 cod.
2481 5538 2663 5602 Crassi
2708 5545 2833 5601 llaec
2879 5544 3192 5601 constitutio
3232 5538 3427 5608 sumpta
3470 5538 3539 5586 est
3570 5538 3621 5578 ei
3656 5538 3696 5567 δ·

2219 5618 2421 5672 lsidoro
2442 5632 2622 5687 supra.
2668 5685 2675 5687 _
3410 5644 3429 5687 ς
3464 5665 3544 5687 ,ᾡς

2293 5686 2304 5738 i
2345 5687 2471 5744 Post
2508 5673 2835 5758 rompletam.
2866 5687 3135 5757 Complcta
3164 5692 3245 5738 est
3271 5673 3637 5746 completortumv

2146 4472 2195 4530 D

2269 5849 2315 5868 σε
