3948 6182
272 327 408 388 1149

563 443 675 518 εν.
700 474 773 486 --
792 445 869 499 Ex
900 446 1118 503 Recens
1148 447 1544 506 Osisanuuir.

340 547 368 578 ι
393 534 562 591 Nemo
594 534 752 591 alteri
789 535 1042 607 loquatur
1085 537 1140 593 in
1180 541 1451 609 tenebris;
1491 541 1520 582 ιδ
1549 542 1604 596 in
1634 542 1848 611 psiatho

262 640 390 681 cum
416 624 589 681 altero
616 624 847 679 dormiat
884 640 899 678 :
940 640 1130 681 manus
1172 627 1397 684 alterius
1440 643 1601 685 nemo
1647 636 1846 696 teneat,

262 717 362 772 sed
383 717 496 771 sive
515 714 751 781 steterit,
773 715 888 770 sive
909 716 1287 786 ambulaverit,
1309 720 1422 776 sive
1449 720 1671 788 sederit,
1693 730 1717 760 ο
1741 736 1850 775 uno

262 807 451 862 cubito
474 806 654 861 distet.
1517 796 1523 803 ’

516 896 544 969 §
577 896 663 953 Vl.
691 925 766 938 —
802 896 937 951 Item
972 915 1037 953 ea:
1068 899 1249 954 eadem
1288 900 1489 973 Regula
1526 903 1578 956 δ.

331 986 716 1043 Αάοεουεόιωη
741 994 798 1042 et
823 988 889 1042 ad
912 988 1247 1058 psallendum
1273 992 1451 1048 nullus
1482 994 1583 1049 sibi
1609 994 1852 1049 occasio-

261 1096 361 1136 nes
388 1080 649 1145 inveniat,
672 1082 868 1150 quibus
898 1097 960 1137 se
1002 1083 1147 1138 dicat
1185 1095 1528 1156 occupatum,
1557 1089 1713 1157 quasi
1769 1090 1848 1145 ire

263 1188 372 1226 non
400 1170 589 1241 possit.
624 1170 735 1226 Etsi
766 1172 820 1225 in
848 1173 1180 1227 monasterio
1203 1214 1217 1237 ,
1269 1175 1352 1229 vel
1393 1177 1450 1230 in
1479 1192 1631 1248 agro,
1666 1186 1760 1233 aut
1792 1179 1846 1233 in

263 1263 478 1327 itinere,
511 1268 604 1316 aut
631 1261 685 1315 in
732 1262 973 1331 quolibet
1001 1263 1300 1322 ministerio
1331 1266 1526 1333 fuerit,
1565 1270 1755 1325 orandi
1793 1280 1849 1326 et

259 1350 526 1421 psallendi
558 1358 767 1419 tempus
811 1368 917 1406 non
950 1355 1345 1422 praetermittat.

423 1441 451 1512 §
478 1440 588 1495 Vll.
612 1472 683 1482 ——
712 1442 792 1499 Ex
828 1443 1049 1500 Rasum
1088 1446 1353 1502 MAGISTRI
1393 1448 1530 1521 (cap.
1560 1452 1676 1521 50).

340 1546 363 1575 ε
390 1534 491 1590 Ubi
523 1536 864 1600 omnia,cum
888 1539 1065 1594 adhuc
1096 1539 1344 1611 loquendi
1367 1555 1417 1598 et
1450 1544 1652 1615 aliquid
1679 1547 1848 1617 impe-

264 1624 417 1680 randi
449 1625 666 1681 licentia
720 1626 1005 1694 tribuitur,
1053 1629 1254 1686 fuerint
1300 1634 1588 1704 adimpleta
1616 1677 1631 1702 ,
1687 1636 1846 1693 factis

263 1717 672 1786 Complctoriis,
704 1719 756 1772 in
788 1719 976 1775 ultimo
1003 1722 1188 1777 dicant
1216 1725 1360 1779 hunc
1390 1741 1608 1781 versum
1633 1747 1648 1783 :
1676 1725 1841 1792 Pone,

1243 338 1632 395 CONCOBDIA
1672 338 2127 398 REGULARUM.
2167 376 2235 385 -—
2272 346 2424 402 CAP.
2463 347 2554 403 ιι.

3394 359 3536 417 “50

1870 455 1923 514 Α
1948 469 2196 512 somnum
2223 466 2350 515 ante
2388 459 2693 518 Nocturnos
2720 464 3076 536 compellatur
3096 466 3245 540 loqui
3279 470 3482 543 aliquid
3503 517 3520 532 .

1947 545 2099 614 prius
2121 562 2336 604 versum
2357 561 2675 608 consuetum
2692 552 2951 611 Nocturni
2976 556 3121 612 dicat
3148 557 3251 614 sibi
3279 559 3445 628 lente,
3471 564 3526 619 id

1946 644 2033 692 est
2057 656 2069 692 :
2103 638 2345 708 Domine,
2371 641 2514 698 labia
2554 661 2668 699 mea
2706 647 2930 717 aperias,
2957 659 3005 703 et
3035 666 3093 703 os
3123 666 3294 706 meum
3322 670 3540 709 annun-

1948 727 2097 782 tiabit
2126 728 2339 786 tandem
2363 740 2510 788 tuam
2527 751 2546 800 ;
2572 744 2628 789 et
2652 735 2905 805 loquatur
2922 739 3065 808 quod
3094 755 3231 810 opus
3264 751 3364 797 est.
3395 744 3541 799 Nam.

1948 822 2308 878 manducandi
2339 824 2563 894 aliquid,
2594 836 2688 883 aut
2715 829 2956 896 bibendi,
2988 833 3003 872 ί
3041 832 3125 887 vel
3148 833 3387 904 aliquam
3414 851 3541 890 rem:

1949 915 2208 981 operandi
2240 915 2440 970 nullam
2463 916 2619 973 fratri
2648 927 2768 989 post
2795 920 3185 992 Completorios
3216 926 3530 995 permissio-

1947 1020 2072 1059 nem
2098 1007 2465 1063 cnncedimns.
2496 1008 2553 1064 Si
2574 1010 2664 1079 qui
2697 1027 2822 1067 vero
2843 1013 2910 1067 de
2933 1016 3208 1070 extraneis
3236 1025 3357 1086 post
3378 1016 3539 1073 Com-

1948 1097 2204 1166 pletorios
2245 1097 2512 1167 perfectos
2543 1102 2931 1156 monasterium
2977 1105 3335 1173 adveneriut,
3378 1123 3411 1161 a
3438 1109 3539 1164 do-

1950 1188 2192 1244 mesticis
2228 1188 2486 1245 fratribus
2522 1192 2687 1246 tacito
2735 1192 3034 1248 ministerio
3081 1205 3426 1262 recreentur,
3476 1208 3534 1253 et

1948 1275 2092 1332 lente
2119 1280 2202 1333 eis
2233 1294 2551 1348 responsum
2604 1281 2862 1337 reddatur
2904 1293 3126 1355 propter
3155 1286 3375 1358 Regula:
3400 1303 3531 1343 con-

1948 1371 2219 1437 stitntnm,
2248 1378 2303 1425 et
2331 1371 2457 1426 lotis
2476 1388 2661 1427 eorum
2709 1375 2935 1443 pedibus
2967 1374 2980 1426 i
3030 1378 3360 1448 complentes
3385 1387 3535 1448 post.

1948 1462 2166 1514 modum
2201 1460 2303 1515 sibi
2333 1461 2477 1515 lente
2502 1470 2557 1516 et
2584 1462 2683 1531 ipsi
2722 1465 3132 1533 peregrinorum
3185 1466 3342 1522 lectis
3390 1467 3535 1523 dele—

1947 1558 2141 1621 gentur
2167 1550 2403 1606 dormire
2429 1570 2441 1605 :
2476 1567 2598 1606 mox
2636 1553 2833 1609 clausis
2865 1555 3195 1623 abostiariis
3216 1557 3240 1597 ιι
3264 1558 3451 1627 regiis,
3474 1560 3532 1614 in

1947 1641 2058 1693 suis
2082 1647 2138 1695 et
2169 1640 2269 1710 ipsi
2309 1641 2551 1710 jacentcs
2602 1644 2787 1698 stratis
2816 1660 2912 1714 per
2957 1646 3522 1704 horarum‘silentium

1949 1739 2005 1784 et
2039 1731 2213 1786 noctis
2243 1739 2499 1801 appetant
2518 1747 2787 1788 somnum.
2815 1734 2871 1789 Si
2902 1735 3024 1804 quis
3052 1750 3179 1790 vero
3206 1735 3376 1793 frater
3407 1749 3533 1809 post

267 1806 508 1875 Domine,
537 1810 830 1864 custodiam
857 1812 935 1865 ori
975 1829 1108 1877 meo,
1146 1824 1193 1868 et
1221 1818 1410 1870 ostium
1440 1819 1848 1874 circumstantia:
1878 1794 1922 1853 Β
1955 1821 2345 1892 Completorios
2367 1832 2460 1877 aut
2489 1825 2838 1890 manducare,
2869 1835 2961 1881 aut
2990 1827 3188 1896 aliquid
3220 1794 3530 1884 bibere-de-

263 1899 419 1969 lgbiis
447 1903 594 1958 meis.
627 1901 749 1959 Mox
788 1905 1163 1976 ingrediantur
1204 1909 1479 1966 silentium
1503 1952 1516 1976 ,
1567 1920 1621 1966 et
1649 1912 1763 1967 suis
1795 1926 1855 1967 se

262 1996 529 2052 eollocent
558 1998 745 2063 lectis;
778 2007 833 2054 et
864 2009 1013 2054 tanto
1048 2001 1266 2058 silentio
1289 2004 1622 2074 redigantur,
1655 2012 1717 2058 ut
1756 2019 1853 2058 us-

262 2104 371 2158 que
400 2089 467 2145 ad
495 2087 799 2145 Nocturnos
821 2098 1074 2159 putetur,
1114 2092 1289 2148 nullus
1316 2094 1387 2148 ibi
1417 2108 1539 2149 esse
1570 2096 1638 2149 de
1667 2093 1851 2149 fratri.

262 2180 386 2234 bus.
414 2180 539 2235 Ideo
562 2181 704 2237 enim
742 2190 863 2250 post
895 2181 1287 2252 Completorios
1321 2192 1502 2239 tacere
1552 2182 1810 2238 debemus
1833 2224 1847 2247 ,

265 2276 324 2323 ut
371 2269 565 2323 merito
600 2270 654 2323 in
691 2269 981 2326 Nocturnis
1026 2270 1046 2310 τ
1090 2272 1267 2343 primo
1310 2273 1554 2327 dicamus
1582 2272 1846 2328 Domino:

264 2357 506 2423 Domine,
538 2357 677 2412 labia
707 2376 822 2413 mea
849 2362 1080 2431 aperies,
1123 2371 1171 2415 et
1201 2379 1259 2416 os
1300 2379 1472 2417 meum
1515 2363 1851 2417 annuntiabit

261 2448 473 2501 laudem
501 2456 669 2504 tuam.
696 2448 810 2505 Hoc
847 2459 952 2515 est,
979 2461 1226 2522 petamus
1255 2454 1540 2508 Dominum
1571 2454 1769 2510 debere
1793 2452 1847 2507 in

263 2537 556 2592 Nocturnis
590 2553 658 2608 ap
677 2538 802 2594 'rire
828 2538 970 2594 labia
999 2550 1206 2607 nostra,
1234 2558 1356 2611 qua:
1387 2557 1484 2597 sua
1512 2542 1759 2597 custodia
1793 2542 1847 2596 in

263 2629 641 2700 Compleloriis
663 2630 953 2687 clauserat.
1005 2631 1170 2689 Vides
1201 2647 1363 2703 ergo,
1413 2632 1540 2703 quia
1589 2633 1849 2703 quidquid

265 2719 529 2788 aperitur,
556 2719 869 2790 agnoscitur
918 2720 1068 2791 prius
1107 2719 1278 2776 fuisse
1326 2720 1590 2775 clausum.
1642 2721 1750 2776 Sed
1782 2736 1850 2775 ne

264 2808 430 2875 forte,
464 2825 586 2865 cum
623 2810 897 2866 silentium
953 2810 1287 2877 custoditur,
1333 2811 1509 2881 aliqua
1553 2811 1849 2867 necessitas

265 2901 519 2957 utilitatis
549 2903 615 2957 ad
648 2902 972 2971 loquendum
1006 2902 1230 2958 fratrem
1257 2911 1570 2975 perurgcat,
1603 2911 1659 2957 et
1681 2902 1859 2958 fraten

265 2993 420 3047 fratri
461 2994 576 3049 vult
603 2993 771 3063 loqui,
802 2994 849 3050 si
878 2994 1059 3049 lumen
1108 2996 1133 3035 ε
1173 2993 1431 3049 cicendeli
1472 3004 1566 3048 aut
1617 2993 1851 3048 lucerna:

267 3086 464 3152 fuerit,
490 3086 576 3141 vel
614 3101 799 3151 manu,
828 3085 915 3140 vel
952 3094 1083 3140 nutu
1133 3086 1350 3155 capitis,
1380 3085 1464 3139 vel
1494 3092 1624 3140 nutu
1672 3083 1850 3138 oculo-

267 3194 412 3242 rum,
440 3187 534 3233 aut
557 3185 725 3243 certe,
761 3177 807 3232 si
854 3176 1006 3233 deest
1044 3177 1221 3233 lumen
1249 3219 1264 3243 ,
1317 3176 1487 3233 frater
1528 3193 1650 3233 cum
1681 3176 1852 3230 fratre

267 3271 293 3310 ιι
330 3271 396 3323 ad
431 3270 790 3326 necessarium
824 3269 1005 3335 vadat,
1031 3280 1087 3325 et
1128 3272 1270 3342 quod
1299 3285 1434 3341 opus
1463 3270 1647 3337 fuerit,
1674 3279 1852 3325 tamen

266 3361 337 3413 ad
367 3376 554 3416 aurem
585 3361 725 3415 lente
767 3361 1020 3430 loquatur
1043 3403 1059 3429 ,
1112 3370 1174 3417 ut
1204 3363 1341 3419 alter
1368 3363 1561 3418 tertius
1592 3378 1715 3417 eum
1745 3377 1852 3416 non

267 3451 472 3505 audiat.
517 3450 689 3506 Simul
737 3459 794 3505 et
819 3451 865 3506 si
908 3450 1079 3506 frater
1126 3452 1306 3523 aliqua
1365 3452 1693 3507 necessitate
1733 3458 1855 3521 post

345 3596 371 3623 α
402 3581 570 3656 Nemo
603 3583 754 3656 alteri
774 3583 1027 3656 loquatur
1053 3585 1108 3639 in
1138 3585 1383 3656 tenebris,
1428 3593 1536 3640 etc.
1556 3584 1713 3656 “Haec
1760 3584 1855 3638 lia-

270 3655 471 3725 hcntur
492 3655 655 3708 etiam
685 3655 739 3708 in
756 3654 972 3725 iRe’gula
999 3654 1057 3709 S.
1085 3655 1381 3716 Pachomii,
1402 3669 1525 3723 cap.
1551 3654 1638 3710 55.

346 3725 375 3763 b
398 3723 463 3776 In
479 3724 719 3797 psiatho.
754 3722 1038 3797 Psiathus,
1073 3724 1277 3797 ψίαθος,
1307 3736 1362 3797 et
1402 3725 1603 3797 ψιᾴθιον
1647 3722 1853 3797 Graece,

272 3803 444 3848 matta
479 3793 670 3848 Latine
692 3803 775 3849 est
800 3804 997 3858 storca,
1029 3793 1214 3863 in’qua
1241 3794 1362 3863 quis
1385 3793 1534 3847 sedet
1560 3802 1653 3846 aut
1673 3793 1853 3863 cubat.

272 3864 569 3919 Cassianus
595 3865 689 3919 lib.
720 3881 775 3929 v,
819 3880 938 3933 cap.
987 3864 1055 3918 55
1096 3861 1166 3917 :‘c
1197 3861 1271 3917 Et
1291 3865 1632 3918 incubantem
1663 3861 1894 3933 psiatliio

274 3934 588 4003 reperisset.
639 3954 656 3986 ι
690 3934 879 3989 Collat.
912 3935 962 3999 l,
999 3950 1118 4005 cap.
1165 3934 1235 3988 Εὖ
1265 3952 1332 4005 ﬁt
1378 3933 1569 3988 Adhuc
1606 3949 1705 3988 nos
1746 3935 1856 3987 avi-

273 4006 393 4064 dos.
424 4013 498 4075 iet
548 4006 613 4059 de
657 4020 755 4058 suo
794 4021 890 4061 ore
935 4003 1230 4075 pendentes
1276 4003 1557 4075 degustare
1593 4018 1856 4075 somnum

274 4074 467 4145 paucis
496 4075 836 4144 perhortatus
862 4072 950 4129 est
972 4075 1159 4129 iisdem
1183 4072 1553 4145 ipsisfquibus
1591 4072 1859 4145 insideba-

276 4143 420 4207 iuus,
458 4143 706 4212 pSiathiis
752 4146 1046 4199 admonens
1091 4143 1423 4199 incubare.)
1456 4143 1754 4214 Hesychius
1787 4144 1856 4197 ll-

276 4215 466 4291 lustris
492 4215 556 4291 i_n_
576 4214 929 4291 Menedemo:
968 4220 1068 4269 Τοῦ
1112 4217 1201 4286 μὲν
1228 4216 1403 4291 θέρινς
1432 4214 1615 4291 «Piceo;
1643 4216 1728 4291 ἐπὶ
1759 4221 1859 4291 ’ζῶν

275 4288 465 4346 γλινῶν,
505 4284 558 4338 id
599 4293 704 4348 est,
737 4303 756 4335 ι
798 4292 854 4339 et
888 4285 941 4338 in
972 4281 1159 4338 astate
1188 4281 1454 4353 pziallius'
1475 4284 1529 4338 in
1559 4281 1858 4339 lectisalu-

278 4355 385 4408 lius
410 4353 599 4407 Pollux
641 4353 734 4409 lib.
767 4372 822 4417 κ,
853 4368 971 4423 cap.
1014 4353 1065 4416 6,
1113 4354 1254 4409 inter
1297 4355 1402 4415 illa,
1442 4370 1561 4423 qute
1588 4354 1740 4409 lectis
1771 4370 1863 4409 ne-

276 4424 517 4513 cessaria
540 4433 695 4513 sunt,
719 4424 896 4513 ψίαθον
935 4431 1217 4513 recenset.‘
1236 4424 1532 4512 llesyzchius
1562 4424 1859 4513 [διερειδ-

278 4496 419 4563 phus
448 4511 460 4546 :
490 4495 671 4566 Υζαθος
713 4491 744 4553 ἦ
783 4498 1032 4566 xoptatum,
1064 4495 1226 4566 native
1264 4491 1419 4566 φιλ-ἑὸν
1442 4497 1492 4558 ἐξ
1529 4491 1587 4548 οὗ
1616 4491 1856 4566 alias-ron

277 4567 478 4635 ψίαθος,
509 4564 560 4618 id
586 4573 687 4627 est,
710 4582 739 4635 fc
769 4564 1020 4619 Psiatlitis
1043 4575 1127 4635 est
1151 4564 1350 4618 humile
1389 4571 1617 4635 stratum
1660 4578 1752 4635 seu
1802 4565 1854 4617 id

278 4632 424 4700 ιἰιιοίι
448 4634 815 4688 substernitur
848 4635 901 4688 in
926 4642 1069 4687 terra
1098 4633 1457 4702 decumbenti,
1480 4640 1536 4686 et
1568 4632 1856 4702 virgultum

279 4720 349 4757 ex
378 4719 486 4771 quo
515 4704 759 4772 psiathus
788 4703 1145 4759 contexitur.»
1176 4701 1413 4772 Psiathia
1443 4703 1607 4756 etiam
1651 4701 1859 4757 stema-

282 4770 481 4843 bantur
508 4770 778 4828 cathedris
814 4773 1055 4843 judicum
1086 4781 1221 4826 teste
1244 4770 1449 4843 eodem
1490 4772 1774 4841 Hesychio,
1806 4782 1860 4826 et

280 4841 424 4895 Julio
475 4843 689 4897 Polluce
733 4841 825 4899 lib.
877 4858 1006 4905 vui,
1064 4857 1185 4911 cap.
1232 4841 1332 4905 10;
1373 4842 1861 4911 substeruehantur

281 4912 445 4964 etiam
467 4914 761 4971 orantibus.
802 4921 855 4966 ut
884 4911 1052 4981 liquet
1071 4909 1145 4965 ex—
1170 4919 1355 4966 sancto
1378 4909 1638 4982 Gregorio
1663 4912 1757 4966 lib.
1792 4927 1855 4975 ιι,

286 4982 422 5034 Dial.
456 4997 573 5051 cap.
604 4982 669 5035 10
700 5000 713 5036 :
747 5000 766 5033 ‹
801 4980 1166 5050 Prmcepitque
1215 4982 1300 5034 vir
1336 4981 1431 5036 Dei
1477 4980 1530 5034 in
1563 4980 1696 5051 cella
1738 4996 1855 5051 sua,

283 5052 337 5106 in
364 5049 618 5121 psiathio,
662 5052 716 5105 in
758 5067 865 5119 quo
903 5049 1061 5106 orare
1098 5059 1473 5116 consueverat,
1501 5049 1762 5121 projici,»
1794 5049 1862 5104 Et

282 5119 452 5175 ex'S.
498 5121 738 5191 Eulogio,
769 5121 862 5175 lib.
891 5138 949 5176 ιιι
989 5121 1330 5191 Memorialis,
1360 5135 1478 5189 cap.
1512 5120 1579 5173 10
1609 5138 1621 5174 :
1659 5138 1678 5170 ι
1711 5119 1857 5175 Adeo

283 5200 344 5243 nt
373 5192 562 5245 subtus
587 5190 779 5257 matta,
820 5192 874 5245 in
921 5207 1025 5259 qua
1063 5190 1152 5245 illa
1183 5199 1452 5259 prostrato
1480 5203 1705 5258 corpore
1729 5205 1859 5259 exo-

286 5262 461 5323 rabat,
506 5262 814 5315 liumectum
851 5258 1102 5329 lacrymis
1146 5258 1506 5329 pavimentum
1551 5258 1860 5329 ostendere-

287 5339 392 5384 tur.
430 5350 448 5382 ι
496 5328 987 5385 Substerncbantur
1018 5328 1179 5383 etiam
1207 5328 1558 5397 psallentibus
1585 5328 1636 5381 in
1668 5329 1857 5390 choro,

286 5408 343 5452 ut
392 5409 580 5454 notum
627 5408 711 5455 est
742 5415 806 5455 ex
856 5400 1054 5468 Regula
1107 5399 1366 5467 Magistri,
1405 5414 1525 5465 cap.
1561 5397 1626 5450 l8
1671 5405 1730 5468 et
1766 5397 1834 5452 68

287 5469 512 5524 Fiebant
534 5478 712 5524 autem
738 5486 804 5525 ex
833 5467 1030 5539 scirpo,
1061 5468 1346 5537 aliquando
1370 5483 1433 5522 ex
1461 5468 1628 5521 ramis
1650 5467 1857 5536 palma-

289 5555 428 5594 rum.

359 5622 380 5646 ε
410 5607 528 5662 Uno
554 5608 725 5662 cubito
747 5609 900 5663 distet
932 5607 996 5662 ab
1026 5605 1208 5661 altera.
1242 5604 1301 5660 S.
1336 5605 1666 5661 Fructuosus
1688 5607 1857 5676 episc.

287 5678 441 5749 Brac.
471 5693 591 5746 cap.
627 5676 903 5749 2_Regnlae
932 5696 945 5731 :
992 5695 1011 5727 ι
1045 5676 1157 5749 Nec
1201 5676 1342 5731 ullus
1373 5691 1431 5730 se
1470 5677 1548 5729 vel
1595 5677 1735 5731 ultra
1767 5692 1859 5731 cu-

289 5748 382 5802 biti
407 5745 637 5819 spatium
660 5745 889 5820 iungens
917 5749 985 5803 ad
1008 5747 1256 5811 alterum,
1288 5756 1392 5801 etc.
1427 5765 1446 5799 ι

1952 1913 2255 1982 prehensus
2302 1912 2501 1980 fuerit,
2544 1915 2686 1970 hanc
2710 1919 3289 1973 excommunicationis
3319 1934 3534 1989 pinnam

1952 2004 2247 2072 suscipiat;
2275 2004 2380 2058 alia
2399 2005 2487 2059 die
2507 2013 2816 2071 accusatus,
2838 2005 2855 2045 ι
2878 2006 2999 2078 [in]
3021 2007 3228 2078 jejunio
3255 2010 3537 2064 continua—

1952 2102 2029 2158 to,
2059 2096 2218 2150 tertia
2266 2096 2354 2151 die
2397 2095 2610 2151 reficiat
2639 2098 2729 2167 qui
2761 2098 3107 2168 prmsumpsit
3157 2097 3367 2154 illicita.
3405 2100 3536 2165 Qlue

1950 2186 2532 2241 excommunicationis
2584 2201 2745 2255 poena
2805 2186 2989 2240 tandiu
3042 2188 3098 2241 in
3132 2186 3538 2242 continuatione

1948 2281 2284 2346 permaneat,
2299 2275 2535 2345 quandiu
2559 2288 2657 2345 per
2679 2275 3002 2333 humilitatis
3020 2273 3447 2330 satisfactionem
3471 2275 3538 2330 de

1948 2366 2327 2421 emendatione
2349 2366 2615 2436 promissa
2645 2366 2714 2419 ab
2738 2380 2823 2430 eo,
2857 2366 3051 2420 abbate
3072 2372 3357 2434 praesente,
3382 2371 3474 2419 aut
3504 2380 3538 2418 a

1949 2458 2255 2527 praepositis
2282 2456 2437 2511 venia
2462 2455 2627 2511 fuerit
2655 2454 2944 2524 postulata.
3304 2468 3307 2477 '

2112 2546 2140 2618 §
2176 2545 2306 2600 V‘lll.
2336 2577 2408 2586 —
2432 2546 2512 2600 Ex
2552 2546 2773 2601 Rscum
2807 2559 3071 2600 cotusnu
3119 2543 3257 2617 (cap.
3292 2545 3369 2616 9).

2020 2649 2060 2677 ω
2077 2636 2333 2708 Regulam
2356 2636 2555 2691 silentii
2585 2635 2733 2690 omni
2763 2642 3005 2704 tempore
3031 2636 3353 2690 servandam
3384 2634 3536 2691 Scri-

1949 2735 2230 2797 pturarum
2258 2725 2429 2781 series
2458 2725 2777 2790 declaravit,
2810 2725 2937 2779 dum
2970 2739 3069 2794 per
3093 2724 3422 2794 Prophetam
3452 2726 3537 2780 di-

1924 2816 2129 2870 citur:
2168 2813 2355 2870 Cultus
2383 2815 2613 2885 justitiaz
2639 2814 2907 2869 silentium
2930 2823 2980 2868 et
3027 2831 3133 2885 pax
3157 2814 3293 2886 (lsa.
3333 2816 3534 2888 xxxu).

1951 2905 2260 2960 Tacendum
2290 2921 2523 2976 namque
2553 2913 2638 2960 est
2668 2905 2737 2960 ab
2764 2905 2953 2960 otiosis
2977 2914 3027 2960 et
3055 2905 3286 2972 frivolis,
3311 2915 3366 2961 et
3389 2922 3537 2962 scur-

1951 2996 2170 3063 rilibus,
2217 3005 2274 3052 et
2318 2998 2499 3067 pravis
2541 3004 2598 3051 et
2643 2996 2929 3051 malitiosis
2967 2995 3198 3051 tabulis:
3240 2997 3305 3052 de
3341 2998 3539 3067 quibus

1954 3085 2221 3157 Propheta
2242 3089 2434 3142 orabat
2453 3088 2672 3142 dicens:
2700 3083 3125 3151 Pone,Domine,
3141 3087 3432 3140 custodiam
3459 3087 3540 3141 ori

1954 3194 2088 3243 meo,
2115 3187 2162 3231 et
2186 3178 2373 3232 ostium
2394 3178 2799 3231 circumstantia:
2821 3177 2975 3231 labiis
3006 3180 3152 3230 meis.
3173 3176 3295 3231 Non
3312 3176 3538 3231 declines

1958 3281 2050 3320 cor
2074 3282 2243 3320 meum
2272 3268 2327 3320 in
2369 3268 2523 3322 verba
2560 3266 2800 3321 malitiw.
2826 3265 3158 3322 Cessandum
3184 3267 3381 3337 quippe
3402 3275 3484 3322 est
3508 3282 3540 3321 a

1956 3354 2155 3411 fabulis
2195 3356 2480 3426 superfluis
2505 3397 2520 3421 ,
2583 3371 2652 3412 ne
2690 3356 3056 3413 damnationis
3082 3371 3179 3425 per
3204 3355 3539 3410 ineﬂ'renata:

1956 3449 2156 3503 mentis
2183 3448 2455 3518 ignaviam
2485 3448 2664 3501 anima
2692 3448 2927 3502 fructum
2948 3448 3147 3517 capiat.
3170 3444 3272 3512 Qui
3303 3462 3411 3502 non
3458 3460 3540 3501 so-

2025 3578 2053 3620 ά
2092 3579 2221 3650 Art.
2241 3579 2304 3635 8|
2324 3578 2552 3650 Regula:
2567 3577 2976 3650 _S._Pachom_ii,
3001 3577 3095 3633 sed
3125 3574 3439 3648 referendus
3457 3583 3541 3633 cst

1957 3651 2025 3705 ad
2056 3664 2177 3719 cap.
2210 3649 2279 3703 50
2318 3647 2533 3719 Regula:
2560 3647 2953 3719 SLBenedicti.
3256 3696 3263 3697 ,

2032 3731 2056 3758 θ
2099 3716 2196 3772 Ubi
2224 3716 2422 3781 omnia,
2449 3727 2555 3772 etc.
2614 3717 2728 3771 Hoc
2754 3716 3052 3786 capitulum
3078 3723 3162 3771 est
3187 3729 3318 3785 pars
3343 3716 3542 3786 capitis

2010 3789 2244 3838 ieesimi.
2276 3796 2336 3838 ut
2356 3789 2538 3838 videre
2573 3797 2656 3838 est
2680 3788 2732 3838 in
2776 3786 2909 3838 Rea.
2943 3801 3048 3838 ms.
3078 3785 3215 3838 Matr.

1956 3789 2245 3897 trigesimi,
2276 3789 2538 3868 utvidere
2573 3797 2656 3841 est
2680 3789 2732 3840 in
2766 3789 2909 3868 _Reg.
2943 3801 3048 3868 ms.
3078 3789 3215 3854 Mag.
3303 3855 3317 3869 π

2099 3858 2281 3913 Primo
2311 3859 2590 3912 dicamus:
2623 3856 2873 3919 Domine,
2920 3856 3086 3922 labia,
3113 3866 3220 3910 etc.
3276 3854 3538 3915 hamdcm

1958 3930 2224 3984 rationem
2258 3928 2547 3998 incipiendi
2570 3927 2873 3998 Nocturnus
2899 3925 2966 3979 ab
2996 3926 3096 3998 hoc
3119 3923 3404 3998 versiculi:
3417 3939 3541 3998 pro-

1959 4001 2065 4054 fert
2092 3993 2396 4053 Amalarius
2427 3998 2756 4052 Fortunatus
2806 3995 2899 4049 lib.
2951 4010 3011 4049 ιιι
3062 3995 3129 4050 de
3159 3993 3310 4049 Ollic.
3364 3994 3538 4056 Eccl.,

1957 4086 2077 4140 cap.
2107 4070 2141 4124 9
2162 4087 2181 4140 γε
2218 4087 2243 4140 ν(
2285 4067 2673 4140 lnnoctnrnaIi
2712 4065 2913 4140 officio‘
2927 4066 3158 4140 dicimus
3182 4064 3396 4140 primo:
3426 4063 3538 4140 Do—

1957 4131 2123 4218 mine,
2152 4139 2293 4218 labia
2322 4139 2686 4218 meaaperies,
2725 4145 2832 4218 etc.
2886 4137 3104 4218 Deinde.
3135 4131 3381 4218 sequitur
3417 4131 3541 4187 Glo-

1960 4213 2063 4264 ria.
2086 4210 2312 4278 Quando
2340 4206 2547 4280 pridem
2593 4208 2645 4262 in
2672 4216 2832 4263 nocte
2859 4207 3107 4280 conventi
3149 4206 3368 4271 fuimus,
3396 4218 3542 4259 com-

1962 4277 2602 4355 mendavimus'nos‘Deo
2625 4319 2659 4355 ,_
2707 4286 2763 4333 et
2802 4277 3327 4355 conclusimuspra;
3378 4283 3540 4355 atque

1957 4362 2083 4430 post
2110 4351 2305 4430 singuli
2336 4350 2489 4430 quasi
2519 4348 2917 4430 quodammodo
2946 4350 2998 4402 in
3024 4348 3253 4430 singulis
3278 4344 3541 4430 sepulcris

1960 4417 2283 4493 quievimus,
2315 4417 2370 4476 et
2395 4421 2492 4477 soli
2523 4417 2752 4493 Domino
2774 4417 3252 4493 menteastitimus
3277 4435 3290 4470 :
3316 4417 3405 4493 cui
3432 4430 3539 4493 non

1882 4481 1934 4540 D
2103 4471 2283 4570 ’ἦιὲὲῑξξί
2309 4471 2826 4570 _hizéé§s:§ria,"q’pi5
2863 4471 3217 4570 cogitationes
3253 4485 3542 4570 novit.“At
3566 4471 3579 4501 ⁸

1959 4578 2128 4627 nunc,
2158 4562 2281 4631 quia
2308 4562 2502 4616 iterum
2530 4553 2989 4631 convenimusad
3021 4556 3384 4631 confitendum
3434 4553 3541 4608 Do-

1959 4634 2127 4695 mino,
2160 4626 2446 4702 precamur
2475 4645 2622 4702 eum,
2654 4638 2713 4702 ut
2733 4644 2827 4702 sua
2864 4627 3158 4702 direc_tione
3180 4626 3319 4702 labia
3354 4634 3539 4702 nostra

1959 4694 2187 4772 aperiat}
2219 4721 2237 4754 ι
2290 4701 2426 4772 [line
2476 4700 2767 4772 capiendus
2798 4697 2946 4772 locus
2994 4696 3209 4772 {tegulae
3256 4694 3537 4772 Magistri,

1960 4765 2080 4841 cap.
2111 4770 2182 4824 44
2215 4790 2227 4824 :
2268 4789 2285 4852 ι
2319 4765 2624 4853 Οροιιεις.ἰῃ
2657 4768 2947 4823 Nocturnis
2972 4767 3041 4821 ab
3070 4765 3540 4853 abbatedici‘vﬁr-

1959 4831 2080 4896 sum
2111 4831 2425 4910 apertionis.
2462 4858 2481 4890 ι
2510 4837 2613 4893 Ubi
2644 4853 2742 4910 per
2776 4852 2979 4891 versum
3016 4835 3300 4908 apertionis
3341 4831 3539 4887 intelli-

1960 4858 2080 4896 sum
2111 4853 2425 4910 apertionis.
2462 4858 2481 4890 ι
2515 4853 2613 4893 um
2637 4853 2742 4960 per
2776 4853 2937 4891 versu:

1960 4912 2039 4982 git
2062 4926 2273 4965 versum
2306 4927 2318 4962 :
2357 4910 2597 4972 Domine,
2659 4908 2801 4973 abia,
2832 4914 2937 4961 etc.

2036 4983 2061 5021 ⁸
2101 4979 2382 5034 Cicendeli.
2415 4979 2547 5032 Vide
2572 4992 2754 5034 supra.

2144 4998 2382 5033 ιοεηαειι.
2423 4998 2547 5032 ιιοθ
2572 4998 2754 5033 sunra.

2036 4992 2061 5021 δ
2101 4992 2382 5034 ωοεηαειι.
2420 4992 2547 5032 Viue
2572 4992 2754 5046 supra.

2030 5050 2058 5091 1ει
2099 5049 2181 5103 Ad
2210 5049 2579 5104 necessarium.
2611 5048 2670 5101 id
2704 5053 2807 5107 est,
2840 5044 2907 5100 ad
2938 5058 3230 5099 secessum.

2039 5121 2055 5160 ὶ
2110 5117 2202 5174 νει
2230 5118 2460 5189 aliquam
2482 5132 2603 5189 _rem
2645 5114 2911 5185 operandi.
2941 5113 3017 5169 lla
3050 5113 3261 5169 restitui
3280 5113 3426 5168 hunc
3460 5113 3539 5169 lo-

1961 5205 2088 5246 cum
2119 5204 2186 5242 ex
2211 5186 2331 5243 cod'.
2360 5186 2518 5241 Vind.

2036 5259 2049 5309 i
2101 5258 2445 5328 Complentes.
2475 5256 2532 5310 ιιι
2558 5253 2980 5318 cst,orationem
3002 5269 3097 5311 seu
3118 5252 3398 5309 collectam
3422 5253 3538 5308 lau-

1962 5329 2139 5399 tiouis
2154 5327 2350 5399 pedum
2374 5327 2642 5399 dicentes.

2036 5400 2061 5439 ιι
2105 5394 2299 5467 Regiis.
2333 5397 2387 5452 ω
2418 5394 2725 5467 cst,ostiis.

2039 5467 2057 5507 ι
2097 5467 2163 5521 1η
2183 5463 2199 5467 ⁷
2202 5466 2409 5535 jejunio
2435 5469 2493 5535 τὸ
2524 5466 2599 5528 in,
2627 5463 2911 5535 redundat.

2034 5550 2073 5578 ω
2102 5529 2310 5590 δὶιὲηἱὶἱ
2339 5534 2593 5603 regulam,
2621 5542 2725 5588 etc.
2764 5534 2839 5587 Ita
2874 5531 2932 5586 S.
2960 5529 3324 5603 Columbanus
3351 5547 3471 5603 cap.
3503 5531 3540 5588 2

1960 5607 2181 5678 Regulae
2208 5619 2222 5657 :
2253 5623 2271 5654 ι
2306 5601 2732 5678 Silentiiregula
2759 5603 3046 5678 diligenter
3070 5601 3425 5678 custodienda
3437 5603 3539 5678 de-

1962 5668 2248 5738 cernatur;
2292 5674 2416 5742 quia
2444 5668 2700 5743 scriptum
2738 5679 2820 5729 est
2858 5668 3092 5726 {Cultus
3114 5671 3340 5742 justitiw
3378 5672 3541 5726 silem

1963 5748 2095 5802 tium
2117 5754 2163 5800 et
2190 5760 2315 5817 pax.
2349 5762 2367 5795 ι
