3948 6182
505 251 642 311 i139

1523 250 1587 305 Β.
1628 246 1990 304 ΒΕΝΈΒΙΕΤῙ
2027 239 2318 303 ᾹΒΒΑἹΊΞ
2350 245 2758 304 ANIANENSIS

2230 91 2257 108 ﬁ

3624 239 3750 301 αα)

499 377 667 424 tatem
689 374 1041 436 occupantur,
1066 362 1227 417 tacite
1252 361 1751 432 praetermittamur,
1775 374 1800 399 α
1829 359 1952 430 quia
1975 373 2070 429 po-
2106 368 2145 423 Α
2176 358 2257 413 vel
2286 359 2380 414 lilii
2411 359 2671 414 Ecclesiae
2713 357 3030 413 uccursione
3071 356 3174 411 sibi
3200 370 3309 411 non
3362 355 3637 425 aspexerit
3664 357 3755 412 ob-

500 460 610 513 tius
634 466 910 528 peccatum
938 453 1254 523 acquiritur,
1278 452 1522 508 nolentes
1554 452 1721 506 Deum
1746 453 1797 506 in
1820 452 2069 505 orationi-

502 549 610 603 bus
637 560 961 603 memorare.

570 638 852 711 §XlV.—
877 636 1011 690 Item
1054 652 1119 691 ex
1161 635 1396 707 ejusdem
1446 635 1649 707 Regula
1684 634 1710 707 '(
1729 652 1847 706 cap.
1879 634 2003 706 25).

572 731 602 769 δ
625 729 727 796 Qui
754 743 886 783 vero
912 727 1080 783 frater
1113 729 1182 782 ad
1226 742 1440 783 versum
1481 728 1716 798 primum
1754 742 1957 782 mensas
2003 727 2082 783 di-

500 819 727 874 cendum
759 834 866 874 non
913 818 1168 882 adfuerit,
1198 834 1305 872 non
1356 818 1543 873 sedeat
1568 818 1636 872 ad
1686 832 1930 872 mensam
1960 830 2082 871 cum

501 911 797 978 fratribus;
836 912 930 966 sed
983 919 1189 966 semote
1236 912 1290 965 in
1320 910 1547 965 scutella
1579 911 1698 965 sine
1742 910 1869 965 data
1916 911 2083 965 bene-

499 1003 738 1057 dictione
763 1002 1052 1056 manducet
1079 1016 1185 1055 non
1218 1000 1514 1071 signatum,
1548 1010 1602 1055 et
1623 1002 1770 1070 potio
1799 1002 1850 1056 ei
1873 1017 1979 1056 non
2010 1000 2085 1055 si-

498 1102 660 1165 gnata
692 1095 937 1147 tradatur
979 1102 1186 1147 semote
1223 1093 1412 1146 mixta.
1452 1092 1521 1146 Et
1567 1092 1871 1161 usquedum
1916 1107 1975 1147 se
2006 1090 2083 1146 le—

500 1193 649 1248 vent,
678 1184 858 1239 nullus
900 1199 1026 1239 cum
1065 1199 1130 1239 eo
1160 1184 1432 1252 loquatur.
1462 1182 1583 1236 lam
1613 1182 1660 1237 si
1687 1180 1949 1252 spiritalis
1976 1188 2081 1246 est,

499 1275 678 1329 doleat
702 1274 753 1328 ei
785 1274 901 1329 sine
958 1274 1068 1328 Deo
1116 1274 1361 1328 reficere.
1410 1272 1513 1339 Qui
1570 1286 1699 1326 vero
1748 1272 1817 1327 ad
1863 1285 2083 1325 versum

497 1365 853 1435 posteriorem
878 1380 1079 1420 mensae
1102 1363 1266 1419 finita:
1311 1378 1418 1418 non
1458 1361 1713 1427 adfuerit,
1742 1363 1795 1417 in
1834 1362 2083 1433 sequenti

499 1455 813 1519 refectione,
852 1462 908 1510 et
941 1455 1055 1531 ipse
1083 1470 1113 1508 a
1137 1468 1323 1509 mensa
1361 1461 1740 1523 sequestratus
1766 1468 1874 1508 non
1904 1453 2083 1523 signa-

498 1557 613 1601 tum
671 1547 960 1602 manducet
1006 1556 1062 1602 et
1108 1547 1275 1602 bibat.
1316 1547 1446 1614 Quae
1491 1546 2083 1602 excommunicationes

499 1636 686 1690 tandiu
712 1638 768 1691 in
800 1638 880 1692 eis
904 1647 1278 1707 permaneant,
1312 1648 1333 1676 ο
1360 1638 1600 1708 quandiu
1626 1638 1681 1691 in
1710 1636 2081 1692 satisfactione

2182 453 2347 506 viare.
2397 452 2574 506 Abbas
2606 451 2687 506 vel
2735 450 3053 521 praepositus
3081 446 3279 504 fratres
3309 448 3364 503 in
3413 447 3613 502 furtiva
3639 464 3756 518 pas-

2182 544 2303 608 sim,
2332 553 2494 613 prout
2532 543 2819 608 voluerint,
2858 543 3167 597 comesione
3210 556 3320 595 non
3351 540 3677 611 inquinent:
3708 539 3756 594 ni

2184 632 2415 689 fortasse
2439 634 2623 705 patula
2665 647 3101 702 unumquemque
3127 639 3221 685 aut
3247 630 3513 701 aegritudo
3550 639 3647 685 aut
3669 631 3758 685 de-

2184 724 2435 780 fectionis
2465 724 2723 780 instantia
2752 722 3035 793 defatigat.
3064 721 3163 778 Cui
3185 723 3403 792 quidem
3430 732 3620 791 aperte
3646 738 3761 777 cum

2183 831 2451 871 consensu
2510 816 2841 886 reliquorum
2899 829 3197 883 congruam
3268 814 3546 868 ordinabit
3603 829 3766 868 anno-

2184 921 2308 961 nam
2336 907 2361 946 ιι
2399 907 2544 961 aetati
2581 922 2693 961 suae
2721 904 3029 960 valetudine
3057 912 3418 974 competente.

2463 997 2491 1069 ᾖ
2523 996 2770 1052 Χνιι.-
2805 996 2936 1051 ltem
2964 996 3198 1066 ejusdem
3238 996 3376 1067 (cap.
3404 997 3481 1069 5).

2263 1088 2278 1128 ι
2315 1088 2552 1156 Quilibet
2578 1104 2646 1144 ex
2675 1088 2956 1143 monachis
2974 1085 3238 1157 jejunium
3266 1087 3478 1143 solvere
3499 1102 3611 1144 non
3634 1103 3767 1158 prte-

2184 1192 2380 1248 sumat,
2414 1197 2514 1237 nec
2540 1182 2858 1252 priusquam
2904 1180 2959 1234 in
3008 1196 3300 1236 commune
3349 1180 3602 1236 reficiant
3648 1196 3765 1235 uim

2183 1274 2395 1330 cmteris
2440 1273 2525 1328 vel
2558 1282 2847 1344 postquam
2890 1272 3203 1338 refecerint,
3247 1272 3568 1343 quidquam,
3627 1274 3766 1342 quod

2183 1366 2251 1421 ad
2285 1364 2577 1437 potandum
2607 1365 2692 1420 vel
2714 1364 2985 1420 edendum
3028 1364 3266 1434 pertinet
3287 1372 3509 1435 gustare
3536 1364 3618 1417 vel
3643 1379 3767 1421 con-

2184 1455 2390 1525 tingere
2422 1455 2639 1520 audeat,
2668 1466 2709 1494 In
2733 1453 2819 1508 vel
2847 1453 3056 1509 occulte
3103 1453 3387 1524 quodlibet
3421 1454 3769 1525 peculiariter

2182 1548 2495 1614 recondere,
2525 1547 2611 1603 vel
2650 1545 2852 1601 habere
2896 1551 3212 1616 praesumat.
3243 1544 3304 1600 ln
3353 1545 3646 1616 praecipuis
3677 1561 3763 1601 so-

2182 1640 2551 1696 lemnitatibus
2599 1640 2701 1695 tria
2748 1637 3129 1709 pulmentaria,
3156 1643 3213 1693 et
3252 1636 3478 1693 totidem
3524 1639 3768 1709 potiones

497 1724 762 1780 ltumiliati
799 1726 867 1780 ad
898 1741 1069 1797 genua
1114 1727 1307 1795 capitis
1332 1727 1637 1783 emendatio
1671 1726 1833 1782 fuerit
1888 1724 2078 1795 majori
2112 1710 2155 1769 Β
2184 1730 2447 1785 fratribus
2471 1730 2834 1800 praebeantur.

498 1816 843 1884 repromissa.

532 1909 561 1975 ᾖ
589 1904 705 1960 XV.
727 1933 798 1943 —-—
821 1904 899 1957 Ex
931 1904 1150 1960 REGULA
1188 1920 1375 1960 sane"
1407 1904 1708 1961 Faucruosr
1762 1905 1899 1975 (cap.
1931 1903 2041 1974 18).

568 1994 594 2032 ά
622 1994 703 2069 Ad
732 2009 974 2049 mensam
1002 1995 1093 2063 qui
1126 1996 1330 2049 tardius
1365 1995 1580 2050 venerit
1617 2007 1641 2035 ο
1672 1996 2027 2065 prohibeatur
2046 2008 2078 2046 a

494 2082 638 2137 cibo.
666 2082 747 2137 Ad
784 2083 1058 2138 orationes
1080 2084 1319 2146 diurnas,
1346 2086 1437 2154 qui
1459 2085 1525 2139 ad
1546 2086 1778 2154 primum
1811 2085 2078 2154 psalmum

496 2187 605 2226 non
636 2172 954 2235 occurrerit,
1005 2172 1232 2229 introire
1266 2175 1321 2228 in
1351 2176 1649 2230 oratorium
1694 2190 1819 2229 cum
1868 2175 2081 2229 caeteris

496 2277 603 2316 non
654 2262 894 2339 audeat,
949 2262 969 2302 ί
1020 2264 1116 2319 sed
1171 2265 1503 2335 poenitentiae
1560 2266 1913 2338 delegabitur.
1967 2265 2081 2322 Hoc

497 2352 640 2406 idem
690 2352 980 2409 sustinebit
1030 2355 1120 2424 qui
1183 2357 1466 2412 nocturnis
1521 2358 1860 2412 orationibus
1910 2371 2080 2426 usque

496 2444 564 2497 ad
598 2444 815 2497 tertium
856 2443 1119 2513 psalmum
1149 2446 1355 2500 tardius
1382 2448 1608 2512 venerit,
1643 2449 1669 2487 ε
1696 2456 1791 2502 aut
1817 2456 1941 2517 post
1971 2455 2081 2504 tres

498 2533 736 2602 psalmos
766 2535 940 2590 dictos
968 2535 1022 2589 in
1057 2536 1225 2591 choro
1273 2552 1333 2593 se
1368 2539 1597 2593 miscere
1627 2546 1856 2593 conatus
1893 2537 2075 2593 fuerit.

762 2624 789 2697 ς
814 2625 953 2680 XVI.
977 2656 1048 2665 —
1072 2625 1207 2680 Item
1247 2627 1481 2697 ejusdem
1524 2626 1662 2699 (cap.
1700 2628 1811 2701 19).

569 2719 595 2758 δ
636 2716 867 2773 Miuistri
888 2719 1001 2774 sive
1024 2721 1344 2789 praepositus
1365 2736 1488 2775 cum
1518 2721 1777 2777 fratribus
1811 2722 2075 2787 reficiant,

505 2810 520 2848 ἱ
552 2817 604 2862 et
635 2817 871 2863 mutatos
894 2809 997 2864 sibi
1024 2810 1176 2864 cibos
1204 2825 1511 2880 praeparare
1540 2827 1646 2867 non
1681 2813 1945 2895 audeant,
1976 2827 2078 2868 nec

490 2908 646 2953 extra
675 2914 1016 2955 communem
1050 2899 1401 2956 refectionem
1431 2902 1520 2970 qui
1544 2902 1707 2971 lpiam
1749 2904 1934 2958 edant.
1963 2902 2078 2959 Hoc

2180 1843 2209 1915 ᾖ
2246 1843 2433 1898 XVIlI.
2459 1872 2533 1883 —
2562 1843 2637 1897 Ex
2668 1841 2886 1898 Rasum
2916 1841 3084 1898 Pauu
3113 1854 3186 1898 εἰ·
3217 1840 3490 1898 Str-:an
3521 1842 3662 1914 (cap.
3686 1843 3765 1912 ι).

2253 1965 2279 1992 ιι
2315 1953 2457 2009 Nulli
2482 1954 2643 2009 liceat
2665 1954 2871 2025 absque
2892 1954 3090 2025 prioris
3109 1955 3378 2026 permissu
3400 1955 3466 2011 de
3486 1972 3652 2027 opere
3673 1956 3764 2012 Dei

2183 2047 2485 2112 discedere,
2532 2046 2627 2101 sed
2669 2061 2830 2116 quem
2876 2061 3041 2102 causa
3085 2046 3370 2102 manifesta
3417 2048 3765 2119 compulerit,

2179 2138 2424 2193 oratione
2453 2153 2483 2191 a
2511 2137 2693 2207 priore
2723 2144 2749 2169 ο
2777 2146 2995 2209 sperata
3021 2147 3075 2192 et
3105 2153 3361 2194 concessa
3387 2138 3651 2195 discedat.

2449 2229 2476 2301 §
2514 2229 2657 2284 XIX.
2695 2260 2765 2269 -
2802 2229 2937 2283 Item
2974 2231 3205 2299 ejusdem
3244 2229 3381 2301 (cap.
3422 2231 3500 2302 5).

2252 2333 2279 2372 ι)
2312 2321 2424 2378 Nec
2458 2323 2606 2388 bini,
2645 2338 2745 2376 nec
2782 2322 2951 2386 terni,
2990 2323 3084 2377 sed
3113 2322 3426 2392 singillatim
3453 2334 3481 2373 τι
3513 2335 3761 2380 exeuntes

2185 2425 2207 2453 τ
2237 2416 2538 2470 orationem
2578 2423 2831 2483 sperent:
2880 2413 2952 2467 ita
2983 2422 3042 2468 ut
3067 2413 3157 2483 qui
3190 2415 3304 2469 sani
3331 2424 3484 2478 sunt,
3526 2418 3759 2485 protinus

2181 2515 2203 2543 ἰ
2239 2513 2604 2567 revertantur,
2641 2504 2732 2574 qui
2768 2518 2898 2559 vero
2937 2503 3167 2570 infirmi,
3215 2506 3231 2543 ί
3277 2519 3343 2559 ex
3378 2510 3647 2576 permissu
3684 2524 3760 2562 rc-

2179 2597 2341 2652 dcant
2366 2597 2431 2649 ad
2462 2595 2659 2650 cubile.

2400 2706 2429 2778 ᾗ
2463 2704 2581 2761 XX.
2619 2737 2690 2746 -—
2728 2706 2860 2761 Item
2896 2707 3127 2777 ejusdem
3162 2708 3247 2780 (ea:
3284 2725 3398 2779 cup.
3440 2708 3555 2781 Π).

2253 2828 2280 2856 ιι
2317 2816 2458 2872 Nulli
2486 2817 2647 2873 liceat
2667 2802 2831 2888 supra
2853 2825 3110 2872 statutam
3135 2826 3163 2856 ν
3183 2821 3635 2875 consuetudinem
3658 2825 3759 2877 sive

2177 2907 2233 2961 in
2273 2915 2427 2976 potu,
2458 2908 2574 2963 sive
2611 2907 2667 2962 in
2692 2909 2814 2963 cibo
2845 2922 3191 2978 praesumere,
3229 2910 3333 2964 nisi
3363 2910 3593 2976 Prioris,
3628 2926 3654 2952 ι
3681 2913 3758 2967 cui

491 2991 655 3044 etiam
712 2991 927 3045 studeat
976 2991 1144 3046 abbas
1191 3007 1371 3062 agerc,
1409 2991 1421 3042 i
1461 2995 1674 3063 quoties
1726 2995 2075 3051 advenientes
2106 3058 2145 3076 η
2177 2999 2468 3055 ordinandi
2505 3009 2532 3049 y
2572 2999 2804 3056 facultas
2832 3009 2917 3055 est
2945 3019 2958 3054 :
2992 3001 3065 3055 ita
3099 3011 3159 3057 ut
3193 3004 3247 3057 in
3272 3004 3422 3075 gravi
3452 3008 3758 3076 operatione

564 3138 590 3197 ξ
621 3124 757 3197 Quia
779 3126 973 3197 potius,
997 3134 1101 3179 etc.
1135 3125 1453 3197 Ita_corr_exi
1486 3140 1549 3179 ex
1581 3125 1779 3197 Brgula
1825 3144 1924 3181 ms.

570 3195 598 3266 ι)
627 3193 731 3266 Qui
760 3193 879 3266 vero
898 3194 1083 3263 frater,
1102 3203 1205 3249 etc.
1226 3194 1350 3249 Haec
1366 3195 1636 3250 habentur
1656 3193 1710 3266 in
1728 3196 1931 3266 Regula
1966 3213 2068 3253 ms.

496 3264 619 3320 cod.
650 3264 815 3335 Corb.
838 3266 937 3317 sub
968 3265 1128 3319 linem
1166 3266 1417 3335 ejusdem
1452 3266 1645 3335 capitis
1671 3265 1762 3320 23.

569 3344 591 3372 ε
626 3334 872 3406 Quandiu
914 3335 976 3406 in
1014 3334 1375 3406 satisfactione
1399 3334 1661 3389 Itumiliati
1688 3352 1849 3406 usque
1888 3336 1958 3389 ad
1986 3353 2070 3406 ge-

494 3419 603 3476 nua
654 3404 858 3474 capitis.
914 3404 1006 3476 Est
1051 3405 1213 3476 quod
1238 3405 1314 3459 ait
1356 3420 1475 3476 cap.
1512 3406 1580 3460 75
1611 3422 1623 3457 :
1660 3424 1678 3456 ι
1733 3404 1912 3476 Usque
1944 3404 2071 3461 dum

491 3474 546 3528 in
577 3474 694 3544 ipso
742 3474 978 3529 oratorio
1007 3490 1105 3545 pro
1134 3474 1288 3544 culpa
1316 3474 1642 3530 satisfecerit
1683 3477 1752 3530 ad
1794 3474 1967 3546 genua
1996 3478 2073 3531 in-

490 3559 558 3598 Cll
568 3553 768 3597 rvatus.
808 3564 826 3596 ι

561 3612 590 3685 τι
626 3615 706 3666 Ad
728 3623 1106 3679 mensam,etc.
1133 3615 1323 3671 Exstat
1354 3616 1406 3670 in
1434 3615 1637 3685 Regula
1681 3616 1738 3671 8.
1784 3616 2070 3671 Fructuosi

489 3683 893 3756 episcLBracar.
914 3685 1035 3738 cod.
1059 3685 1239 3740 Crass.
1264 3688 1365 3741 sub
1395 3683 1555 3741 finem
1583 3686 1824 3754 ejusdem
1853 3688 2067 3756 capitis.

549 3766 589 3835 ,ξ
632 3751 985 3839 Ρνοξιὶὸξαιαν
1016 3755 1215 3839 acibo.
1268 3756 1428 3839 Juxta
1468 3751 1733 3835 ltegulant
1761 3756 1819 3811 S.
1857 3751 2071 3812 Pacho-

489 3823 618 3889 mii,
673 3832 779 3877 art.
817 3823 882 3876 2:
925 3842 945 3875 ι
1004 3825 1084 3879 Ad
1139 3825 1359 3881 domum
1408 3823 1626 3896 jejunus
1679 3836 2001 3881 revertetur.
2043 3848 2061 3879 ι

489 3892 586 3966 ,υτ
619 3892 724 3949 Sed
761 3894 1076 3966 paenitentia:
1119 3895 1462 3966 delegabitur.
1514 3895 1674 3951 Juxta
1724 3898 2064 3963 Cassianum,

487 3962 584 4016 lib.
638 3980 712 4038 t_tt_
746 3962 813 4017 de
859 3964 1035 4038 (ῥυείη.
1072 3962 1264 4038 _0rat.',
1315 3980 1435 4038 cap.
1484 3967 1546 4031 7,
1592 3977 1649 4022 et
1714 3966 2063 4038 Magistrum,

486 4048 617 4155 opp".l
645 4034 715 4087 75
754 4050 766 4085 :
806 4051 825 4085 ι
862 4033 1019 4089 Foris
1055 4033 1122 4090 de
1167 4033 1405 4092 oratorio
1447 4033 1946 4092 excommuniéatus
1977 4036 2065 4106 ja-

486 4116 518 4155 c
546 4118 575 4155 e
620 4118 686 4155 ll'.
726 4119 745 4155 ι

486 4111 686 4156 etetur.
726 4119 745 4155 ι

566 4174 590 4211 ⁸
628 4171 732 4244 Aut
779 4181 895 4244 post
942 4181 1044 4227 tres
1091 4171 1340 4244 psalmos.
1389 4173 1550 4229 Juxta
1594 4175 1653 4231 S.
1689 4175 2062 4242 Pachomium,

488 4250 598 4295 art.
625 4241 669 4311 72
694 4255 709 4294 :
745 4259 763 4293 ι
782 4241 900 4307 Qui
930 4250 1049 4311 post
1070 4241 1180 4298 tres
1206 4245 1481 4300 orationes
1509 4246 1737 4300 venerit.
1769 4268 1787 4299 ι

562 4312 585 4349 ιι
618 4310 849 4383 Μὶηἱεενᾷ
871 4310 975 4383 sive
1014 4313 1359 4383 prwpositus,
1399 4324 1505 4369 etc.
1547 4315 1674 4370 llaec
1702 4317 1971 4372 habentur
2009 4318 2062 4372 in

484 4380 669 4452 regula
698 4396 798 4435 ms.
824 4381 884 4438 S.
917 4380 1202 4437 Fructuosi
1238 4382 1427 4438 eodem
1452 4399 1572 4506 cap.
1615 4386 1700 4440 l9.

563 4465 579 4493 ι
617 4450 685 4504 Et
709 4461 936 4506 mutatos
956 4452 1054 4506 sibi
1078 4452 1239 4506 cibos.
1278 4453 1335 4506 In
1368 4453 1512 4506 Remi
1538 4471 1566 4506 a
1602 4471 1700 4506 ms.

563 4450 579 4527 ἰ
617 4450 685 4504 Et
709 4461 936 4527 mutatos
956 4452 1054 4527 sibi
1078 4452 1239 4507 cibos.
1278 4453 1335 4527 l_n
1368 4450 1566 4527 [tegula
1602 4471 1703 4527 ms.
1737 4456 1951 4527 legitur,
1980 4456 2058 4511 in-

482 4522 726 4588 usitatos,
753 4522 805 4575 id
849 4530 953 4586 est,
983 4522 1225 4578 diversos
1265 4525 1333 4577 ab
1368 4525 1434 4579 iis
1455 4522 1615 4588 'quos
1657 4522 1854 4581 fratr-cs
1894 4528 2057 4582 edere

479 4590 693 4666 solentL
728 4591 872 4666 Iden}
902 4594 1143 4666 sancitur
1185 4594 1471 4666 inultegula
1491 4590 1652 4666 Pauli
1688 4606 1743 4651 et
1775 4595 2052 4666 Stephani,

480 4675 600 4730 cap.
629 4661 700 4714 20
730 4679 796 4737 :_«
824 4660 963 4715 Nulli
982 4660 1212 4716 fratrum
1238 4660 1395 4737 liceat
1420 4664 1504 4719 vel
1535 4680 1752 4735 pomum
1780 4660 2059 4737 vel—quod;

480 4746 692 4801 cunque
717 4732 956 4794 olerum,
992 4740 1086 4786 aut
1123 4732 1610 4799 condimentoruin,
1659 4737 1745 4791 vel
1771 4732 1924 4792 aliud
1956 4737 2055 4792 ali-

474 4803 604 4870 quid
652 4802 924 4877 aduusurn
975 4818 1132 4877 suum
1183 4805 1337 4873 quasi
1389 4805 1648 4877 peculiari
1694 4817 1956 4877 apparatu
1997 4808 2053 4863 in

481 4888 662 4927 mensa
687 4873 789 4927 sibi
820 4872 887 4925 ad
920 4872 1351 4928 manducandum
1381 4872 1612 4930 deferre.
1644 4897 1663 4928 ι
1728 4872 1782 4877 ”
2024 4932 2033 4939 ,

550 4942 563 4991 i
606 4941 820 5014 Quoties
837 4942 1184 5014 advenientes
1209 4945 1285 5014 vel
1323 4946 1423 5014 filii
1453 4945 1548 4999 Dei
1571 4986 1585 5007 ,
1611 4956 1716 5001 etc.
1747 4945 1825 5000 lta
1848 4947 1901 5001 in
1925 4950 2048 5004 cod.

481 5010 639 5087 Vind.
665 5013 795 5087 etin
836 5012 1038 5087 Regula
1072 5030 1173 5087 ms.
1207 5010 1381 5087 Locus
1427 5024 1717 5087 corruptus
1752 5027 1927 5087 (atque
1976 5020 2049 5074 ita

471 5082 819 5160 castigandus
847 5082 1083 5160 videtur.
1109 5084 1230 5160 ‘Hoc
1258 5086 1414 5160 etiam
1440 5082 1618 5160 abbas:
1638 5082 1856 5160 studeat
1873 5106 2048 5160 agere,

474 5162 528 5224 ut
566 5152 767 5224 quoties
795 5153 1065 5207 advenient
1096 5153 1289 5223 fratres
1330 5154 1403 5209 vel
1430 5155 1531 5224 ﬁlii
1571 5157 1840 5222 Ecclesiae,
1866 5152 2049 5213 occur;

471 5222 619 5293 sione
636 5222 775 5293 ipsa
791 5240 894 5277 non
934 5222 1186 5293 despiciat
1215 5222 1441 5278 obviare.

547 5292 573 5330 κ
604 5292 905 5366 ιᾘιαέὶδαῳ
932 5292 1225 5366 valetudine
1249 5305 1584 5366 competente.
1624 5296 1749 5353 "(cc
1790 5311 2045 5366 corrupta

471 5372 615 5415 sunt.
644 5361 702 5415 lu
725 5361 928 5433 Regula
952 5379 1061 5433 ms.
1097 5362 1292 5433 legitur
1322 5382 1335 5417 :
1364 5361 1570 5420 "/Etutis
1619 5385 1730 5421 sua:
1759 5361 2047 5424 valetudini

471 5432 855 5499 competentiam.
900 5432 1007 5488 Sed
1052 5432 1202 5499 lege,
1248 5436 1392 5489 (etuti
1430 5436 1536 5490 sive
1576 5437 1859 5492 valetudini
1906 5458 2048 5494 com-

466 5510 753 5578 petentiam,
778 5510 837 5555 ut
860 5502 914 5557 in
941 5503 1062 5578 cod.
1103 5502 1294 5578 Vind;
1324 5521 1450 5560 nam
1490 5506 1579 5563 hic
1615 5508 1795 5578 agitur
1824 5510 1890 5565 dc
1917 5518 2046 5565 acta-

469 5569 539 5620 tis
572 5569 845 5626 debilitate
866 5582 923 5627 et
963 5574 1029 5627 de
1068 5574 1274 5628 morbo.

546 5636 562 5674 ι
604 5636 828 5702 Quilibet
856 5658 921 5695 ex
953 5644 1238 5709 monac/tis,
1263 5652 1369 5699 etc.
1412 5645 1598 5702 Exstat
1625 5648 1677 5703 in
1709 5649 1910 5721 Regula
1940 5668 2038 5707 ms.

2180 3129 2238 3186 S.
2266 3130 2547 3187 Fructuosi
2577 3132 2812 3203 episcopi
2841 3132 3192 3189 Bracarcnsis
3216 3134 3336 3189 cod.
3360 3134 3545 3192 Crass.
3578 3139 3632 3192 in
3661 3138 3757 3194 line

2175 3203 2424 3273 ejusdem;
2448 3203 2641 3271 capitis
2665 3203 2717 3257 5.

2247 3284 2285 3310 η·
2338 3271 2425 3343 Vel
2452 3274 2652 3326 occulte
2693 3272 2955 3343 quodlibet
3004 3274 3298 3339 recondere,
3329 3285 3437 3330 etc.
3480 3278 3562 3332 Ad
3602 3279 3755 3334 eden-

2173 3341 2298 3395 dum
2330 3342 2412 3396 vel
2452 3341 2739 3397 bibendum
2769 3343 3035 3399 videlicet.
3067 3344 3210 3400 idem
3245 3346 3438 3400 statuit
3466 3345 3525 3401 S.
3558 3347 3754 3404 Pacho—

2173 3412 2313 3465 mius
2349 3422 2454 3486 art.
2490 3412 2615 3486 65_:_
2642 3431 2671 3486 ιΔ
2699 3412 2842 3467 ΝἱΙιΙ
2883 3415 2945 3486 in_
2968 3415 3099 3469 cella
3142 3432 3238 3469 sua
3276 3417 3483 3485 absque
3517 3418 3753 3486 jussione

2172 3483 2445 3557 tit-inpositi
2491 3483 2771 3557 quidpiam
2814 3483 3189 3557 condet,_n_ec
3235 3483 3409 3556 poma
3441 3483 3681 3557 quidem.
3728 3511 3743 3541 ι

2174 3551 2458 3606 'l‘etradius
2478 3568 2574 3607 seu
2597 3551 2843 3608 Teridius
2866 3570 2984 3624 cap.
3008 3555 3080 3608 22
3106 3551 3322 3626 Regula:
3346 3576 3359 3609 ;
3398 3575 3418 3607 ι
3452 3551 3536 3614 Ad
3565 3558 3748 3615 lectum

2172 3636 2531 3746 sutlin'rlpcmo
2574 3634 2863 3693 praesumat
2912 3627 3142 3689 habere,
3191 3627 3335 3697 quod
3374 3629 3746 3694 manduccmr,

2172 3706 2239 3744 au
2314 3709 2352 3745 ›ι
2393 3702 2533 3746 atur.
2572 3718 2591 3745 ι

2172 3700 2267 3744 aut
2300 3700 2533 3746 bibatur.
2572 3718 2591 3745 ι

2241 3761 2473 3839 n_l\’ulli_
2497 3762 2650 3839 liceat
2668 3803 2699 3839 ,_
2721 3771 2828 3839 etc.
2864 3763 2990 3839 [beo
3022 3766 3290 3839 habentur
3324 3767 3379 3822 in
3417 3766 3625 3839 Regula
3653 3787 3743 3826 ms.

2172 3829 2322 3903 Pauli
2352 3841 2417 3903 et
2441 3832 2703 3903 Stephani
2729 3835 2849 3890 cod.
2882 3834 3058 3901 Flor.;
3092 3838 3207 3892 haec
3233 3848 3415 3893 autem
3444 3829 3746 3896 statuuntur

2165 3900 2608 3975 jnxtaARegula'm
2640 3903 2699 3959 S.
2731 3905 3005 3961 Pachomii
3036 3900 3191 3963 artic.
3223 3907 3278 3961 5.

2242 3979 2267 4060 ξ’
2306 3970 2554 4060 Sperate.
2594 3974 2650 4029 ld
2679 3985 2788 4060 est,
2822 3976 3020 4060 petita;
3047 3992 3270 4060 sperare
3297 3976 3595 4060 aliqunando
3616 3981 3744 4060 idem

2168 4051 2254 4095 est
2278 4043 2425 4127 quod
2452 4053 2656 4112 petere.
2686 4043 2925 4116 Episiola
2947 4043 3142 4129 Leonis
3164 4043 3404 4119 episcopi
3416 4048 3747 4132 .Seuonensis

2168 4112 2235 4164 ad
2266 4111 2670 4188 (.hddebertum
2706 4130 2887 4188 regem
2919 4134 2935 4171 :
2977 4135 2996 4168 ι
3031 4117 3265 4173 Litteras
3301 4118 3640 4177 celsuudinis
3669 4136 3747 4175 re.

2167 4190 2297 4262 stne
2320 4182 2682 4262 houore,_quo
2707 4182 2925 4262 dignum
2957 4195 3062 4262 est,
3094 4189 3384 4262 meindico
3405 4194 3743 4262 suscepisse;

2169 4250 2259 4305 ubi
2288 4266 2508 4326 sperare
2540 4250 2835 4326 dignamini
2854 4297 2869 4321 ,
2910 4266 2969 4312 ut
2999 4250 3068 4312 ad
3097 4258 3459 4314 ordinandum
3491 4250 3743 4318 Me'dedo-

2169 4335 2390 4398 ncnsem
2425 4325 2736 4395 episcopum
2776 4335 2879 4398 aut
2901 4327 3189 4398 praesentia
3219 4342 3404 4385 nostra
3444 4332 3638 4388 adesse
3662 4335 3744 4389 dc-

2084 4403 2137 4463 ι)
2168 4388 2796 4471 beat,_aut.consensus._
2810 4416 2829 4449 ι
2862 4388 3007 4471 Idem
3035 4398 3246 4471 videtur
3260 4414 3397 4471 (cap.
3412 4415 3527 4471 kseq

2235 4472 2263 4543 ιζ
2299 4462 2411 4543 [χρυ
2444 4464 2550 4518 bini
2566 4507 2586 4543 ,_
2610 4474 2714 4521 etc.
2764 4467 3051 4543 Reperitur
3084 4468 3137 4522 in
3176 4462 3367 4526 eadem
3409 4462 3616 4543 Regula
3645 4488 3737 4527 ms.

2161 4531 2282 4585 cod.
2306 4532 2350 4607 ξ
2356 4533 2455 4588 lor.
2488 4535 2678 4607 eodem
2708 4531 2910 4607 cap.

2194 4612 2255 4724 [ft
2295 4602 2578 4660 Excuntes.
2634 4602 2887 4662 .Oraturio
2936 4606 3221 4673 videlicet,
3278 4625 3378 4679 pro
3425 4614 3734 4668 necessitate

2216 4687 2360 4724 tuna.

2158 4685 2360 4741 auqua.

2232 4752 2253 4779 τ
2295 4741 2599 4822 Orationem
2623 4756 2848 4822 sperent.
2891 4748 2946 4802 ω
2982 4757 3101 4813 est,
3140 4748 3417 4822 licentiam
3446 4762 3653 4822 petant,
3677 4760 3728 4805 ut

2157 4824 2318 4880 supra
2347 4827 2362 4866 :
2394 4813 2698 4889 Oratione}:
2723 4818 2896 4889 priore
2921 4829 3152 4887 sperata,
3177 4821 3304 4889 quia
3334 4813 3552 4877 licentia
3579 4813 3724 4878 daba-

2157 4889 2246 4936 tur
2268 4884 2515 4959 ogatione
2539 4901 2633 4941 seu
2663 4884 3040 4959 benedictione
3062 4884 3278 4959 prioris.

2228 4963 2250 4991 ι
2288 4952 2650 5010 Revertantur.
2680 4958 2763 5011 Ad
2788 4952 3106 5013 oratorium.

2231 5026 2249 5058 ί
2284 5023 2379 5095 Ex
2412 5027 2667 5095 permissu
2705 5027 2918 5081 redeant
2955 5028 3025 5082 ad
3063 5030 3251 5083 cubile.
3290 5030 3348 5086 Si
3384 5034 3629 5089 nimirum
3664 5033 3717 5087 li-

2154 5093 2388 5147 centiam
2414 5093 2671 5159 petieriut
2694 5099 2923 5152 exeundi
2957 5098 3291 5155 infirmitatis
3320 5119 3507 5159 causa.

2224 5174 2252 5201 ιι
2291 5162 2445 5240 ulli
2466 5166 2772 5240 liceat_,ete.
2804 5167 3042 5224 Habetur
3071 5171 3125 5224 in
3156 5171 3361 5240 Regula
3387 5190 3487 5228 ms.
3515 5174 3654 5229 Pauli
3674 5184 3722 5227 ct

2154 5232 2417 5307 Stephani
2443 5236 2563 5290 cod.
2584 5237 2740 5307 Flor.
2772 5253 2894 5307 cap.
2924 5240 3011 5294 18.

2223 5312 2259 5376 '_
2289 5302 2749 5361 Consuetudinem.
2794 5302 2857 5363 Id
2884 5318 2997 5376 est,
3041 5325 3312 5366 annonam
3357 5314 3589 5371 solitam.
3628 5314 3721 5369 Sed

2152 5372 2221 5428 de
2247 5374 2352 5428 hoc
2380 5378 2642 5431 vocabulo
2671 5378 2831 5433 infra.

2225 5457 2250 5531 ξι
2287 5443 2399 5531 Cui.
2409 5448 2717 5528 ordinandi.
2750 5448 2817 5531 In
2839 5450 3039 5519 Regula
3070 5467 3171 5507 ms.
3200 5454 3491 5523 sequitur:
3523 5455 3591 5510 Et
3612 5472 3724 5511 cum

2118 5506 2125 5515 ’
2150 5513 2438 5569 δὶάενιῖηάὶ.

2222 5593 2247 5632 3'
2286 5584 2539 5663 Facultas
2576 5599 2669 5663 est.
2717 5589 2793 5644 lta
2820 5591 2872 5645 in
2906 5589 3107 5663 Regula
3141 5608 3266 5662 ms;
3304 5595 3516 5652 videtur
3553 5607 3726 5652 tamen

2151 5654 2338 5709 deesse
2366 5660 2423 5712 τὸ
2451 5661 2724 5728 permissu.
2986 5654 3014 5663 ⁷
3252 5654 3262 5662 ’
3456 5688 3457 5695 η
