3948 6182
332 316 460 370 illi!

1292 307 1685 365 CONCORDIA
1726 305 2201 364 REGULARUM,
2227 339 2298 349 -—
2336 308 2486 363 CAP.
2530 309 2635 364 LII.

3465 302 3601 369 “62

325 430 567 503 fatigatis
590 425 849 482 fratribus
870 437 1033 494 supra
1057 423 1498 478 consuetudinem
1525 431 1738 493 oportet
1759 421 1914 491 quid-
1942 426 1993 483 Α
2018 421 2214 474 cundia
2249 429 2304 475 et
2335 421 2765 476 mansuetudine.
2805 421 2861 477 Si
2901 439 3029 479 vero
3079 439 3177 495 pro
3212 422 3489 494 abjectiori
3518 429 3602 484 vel

325 539 489 595 quam
516 520 754 591 adiungi,
780 525 1051 573 annuente
1075 526 1131 571 et
1151 517 1497 586 permittente
1518 516 1702 581 Patre.
1726 524 1780 570 et
1807 530 1914 569 non

325 613 564 684 quolibet
592 616 974 681 prtesumente,
1001 608 1105 662 hoc
1135 607 1311 677 ipsum
1341 606 1457 661 fieri
1484 607 1665 662 liceat.

392 721 419 794 §
452 721 593 776 XXI.
628 744 702 760 —-
735 718 812 773 Ex
854 718 1073 774 Rasum
1110 733 1299 773 SANCTI
1336 717 1534 774 lsmont
1574 718 1710 791 (cap.
1743 720 1853 793 ll).

399 846 425 873 ι
456 831 743 901 Tempore,
771 846 878 901 quo
907 828 1218 885 refectionis
1240 829 1478 884 debitum
1501 830 1746 896 solvitur,
1767 832 1917 887 clau-

324 941 440 987 stra
474 928 790 983 monasterii
819 928 1158 991 obserentur,
1200 941 1299 981 nec
1329 925 1471 981 ullus
1505 935 1797 981 extraneus
1833 926 1917 980 in-

326 1032 529 1077 teresse
557 1026 850 1090 praesumat
882 1037 895 1070 :
934 1031 1002 1071 ne
1032 1017 1271 1087 quietem
1300 1017 1595 1070 fraternam
1621 1016 1650 1056 ιι
1678 1032 1916 1087 prazseu-

325 1114 400 1167 tia
433 1110 708 1181 impediat.
741 1106 1071 1162 Refectionis
1101 1114 1343 1176 tempore
1368 1108 1496 1162 dato
1532 1107 1687 1177 signo
1713 1107 1917 1177 pariter

325 1215 517 1255 omnes
554 1206 898 1254 concurrant.
945 1196 1047 1263 Qui
1091 1205 1271 1251 autem
1311 1197 1380 1250 ad
1419 1212 1664 1251 mensam
1709 1198 1915 1252 tardius

326 1290 568 1355 venerit,
606 1301 628 1328 ο
670 1298 795 1359 agat
830 1288 1200 1358 ptenitentiam
1222 1328 1236 1353 ,
1280 1296 1374 1342 aut
1409 1287 1626 1357 jejunus
1655 1289 1722 1342 ad
1758 1304 1915 1344 suum

324 1397 461 1451 opus
488 1380 515 1419 ἀ
542 1380 627 1434 vel
662 1378 838 1433 cubile
870 1387 1130 1433 recurrat.
1165 1378 1335 1433 Nemo
1370 1388 1550 1434 autem
1587 1378 1656 1433 ad
1688 1394 1915 1434 vescen-

326 1470 453 1526 dum
487 1472 618 1535 ibit,
667 1481 957 1539 antequam
985 1470 1050 1525 ad
1080 1471 1382 1526 vocandum
1416 1487 1606 1527 omnes
1638 1487 1741 1527 vox
1776 1471 1912 1541 signi

326 1562 486 1618 solita
514 1561 772 1623 sonuerit.

561 1675 589 1749 ς
624 1673 789 1730 XXII.
830 1706 900 1715 —
937 1674 1071 1729 Item
1111 1693 1176 1729 ea:
1210 1676 1390 1731 eodem
1426 1676 1677 1748 capitulo.

2018 511 2193 566 viliori
2221 520 2486 577 movetur,
2510 523 2604 567 aut
2621 513 2745 583 quia
2770 523 3095 581 estnovum,
3121 516 3429 571 meminerit
3452 534 3605 573 man-

2020 602 2129 656 dati
2150 602 2363 658 Domini
2388 604 2647 659 dicentis:
2675 603 2813 669 Quia
2834 606 3023 676 dignus
3043 616 3139 671 est,
3165 624 3268 661 non
3285 608 3602 680 quicunque,

2016 693 2107 746 sed
2143 694 2414 765 operarius
2445 692 2458 743 ἱ
2501 694 2736 748 mercede
2774 695 3062 767 sua_(l.uc.
3103 694 3181 768 ι).
3222 696 3489 753 Discutiat
3522 715 3607 755 se-

2018 784 2221 855 ipsum,
2261 785 2306 839 si
2336 786 2781 857 digneoperatus
2808 796 2893 843 est
2924 803 3088 859 opera
3120 789 3243 854 Dei,
3278 799 3334 846 et
3365 791 3608 863 implevit

2017 874 2200 927 omnia
2225 891 2559 945 quaecunque
2585 886 2853 947 prtecepta
2882 888 3004 933 sunt
3036 897 3048 932 :
3080 888 3136 934 et
3168 889 3298 936 tunc
3328 899 3436 937 non
3461 883 3607 938 aliud

2019 962 2291 1031 requiret,
2323 964 2419 1019 sed
2443 965 2509 1019 de
2532 980 2597 1020 eo
2634 965 2770 1034 ipso,
2802 968 2947 1036 quod
2982 968 3031 1022 ei
3062 968 3242 1034 datur,
3272 971 3373 1025 erit
3407 972 3608 1028 sollici-

2018 1064 2133 1117 tus,
2170 1056 2297 1124 quia
2332 1070 2493 1125 supra
2521 1057 2774 1112 meritum
2809 1073 2968 1113 suum
3003 1060 3225 1129 excipit.
3259 1062 3287 1101 ιι
3320 1061 3435 1118 Hoc
3461 1064 3606 1119 enim

2017 1151 2160 1220 quod
2188 1153 2256 1205 de
2280 1167 2405 1206 esca
2432 1151 2653 1215 dictum,
2687 1153 2853 1206 etiam
2882 1153 2949 1208 de
2971 1154 3119 1207 omni
3142 1169 3221 1218 re,
3246 1170 3366 1223 quae
3381 1157 3449 1211 ad
3477 1171 3607 1211 usus

2018 1246 2260 1314 corporis
2285 1244 2550 1313 pertinet,
2576 1245 2766 1299 eadem
2798 1244 2970 1299 forma
3000 1246 3205 1301 servari
3230 1254 3427 1315 potest.

2157 1322 2162 1327 ’
2375 1331 2401 1404 §
2431 1332 2600 1387 XXV.
2630 1344 2710 1374 —‘
2725 1332 2859 1387 Item
2880 1333 3016 1406 (cap.
3056 1335 3158 1390 116
3187 1334 3252 1407 l).

2090 1424 2147 1480 Si
2174 1427 2295 1496 quis
2326 1426 2497 1481 iratus
2528 1427 2663 1481 nolit
2691 1428 2968 1497 suscipere
3000 1428 3203 1497 aliquid
3231 1445 3450 1495 eorum,
3486 1448 3607 1501 quce

2016 1516 2363 1585 pmbentur?
2385 1547 2457 1556 —
2478 1515 2637 1587 Resp.
2667 1516 2773 1572 Iste
2799 1518 2923 1571 talis
2943 1519 3136 1587 dignus
3162 1528 3263 1583 est,
3294 1528 3375 1584 ut,
3395 1521 3607 1576 etiamsi

2017 1620 2246 1679 quaerat,
2295 1626 2402 1664 non
2439 1610 2692 1680 accipiat,
2725 1625 3005 1680 usquequo
3037 1611 3300 1680 probetis
3327 1613 3419 1682 qui
3467 1628 3607 1683 pne-

2022 1712 2143 1758 est:
2185 1712 2243 1757 et
2288 1718 2410 1758 cum
2458 1703 2658 1758 viderit
2706 1704 2897 1758 vitium
2942 1705 3108 1759 animi
3155 1716 3424 1774 curatum,
3481 1717 3610 1763 tunc

398 1789 613 1844 Nullum
638 1804 763 1844 esus
797 1787 979 1842 furtivi
1003 1789 1399 1843 'contaminatio
1432 1789 1657 1859 polluat,
1693 1799 1787 1843 aut
1821 1790 1923 1843 im-
1950 1782 1995 1839 Β
2024 1796 2189 1850 etiam
2220 1795 2361 1864 quod
2386 1795 2631 1864 corporis
2656 1794 2843 1849 usibus
2868 1796 3236 1850 necessarium
3263 1796 3443 1861 fuerit,
3473 1815 3610 1869 prae-

324 1883 532 1952 pudens
572 1880 654 1935 vel
690 1880 935 1950 privatus
969 1887 1126 1933 extra
1161 1895 1504 1935 communem
1544 1895 1787 1935 mensam
1827 1898 1919 1951 ap—

322 1972 545 2042 petitus.
589 1971 1180 2025 Excommunicationis
1221 1972 1369 2026 enim
1409 1973 1735 2026 sententiam
1788 1975 1916 2027 sub-

330 2066 462 2132 ibit,
492 2066 584 2136 qui
629 2065 710 2119 vel
739 2064 951 2119 oceulte
981 2063 1065 2117 vel
1104 2071 1260 2118 extra
1300 2064 1631 2117 ordinariam
1676 2078 1918 2117 mensam

323 2157 529 2228 aliquid
554 2156 938 2230 degustaverit.
970 2156 1114 2209 Ante
1146 2153 1459 2210 refectionis
1498 2164 1709 2224 tempus
1739 2155 1920 2210 nullus

324 2251 612 2306 comedere
637 2251 833 2305 audeat
857 2260 1057 2320 praeter
1076 2264 1223 2315 eum,
1247 2250 1340 2320 qui
1367 2259 1597 2322 aegrotat
1621 2269 1634 2303 :
1658 2250 1750 2321 qui
1771 2251 1918 2305 enim

323 2341 518 2397 edendi
550 2349 760 2411 tempus
789 2341 1180 2406 antecesserit,
1239 2342 1695 2411 subsequentibus
1743 2342 1921 2410 pinnis

324 2435 666 2491 abstinentiae
694 2431 1012 2502 subjacebit.
1037 2434 1255 2488 Sitienti
1282 2433 1514 2503 cuipiam
1539 2432 1624 2487 vel
1648 2432 1919 2487 defectum

322 2526 548 2596 patienti
578 2533 703 2581 ante
734 2525 926 2580 edendi
956 2533 1167 2595 tempus
1195 2524 1587 2580 consulendum
1612 2533 1697 2579 est
1724 2524 1793 2580 ab
1826 2525 1921 2579 ab:

322 2621 470 2684 bate,
503 2618 587 2674 vel
624 2620 912 2690 praeposito
948 2619 1237 2674 ordinante
1278 2636 1291 2673 :
1336 2631 1445 2673 non
1483 2624 1662 2673 tamen
1693 2617 1869 2688 palam
1905 2636 1918 2672 :

324 2725 395 2765 ne
420 2709 559 2764 forte
587 2710 742 2765 sitire
770 2708 856 2764 vel
878 2709 1090 2766 esurire
1119 2709 1365 2763 videntes
1396 2707 1531 2763 alios
1563 2715 1740 2780 cogat.
1775 2708 1919 2763 Heb-

321 2803 675 2859 domadarius
705 2802 854 2858 solus
882 2801 1035 2859 cibos
1060 2802 1336 2873 degustet,
1366 2814 1544 2871 neque
1575 2799 1632 2854 id
1663 2799 1802 2855 alius
1827 2815 1924 2855 au-

322 2896 453 2951 deat
496 2914 511 2949 :
556 2910 626 2951 ne
669 2895 771 2951 sub
811 2895 1097 2950 occasione
1140 2893 1462 2965 degustandi
1504 2905 1618 2948 sua:
1655 2890 1799 2964 gula:
1838 2892 1923 2947 vel

323 2988 534 3060 gutturi
562 2985 883 3044 satisfaciat.
1073 3060 1077 3065 .

365 3084 393 3157 §
425 3084 613 3140 XXIII.
647 3114 721 3126 —
753 3082 834 3137 Ex
867 3081 1089 3138 ﬁscum
1124 3094 1310 3137 SANCTI
1345 3078 1553 3135 BASILII
1592 3078 1733 3154 (cap.
1771 3077 1883 3151 97).

400 3176 666 3246 Interrog.
700 3186 724 3215 ο
751 3173 811 3229 Si
835 3187 1058 3229 necesse
1085 3182 1170 3228 est
1189 3185 1381 3227 omnes
1407 3171 1705 3228 convenire
1730 3170 1799 3225 ad
1820 3169 1922 3225 lio-

325 3282 444 3321 ram
466 3265 697 3336 prandii,
715 3273 771 3319 et
795 3276 939 3327 eum,
964 3263 1057 3332 qui
1084 3267 1350 3326 remanet,
1376 3260 1645 3329 quomodo
1667 3258 1923 3329 transigi-

322 3360 482 3415 mus?
495 3389 565 3398 —-
580 3358 735 3428 Resp.
760 3356 817 3413 Si
838 3356 1055 3427 quidem
1076 3356 1399 3410 necessitate
1418 3353 1503 3408 vel
1525 3351 1626 3409 loci
1643 3351 1725 3405 vel
1739 3351 1921 3421 operis

325 3450 591 3505 remansit
621 3464 651 3502 a
681 3447 955 3502 communi
983 3447 1194 3510 ordine,
1223 3445 1316 3514 qui
1338 3453 1567 3513 prazest,
1602 3442 1620 3481 τ
1650 3441 1917 3512 probavit,

322 3551 380 3597 et
408 3542 654 3613 ignoscit.
688 3540 746 3596 Si
780 3555 911 3595 vero
940 3555 1064 3594 cum
1093 3540 1294 3608 possit,
1326 3553 1433 3592 non
1473 3540 1498 3577 δ
1534 3536 1668 3591 satis
1692 3536 1802 3606 egit
1830 3550 1922 3590 or.-

321 3649 565 3697 currere,
583 3613 839 3689 .fateatur
867 3631 1081 3701 culpam
1116 3630 1458 3702 negligentiae
1483 3642 1627 3692 sum,
1657 3636 1712 3680 et
1739 3628 1768 3667 ιι
1804 3627 1922 3682 sine

290 3727 450 3780 ~cibo
484 3732 700 3779 maneat
737 3738 909 3793 usque
946 3723 1015 3779 ad
1052 3721 1198 3776 illam
1238 3722 1427 3775 horam
1460 3733 1566 3789 qua
1596 3717 1921 3772 convenitur

326 3816 394 3869 ad
420 3816 598 3870 cibum
631 3816 686 3868 in
716 3822 991 3885 posterum
1019 3813 1181 3867 diem.

400 3907 428 3979 §
466 3904 650 3960 XXIV.
687 3935 761 3945 —
798 3903 933 3958 Item
969 3919 1034 3957 ea:
1066 3900 1298 3972 ejusdem
1338 3896 1533 3969 Regula
1569 3898 1707 3969 (cap.
1732 3896 1846 3965 95).

400 3997 665 4067 Iuterrog.
709 3998 731 4036 τί
780 3994 936 4063 Quali
976 3993 1171 4050 affectu
1209 3998 1421 4061 oportet
1464 3990 1713 4060 accipere
1750 3988 1919 4044 vcsti-

329 4099 570 4147 mentum
612 4089 697 4143 vel
735 4089 1150 4145 calciamentum
1192 4085 1566 4156 qualecunque
1609 4084 1809 4139 fuerit?
1850 4114 1922 4123 —

328 4183 488 4254 Resp.
522 4182 578 4238 Si
606 4182 824 4252 quidem
847 4183 1011 4237 breve
1032 4189 1127 4235 aut
1154 4179 1357 4251 grande
1386 4185 1471 4233 cst
1504 4179 1571 4232 ad
1608 4191 1922 4231 mensuram

328 4283 554 4330 statum
572 4291 703 4342 suae,
725 4276 829 4331 hoc
850 4274 1091 4329 indicare
1118 4273 1296 4336 debet,
1325 4272 1422 4328 sed
1445 4287 1569 4328 cum
1593 4271 1742 4327 omni
1769 4285 1921 4325 vere-

401 4416 429 4445 ι
471 4404 719 4476 Tempore
746 4422 871 4476 quo,
911 4412 1016 4460 etc.
1061 4405 1251 4460 Exstat
1290 4405 1344 4459 in
1388 4403 1591 4475 Regula
1630 4402 1689 4457 S.
1729 4403 1920 4458 Isidori

330 4490 527 4547 excusa
557 4492 677 4547 cap.
708 4476 762 4532 9.

406 4548 430 4586 δ
468 4543 783 4601 Prwsentia.
817 4545 872 4601 In
902 4545 1103 4617 Regula
1135 4561 1255 4617 exc.
1289 4543 1503 4617 additur
1526 4560 1644 4617 sua.

404 4626 426 4654 ο
470 4617 603 4685 Agat
630 4612 1010 4685 pamitentiam,
1035 4624 1140 4674 etc.
1167 4614 1329 4670 Juxta
1361 4615 1602 4685 instituta
1625 4613 1684 4668 S.
1709 4612 1919 4685 Pacho—_

330 4686 446 4751 mii,
481 4683 584 4740 ait.
626 4683 687 4739 l2
727 4701 741 4740 :
781 4705 800 4738 ι
847 4687 1109 4740 Similiter
1151 4694 1279 4756 aget
1311 4684 1683 4752 pmnitentiam
1719 4691 1814 4738 aut
1852 4683 1918 4739 ad

329 4757 548 4825 domum
574 4756 793 4825 jejunus
823 4767 1144 4811 revertetur.
1188 4775 1207 4807 ›

400 4827 426 4866 ἀ
481 4823 567 4896 γει
594 4823 780 4879 cubile.
817 4827 886 4881 Ut
916 4828 988 4880 ibi
1019 4826 1178 4896 legat.

407 4910 430 4936 ο
469 4894 524 4949 Si
550 4913 752 4949 necesse
771 4907 868 4959 est,
895 4906 999 4950 etc.
1036 4892 1276 4949 Habetur
1302 4896 1438 4963 apud
1469 4892 1526 4947 S.
1557 4892 1813 4948 Basiliam
1838 4894 1918 4947 in-

333 4977 464 5023 terr.
482 4967 596 5035 Al5ti
624 4966 838 5035 Regula:
863 4970 1037 5029 l.rev.,
1067 4976 1120 5020 et
1144 4966 1283 5034 apud
1312 4964 1433 5017 ltnf.
1467 4979 1585 5032 cap.
1602 4963 1701 5035 ‘52.

409 5037 427 5075 ι
470 5030 729 5090 Ρνοὺαιεὶῖ
747 5046 793 5089 et
823 5038 1062 5107 ignoscit.
1086 5030 1242 5105 Apud
1268 5035 1517 5088 llutinum
1537 5030 1557 5087 Ξ
1592 5030 1844 5087 Probabit
1868 5042 1917 5086 et

331 5116 581 5178 ignoscet,
612 5116 780 5160 recte.

405 5179 432 5218 ε
472 5176 616 5246 Satis
645 5178 766 5246 egit.
801 5176 955 5246 Apud
984 5175 1237 5230 Rufinum
1270 5194 1283 5228 :
1316 5173 1607 5246 Satisfecit.

403 5249 459 5370 ιὶὶ
472 5244 597 5369 8‘in
621 5242 734 5301 cibo
761 5242 988 5303 maneat.
1023 5246 1147 5301 Ilaec
1174 5245 1413 5316 supplevi
1441 5242 1507 5299 ex
1538 5252 1684 5298 textu
1706 5242 1918 5308 Gnaeo,

465 5334 494 5370 u
519 5333 626 5370 mo.

332 5328 387 5371 ct
416 5318 626 5370 Rulino.

411 5389 427 5426 ί
471 5386 631 5449 Quali
668 5386 891 5456 aﬁ'ectu,
921 5395 1028 5441 etc.
1069 5386 1257 5440 Exstat
1292 5385 1430 5456 apud
1468 5383 1722 5439 Basiliam
1756 5385 1916 5456 in_t_er.

340 5455 438 5511 168
489 5454 919 5525 ιὶρςιιιίιξιιιτρνη
956 5467 1010 5510 et.
1046 5458 1186 5526 apud
1224 5454 1475 5510 [latinum
1513 5471 1631 5525 cap.
1670 5456 1756 5510 51.
1797 5454 1923 5511 llaec

334 5535 516 5597 autem
555 5527 907 5597 interrogatio
946 5528 1158 5580 videtur
1197 5528 1284 5580 hie
1322 5527 1485 5579 citata
1522 5528 1591 5597 ob
1628 5526 1719 5579 illa
1758 5527 1921 5580 verba

337 5596 397 5650 S.
426 5597 699 5651 Benedicti
727 5616 737 5649 :
770 5596 787 5647 ε
817 5598 923 5651 Sed
949 5609 1002 5651 et
1025 5599 1067 5651 si
1091 5598 1176 5653 cui
1196 5598 1421 5652 ollet'tut'
1448 5612 1477 5648 a
1507 5596 1708 5665 priore,
1740 5616 1757 5647 ι
1788 5605 1919 5661 etc.,

337 5676 397 5718 ut
420 5681 672 5733 sequens.

414 5734 427 5785 i
476 5735 712 5791 .lIerccdc
736 5754 853 5789 sua.
889 5737 962 5791 lta
994 5739 1133 5807 apud
1166 5736 1435 5801 Ruﬁnum,
1468 5736 1918 5806 quemadmodum

667 5828 938 5889 l‘nauL.
1005 5826 1166 5889 CIII.

2021 1884 2189 1937 bebit.

2182 1974 2209 2046 δ
2238 1974 2426 2029 XXVI.
2452 2006 2521 2014 —
2543 1974 2623 2028 Ex
2650 1973 2866 2030 [tecum
2897 1976 3145 2032 CASSIANI
3169 1977 3305 2050 (cap.
3336 1978 3446 2052 l6).

2093 2077 2131 2103 ηπ
2158 2066 2239 2119 Ad
2263 2066 2363 2119 bas
2384 2080 2514 2136 ergo
2537 2066 2814 2121 orationes
2844 2081 2965 2120 cum
2995 2066 3160 2122 fuerit
3208 2070 3348 2140 signi
3399 2073 3609 2128 sonitus

2023 2157 2263 2221 auditus,
2296 2165 2446 2213 tanta
2476 2156 2756 2212 celeritate
2782 2159 2940 2213 debet
2969 2160 3266 2215 monachus
3290 2163 3528 2228 exsilire,
3555 2174 3612 2219 ut

2022 2263 2130 2302 non
2188 2248 2364 2303 dicam
2411 2248 2515 2302 alia
2544 2249 2800 2315 artilicia,
2848 2250 2941 2304 sed
2974 2250 3018 2305 is
3045 2251 3138 2320 qui
3170 2268 3305 2323 opus
3330 2254 3611 2324 scriptune

2022 2351 2241 2396 exercet
2270 2342 2322 2395 in
2371 2342 2560 2396 eodem
2584 2350 2804 2411 puncto,
2838 2357 2944 2411 quo
2973 2343 3039 2397 ad
3068 2359 3228 2400 aures
3274 2345 3391 2415 ejus
3440 2362 3607 2402 sonus

2022 2431 2291 2502 pulsantis
2329 2431 2633 2497 advenerit,
2668 2440 2691 2467 η
2721 2439 2957 2500 emptam
2997 2430 3259 2489 litteram'
3279 2451 3384 2490 non
3418 2438 3613 2492 audeat

2026 2539 2427 2579 consummare.

2379 2615 2408 2687 §
2435 2614 2726 2670 XXVll.—
2746 2614 2882 2670 Item
2912 2613 3049 2688 (cap.
3082 2617 3149 2671 17
3181 2616 3250 2686 ο).

2096 2708 2153 2764 Si
2182 2709 2306 2780 quis
2351 2716 2532 2763 autem
2583 2715 2873 2777 antequam
2929 2708 3116 2763 linitur
3160 2708 3404 2780 psalmus
3438 2710 3609 2768 inem-

2023 2808 2168 2869 ptus,
2212 2814 2321 2854 non
2371 2798 2692 2865 occurrerit,
2744 2798 2974 2855 ulterius
3019 2798 3073 2853 in
3121 2799 3418 2854 oratorium
3469 2800 3615 2857 inter

2022 2888 2317 2959 psallentes
2368 2886 2567 2943 fratres
2609 2887 2838 2943 introire
2864 2904 2974 2944 non
3016 2891 3232 2946 audeat.
3267 2889 3429 2946 Stans
3480 2887 3615 2946 foris

2026 2980 2093 3034 ad
2111 2978 2339 3049 januam
2365 2979 2650 3044 sustineat,
2682 2978 2856 3033 donec
2904 2978 3073 3034 ﬁnitis
3120 2980 3346 3051 psalmis
3388 2997 3615 3055 congre-

2024 3071 2172 3142 gatio
2228 3070 2507 3125 relaxetur
2544 3086 2557 3123 :
2612 3077 2667 3125 et
2710 3077 2839 3125 tunc
2865 3070 3131 3126 submissa
3178 3072 3230 3127 in
3266 3080 3409 3127 terra
3440 3076 3617 3145 poeni-

2024 3150 2188 3219 tentia
2214 3162 2554 3233 negligentia:
2579 3176 2711 3227 alue,
2743 3161 2827 3217 vel
2854 3163 3130 3219 tarditatis
3149 3179 3336 3219 coram
3354 3166 3614 3223 omnibus

2023 3255 2093 3310 ab
2149 3254 2347 3310 abbate
2393 3253 2649 3324 impetret
2698 3253 2933 3308 veniam.
2967 3254 3122 3321 Quod
3150 3255 3196 3311 si
3229 3258 3616 3327 contempserit

2023 3345 2376 3411 satisfacere,
2426 3346 2574 3401 nullo
2624 3346 2785 3401 modo
2851 3345 2995 3401 inter
3047 3345 3245 3404 fratres
3299 3349 3614 3404 societatem

2022 3438 2287 3509 psallendi
2339 3437 2577 3492 habebit.
2607 3435 2665 3490 In
2715 3437 2999 3491 nocturnis
3048 3447 3231 3493 autem
3277 3440 3615 3494 orationibus

2021 3542 2193 3597 usque
2224 3525 2293 3581 ad
2321 3525 2614 3581 secundum
2638 3524 2907 3594 psalmum
2932 3524 3096 3579 datur
3126 3527 3371 3581 tardandi
3399 3528 3609 3583 dilatio.

2021 3618 2277 3673 Attamen
2321 3624 2613 3684 antequam
2660 3614 2813 3669 linito
2840 3614 3031 3669 eodem
3068 3615 3278 3684 psalmo
3328 3614 3525 3672 fratres
3556 3617 3614 3673 in

2021 3708 2298 3763 orationes
2355 3703 2714 3775 procumbunt
2740 3744 2755 3769 ,
2808 3704 3214 3774 congregationi
3262 3720 3321 3760 se
3372 3706 3615 3761 inserere

2024 3804 2186 3866 atque
2228 3796 2539 3853 immiscere
2576 3792 2815 3849 festinet.
2852 3794 3005 3861 Quod
3026 3794 3071 3849 si
3093 3793 3324 3864 amplius
3340 3796 3423 3852 vel
3443 3797 3616 3853 modi-

2023 3904 2146 3944 cnm
2178 3887 2555 3950 retardaverit,
2584 3885 2749 3941 finitis
2775 3885 2974 3955 vigiliis
3004 3901 3132 3940 vero
3155 3886 3460 3943 humilitate
3486 3889 3614 3944 sub-

2024 3980 2223 4035 missus
2254 3979 2469 4033 veniam
2493 3978 2850 4049 negligentice,
2901 3977 3041 4032 sicut
3082 3978 3331 4046 superius
3355 3978 3609 4044 diximus,

2023 4078 2278 4138 expetere
2307 4083 2415 4122 non
2436 4068 2655 4123 omittat

2356 4181 2384 4253 ᾗ
2410 4178 2644 4234 XXVIII.
2674 4211 2745 4219 —
2778 4178 2910 4234 Item
2936 4179 3072 4252 (cap.
3100 4181 3169 4237 18
3198 4180 3271 4252 ι’),

2099 4275 2379 4331 Dominico
2410 4281 2614 4337 autem,
2652 4270 2738 4327 vel
2765 4272 3013 4338 sabbato,
3043 4288 3139 4328 seu
3169 4272 3374 4329 feriatis
3422 4274 3612 4330 diebus

2026 4417 2256 4471 habetur
2286 4416 2338 4469 in
2367 4411 2655 4481 Evangelia
2669 4410 2801 4465 Luc.
2834 4427 2892 4475 ιι,
2922 4413 3307 4482 μισθοῦ-αὒτοῦ.
3339 4409 3611 4482 luGrcecn

1944 4481 1997 4539 D
2026 4486 2083 4541 S.
2120 4485 2300 4541 Basilii
2330 4479 2639 4556 legitur—ra;
2667 4490 2854 4556 τροφῆς
2891 4479 3072 4556 eam.
3113 4479 3169 4533 Ι]
3203 4489 3314 4545 est,
3341 4481 3460 4556 cibo
3489 4497 3607 4544 suo,

2022 4558 2167 4626 quod
2188 4556 2356 4610 miror
2385 4550 2406 4606 ἶ
2432 4554 2505 4608 ita
2526 4560 2586 4606 ut
2610 4550 2980 4606 lociis'citatus
3005 4550 3077 4605 sit
3100 4564 3167 4604 ex
3192 4550 3474 4616 memoria,
3502 4568 3608 4606 non

2020 4644 2087 4682 ex
2118 4626 2326 4689 codice,
2358 4633 2453 4677 aut
2475 4629 2623 4678 certe
2651 4628 2955 4691 corruptus.

2093 4715 2120 4754 ιι
2156 4712 2272 4767 Hoc
2303 4713 2443 4765 enim
2476 4711 2616 4782 quod
2645 4710 2709 4764 de
2739 4726 2858 4765 esca
2891 4710 3090 4764 dictum
3125 4719 3220 4763 est.
3258 4709 3334 4765 lta
3372 4711 3426 4782 in
3460 4719 3607 4782 textu

2020 4785 2329 4857 Grmc0,_ro
2366 4784 2465 4857 γὰρ
2490 4781 2588 4857 ἐπὶ
2623 4789 2715 4843 τῆς
2745 4790 2930 4857 τροπῆς·
2968 4782 3243 4857 εἰρημένον,
3282 4781 3425 4857 qugd
3464 4781 3608 4857 idem

2020 4802 2228 4849 UPIBCO,
2270 4806 2329 4839 τ’)
2366 4803 2432 4853 σγα
2504 4803 2588 4837 επι
2623 4803 2715 4843 της
2745 4802 2930 4855 τροφης
2968 4802 3243 4857 ιιρημινον,
3282 4802 3425 4849 (ιυυυ
3464 4802 3607 4836 100111

2018 4863 2195 4909 sonat.
2229 4854 2384 4923 Apud
2427 4802 2678 4923 ﬁuﬂnum
2722 4870 2734 4905 :
2775 4870 2793 4901 ι
2832 4852 2945 4923 llec
2976 4851 3121 4923 enim
3160 4848 3303 4923 quod
3340 4850 3405 4923 de
3440 4852 3607 4923 vesti-

2021 4933 2205 4980 mento
2234 4919 2435 4979 dictum
2474 4930 2577 4977 est.
2601 4943 2619 4974 ι
2639 4920 2825 4976 Recte.
2857 4919 2990 4974 Nam
3022 4920 3111 4973 hic
3145 4919 3323 4989 agitur
3351 4920 3418 4975 de
3442 4921 3607 4976 vesti-

2021 5003 2224 5060 mento,
2266 5009 2374 5049 non
2410 4995 2476 5049 de
2508 4993 2659 5055 cibo;
2705 5000 2760 5046 et
2787 4990 3001 5045 videtur
3035 4989 3138 5044 hoc
3179 4989 3296 5045 loco
3333 5005 3462 5047 usus
3490 5007 3609 5047 cor-

2023 5068 2264 5122 rectione
2290 5063 2586 5134 exemplari
2616 5061 2861 5134 Rufinus.

2106 5135 2123 5174 ι
2157 5137 2319 5189 Inter.
2354 5128 2480 5200 134',
2507 5143 2563 5188 et
2592 5149 2710 5203 cap.
2728 5132 2821 5187 cit.
2852 5128 2975 5185 Ruf.

2099 5238 2139 5266 πι
2170 5226 2251 5279 Ad
2276 5226 2372 5279 has
2399 5240 2541 5292 ergo,
2562 5233 2667 5277 etc.
2698 5221 2825 5277 Iltec
2850 5228 3063 5291 sumpta
3092 5229 3217 5275 sunt
3254 5236 3321 5276 ex
3348 5220 3606 5278 Cassiano

2029 5299 2152 5354 libr.
2188 5312 2240 5350 iv
2271 5296 2337 5350 de
2364 5294 2537 5349 lnstit.
2570 5310 2688 5364 cap.
2722 5292 2804 5346 12.

2102 5388 2382 5459 ιιϐίινριαηι
2408 5387 2633 5442 litteram
2670 5386 3000 5459 Διιριι-ιιιιιιεξαι
3038 5400 3417 5459 consummare.
3460 5383 3609 5459 Idem

2030 5461 2220 5519 statuit
2241 5455 2499 5529 Magister
2519 5472 2638 5527 cap.
2667 5456 2736 5529 {id
2787 5456 3007 5529 Regula:
3032 5472 3160 5529 suae.
3188 5455 3479 5529 Sgriptgres
3515 5455 3605 5509 lit-

2030 5544 2194 5589 teram
2231 5524 2635 5598 non'iutegrent.
2676 5524 2935 5598 Exempla
2963 5526 3084 5581 vide
3116 5527 3169 5581 in
3197 5524 3334 5581 Vitis
3361 5525 3604 5582 Patrum.

2103 5610 2127 5637 ο
2155 5601 2273 5656 Lib.
2307 5616 2364 5653 ιιι
2390 5597 2669 5654 dediurn.
2705 5597 2880 5662 Orat.,
2904 5613 3021 5667 cap.
3053 5598 3106 5650 7.

2104 5683 2131 5724 P
2158 5670 2274 5727 Lib.
2320 5687 2378 5726 ιιι
2420 5670 2485 5725 de
2531 5670 2711 5726 diurn.
2741 5666 2914 5733 Orat.,
2955 5666 3074 5737 cap.
3134 5666 3212 5720 1‘2.

3029 5818 3104 5877 37
