  <div class='ocr_page' id='page_1' title='image "/cluster/home/n/w/nwhite01/storage/ocr_20150623/103/hvd.32044054759691/585.png"; bbox 0 0 3948 6182; ppageno 0'>
   <div class='ocr_carea' id='block_1_1' title="bbox 312 272 444 329">
    <p class='ocr_par' dir='ltr' id='par_1_1' title="bbox 312 272 444 329">
     <span class='ocr_line' id='line_1_1' title="bbox 312 272 444 329; baseline -0.038 0"><span class='ocrx_word' id='word_1_1' title='bbox 312 272 444 329; x_wconf 74' lang='grc'><strong>1167</strong></span> 
     </span>
    </p>
   </div>
   <div class='ocr_carea' id='block_1_2' title="bbox 391 375 1815 459">
    <p class='ocr_par' dir='ltr' id='par_1_2' title="bbox 391 375 1815 459">
     <span class='ocr_line' id='line_1_2' title="bbox 391 375 1815 459; baseline -0.008 -20"><span class='ocrx_word' id='word_1_2' title='bbox 391 387 418 459; x_wconf 81' lang='lat'><strong>§</strong></span> <span class='ocrx_word' id='word_1_3' title='bbox 447 385 506 438; x_wconf 94' lang='lat' dir='ltr'><strong>ll.</strong></span> <span class='ocrx_word' id='word_1_4' title='bbox 530 411 601 427; x_wconf 83' lang='lat'><strong>--</strong></span> <span class='ocrx_word' id='word_1_5' title='bbox 623 381 700 436; x_wconf 69' lang='lat' dir='ltr'><strong>Ex</strong></span> <span class='ocrx_word' id='word_1_6' title='bbox 730 379 948 436; x_wconf 65' lang='lat' dir='ltr'><strong>iiscum</strong></span> <span class='ocrx_word' id='word_1_7' title='bbox 977 379 1142 432; x_wconf 77' lang='lat' dir='ltr'><strong>Pwu</strong></span> <span class='ocrx_word' id='word_1_8' title='bbox 1175 393 1241 432; x_wconf 75' lang='lat' dir='ltr'><strong>ar</strong></span> <span class='ocrx_word' id='word_1_9' title='bbox 1275 375 1546 431; x_wconf 67' lang='lat' dir='ltr'><strong>Srsrutnt</strong></span> <span class='ocrx_word' id='word_1_10' title='bbox 1576 377 1714 448; x_wconf 83' lang='lat' dir='ltr'><strong>(cap.</strong></span> <span class='ocrx_word' id='word_1_11' title='bbox 1740 377 1815 445; x_wconf 87' lang='lat'><strong>7).</strong></span> 
     </span>
    </p>
   </div>
   <div class='ocr_carea' id='block_1_3' title="bbox 385 468 1900 538">
    <p class='ocr_par' dir='ltr' id='par_1_3' title="bbox 385 468 1900 538">
     <span class='ocr_line' id='line_1_3' title="bbox 385 468 1900 538; baseline -0.005 -8"><span class='ocrx_word' id='word_1_12' title='bbox 385 489 410 515; x_wconf 79' lang='grc' dir='ltr'><strong>ει</strong></span> <span class='ocrx_word' id='word_1_13' title='bbox 441 474 714 538; x_wconf 84' lang='lat' dir='ltr'><strong>Juniores,</strong></span> <span class='ocrx_word' id='word_1_14' title='bbox 741 479 796 526; x_wconf 91' lang='lat' dir='ltr'><strong>et</strong></span> <span class='ocrx_word' id='word_1_15' title='bbox 824 470 1057 526; x_wconf 76' lang='lat' dir='ltr'><strong>maxime</strong></span> <span class='ocrx_word' id='word_1_16' title='bbox 1084 468 1176 538; x_wconf 89' lang='lat' dir='ltr'><strong>qui</strong></span> <span class='ocrx_word' id='word_1_17' title='bbox 1221 468 1399 522; x_wconf 84' lang='lat' dir='ltr'><strong>adhuc</strong></span> <span class='ocrx_word' id='word_1_18' title='bbox 1427 468 1664 537; x_wconf 83' lang='lat' dir='ltr'><strong>psalmos</strong></span> <span class='ocrx_word' id='word_1_19' title='bbox 1691 468 1900 522; x_wconf 84' lang='lat' dir='ltr'><strong>discere</strong></span> 
     </span>
    </p>
   </div>
   <div class='ocr_carea' id='block_1_4' title="bbox 313 559 1897 634">
    <p class='ocr_par' dir='ltr' id='par_1_4' title="bbox 313 559 1897 634">
     <span class='ocr_line' id='line_1_4' title="bbox 313 559 1897 634; baseline -0.006 -13"><span class='ocrx_word' id='word_1_20' title='bbox 313 565 665 629; x_wconf 74' lang='lat' dir='ltr'><strong>meditantur,</strong></span> <span class='ocrx_word' id='word_1_21' title='bbox 695 578 792 634; x_wconf 90' lang='lat' dir='ltr'><strong>per</strong></span> <span class='ocrx_word' id='word_1_22' title='bbox 818 563 1015 616; x_wconf 87' lang='lat' dir='ltr'><strong>choros</strong></span> <span class='ocrx_word' id='word_1_23' title='bbox 1040 575 1106 614; x_wconf 87' lang='lat' dir='ltr'><strong>ex</strong></span> <span class='ocrx_word' id='word_1_24' title='bbox 1130 559 1319 615; x_wconf 86' lang='lat' dir='ltr'><strong>ordine</strong></span> <span class='ocrx_word' id='word_1_25' title='bbox 1347 568 1403 613; x_wconf 91' lang='lat' dir='ltr'><strong>et</strong></span> <span class='ocrx_word' id='word_1_26' title='bbox 1427 559 1546 614; x_wconf 86' lang='lat' dir='ltr'><strong>sine</strong></span> <span class='ocrx_word' id='word_1_27' title='bbox 1575 559 1897 630; x_wconf 76' lang='lat' dir='ltr'><strong>negligentia</strong></span> 
     </span>
    </p>
   </div>
   <div class='ocr_carea' id='block_1_5' title="bbox 315 651 1899 723">
    <p class='ocr_par' dir='ltr' id='par_1_5' title="bbox 315 651 1899 723">
     <span class='ocr_line' id='line_1_5' title="bbox 315 651 1899 723; baseline -0.006 -7"><span class='ocrx_word' id='word_1_28' title='bbox 315 663 343 701; x_wconf 74' lang='grc' dir='ltr'><strong>ι»</strong></span> <span class='ocrx_word' id='word_1_29' title='bbox 368 661 608 716; x_wconf 87' lang='lat' dir='ltr'><strong>dictent:</strong></span> <span class='ocrx_word' id='word_1_30' title='bbox 638 657 713 711; x_wconf 86' lang='lat' dir='ltr'><strong>ita</strong></span> <span class='ocrx_word' id='word_1_31' title='bbox 741 668 798 710; x_wconf 86' lang='lat' dir='ltr'><strong>ut</strong></span> <span class='ocrx_word' id='word_1_32' title='bbox 827 655 894 709; x_wconf 91' lang='lat' dir='ltr'><strong>ab</strong></span> <span class='ocrx_word' id='word_1_33' title='bbox 919 669 984 708; x_wconf 91' lang='lat' dir='ltr'><strong>eo</strong></span> <span class='ocrx_word' id='word_1_34' title='bbox 1017 653 1137 707; x_wconf 89' lang='lat' dir='ltr'><strong>loco</strong></span> <span class='ocrx_word' id='word_1_35' title='bbox 1161 668 1268 722; x_wconf 90' lang='lat' dir='ltr'><strong>quo</strong></span> <span class='ocrx_word' id='word_1_36' title='bbox 1295 651 1534 707; x_wconf 86' lang='lat' dir='ltr'><strong>minores</strong></span> <span class='ocrx_word' id='word_1_37' title='bbox 1563 652 1815 723; x_wconf 79' lang='lat' dir='ltr'><strong>ignorant</strong></span> <span class='ocrx_word' id='word_1_38' title='bbox 1845 652 1899 706; x_wconf 92' lang='lat' dir='ltr'><strong>hi</strong></span> 
     </span>
    </p>
   </div>
   <div class='ocr_carea' id='block_1_6' title="bbox 307 733 1898 825">
    <p class='ocr_par' dir='ltr' id='par_1_6' title="bbox 307 733 1898 825">
     <span class='ocr_line' id='line_1_6' title="bbox 307 733 1898 825; baseline -0.006 -18"><span class='ocrx_word' id='word_1_39' title='bbox 307 753 572 825; x_wconf 88' lang='lat' dir='ltr'><strong>juniores,</strong></span> <span class='ocrx_word' id='word_1_40' title='bbox 601 750 692 820; x_wconf 90' lang='lat' dir='ltr'><strong>qui</strong></span> <span class='ocrx_word' id='word_1_41' title='bbox 716 747 830 818; x_wconf 88' lang='lat' dir='ltr'><strong>jam</strong></span> <span class='ocrx_word' id='word_1_42' title='bbox 865 746 1187 802; x_wconf 90' lang='lat' dir='ltr'><strong>Psalterium</strong></span> <span class='ocrx_word' id='word_1_43' title='bbox 1223 733 1483 810; x_wconf 82' lang='lat' dir='ltr'><strong>ﬁnierint,</strong></span> <span class='ocrx_word' id='word_1_44' title='bbox 1514 759 1612 816; x_wconf 91' lang='lat' dir='ltr'><strong>per</strong></span> <span class='ocrx_word' id='word_1_45' title='bbox 1652 745 1898 800; x_wconf 86' lang='lat' dir='ltr'><strong>ordinem</strong></span> 
     </span>
    </p>
   </div>
   <div class='ocr_carea' id='block_1_7' title="bbox 311 834 1900 904">
    <p class='ocr_par' dir='ltr' id='par_1_7' title="bbox 311 834 1900 904">
     <span class='ocr_line' id='line_1_7' title="bbox 311 834 1900 904; baseline -0.007 -5"><span class='ocrx_word' id='word_1_46' title='bbox 311 846 410 900; x_wconf 88' lang='lat' dir='ltr'><strong>sibi</strong></span> <span class='ocrx_word' id='word_1_47' title='bbox 459 845 512 898; x_wconf 92' lang='lat' dir='ltr'><strong>in</strong></span> <span class='ocrx_word' id='word_1_48' title='bbox 557 840 809 898; x_wconf 89' lang='lat' dir='ltr'><strong>dictando</strong></span> <span class='ocrx_word' id='word_1_49' title='bbox 856 837 1178 900; x_wconf 83' lang='lat' dir='ltr'><strong>succedant,</strong></span> <span class='ocrx_word' id='word_1_50' title='bbox 1223 843 1284 889; x_wconf 92' lang='lat' dir='ltr'><strong>ut</strong></span> <span class='ocrx_word' id='word_1_51' title='bbox 1319 834 1467 889; x_wconf 90' lang='lat' dir='ltr'><strong>omni</strong></span> <span class='ocrx_word' id='word_1_52' title='bbox 1504 842 1748 904; x_wconf 89' lang='lat' dir='ltr'><strong>tempore</strong></span> <span class='ocrx_word' id='word_1_53' title='bbox 1776 849 1900 904; x_wconf 85' lang='lat' dir='ltr'><strong>pro-</strong></span> 
     </span>
    </p>
   </div>
   <div class='ocr_carea' id='block_1_8' title="bbox 315 925 1895 996">
    <p class='ocr_par' dir='ltr' id='par_1_8' title="bbox 315 925 1895 996">
     <span class='ocr_line' id='line_1_8' title="bbox 315 925 1895 996; baseline -0.008 -5"><span class='ocrx_word' id='word_1_54' title='bbox 315 935 596 991; x_wconf 89' lang='lat' dir='ltr'><strong>nuntiandi</strong></span> <span class='ocrx_word' id='word_1_55' title='bbox 619 947 749 987; x_wconf 88' lang='lat' dir='ltr'><strong>usus</strong></span> <span class='ocrx_word' id='word_1_56' title='bbox 775 945 881 985; x_wconf 90' lang='lat' dir='ltr'><strong>non</strong></span> <span class='ocrx_word' id='word_1_57' title='bbox 911 929 1071 984; x_wconf 87' lang='lat' dir='ltr'><strong>desit.</strong></span> <span class='ocrx_word' id='word_1_58' title='bbox 1095 938 1117 966; x_wconf 71' lang='grc' dir='ltr'>ε</span> <span class='ocrx_word' id='word_1_59' title='bbox 1140 926 1410 982; x_wconf 87' lang='lat' dir='ltr'><strong>Psallendi</strong></span> <span class='ocrx_word' id='word_1_60' title='bbox 1441 941 1659 996; x_wconf 90' lang='lat' dir='ltr'><strong>quoque</strong></span> <span class='ocrx_word' id='word_1_61' title='bbox 1685 925 1895 988; x_wconf 90' lang='lat' dir='ltr'><strong>modus,</strong></span> 
     </span>
    </p>
   </div>
   <div class='ocr_carea' id='block_1_9' title="bbox 313 1019 1899 1098">
    <p class='ocr_par' dir='ltr' id='par_1_9' title="bbox 313 1019 1899 1098">
     <span class='ocr_line' id='line_1_9' title="bbox 313 1019 1899 1098; baseline -0.008 -17"><span class='ocrx_word' id='word_1_62' title='bbox 313 1028 358 1081; x_wconf 94' lang='lat' dir='ltr'><strong>si</strong></span> <span class='ocrx_word' id='word_1_63' title='bbox 389 1024 645 1098; x_wconf 85' lang='lat' dir='ltr'><strong>possibile</strong></span> <span class='ocrx_word' id='word_1_64' title='bbox 683 1030 793 1085; x_wconf 87' lang='lat' dir='ltr'><strong>est,</strong></span> <span class='ocrx_word' id='word_1_65' title='bbox 835 1019 1255 1088; x_wconf 89' lang='lat' dir='ltr'><strong>omnitempore</strong></span> <span class='ocrx_word' id='word_1_66' title='bbox 1300 1032 1422 1071; x_wconf 91' lang='lat' dir='ltr'><strong>cum</strong></span> <span class='ocrx_word' id='word_1_67' title='bbox 1470 1024 1899 1087; x_wconf 85' lang='lat' dir='ltr'><strong>temperamento</strong></span> 
     </span>
    </p>
   </div>
   <div class='ocr_carea' id='block_1_10' title="bbox 315 1109 1897 1179">
    <p class='ocr_par' dir='ltr' id='par_1_10' title="bbox 315 1109 1897 1179">
     <span class='ocr_line' id='line_1_10' title="bbox 315 1109 1897 1179; baseline -0.007 -10"><span class='ocrx_word' id='word_1_68' title='bbox 315 1115 467 1170; x_wconf 87' lang='lat' dir='ltr'><strong>nobis</strong></span> <span class='ocrx_word' id='word_1_69' title='bbox 498 1111 783 1177; x_wconf 86' lang='lat' dir='ltr'><strong>tenendus,</strong></span> <span class='ocrx_word' id='word_1_70' title='bbox 812 1119 871 1164; x_wconf 94' lang='lat' dir='ltr'><strong>ut</strong></span> <span class='ocrx_word' id='word_1_71' title='bbox 898 1124 996 1165; x_wconf 89' lang='lat' dir='ltr'><strong>nec</strong></span> <span class='ocrx_word' id='word_1_72' title='bbox 1029 1109 1254 1163; x_wconf 88' lang='lat' dir='ltr'><strong>nimium</strong></span> <span class='ocrx_word' id='word_1_73' title='bbox 1287 1116 1581 1179; x_wconf 77' lang='lat' dir='ltr'><strong>protracto,</strong></span> <span class='ocrx_word' id='word_1_74' title='bbox 1607 1123 1709 1161; x_wconf 84' lang='lat' dir='ltr'><strong>nec</strong></span> <span class='ocrx_word' id='word_1_75' title='bbox 1736 1121 1897 1175; x_wconf 87' lang='lat' dir='ltr'><strong>supra</strong></span> 
     </span>
    </p>
   </div>
   <div class='ocr_carea' id='block_1_11' title="bbox 315 1201 1901 1270">
    <p class='ocr_par' dir='ltr' id='par_1_11' title="bbox 315 1201 1901 1270">
     <span class='ocr_line' id='line_1_11' title="bbox 315 1201 1901 1270; baseline -0.005 -8"><span class='ocrx_word' id='word_1_76' title='bbox 315 1209 533 1262; x_wconf 63' lang='lat' dir='ltr'><strong>modum</strong></span> <span class='ocrx_word' id='word_1_77' title='bbox 554 1215 820 1267; x_wconf 88' lang='lat' dir='ltr'><strong>eorrecte,</strong></span> <span class='ocrx_word' id='word_1_78' title='bbox 848 1203 964 1267; x_wconf 89' lang='lat' dir='ltr'><strong>sed,</strong></span> <span class='ocrx_word' id='word_1_79' title='bbox 991 1212 1051 1256; x_wconf 94' lang='lat' dir='ltr'><strong>ut</strong></span> <span class='ocrx_word' id='word_1_80' title='bbox 1071 1201 1274 1256; x_wconf 89' lang='lat' dir='ltr'><strong>dictum</strong></span> <span class='ocrx_word' id='word_1_81' title='bbox 1302 1210 1406 1266; x_wconf 90' lang='lat' dir='ltr'><strong>est,</strong></span> <span class='ocrx_word' id='word_1_82' title='bbox 1435 1207 1734 1270; x_wconf 88' lang='lat' dir='ltr'><strong>temperata</strong></span> <span class='ocrx_word' id='word_1_83' title='bbox 1757 1215 1901 1254; x_wconf 88' lang='lat' dir='ltr'><strong>sem—</strong></span> 
     </span>
    </p>
   </div>
   <div class='ocr_carea' id='block_1_12' title="bbox 315 1290 1898 1367">
    <p class='ocr_par' dir='ltr' id='par_1_12' title="bbox 315 1290 1898 1367">
     <span class='ocr_line' id='line_1_12' title="bbox 315 1290 1898 1367; baseline -0.006 -15"><span class='ocrx_word' id='word_1_84' title='bbox 315 1314 409 1367; x_wconf 88' lang='lat' dir='ltr'><strong>per</strong></span> <span class='ocrx_word' id='word_1_85' title='bbox 437 1294 803 1350; x_wconf 87' lang='lat' dir='ltr'><strong>modulatione</strong></span> <span class='ocrx_word' id='word_1_86' title='bbox 833 1293 1060 1347; x_wconf 91' lang='lat' dir='ltr'><strong>dicatur.</strong></span> <span class='ocrx_word' id='word_1_87' title='bbox 1079 1291 1102 1330; x_wconf 75' lang='grc' dir='ltr'>ἀ</span> <span class='ocrx_word' id='word_1_88' title='bbox 1132 1290 1358 1346; x_wconf 87' lang='lat' dir='ltr'><strong>Servate</strong></span> <span class='ocrx_word' id='word_1_89' title='bbox 1391 1299 1593 1354; x_wconf 88' lang='lat' dir='ltr'><strong>tamen,</strong></span> <span class='ocrx_word' id='word_1_90' title='bbox 1623 1299 1683 1344; x_wconf 90' lang='lat' dir='ltr'><strong>ut</strong></span> <span class='ocrx_word' id='word_1_91' title='bbox 1707 1305 1898 1345; x_wconf 87' lang='lat' dir='ltr'><strong>secun-</strong></span> 
     </span>
    </p>
   </div>
   <div class='ocr_carea' id='block_1_13' title="bbox 313 1383 1901 1454">
    <p class='ocr_par' dir='ltr' id='par_1_13' title="bbox 313 1383 1901 1454">
     <span class='ocr_line' id='line_1_13' title="bbox 313 1383 1901 1454; baseline -0.004 -12"><span class='ocrx_word' id='word_1_92' title='bbox 313 1392 438 1442; x_wconf 92' lang='lat' dir='ltr'><strong>dum</strong></span> <span class='ocrx_word' id='word_1_93' title='bbox 481 1387 810 1441; x_wconf 80' lang='lat' dir='ltr'><strong>voluntatem</strong></span> <span class='ocrx_word' id='word_1_94' title='bbox 846 1395 901 1439; x_wconf 89' lang='lat' dir='ltr'><strong>et</strong></span> <span class='ocrx_word' id='word_1_95' title='bbox 953 1384 1237 1438; x_wconf 81' lang='lat' dir='ltr'><strong>arbitrium</strong></span> <span class='ocrx_word' id='word_1_96' title='bbox 1275 1384 1472 1453; x_wconf 83' lang='lat' dir='ltr'><strong>prioris</strong></span> <span class='ocrx_word' id='word_1_97' title='bbox 1517 1383 1625 1454; x_wconf 85' lang='lat' dir='ltr'><strong>(cui</strong></span> <span class='ocrx_word' id='word_1_98' title='bbox 1685 1387 1901 1452; x_wconf 83' lang='lat' dir='ltr'><strong>semper</strong></span> 
     </span>
    </p>
   </div>
   <div class='ocr_carea' id='block_1_14' title="bbox 315 1476 1897 1547">
    <p class='ocr_par' dir='ltr' id='par_1_14' title="bbox 315 1476 1897 1547">
     <span class='ocr_line' id='line_1_14' title="bbox 315 1476 1897 1547; baseline -0.005 -12"><span class='ocrx_word' id='word_1_99' title='bbox 315 1479 686 1535; x_wconf 75' lang='lat' dir='ltr'><strong>considerandi</strong></span> <span class='ocrx_word' id='word_1_100' title='bbox 702 1486 754 1531; x_wconf 89' lang='lat' dir='ltr'><strong>et</strong></span> <span class='ocrx_word' id='word_1_101' title='bbox 769 1477 1130 1547; x_wconf 78' lang='lat' dir='ltr'><strong>perpendendi</strong></span> <span class='ocrx_word' id='word_1_102' title='bbox 1154 1484 1385 1546; x_wconf 88' lang='lat' dir='ltr'><strong>tempus,</strong></span> <span class='ocrx_word' id='word_1_103' title='bbox 1407 1476 1616 1540; x_wconf 86' lang='lat' dir='ltr'><strong>horam,</strong></span> <span class='ocrx_word' id='word_1_104' title='bbox 1637 1487 1659 1513; x_wconf 81' lang='grc' dir='ltr'>ε</span> <span class='ocrx_word' id='word_1_105' title='bbox 1678 1490 1897 1528; x_wconf 85' lang='lat' dir='ltr'><strong>causam</strong></span> 
     </span>
    </p>
   </div>
   <div class='ocr_carea' id='block_1_15' title="bbox 316 1631 1899 1702">
    <p class='ocr_par' dir='ltr' id='par_1_15' title="bbox 316 1631 1899 1702">
     <span class='ocr_line' id='line_1_15' title="bbox 316 1631 1899 1702; baseline -0.003 -13"><span class='ocrx_word' id='word_1_106' title='bbox 316 1636 576 1690; x_wconf 81' lang='lat' dir='ltr'><strong>leviorum</strong></span> <span class='ocrx_word' id='word_1_107' title='bbox 603 1633 883 1702; x_wconf 87' lang='lat' dir='ltr'><strong>culparum</strong></span> <span class='ocrx_word' id='word_1_108' title='bbox 917 1632 1191 1686; x_wconf 83' lang='lat' dir='ltr'><strong>transibit.</strong></span> <span class='ocrx_word' id='word_1_109' title='bbox 1229 1631 1330 1687; x_wconf 90' lang='lat' dir='ltr'><strong>Ubi</strong></span> <span class='ocrx_word' id='word_1_110' title='bbox 1362 1647 1485 1686; x_wconf 85' lang='lat' dir='ltr'><strong>cum</strong></span> <span class='ocrx_word' id='word_1_111' title='bbox 1517 1631 1606 1684; x_wconf 93' lang='lat' dir='ltr'><strong>diu</strong></span> <span class='ocrx_word' id='word_1_112' title='bbox 1639 1631 1899 1702; x_wconf 85' lang='lat' dir='ltr'><strong>nequive-</strong></span> 
     </span>
    </p>
   </div>
   <div class='ocr_carea' id='block_1_16' title="bbox 316 1701 1898 1776">
    <p class='ocr_par' dir='ltr' id='par_1_16' title="bbox 316 1701 1898 1776">
     <span class='ocr_line' id='line_1_16' title="bbox 316 1701 1898 1776; baseline -0.004 -16"><span class='ocrx_word' id='word_1_113' title='bbox 316 1708 386 1760; x_wconf 91' lang='lat' dir='ltr'><strong>rit</strong></span> <span class='ocrx_word' id='word_1_114' title='bbox 415 1705 636 1776; x_wconf 78' lang='lat' dir='ltr'><strong>corrigi,</strong></span> <span class='ocrx_word' id='word_1_115' title='bbox 666 1701 918 1757; x_wconf 84' lang='lat' dir='ltr'><strong>nimirum</strong></span> <span class='ocrx_word' id='word_1_116' title='bbox 943 1702 1275 1776; x_wconf 81' lang='lat' dir='ltr'><strong>jejuniorum</strong></span> <span class='ocrx_word' id='word_1_117' title='bbox 1301 1702 1666 1776; x_wconf 80' lang='lat' dir='ltr'><strong>maceratione</strong></span> <span class='ocrx_word' id='word_1_118' title='bbox 1685 1701 1898 1776; x_wconf 74' lang='lat' dir='ltr'><strong>adliga-</strong></span> 
     </span>
    </p>
   </div>
   <div class='ocr_carea' id='block_1_17' title="bbox 316 1771 1892 1844">
    <p class='ocr_par' dir='ltr' id='par_1_17' title="bbox 316 1771 1892 1844">
     <span class='ocr_line' id='line_1_17' title="bbox 316 1771 1892 1844; baseline -0.003 -16"><span class='ocrx_word' id='word_1_119' title='bbox 316 1786 432 1840; x_wconf 86' lang='lat' dir='ltr'><strong>tur;</strong></span> <span class='ocrx_word' id='word_1_120' title='bbox 461 1771 746 1844; x_wconf 46' lang='lat' dir='ltr'><strong>per&#39;quam</strong></span> <span class='ocrx_word' id='word_1_121' title='bbox 769 1789 874 1828; x_wconf 89' lang='lat' dir='ltr'><strong>non</strong></span> <span class='ocrx_word' id='word_1_122' title='bbox 907 1771 1279 1844; x_wconf 10' lang='lat' dir='ltr'><strong>correptus,rsi</strong></span> <span class='ocrx_word' id='word_1_123' title='bbox 1300 1788 1531 1844; x_wconf 81' lang='lat' dir='ltr'><strong>persona</strong></span> <span class='ocrx_word' id='word_1_124' title='bbox 1560 1771 1724 1826; x_wconf 82' lang='lat' dir='ltr'><strong>fuerit</strong></span> <span class='ocrx_word' id='word_1_125' title='bbox 1748 1773 1892 1835; x_wconf 89' lang='lat' dir='ltr'><strong>talis,</strong></span> 
     </span>
    </p>
   </div>
   <div class='ocr_carea' id='block_1_18' title="bbox 315 1843 1898 1918">
    <p class='ocr_par' dir='ltr' id='par_1_18' title="bbox 315 1843 1898 1918">
     <span class='ocr_line' id='line_1_18' title="bbox 315 1843 1898 1918; baseline -0.004 -18"><span class='ocrx_word' id='word_1_126' title='bbox 315 1843 643 1918; x_wconf 69' lang='lat' dir='ltr'><strong>ﬂagellorum</strong></span> <span class='ocrx_word' id='word_1_127' title='bbox 690 1851 1006 1918; x_wconf 79' lang='lat' dir='ltr'><strong>coerceatur</strong></span> <span class='ocrx_word' id='word_1_128' title='bbox 1042 1843 1329 1918; x_wconf 83' lang='lat' dir='ltr'><strong>aeredine;</strong></span> <span class='ocrx_word' id='word_1_129' title='bbox 1370 1843 1618 1918; x_wconf 84' lang='lat' dir='ltr'><strong>sin_vero</strong></span> <span class='ocrx_word' id='word_1_130' title='bbox 1653 1856 1898 1918; x_wconf 60' lang='lat' dir='ltr'><strong>persona;</strong></span> 
     </span>
    </p>
   </div>
   <div class='ocr_carea' id='block_1_19' title="bbox 317 1911 1898 1976">
    <p class='ocr_par' dir='ltr' id='par_1_19' title="bbox 317 1911 1898 1976">
     <span class='ocr_line' id='line_1_19' title="bbox 317 1911 1898 1976; baseline -0.004 -7"><span class='ocrx_word' id='word_1_131' title='bbox 317 1911 420 1970; x_wconf 71' lang='lat' dir='ltr'><strong>non</strong></span> <span class='ocrx_word' id='word_1_132' title='bbox 449 1915 731 1970; x_wconf 75' lang='lat' dir='ltr'><strong>admiserit</strong></span> <span class='ocrx_word' id='word_1_133' title='bbox 775 1913 1163 1976; x_wconf 88' lang='lat' dir='ltr'><strong>consideratio,</strong></span> <span class='ocrx_word' id='word_1_134' title='bbox 1214 1913 1574 1968; x_wconf 88' lang='lat' dir='ltr'><strong>connnuuiter</strong></span> <span class='ocrx_word' id='word_1_135' title='bbox 1617 1911 1685 1966; x_wconf 89' lang='lat' dir='ltr'><strong>ab</strong></span> <span class='ocrx_word' id='word_1_136' title='bbox 1723 1912 1898 1968; x_wconf 91' lang='lat' dir='ltr'><strong>omni-</strong></span> 
     </span>
    </p>
   </div>
   <div class='ocr_carea' id='block_1_20' title="bbox 313 1981 1896 2054">
    <p class='ocr_par' dir='ltr' id='par_1_20' title="bbox 313 1981 1896 2054">
     <span class='ocr_line' id='line_1_20' title="bbox 313 1981 1896 2054; baseline -0.003 -14"><span class='ocrx_word' id='word_1_137' title='bbox 313 1987 416 2042; x_wconf 90' lang='lat' dir='ltr'><strong>bus</strong></span> <span class='ocrx_word' id='word_1_138' title='bbox 468 1983 1178 2054; x_wconf 14' lang='lat' dir='ltr'><strong>imploreturqmisericordia</strong></span> <span class='ocrx_word' id='word_1_139' title='bbox 1207 1982 1634 2054; x_wconf 85' lang='lat' dir='ltr'><strong>Omnipotentis;</strong></span> <span class='ocrx_word' id='word_1_140' title='bbox 1670 1983 1814 2050; x_wconf 89' lang='lat' dir='ltr'><strong>quod</strong></span> <span class='ocrx_word' id='word_1_141' title='bbox 1850 1981 1896 2036; x_wconf 88' lang='lat' dir='ltr'><strong>si</strong></span> 
     </span>
    </p>
   </div>
   <div class='ocr_carea' id='block_1_21' title="bbox 314 2051 1898 2133">
    <p class='ocr_par' dir='ltr' id='par_1_21' title="bbox 314 2051 1898 2133">
     <span class='ocr_line' id='line_1_21' title="bbox 314 2051 1898 2133; baseline -0.004 -22"><span class='ocrx_word' id='word_1_142' title='bbox 314 2073 414 2112; x_wconf 81' lang='lat' dir='ltr'><strong>nec</strong></span> <span class='ocrx_word' id='word_1_143' title='bbox 447 2051 559 2112; x_wconf 81' lang='lat' dir='ltr'><strong>iSto</strong></span> <span class='ocrx_word' id='word_1_144' title='bbox 586 2056 742 2133; x_wconf 73' lang='lat' dir='ltr'><strong>modo</strong></span> <span class='ocrx_word' id='word_1_145' title='bbox 783 2052 946 2133; x_wconf 77' lang='lat' dir='ltr'><strong>fuerit</strong></span> <span class='ocrx_word' id='word_1_146' title='bbox 989 2061 1235 2133; x_wconf 72' lang='lat' dir='ltr'><strong>sanatus,</strong></span> <span class='ocrx_word' id='word_1_147' title='bbox 1261 2051 1637 2133; x_wconf 63' lang='lat' dir='ltr'><strong>projiciatura</strong></span> <span class='ocrx_word' id='word_1_148' title='bbox 1667 2067 1898 2133; x_wconf 86' lang='lat' dir='ltr'><strong>corpore</strong></span> 
     </span>
    </p>
   </div>
   <div class='ocr_carea' id='block_1_22' title="bbox 315 2122 1892 2192">
    <p class='ocr_par' dir='ltr' id='par_1_22' title="bbox 315 2122 1892 2192">
     <span class='ocr_line' id='line_1_22' title="bbox 315 2122 1892 2192; baseline -0.004 -11"><span class='ocrx_word' id='word_1_149' title='bbox 315 2124 654 2181; x_wconf 86' lang='lat' dir='ltr'><strong>monasterii.</strong></span> <span class='ocrx_word' id='word_1_150' title='bbox 685 2125 752 2178; x_wconf 81' lang='lat' dir='ltr'><strong>Et</strong></span> <span class='ocrx_word' id='word_1_151' title='bbox 801 2125 845 2178; x_wconf 86' lang='lat' dir='ltr'><strong>si</strong></span> <span class='ocrx_word' id='word_1_152' title='bbox 895 2123 1187 2192; x_wconf 82' lang='lat' dir='ltr'><strong>contigerit</strong></span> <span class='ocrx_word' id='word_1_153' title='bbox 1243 2133 1304 2178; x_wconf 91' lang='lat' dir='ltr'><strong>ut</strong></span> <span class='ocrx_word' id='word_1_154' title='bbox 1348 2139 1442 2192; x_wconf 89' lang='lat' dir='ltr'><strong>per</strong></span> <span class='ocrx_word' id='word_1_155' title='bbox 1491 2122 1892 2192; x_wconf 72' lang='lat' dir='ltr'><strong>negligentiam,</strong></span> 
     </span>
    </p>
   </div>
   <div class='ocr_carea' id='block_1_23' title="bbox 317 2192 1901 2264">
    <p class='ocr_par' dir='ltr' id='par_1_23' title="bbox 317 2192 1901 2264">
     <span class='ocr_line' id='line_1_23' title="bbox 317 2192 1901 2264; baseline -0.004 -14"><span class='ocrx_word' id='word_1_156' title='bbox 317 2199 445 2250; x_wconf 89' lang='lat' dir='ltr'><strong>dum</strong></span> <span class='ocrx_word' id='word_1_157' title='bbox 485 2205 582 2250; x_wconf 89' lang='lat' dir='ltr'><strong>aut</strong></span> <span class='ocrx_word' id='word_1_158' title='bbox 622 2195 676 2248; x_wconf 91' lang='lat' dir='ltr'><strong>in</strong></span> <span class='ocrx_word' id='word_1_159' title='bbox 701 2194 937 2258; x_wconf 86' lang='lat' dir='ltr'><strong>occulto,</strong></span> <span class='ocrx_word' id='word_1_160' title='bbox 976 2203 1068 2247; x_wconf 87' lang='lat' dir='ltr'><strong>aut</strong></span> <span class='ocrx_word' id='word_1_161' title='bbox 1099 2194 1152 2247; x_wconf 92' lang='lat' dir='ltr'><strong>in</strong></span> <span class='ocrx_word' id='word_1_162' title='bbox 1184 2193 1400 2264; x_wconf 90' lang='lat' dir='ltr'><strong>publico</strong></span> <span class='ocrx_word' id='word_1_163' title='bbox 1429 2193 1772 2264; x_wconf 78' lang='lat' dir='ltr'><strong>admonetur,</strong></span> <span class='ocrx_word' id='word_1_164' title='bbox 1801 2192 1901 2264; x_wconf 87' lang='lat' dir='ltr'><strong>ali-</strong></span> 
     </span>
    </p>
   </div>
   <div class='ocr_carea' id='block_1_24' title="bbox 315 2263 1896 2338">
    <p class='ocr_par' dir='ltr' id='par_1_24' title="bbox 315 2263 1896 2338">
     <span class='ocr_line' id='line_1_24' title="bbox 315 2263 1896 2338; baseline -0.003 -18"><span class='ocrx_word' id='word_1_165' title='bbox 315 2266 442 2338; x_wconf 84' lang='lat' dir='ltr'><strong>quid</strong></span> <span class='ocrx_word' id='word_1_166' title='bbox 473 2265 654 2338; x_wconf 78' lang='lat' dir='ltr'><strong>damni</strong></span> <span class='ocrx_word' id='word_1_167' title='bbox 680 2265 1008 2338; x_wconf 81' lang='lat' dir='ltr'><strong>monasterio</strong></span> <span class='ocrx_word' id='word_1_168' title='bbox 1023 2264 1301 2338; x_wconf 78' lang='lat' dir='ltr'><strong>intulerit,</strong></span> <span class='ocrx_word' id='word_1_169' title='bbox 1320 2263 1823 2338; x_wconf 80' lang='lat' dir='ltr'><strong>exconnnunicetur</strong></span> <span class='ocrx_word' id='word_1_170' title='bbox 1843 2263 1896 2316; x_wconf 91' lang='lat' dir='ltr'><strong>in</strong></span> 
     </span>
    </p>
   </div>
   <div class='ocr_carea' id='block_1_25' title="bbox 317 2332 1900 2414">
    <p class='ocr_par' dir='ltr' id='par_1_25' title="bbox 317 2332 1900 2414">
     <span class='ocr_line' id='line_1_25' title="bbox 317 2332 1900 2414; baseline 0 -26"><span class='ocrx_word' id='word_1_171' title='bbox 317 2332 616 2414; x_wconf 40' lang='lat' dir='ltr'><strong>levioribus.</strong></span> <span class='ocrx_word' id='word_1_172' title='bbox 635 2334 806 2414; x_wconf 81' lang='lat' dir='ltr'><strong>culpis</strong></span> <span class='ocrx_word' id='word_1_173' title='bbox 839 2335 1134 2414; x_wconf 71' lang='lat' dir='ltr'><strong>secundum</strong></span> <span class='ocrx_word' id='word_1_174' title='bbox 1180 2337 1400 2388; x_wconf 82' lang='lat' dir='ltr'><strong>modum</strong></span> <span class='ocrx_word' id='word_1_175' title='bbox 1447 2332 1620 2414; x_wconf 71' lang='lat' dir='ltr'><strong>culpae</strong></span> <span class='ocrx_word' id='word_1_176' title='bbox 1655 2351 1670 2414; x_wconf 80' lang='lat'>:_</span> <span class='ocrx_word' id='word_1_177' title='bbox 1697 2341 1756 2414; x_wconf 74' lang='lat' dir='ltr'><strong>et</strong></span> <span class='ocrx_word' id='word_1_178' title='bbox 1779 2350 1900 2414; x_wconf 76' lang='lat' dir='ltr'><strong>per-</strong></span> 
     </span>
    </p>
   </div>
   <div class='ocr_carea' id='block_1_26' title="bbox 314 2401 1900 2475">
    <p class='ocr_par' dir='ltr' id='par_1_26' title="bbox 314 2401 1900 2475">
     <span class='ocr_line' id='line_1_26' title="bbox 314 2401 1900 2475; baseline -0.002 -15"><span class='ocrx_word' id='word_1_179' title='bbox 314 2417 435 2461; x_wconf 88' lang='lat' dir='ltr'><strong>acta</strong></span> <span class='ocrx_word' id='word_1_180' title='bbox 477 2401 826 2475; x_wconf 80' lang='lat' dir='ltr'><strong>poenitentia,</strong></span> <span class='ocrx_word' id='word_1_181' title='bbox 861 2405 1054 2475; x_wconf 79' lang='lat' dir='ltr'><strong>iterum</strong></span> <span class='ocrx_word' id='word_1_182' title='bbox 1087 2401 1498 2475; x_wconf 80' lang='lat' dir='ltr'><strong>revertatnrad</strong></span> <span class='ocrx_word' id='word_1_183' title='bbox 1540 2401 1595 2458; x_wconf 89' lang='lat' dir='ltr'><strong>id</strong></span> <span class='ocrx_word' id='word_1_184' title='bbox 1619 2403 1710 2457; x_wconf 91' lang='lat' dir='ltr'><strong>ubi</strong></span> <span class='ocrx_word' id='word_1_185' title='bbox 1746 2401 1900 2472; x_wconf 83' lang='lat' dir='ltr'><strong>prius</strong></span> 
     </span>
    </p>
   </div>
   <div class='ocr_carea' id='block_1_27' title="bbox 317 2473 1903 2535">
    <p class='ocr_par' dir='ltr' id='par_1_27' title="bbox 317 2473 1903 2535">
     <span class='ocr_line' id='line_1_27' title="bbox 317 2473 1903 2535; baseline -0.004 -3"><span class='ocrx_word' id='word_1_186' title='bbox 317 2473 642 2532; x_wconf 79' lang='lat' dir='ltr'><strong>tenebatur:</strong></span> <span class='ocrx_word' id='word_1_187' title='bbox 675 2485 729 2528; x_wconf 80' lang='lat' dir='ltr'><strong>et</strong></span> <span class='ocrx_word' id='word_1_188' title='bbox 758 2491 862 2528; x_wconf 90' lang='lat' dir='ltr'><strong>non</strong></span> <span class='ocrx_word' id='word_1_189' title='bbox 893 2474 1064 2530; x_wconf 87' lang='lat' dir='ltr'><strong>solum</strong></span> <span class='ocrx_word' id='word_1_190' title='bbox 1104 2475 1230 2528; x_wconf 89' lang='lat' dir='ltr'><strong>dum</strong></span> <span class='ocrx_word' id='word_1_191' title='bbox 1277 2473 1455 2528; x_wconf 80' lang='lat' dir='ltr'><strong>verbis</strong></span> <span class='ocrx_word' id='word_1_192' title='bbox 1496 2483 1766 2535; x_wconf 88' lang='lat' dir='ltr'><strong>monetur,</strong></span> <span class='ocrx_word' id='word_1_193' title='bbox 1814 2489 1903 2527; x_wconf 83' lang='lat' dir='ltr'><strong>ve-</strong></span> 
     </span>
    </p>
   </div>
   <div class='ocr_carea' id='block_1_28' title="bbox 314 2543 1901 2614">
    <p class='ocr_par' dir='ltr' id='par_1_28' title="bbox 314 2543 1901 2614">
     <span class='ocr_line' id='line_1_28' title="bbox 314 2543 1901 2614; baseline -0.003 -13"><span class='ocrx_word' id='word_1_194' title='bbox 314 2563 436 2601; x_wconf 86' lang='lat' dir='ltr'><strong>rum</strong></span> <span class='ocrx_word' id='word_1_195' title='bbox 463 2546 628 2600; x_wconf 89' lang='lat' dir='ltr'><strong>etiam</strong></span> <span class='ocrx_word' id='word_1_196' title='bbox 659 2545 704 2599; x_wconf 84' lang='lat' dir='ltr'><strong>si</strong></span> <span class='ocrx_word' id='word_1_197' title='bbox 752 2544 932 2613; x_wconf 89' lang='lat' dir='ltr'><strong>aliquo</strong></span> <span class='ocrx_word' id='word_1_198' title='bbox 957 2559 1024 2598; x_wconf 74' lang='lat' dir='ltr'><strong>ex</strong></span> <span class='ocrx_word' id='word_1_199' title='bbox 1069 2559 1234 2614; x_wconf 84' lang='lat' dir='ltr'><strong>supra</strong></span> <span class='ocrx_word' id='word_1_200' title='bbox 1283 2545 1445 2598; x_wconf 90' lang='lat' dir='ltr'><strong>dictis</strong></span> <span class='ocrx_word' id='word_1_201' title='bbox 1495 2544 1667 2614; x_wconf 82' lang='lat' dir='ltr'><strong>gradu</strong></span> <span class='ocrx_word' id='word_1_202' title='bbox 1721 2543 1901 2612; x_wconf 89' lang='lat' dir='ltr'><strong>depri-</strong></span> 
     </span>
    </p>
   </div>
   <div class='ocr_carea' id='block_1_29' title="bbox 319 2624 521 2672">
    <p class='ocr_par' dir='ltr' id='par_1_29' title="bbox 319 2624 521 2672">
     <span class='ocr_line' id='line_1_29' title="bbox 319 2624 521 2672; baseline -0.02 0"><span class='ocrx_word' id='word_1_203' title='bbox 319 2624 521 2672; x_wconf 87' lang='lat' dir='ltr'><strong>matur.</strong></span> 
     </span>
    </p>
   </div>
   <div class='ocr_carea' id='block_1_30' title="bbox 391 2681 1902 2757">
    <p class='ocr_par' dir='ltr' id='par_1_30' title="bbox 391 2681 1902 2757">
     <span class='ocr_line' id='line_1_30' title="bbox 391 2681 1902 2757; baseline -0.001 -19"><span class='ocrx_word' id='word_1_204' title='bbox 391 2706 409 2738; x_wconf 80' lang='grc' dir='ltr'>ι</span> <span class='ocrx_word' id='word_1_205' title='bbox 439 2684 680 2757; x_wconf 82' lang='lat' dir='ltr'><strong>Capitula</strong></span> <span class='ocrx_word' id='word_1_206' title='bbox 708 2699 933 2757; x_wconf 84' lang='lat' dir='ltr'><strong>quoque</strong></span> <span class='ocrx_word' id='word_1_207' title='bbox 954 2684 1110 2757; x_wconf 85' lang='lat' dir='ltr'><strong>istius</strong></span> <span class='ocrx_word' id='word_1_208' title='bbox 1137 2682 1280 2757; x_wconf 69' lang='lat' dir='ltr'><strong>modi</strong></span> <span class='ocrx_word' id='word_1_209' title='bbox 1304 2681 1576 2757; x_wconf 82' lang='lat' dir='ltr'><strong>noscenda</strong></span> <span class='ocrx_word' id='word_1_210' title='bbox 1597 2689 1752 2757; x_wconf 76' lang='lat' dir='ltr'><strong>sunt,</strong></span> <span class='ocrx_word' id='word_1_211' title='bbox 1781 2683 1902 2752; x_wconf 85' lang='lat' dir='ltr'><strong>qui-</strong></span> 
     </span>
    </p>
   </div>
   <div class='ocr_carea' id='block_1_31' title="bbox 315 2751 1902 2826">
    <p class='ocr_par' dir='ltr' id='par_1_31' title="bbox 315 2751 1902 2826">
     <span class='ocr_line' id='line_1_31' title="bbox 315 2751 1902 2826; baseline -0.004 -14"><span class='ocrx_word' id='word_1_212' title='bbox 315 2759 416 2812; x_wconf 89' lang='lat' dir='ltr'><strong>bus</strong></span> <span class='ocrx_word' id='word_1_213' title='bbox 440 2751 688 2812; x_wconf 79' lang='lat' dir='ltr'><strong>ordinate</strong></span> <span class='ocrx_word' id='word_1_214' title='bbox 713 2751 942 2826; x_wconf 74' lang='lat' dir='ltr'><strong>intelligi</strong></span> <span class='ocrx_word' id='word_1_215' title='bbox 968 2755 1201 2826; x_wconf 86' lang='lat' dir='ltr'><strong>valeant.</strong></span> <span class='ocrx_word' id='word_1_216' title='bbox 1226 2753 1468 2826; x_wconf 83' lang='lat' dir='ltr'><strong>Primum</strong></span> <span class='ocrx_word' id='word_1_217' title='bbox 1491 2751 1902 2826; x_wconf 79' lang='lat' dir='ltr'><strong>capitulumest</strong></span> 
     </span>
    </p>
   </div>
   <div class='ocr_carea' id='block_1_32' title="bbox 317 2822 1905 2898">
    <p class='ocr_par' dir='ltr' id='par_1_32' title="bbox 317 2822 1905 2898">
     <span class='ocr_line' id='line_1_32' title="bbox 317 2822 1905 2898; baseline -0.003 -18"><span class='ocrx_word' id='word_1_218' title='bbox 317 2827 640 2898; x_wconf 60' lang='lat' dir='ltr'><strong>vigesimum</strong></span> <span class='ocrx_word' id='word_1_219' title='bbox 672 2822 935 2898; x_wconf 64' lang='lat' dir='ltr'><strong>tertiuni;</strong></span> <span class='ocrx_word' id='word_1_220' title='bbox 978 2825 1052 2898; x_wconf 86' lang='lat' dir='ltr'><strong>ibi</strong></span> <span class='ocrx_word' id='word_1_221' title='bbox 1081 2839 1271 2898; x_wconf 74' lang='lat' dir='ltr'><strong>clunes</strong></span> <span class='ocrx_word' id='word_1_222' title='bbox 1315 2824 1516 2894; x_wconf 78' lang='lat' dir='ltr'><strong>gradus</strong></span> <span class='ocrx_word' id='word_1_223' title='bbox 1547 2822 1777 2898; x_wconf 77' lang='lat' dir='ltr'><strong>inveniri</strong></span> <span class='ocrx_word' id='word_1_224' title='bbox 1808 2839 1905 2877; x_wconf 86' lang='lat' dir='ltr'><strong>va-</strong></span> 
     </span>
    </p>
   </div>
   <div class='ocr_carea' id='block_1_33' title="bbox 317 2893 1900 2964">
    <p class='ocr_par' dir='ltr' id='par_1_33' title="bbox 317 2893 1900 2964">
     <span class='ocr_line' id='line_1_33' title="bbox 317 2893 1900 2964; baseline -0.001 -15"><span class='ocrx_word' id='word_1_225' title='bbox 317 2893 447 2951; x_wconf 78' lang='lat' dir='ltr'><strong>lent.</strong></span> <span class='ocrx_word' id='word_1_226' title='bbox 471 2895 779 2950; x_wconf 87' lang='lat' dir='ltr'><strong>Secundum</strong></span> <span class='ocrx_word' id='word_1_227' title='bbox 803 2895 1096 2964; x_wconf 85' lang='lat' dir='ltr'><strong>capitulum</strong></span> <span class='ocrx_word' id='word_1_228' title='bbox 1117 2903 1201 2948; x_wconf 82' lang='lat' dir='ltr'><strong>est</strong></span> <span class='ocrx_word' id='word_1_229' title='bbox 1222 2894 1284 2948; x_wconf 86' lang='lat' dir='ltr'><strong>de</strong></span> <span class='ocrx_word' id='word_1_230' title='bbox 1306 2893 1482 2964; x_wconf 68' lang='lat' dir='ltr'><strong>pueris</strong></span> <span class='ocrx_word' id='word_1_231' title='bbox 1503 2893 1704 2964; x_wconf 77' lang='lat' dir='ltr'><strong>minore</strong></span> <span class='ocrx_word' id='word_1_232' title='bbox 1723 2902 1900 2964; x_wconf 61' lang='lat' dir='ltr'><strong>atate,</strong></span> 
     </span>
    </p>
   </div>
   <div class='ocr_carea' id='block_1_34' title="bbox 317 2961 1903 3036">
    <p class='ocr_par' dir='ltr' id='par_1_34' title="bbox 317 2961 1903 3036">
     <span class='ocr_line' id='line_1_34' title="bbox 317 2961 1903 3036; baseline -0.001 -18"><span class='ocrx_word' id='word_1_233' title='bbox 317 2965 542 3036; x_wconf 77' lang='lat' dir='ltr'><strong>qualiter</strong></span> <span class='ocrx_word' id='word_1_234' title='bbox 582 2961 936 3034; x_wconf 69' lang='lat' dir='ltr'><strong>corripiantur</strong></span> <span class='ocrx_word' id='word_1_235' title='bbox 965 2963 1104 3036; x_wconf 72' lang='lat' dir='ltr'><strong>(cup.</strong></span> <span class='ocrx_word' id='word_1_236' title='bbox 1126 2963 1250 3036; x_wconf 5' lang='lat'><strong>30),;</strong></span> <span class='ocrx_word' id='word_1_237' title='bbox 1284 2961 1371 3018; x_wconf 85' lang='lat' dir='ltr'><strong>ubi</strong></span> <span class='ocrx_word' id='word_1_238' title='bbox 1404 2970 1551 3031; x_wconf 87' lang='lat' dir='ltr'><strong>patet</strong></span> <span class='ocrx_word' id='word_1_239' title='bbox 1577 2961 1734 3036; x_wconf 60' lang='lat' dir='ltr'><strong>facile</strong></span> <span class='ocrx_word' id='word_1_240' title='bbox 1753 2963 1903 3032; x_wconf 87' lang='lat' dir='ltr'><strong>quod</strong></span> 
     </span>
    </p>
   </div>
   <div class='ocr_carea' id='block_1_35' title="bbox 318 3032 1899 3106">
    <p class='ocr_par' dir='ltr' id='par_1_35' title="bbox 318 3032 1899 3106">
     <span class='ocr_line' id='line_1_35' title="bbox 318 3032 1899 3106; baseline -0.003 -16"><span class='ocrx_word' id='word_1_241' title='bbox 318 3032 371 3090; x_wconf 87' lang='lat' dir='ltr'><strong>in</strong></span> <span class='ocrx_word' id='word_1_242' title='bbox 399 3035 657 3106; x_wconf 80' lang='lat' dir='ltr'><strong>vigesimo</strong></span> <span class='ocrx_word' id='word_1_243' title='bbox 698 3032 856 3088; x_wconf 80' lang='lat' dir='ltr'><strong>tertio</strong></span> <span class='ocrx_word' id='word_1_244' title='bbox 898 3032 1078 3106; x_wconf 83' lang='lat' dir='ltr'><strong>capite</strong></span> <span class='ocrx_word' id='word_1_245' title='bbox 1120 3034 1382 3106; x_wconf 74' lang='lat' dir='ltr'><strong>scriptum</strong></span> <span class='ocrx_word' id='word_1_246' title='bbox 1426 3039 1548 3106; x_wconf 78' lang='lat' dir='ltr'><strong>est:</strong></span> <span class='ocrx_word' id='word_1_247' title='bbox 1583 3032 1899 3106; x_wconf 84' lang='lat' dir='ltr'><strong>Sin_out_em</strong></span> 
     </span>
    </p>
   </div>
   <div class='ocr_carea' id='block_1_36' title="bbox 319 3097 1972 3172">
    <p class='ocr_par' dir='ltr' id='par_1_36' title="bbox 319 3097 1972 3172">
     <span class='ocr_line' id='line_1_36' title="bbox 319 3097 1972 3172; baseline 0 -14"><span class='ocrx_word' id='word_1_248' title='bbox 319 3097 582 3172; x_wconf 64' lang='lat' dir='ltr'><strong>improbus</strong></span> <span class='ocrx_word' id='word_1_249' title='bbox 621 3113 731 3165; x_wconf 77' lang='lat' dir='ltr'><strong>est,</strong></span> <span class='ocrx_word' id='word_1_250' title='bbox 781 3097 1022 3157; x_wconf 61' lang='lat' dir='ltr'><strong>vinrlict&#39;te</strong></span> <span class='ocrx_word' id='word_1_251' title='bbox 1069 3097 1330 3172; x_wconf 72' lang='lat' dir='ltr'><strong>corporali</strong></span> <span class='ocrx_word' id='word_1_252' title='bbox 1365 3101 1642 3172; x_wconf 62' lang='lat' dir='ltr'><strong>subdatur.</strong></span> <span class='ocrx_word' id='word_1_253' title='bbox 1686 3101 1749 3172; x_wconf 76' lang='grc' dir='ltr'>ιιι</span> <span class='ocrx_word' id='word_1_254' title='bbox 1793 3101 1900 3172; x_wconf 67' lang='lat' dir='ltr'><strong>(ine</strong></span> <span class='ocrx_word' id='word_1_255' title='bbox 1927 3097 1972 3158; x_wconf 86' lang='lat' dir='ltr'>C</span> 
     </span>
    </p>
   </div>
   <div class='ocr_carea' id='block_1_37' title="bbox 319 3169 1901 3242">
    <p class='ocr_par' dir='ltr' id='par_1_37' title="bbox 319 3169 1901 3242">
     <span class='ocr_line' id='line_1_37' title="bbox 319 3169 1901 3242; baseline -0.001 -14"><span class='ocrx_word' id='word_1_256' title='bbox 319 3169 568 3228; x_wconf 79' lang='lat' dir='ltr'><strong>videlicet</strong></span> <span class='ocrx_word' id='word_1_257' title='bbox 598 3173 818 3242; x_wconf 87' lang='lat' dir='ltr'><strong>capituli</strong></span> <span class='ocrx_word' id='word_1_258' title='bbox 853 3169 1266 3242; x_wconf 18' lang='lat' dir='ltr'><strong>trigesimi,iubi</strong></span> <span class='ocrx_word' id='word_1_259' title='bbox 1297 3172 1426 3226; x_wconf 86' lang='lat' dir='ltr'><strong>dicit</strong></span> <span class='ocrx_word' id='word_1_260' title='bbox 1453 3189 1464 3223; x_wconf 93' lang='lat'>:</span> <span class='ocrx_word' id='word_1_261' title='bbox 1499 3169 1573 3224; x_wconf 81' lang='lat' dir='ltr'><strong>Ili</strong></span> <span class='ocrx_word' id='word_1_262' title='bbox 1619 3171 1748 3225; x_wconf 78' lang='lat' dir='ltr'><strong>tales</strong></span> <span class='ocrx_word' id='word_1_263' title='bbox 1774 3171 1901 3226; x_wconf 88' lang='lat' dir='ltr'><strong>dum</strong></span> 
     </span>
    </p>
   </div>
   <div class='ocr_carea' id='block_1_38' title="bbox 319 3241 1902 3312">
    <p class='ocr_par' dir='ltr' id='par_1_38' title="bbox 319 3241 1902 3312">
     <span class='ocr_line' id='line_1_38' title="bbox 319 3241 1902 3312; baseline 0 -16"><span class='ocrx_word' id='word_1_264' title='bbox 319 3243 649 3312; x_wconf 76' lang='lat' dir='ltr'><strong>delinquunt,</strong></span> <span class='ocrx_word' id='word_1_265' title='bbox 670 3241 767 3294; x_wconf 13' lang='lat' dir='ltr'><strong>inut</strong></span> <span class='ocrx_word' id='word_1_266' title='bbox 794 3243 1016 3312; x_wconf 78' lang='lat' dir='ltr'><strong>jejnniis</strong></span> <span class='ocrx_word' id='word_1_267' title='bbox 1047 3241 1200 3295; x_wconf 77' lang='lat' dir='ltr'><strong>nimis</strong></span> <span class='ocrx_word' id='word_1_268' title='bbox 1226 3242 1546 3312; x_wconf 65' lang='lat' dir='ltr'><strong>aﬂligagttur,</strong></span> <span class='ocrx_word' id='word_1_269' title='bbox 1575 3250 1664 3296; x_wconf 84' lang='lat' dir='ltr'><strong>aut</strong></span> <span class='ocrx_word' id='word_1_270' title='bbox 1693 3241 1902 3296; x_wconf 73' lang='lat' dir='ltr'><strong>acribus</strong></span> 
     </span>
    </p>
   </div>
   <div class='ocr_carea' id='block_1_39' title="bbox 321 3311 1904 3380">
    <p class='ocr_par' dir='ltr' id='par_1_39' title="bbox 321 3311 1904 3380">
     <span class='ocr_line' id='line_1_39' title="bbox 321 3311 1904 3380; baseline 0 -14"><span class='ocrx_word' id='word_1_271' title='bbox 321 3311 614 3366; x_wconf 67' lang='lat' dir='ltr'><strong>verberibus</strong></span> <span class='ocrx_word' id='word_1_272' title='bbox 639 3311 992 3375; x_wconf 75' lang='lat' dir='ltr'><strong>coerceantur,</strong></span> <span class='ocrx_word' id='word_1_273' title='bbox 1022 3323 1074 3364; x_wconf 82' lang='lat' dir='ltr'><strong>ut</strong></span> <span class='ocrx_word' id='word_1_274' title='bbox 1099 3311 1367 3365; x_wconf 78' lang='lat' dir='ltr'><strong>sanentur.</strong></span> <span class='ocrx_word' id='word_1_275' title='bbox 1393 3311 1530 3366; x_wconf 86' lang='lat' dir='ltr'><strong>Hine</strong></span> <span class='ocrx_word' id='word_1_276' title='bbox 1551 3313 1794 3380; x_wconf 83' lang='lat' dir='ltr'><strong>sequitur</strong></span> <span class='ocrx_word' id='word_1_277' title='bbox 1813 3328 1904 3366; x_wconf 81' lang='lat' dir='ltr'><strong>ca-</strong></span> 
     </span>
    </p>
   </div>
   <div class='ocr_carea' id='block_1_40' title="bbox 320 3380 1903 3453">
    <p class='ocr_par' dir='ltr' id='par_1_40' title="bbox 320 3380 1903 3453">
     <span class='ocr_line' id='line_1_40' title="bbox 320 3380 1903 3453; baseline -0.001 -16"><span class='ocrx_word' id='word_1_278' title='bbox 320 3393 416 3452; x_wconf 89' lang='lat' dir='ltr'><strong>put</strong></span> <span class='ocrx_word' id='word_1_279' title='bbox 461 3383 776 3453; x_wconf 80' lang='lat' dir='ltr'><strong>vigesimum</strong></span> <span class='ocrx_word' id='word_1_280' title='bbox 813 3396 1091 3446; x_wconf 86' lang='lat' dir='ltr'><strong>oetavnm,</strong></span> <span class='ocrx_word' id='word_1_281' title='bbox 1123 3381 1200 3453; x_wconf 78' lang='lat' dir='ltr'><strong>De</strong></span> <span class='ocrx_word' id='word_1_282' title='bbox 1227 3380 1307 3453; x_wconf 71' lang='lat' dir='ltr'><strong>his</strong></span> <span class='ocrx_word' id='word_1_283' title='bbox 1335 3381 1425 3450; x_wconf 81' lang='lat' dir='ltr'><strong>qui</strong></span> <span class='ocrx_word' id='word_1_284' title='bbox 1452 3383 1644 3450; x_wconf 70' lang='grc' dir='ltr'><strong>εωρὶιιε</strong></span> <span class='ocrx_word' id='word_1_285' title='bbox 1679 3381 1903 3453; x_wconf 77' lang='lat' dir='ltr'><strong>correpti</strong></span> 
     </span>
    </p>
   </div>
   <div class='ocr_carea' id='block_1_41' title="bbox 318 3450 1900 3520">
    <p class='ocr_par' dir='ltr' id='par_1_41' title="bbox 318 3450 1900 3520">
     <span class='ocr_line' id='line_1_41' title="bbox 318 3450 1900 3520; baseline -0.001 -14"><span class='ocrx_word' id='word_1_286' title='bbox 318 3450 595 3507; x_wconf 74' lang='lat' dir='ltr'><strong>emenddre</strong></span> <span class='ocrx_word' id='word_1_287' title='bbox 646 3450 940 3515; x_wconf 74' lang='lat' dir='ltr'><strong>noluerint,</strong></span> <span class='ocrx_word' id='word_1_288' title='bbox 991 3453 1078 3506; x_wconf 89' lang='lat' dir='ltr'><strong>ubi</strong></span> <span class='ocrx_word' id='word_1_289' title='bbox 1125 3451 1375 3506; x_wconf 82' lang='lat' dir='ltr'><strong>similiter</strong></span> <span class='ocrx_word' id='word_1_290' title='bbox 1421 3460 1627 3519; x_wconf 80' lang='lat' dir='ltr'><strong>septem</strong></span> <span class='ocrx_word' id='word_1_291' title='bbox 1659 3452 1900 3520; x_wconf 73' lang='lat' dir='ltr'><strong>prtedicti</strong></span> 
     </span>
    </p>
   </div>
   <div class='ocr_carea' id='block_1_42' title="bbox 323 3522 915 3592">
    <p class='ocr_par' dir='ltr' id='par_1_42' title="bbox 323 3522 915 3592">
     <span class='ocr_line' id='line_1_42' title="bbox 323 3522 915 3592; baseline -0.003 -16"><span class='ocrx_word' id='word_1_292' title='bbox 323 3523 520 3592; x_wconf 73' lang='lat' dir='ltr'><strong>gradus</strong></span> <span class='ocrx_word' id='word_1_293' title='bbox 551 3522 740 3577; x_wconf 82' lang='lat' dir='ltr'><strong>inserti</strong></span> <span class='ocrx_word' id='word_1_294' title='bbox 771 3531 915 3577; x_wconf 90' lang='lat' dir='ltr'><strong>sunt.</strong></span> 
     </span>
    </p>
   </div>
   <div class='ocr_carea' id='block_1_43' title="bbox 397 3589 1904 3661">
    <p class='ocr_par' dir='ltr' id='par_1_43' title="bbox 397 3589 1904 3661">
     <span class='ocr_line' id='line_1_43' title="bbox 397 3589 1904 3661; baseline 0.003 -20"><span class='ocrx_word' id='word_1_295' title='bbox 397 3613 412 3641; x_wconf 75' lang='grc' dir='ltr'>ι</span> <span class='ocrx_word' id='word_1_296' title='bbox 447 3592 521 3646; x_wconf 89' lang='lat' dir='ltr'><strong>De</strong></span> <span class='ocrx_word' id='word_1_297' title='bbox 551 3592 712 3647; x_wconf 81' lang='lat' dir='ltr'><strong>tertio</strong></span> <span class='ocrx_word' id='word_1_298' title='bbox 749 3602 928 3647; x_wconf 83' lang='lat' dir='ltr'><strong>autem</strong></span> <span class='ocrx_word' id='word_1_299' title='bbox 979 3591 1146 3661; x_wconf 86' lang='lat' dir='ltr'><strong>modo</strong></span> <span class='ocrx_word' id='word_1_300' title='bbox 1173 3589 1524 3660; x_wconf 87' lang='lat' dir='ltr'><strong>judiciorum,</strong></span> <span class='ocrx_word' id='word_1_301' title='bbox 1553 3591 1693 3647; x_wconf 90' lang='lat' dir='ltr'><strong>sicut</strong></span> <span class='ocrx_word' id='word_1_302' title='bbox 1741 3607 1904 3661; x_wconf 89' lang='lat' dir='ltr'><strong>supra</strong></span> 
     </span>
    </p>
   </div>
   <div class='ocr_carea' id='block_1_44' title="bbox 319 3660 1908 3730">
    <p class='ocr_par' dir='ltr' id='par_1_44' title="bbox 319 3660 1908 3730">
     <span class='ocr_line' id='line_1_44' title="bbox 319 3660 1908 3730; baseline 0.001 -16"><span class='ocrx_word' id='word_1_303' title='bbox 319 3662 522 3717; x_wconf 82' lang='lat' dir='ltr'><strong>dictum</strong></span> <span class='ocrx_word' id='word_1_304' title='bbox 571 3673 684 3727; x_wconf 88' lang='lat' dir='ltr'><strong>est,</strong></span> <span class='ocrx_word' id='word_1_305' title='bbox 724 3664 788 3716; x_wconf 90' lang='lat' dir='ltr'><strong>de</strong></span> <span class='ocrx_word' id='word_1_306' title='bbox 833 3664 1030 3716; x_wconf 82' lang='lat' dir='ltr'><strong>damno</strong></span> <span class='ocrx_word' id='word_1_307' title='bbox 1067 3660 1352 3730; x_wconf 79' lang='lat' dir='ltr'><strong>cujuslibet</strong></span> <span class='ocrx_word' id='word_1_308' title='bbox 1397 3663 1472 3716; x_wconf 90' lang='lat' dir='ltr'><strong>rei</strong></span> <span class='ocrx_word' id='word_1_309' title='bbox 1521 3663 1781 3716; x_wconf 82' lang='lat' dir='ltr'><strong>exteriori</strong></span> <span class='ocrx_word' id='word_1_310' title='bbox 1809 3660 1908 3716; x_wconf 83' lang='lat' dir='ltr'><strong>est</strong></span> 
     </span>
    </p>
   </div>
   <div class='ocr_carea' id='block_1_45' title="bbox 320 3732 1907 3803">
    <p class='ocr_par' dir='ltr' id='par_1_45' title="bbox 320 3732 1907 3803">
     <span class='ocr_line' id='line_1_45' title="bbox 320 3732 1907 3803; baseline 0.001 -18"><span class='ocrx_word' id='word_1_311' title='bbox 320 3732 762 3803; x_wconf 78' lang='lat' dir='ltr'><strong>intelligendum;</strong></span> <span class='ocrx_word' id='word_1_312' title='bbox 795 3733 882 3786; x_wconf 90' lang='lat' dir='ltr'><strong>ubi</strong></span> <span class='ocrx_word' id='word_1_313' title='bbox 908 3733 1246 3786; x_wconf 89' lang='lat' dir='ltr'><strong>solummodo</strong></span> <span class='ocrx_word' id='word_1_314' title='bbox 1267 3733 1828 3803; x_wconf 86' lang='lat' dir='ltr'><strong>animadvertendum,</strong></span> <span class='ocrx_word' id='word_1_315' title='bbox 1859 3733 1907 3786; x_wconf 89' lang='lat' dir='ltr'><strong>si</strong></span> 
     </span>
    </p>
   </div>
   <div class='ocr_carea' id='block_1_46' title="bbox 321 3801 1902 3873">
    <p class='ocr_par' dir='ltr' id='par_1_46' title="bbox 321 3801 1902 3873">
     <span class='ocr_line' id='line_1_46' title="bbox 321 3801 1902 3873; baseline 0 -17"><span class='ocrx_word' id='word_1_316' title='bbox 321 3801 644 3873; x_wconf 60' lang='lat' dir='ltr'><strong>negligEntia</strong></span> <span class='ocrx_word' id='word_1_317' title='bbox 666 3803 1058 3857; x_wconf 77' lang='lat' dir='ltr'><strong>interveniente</strong></span> <span class='ocrx_word' id='word_1_318' title='bbox 1077 3803 1332 3873; x_wconf 87' lang='lat' dir='ltr'><strong>damnum</strong></span> <span class='ocrx_word' id='word_1_319' title='bbox 1358 3802 1632 3858; x_wconf 81' lang='lat' dir='ltr'><strong>exstiterit</strong></span> <span class='ocrx_word' id='word_1_320' title='bbox 1653 3801 1902 3864; x_wconf 82' lang='lat' dir='ltr'><strong>fratrum,</strong></span> 
     </span>
    </p>
   </div>
   <div class='ocr_carea' id='block_1_47' title="bbox 320 3872 1907 3940">
    <p class='ocr_par' dir='ltr' id='par_1_47' title="bbox 320 3872 1907 3940">
     <span class='ocr_line' id='line_1_47' title="bbox 320 3872 1907 3940; baseline -0.001 -12"><span class='ocrx_word' id='word_1_321' title='bbox 320 3880 449 3928; x_wconf 86' lang='lat' dir='ltr'><strong>tunc</strong></span> <span class='ocrx_word' id='word_1_322' title='bbox 477 3872 789 3928; x_wconf 82' lang='lat' dir='ltr'><strong>secundum</strong></span> <span class='ocrx_word' id='word_1_323' title='bbox 821 3873 1038 3928; x_wconf 83' lang='lat' dir='ltr'><strong>modum</strong></span> <span class='ocrx_word' id='word_1_324' title='bbox 1067 3872 1251 3927; x_wconf 89' lang='lat' dir='ltr'><strong>delicti</strong></span> <span class='ocrx_word' id='word_1_325' title='bbox 1304 3881 1358 3928; x_wconf 91' lang='lat' dir='ltr'><strong>et</strong></span> <span class='ocrx_word' id='word_1_326' title='bbox 1401 3887 1694 3940; x_wconf 85' lang='lat' dir='ltr'><strong>personam</strong></span> <span class='ocrx_word' id='word_1_327' title='bbox 1723 3880 1780 3925; x_wconf 90' lang='lat' dir='ltr'><strong>et</strong></span> <span class='ocrx_word' id='word_1_328' title='bbox 1824 3873 1907 3926; x_wconf 88' lang='lat' dir='ltr'><strong>in-</strong></span> 
     </span>
    </p>
   </div>
   <div class='ocr_carea' id='block_1_48' title="bbox 1306 259 2548 321">
    <p class='ocr_par' dir='ltr' id='par_1_48' title="bbox 1306 259 2548 321">
     <span class='ocr_line' id='line_1_48' title="bbox 1306 259 2548 321; baseline -0.005 0"><span class='ocrx_word' id='word_1_329' title='bbox 1306 263 1363 321; x_wconf 77' lang='lat' dir='ltr'><strong>S.</strong></span> <span class='ocrx_word' id='word_1_330' title='bbox 1407 261 1768 318; x_wconf 79' lang='lat' dir='ltr'><strong>BENEDICTI</strong></span> <span class='ocrx_word' id='word_1_331' title='bbox 1807 261 2098 317; x_wconf 83' lang='lat' dir='ltr'><strong>ABBATIS</strong></span> <span class='ocrx_word' id='word_1_332' title='bbox 2135 259 2548 318; x_wconf 76' lang='lat' dir='ltr'><strong>ANIANENSIS</strong></span> 
     </span>
    </p>
   </div>
   <div class='ocr_carea' id='block_1_49' title="bbox 1915 373 3596 444">
    <p class='ocr_par' dir='ltr' id='par_1_49' title="bbox 1915 373 3596 444">
     <span class='ocr_line' id='line_1_49' title="bbox 1915 373 3596 444; baseline 0.004 -16"><span class='ocrx_word' id='word_1_333' title='bbox 1915 381 1962 437; x_wconf 79' lang='grc' dir='ltr'><strong>Α</strong></span> <span class='ocrx_word' id='word_1_334' title='bbox 1994 390 2090 444; x_wconf 86' lang='lat' dir='ltr'><strong>per</strong></span> <span class='ocrx_word' id='word_1_335' title='bbox 2117 373 2300 429; x_wconf 88' lang='lat' dir='ltr'><strong>omnia</strong></span> <span class='ocrx_word' id='word_1_336' title='bbox 2342 373 2611 435; x_wconf 88' lang='lat' dir='ltr'><strong>imminet,</strong></span> <span class='ocrx_word' id='word_1_337' title='bbox 2653 373 2766 428; x_wconf 85' lang='lat' dir='ltr'><strong>sive</strong></span> <span class='ocrx_word' id='word_1_338' title='bbox 2814 375 3078 442; x_wconf 85' lang='lat' dir='ltr'><strong>protrahi,</strong></span> <span class='ocrx_word' id='word_1_339' title='bbox 3123 373 3244 431; x_wconf 81' lang='lat' dir='ltr'><strong>sive</strong></span> <span class='ocrx_word' id='word_1_340' title='bbox 3277 377 3596 435; x_wconf 83' lang='lat' dir='ltr'><strong>accelerare</strong></span> 
     </span>
    </p>
   </div>
   <div class='ocr_carea' id='block_1_50' title="bbox 1925 1745 1972 1804">
    <p class='ocr_par' dir='ltr' id='par_1_50' title="bbox 1925 1745 1972 1804">
     <span class='ocr_line' id='line_1_50' title="bbox 1925 1745 1972 1804; baseline 0 -2"><span class='ocrx_word' id='word_1_341' title='bbox 1925 1745 1972 1804; x_wconf 88' lang='lat' dir='ltr'><strong>B</strong></span> 
     </span>
    </p>
   </div>
   <div class='ocr_carea' id='block_1_51' title="bbox 3451 261 3589 316">
    <p class='ocr_par' dir='ltr' id='par_1_51' title="bbox 3451 261 3589 316">
     <span class='ocr_line' id='line_1_51' title="bbox 3451 261 3589 316; baseline 0.007 -1"><span class='ocrx_word' id='word_1_342' title='bbox 3451 261 3474 315; x_wconf 80' lang='grc' dir='ltr'><strong>Ι</strong></span> <span class='ocrx_word' id='word_1_343' title='bbox 3491 261 3589 316; x_wconf 74' lang='lat'><strong>[63</strong></span> 
     </span>
    </p>
   </div>
   <div class='ocr_carea' id='block_1_52' title="bbox 1995 466 3597 540">
    <p class='ocr_par' dir='ltr' id='par_1_52' title="bbox 1995 466 3597 540">
     <span class='ocr_line' id='line_1_52' title="bbox 1995 466 3597 540; baseline 0.002 -16"><span class='ocrx_word' id='word_1_344' title='bbox 1995 470 2144 540; x_wconf 88' lang='lat' dir='ltr'><strong>justo</strong></span> <span class='ocrx_word' id='word_1_345' title='bbox 2167 468 2620 525; x_wconf 88' lang='lat' dir='ltr'><strong>considerationis</strong></span> <span class='ocrx_word' id='word_1_346' title='bbox 2642 466 2852 536; x_wconf 90' lang='lat' dir='ltr'><strong>judicio</strong></span> <span class='ocrx_word' id='word_1_347' title='bbox 2875 467 3120 539; x_wconf 82' lang='lat' dir='ltr'><strong>jusserit,</strong></span> <span class='ocrx_word' id='word_1_348' title='bbox 3151 470 3223 525; x_wconf 88' lang='lat' dir='ltr'><strong>ad</strong></span> <span class='ocrx_word' id='word_1_349' title='bbox 3254 469 3376 540; x_wconf 79' lang='lat' dir='ltr'><strong>eius</strong></span> <span class='ocrx_word' id='word_1_350' title='bbox 3397 481 3597 528; x_wconf 81' lang='lat' dir='ltr'><strong>nutum</strong></span> 
     </span>
    </p>
   </div>
   <div class='ocr_carea' id='block_1_53' title="bbox 1997 558 3593 635">
    <p class='ocr_par' dir='ltr' id='par_1_53' title="bbox 1997 558 3593 635">
     <span class='ocr_line' id='line_1_53' title="bbox 1997 558 3593 635; baseline 0.002 -20"><span class='ocrx_word' id='word_1_351' title='bbox 1997 561 2112 615; x_wconf 87' lang='lat' dir='ltr'><strong>sive</strong></span> <span class='ocrx_word' id='word_1_352' title='bbox 2135 560 2301 616; x_wconf 88' lang='lat' dir='ltr'><strong>etiam</strong></span> <span class='ocrx_word' id='word_1_353' title='bbox 2322 558 2610 624; x_wconf 79' lang='lat' dir='ltr'><strong>elevatius,</strong></span> <span class='ocrx_word' id='word_1_354' title='bbox 2630 559 2744 613; x_wconf 90' lang='lat' dir='ltr'><strong>sive</strong></span> <span class='ocrx_word' id='word_1_355' title='bbox 2765 558 3026 614; x_wconf 83' lang='lat' dir='ltr'><strong>humilius</strong></span> <span class='ocrx_word' id='word_1_356' title='bbox 3045 561 3327 635; x_wconf 84' lang='lat' dir='ltr'><strong>voluerit),</strong></span> <span class='ocrx_word' id='word_1_357' title='bbox 3349 578 3593 619; x_wconf 81' lang='lat' dir='ltr'><strong>consona</strong></span> 
     </span>
    </p>
   </div>
   <div class='ocr_carea' id='block_1_54' title="bbox 1999 649 3596 725">
    <p class='ocr_par' dir='ltr' id='par_1_54' title="bbox 1999 649 3596 725">
     <span class='ocr_line' id='line_1_54' title="bbox 1999 649 3596 725; baseline 0.003 -19"><span class='ocrx_word' id='word_1_358' title='bbox 1999 661 2200 714; x_wconf 87' lang='lat' dir='ltr'><strong>tamen,</strong></span> <span class='ocrx_word' id='word_1_359' title='bbox 2231 651 2388 720; x_wconf 90' lang='lat' dir='ltr'><strong>quasi</strong></span> <span class='ocrx_word' id='word_1_360' title='bbox 2428 665 2536 704; x_wconf 91' lang='lat' dir='ltr'><strong>uno</strong></span> <span class='ocrx_word' id='word_1_361' title='bbox 2579 664 2694 712; x_wconf 90' lang='lat' dir='ltr'><strong>ore,</strong></span> <span class='ocrx_word' id='word_1_362' title='bbox 2722 664 2854 704; x_wconf 88' lang='lat' dir='ltr'><strong>voce</strong></span> <span class='ocrx_word' id='word_1_363' title='bbox 2887 649 3118 705; x_wconf 89' lang='lat' dir='ltr'><strong>dicatur.</strong></span> <span class='ocrx_word' id='word_1_364' title='bbox 3145 651 3260 708; x_wconf 82' lang='lat' dir='ltr'><strong>Nec</strong></span> <span class='ocrx_word' id='word_1_365' title='bbox 3297 655 3596 725; x_wconf 81' lang='lat' dir='ltr'><strong>quisquam</strong></span> 
     </span>
    </p>
   </div>
   <div class='ocr_carea' id='block_1_55' title="bbox 1998 741 3596 814">
    <p class='ocr_par' dir='ltr' id='par_1_55' title="bbox 1998 741 3596 814">
     <span class='ocr_line' id='line_1_55' title="bbox 1998 741 3596 814; baseline 0.002 -15"><span class='ocrx_word' id='word_1_366' title='bbox 1998 752 2294 814; x_wconf 80' lang='lat' dir='ltr'><strong>praesumat</strong></span> <span class='ocrx_word' id='word_1_367' title='bbox 2336 743 2542 812; x_wconf 88' lang='lat' dir='ltr'><strong>absque</strong></span> <span class='ocrx_word' id='word_1_368' title='bbox 2575 741 2775 812; x_wconf 89' lang='lat' dir='ltr'><strong>prioris</strong></span> <span class='ocrx_word' id='word_1_369' title='bbox 2802 743 3096 812; x_wconf 87' lang='lat' dir='ltr'><strong>permissu,</strong></span> <span class='ocrx_word' id='word_1_370' title='bbox 3129 743 3217 798; x_wconf 86' lang='lat' dir='ltr'><strong>vel</strong></span> <span class='ocrx_word' id='word_1_371' title='bbox 3261 745 3408 801; x_wconf 84' lang='lat' dir='ltr'><strong>elata</strong></span> <span class='ocrx_word' id='word_1_372' title='bbox 3434 747 3596 802; x_wconf 84' lang='lat' dir='ltr'><strong>vocis</strong></span> 
     </span>
    </p>
   </div>
   <div class='ocr_carea' id='block_1_56' title="bbox 1998 831 3598 903">
    <p class='ocr_par' dir='ltr' id='par_1_56' title="bbox 1998 831 3598 903">
     <span class='ocr_line' id='line_1_56' title="bbox 1998 831 3598 903; baseline 0.001 -14"><span class='ocrx_word' id='word_1_373' title='bbox 1998 833 2336 898; x_wconf 79' lang='lat' dir='ltr'><strong>extollentia,</strong></span> <span class='ocrx_word' id='word_1_374' title='bbox 2363 848 2486 903; x_wconf 69' lang='lat' dir='ltr'><strong>quae</strong></span> <span class='ocrx_word' id='word_1_375' title='bbox 2513 833 2712 903; x_wconf 65' lang='lat' dir='ltr'><strong>saepius</strong></span> <span class='ocrx_word' id='word_1_376' title='bbox 2742 831 3039 889; x_wconf 82' lang='lat' dir='ltr'><strong>inﬂationis</strong></span> <span class='ocrx_word' id='word_1_377' title='bbox 3068 833 3392 903; x_wconf 76' lang='lat' dir='ltr'><strong>iactantiam</strong></span> <span class='ocrx_word' id='word_1_378' title='bbox 3420 844 3480 890; x_wconf 87' lang='lat' dir='ltr'><strong>et</strong></span> <span class='ocrx_word' id='word_1_379' title='bbox 3504 851 3598 890; x_wconf 82' lang='lat' dir='ltr'><strong>ar-</strong></span> 
     </span>
    </p>
   </div>
   <div class='ocr_carea' id='block_1_57' title="bbox 2000 925 3596 1001">
    <p class='ocr_par' dir='ltr' id='par_1_57' title="bbox 2000 925 3596 1001">
     <span class='ocr_line' id='line_1_57' title="bbox 2000 925 3596 1001; baseline -0.001 -17"><span class='ocrx_word' id='word_1_380' title='bbox 2000 929 2301 1001; x_wconf 78' lang='lat' dir='ltr'><strong>rogantiam</strong></span> <span class='ocrx_word' id='word_1_381' title='bbox 2331 926 2585 982; x_wconf 88' lang='lat' dir='ltr'><strong>elationis</strong></span> <span class='ocrx_word' id='word_1_382' title='bbox 2613 925 2794 981; x_wconf 89' lang='lat' dir='ltr'><strong>minus</strong></span> <span class='ocrx_word' id='word_1_383' title='bbox 2844 927 3018 982; x_wconf 87' lang='lat' dir='ltr'><strong>cautis</strong></span> <span class='ocrx_word' id='word_1_384' title='bbox 3061 939 3308 998; x_wconf 78' lang='lat' dir='ltr'><strong>generat,</strong></span> <span class='ocrx_word' id='word_1_385' title='bbox 3331 938 3428 983; x_wconf 86' lang='lat' dir='ltr'><strong>ant</strong></span> <span class='ocrx_word' id='word_1_386' title='bbox 3473 937 3596 982; x_wconf 79' lang='lat' dir='ltr'><strong>tur-</strong></span> 
     </span>
    </p>
   </div>
   <div class='ocr_carea' id='block_1_58' title="bbox 2000 1016 3592 1086">
    <p class='ocr_par' dir='ltr' id='par_1_58' title="bbox 2000 1016 3592 1086">
     <span class='ocr_line' id='line_1_58' title="bbox 2000 1016 3592 1086; baseline 0.001 -12"><span class='ocrx_word' id='word_1_387' title='bbox 2000 1018 2219 1074; x_wconf 88' lang='lat' dir='ltr'><strong>bulenta</strong></span> <span class='ocrx_word' id='word_1_388' title='bbox 2244 1016 2596 1072; x_wconf 86' lang='lat' dir='ltr'><strong>festinatione</strong></span> <span class='ocrx_word' id='word_1_389' title='bbox 2628 1017 3042 1086; x_wconf 87' lang='lat' dir='ltr'><strong>temperamenti</strong></span> <span class='ocrx_word' id='word_1_390' title='bbox 3067 1017 3287 1072; x_wconf 87' lang='lat' dir='ltr'><strong>modum</strong></span> <span class='ocrx_word' id='word_1_391' title='bbox 3317 1020 3592 1076; x_wconf 73' lang='lat' dir='ltr'><strong>excedere</strong></span> 
     </span>
    </p>
   </div>
   <div class='ocr_carea' id='block_1_59' title="bbox 2000 1106 3594 1176">
    <p class='ocr_par' dir='ltr' id='par_1_59' title="bbox 2000 1106 3594 1176">
     <span class='ocr_line' id='line_1_59' title="bbox 2000 1106 3594 1176; baseline 0.002 -14"><span class='ocrx_word' id='word_1_392' title='bbox 2000 1109 2086 1164; x_wconf 91' lang='lat' dir='ltr'><strong>vel</strong></span> <span class='ocrx_word' id='word_1_393' title='bbox 2112 1116 2342 1163; x_wconf 85' lang='lat' dir='ltr'><strong>mutare.</strong></span> <span class='ocrx_word' id='word_1_394' title='bbox 2373 1106 2482 1161; x_wconf 83' lang='lat' dir='ltr'><strong>Nec</strong></span> <span class='ocrx_word' id='word_1_395' title='bbox 2511 1106 2662 1176; x_wconf 89' lang='lat' dir='ltr'><strong>prior</strong></span> <span class='ocrx_word' id='word_1_396' title='bbox 2685 1121 3005 1162; x_wconf 89' lang='lat' dir='ltr'><strong>concessam</strong></span> <span class='ocrx_word' id='word_1_397' title='bbox 3034 1106 3496 1164; x_wconf 87' lang='lat' dir='ltr'><strong>considerationis</strong></span> <span class='ocrx_word' id='word_1_398' title='bbox 3525 1109 3594 1164; x_wconf 86' lang='lat' dir='ltr'><strong>li-</strong></span> 
     </span>
    </p>
   </div>
   <div class='ocr_carea' id='block_1_60' title="bbox 1999 1200 3599 1269">
    <p class='ocr_par' dir='ltr' id='par_1_60' title="bbox 1999 1200 3599 1269">
     <span class='ocr_line' id='line_1_60' title="bbox 1999 1200 3599 1269; baseline -0.001 -11"><span class='ocrx_word' id='word_1_399' title='bbox 1999 1201 2290 1258; x_wconf 75' lang='lat' dir='ltr'><strong>centiamf</strong></span> <span class='ocrx_word' id='word_1_400' title='bbox 2334 1200 2387 1255; x_wconf 88' lang='lat' dir='ltr'><strong>in</strong></span> <span class='ocrx_word' id='word_1_401' title='bbox 2436 1216 2539 1255; x_wconf 88' lang='lat' dir='ltr'><strong>usu</strong></span> <span class='ocrx_word' id='word_1_402' title='bbox 2587 1200 2792 1269; x_wconf 87' lang='lat' dir='ltr'><strong>absque</strong></span> <span class='ocrx_word' id='word_1_403' title='bbox 2840 1209 2991 1254; x_wconf 88' lang='lat' dir='ltr'><strong>certa</strong></span> <span class='ocrx_word' id='word_1_404' title='bbox 3024 1202 3350 1257; x_wconf 80' lang='lat' dir='ltr'><strong>necessitate</strong></span> <span class='ocrx_word' id='word_1_405' title='bbox 3395 1204 3599 1259; x_wconf 83' lang='lat' dir='ltr'><strong>audeat</strong></span> 
     </span>
    </p>
   </div>
   <div class='ocr_carea' id='block_1_61' title="bbox 2001 1289 3595 1364">
    <p class='ocr_par' dir='ltr' id='par_1_61' title="bbox 2001 1289 3595 1364">
     <span class='ocr_line' id='line_1_61' title="bbox 2001 1289 3595 1364; baseline 0.003 -20"><span class='ocrx_word' id='word_1_406' title='bbox 2001 1307 2285 1361; x_wconf 87' lang='lat' dir='ltr'><strong>usurpare,</strong></span> <span class='ocrx_word' id='word_1_407' title='bbox 2301 1291 2482 1344; x_wconf 82' lang='lat' dir='ltr'><strong>sciens</strong></span> <span class='ocrx_word' id='word_1_408' title='bbox 2502 1305 2560 1345; x_wconf 91' lang='lat' dir='ltr'><strong>se</strong></span> <span class='ocrx_word' id='word_1_409' title='bbox 2581 1289 2814 1345; x_wconf 90' lang='lat' dir='ltr'><strong>Domino</strong></span> <span class='ocrx_word' id='word_1_410' title='bbox 2831 1289 3165 1345; x_wconf 87' lang='lat' dir='ltr'><strong>redditurum</strong></span> <span class='ocrx_word' id='word_1_411' title='bbox 3193 1293 3483 1356; x_wconf 86' lang='lat' dir='ltr'><strong>rationem,</strong></span> <span class='ocrx_word' id='word_1_412' title='bbox 3500 1295 3595 1364; x_wconf 87' lang='lat' dir='ltr'><strong>qui</strong></span> 
     </span>
    </p>
   </div>
   <div class='ocr_carea' id='block_1_62' title="bbox 2001 1381 2740 1451">
    <p class='ocr_par' dir='ltr' id='par_1_62' title="bbox 2001 1381 2740 1451">
     <span class='ocr_line' id='line_1_62' title="bbox 2001 1381 2740 1451; baseline -0.003 -15"><span class='ocrx_word' id='word_1_413' title='bbox 2001 1383 2139 1437; x_wconf 74' lang='lat' dir='ltr'><strong>dixit</strong></span> <span class='ocrx_word' id='word_1_414' title='bbox 2165 1401 2176 1435; x_wconf 92' lang='lat'><strong>:</strong></span> <span class='ocrx_word' id='word_1_415' title='bbox 2207 1381 2430 1436; x_wconf 69' lang='lat' dir='ltr'><strong>Psallim</strong></span> <span class='ocrx_word' id='word_1_416' title='bbox 2458 1382 2740 1451; x_wconf 78' lang='lat' dir='ltr'><strong>sapienter.</strong></span> 
     </span>
    </p>
   </div>
   <div class='ocr_carea' id='block_1_63' title="bbox 2003 1632 3596 1710">
    <p class='ocr_par' dir='ltr' id='par_1_63' title="bbox 2003 1632 3596 1710">
     <span class='ocr_line' id='line_1_63' title="bbox 2003 1632 3596 1710; baseline 0.002 -19"><span class='ocrx_word' id='word_1_417' title='bbox 2003 1637 2296 1710; x_wconf 80' lang='lat' dir='ltr'><strong>tentionem</strong></span> <span class='ocrx_word' id='word_1_418' title='bbox 2320 1632 2556 1710; x_wconf 68' lang='lat' dir='ltr'><strong>levioris</strong></span> <span class='ocrx_word' id='word_1_419' title='bbox 2573 1635 2744 1710; x_wconf 64' lang='lat' dir='ltr'><strong>culpa;</strong></span> <span class='ocrx_word' id='word_1_420' title='bbox 2772 1635 2983 1710; x_wconf 60' lang='lat' dir='ltr'><strong>judicio</strong></span> <span class='ocrx_word' id='word_1_421' title='bbox 3031 1636 3351 1710; x_wconf 82' lang='lat' dir='ltr'><strong>subjacebit.</strong></span> <span class='ocrx_word' id='word_1_422' title='bbox 3381 1637 3436 1692; x_wconf 86' lang='lat' dir='ltr'><strong>In</strong></span> <span class='ocrx_word' id='word_1_423' title='bbox 3483 1655 3596 1710; x_wconf 88' lang='lat' dir='ltr'><strong>quo</strong></span> 
     </span>
    </p>
   </div>
   <div class='ocr_carea' id='block_1_64' title="bbox 2003 1705 3596 1775">
    <p class='ocr_par' dir='ltr' id='par_1_64' title="bbox 2003 1705 3596 1775">
     <span class='ocr_line' id='line_1_64' title="bbox 2003 1705 3596 1775; baseline 0.003 -15"><span class='ocrx_word' id='word_1_424' title='bbox 2003 1706 2162 1760; x_wconf 89' lang='lat' dir='ltr'><strong>modo</strong></span> <span class='ocrx_word' id='word_1_425' title='bbox 2188 1705 2497 1760; x_wconf 89' lang='lat' dir='ltr'><strong>continetur</strong></span> <span class='ocrx_word' id='word_1_426' title='bbox 2523 1705 2784 1774; x_wconf 88' lang='lat' dir='ltr'><strong>quidquid</strong></span> <span class='ocrx_word' id='word_1_427' title='bbox 2816 1705 2868 1758; x_wconf 89' lang='lat' dir='ltr'><strong>in</strong></span> <span class='ocrx_word' id='word_1_428' title='bbox 2908 1705 3111 1775; x_wconf 79' lang='lat' dir='ltr'><strong>Regula</strong></span> <span class='ocrx_word' id='word_1_429' title='bbox 3132 1705 3445 1775; x_wconf 77' lang='lat' dir='ltr'><strong>invenitur,</strong></span> <span class='ocrx_word' id='word_1_430' title='bbox 3477 1705 3596 1764; x_wconf 80' lang='lat' dir='ltr'><strong>sive</strong></span> 
     </span>
    </p>
   </div>
   <div class='ocr_carea' id='block_1_65' title="bbox 1999 1775 3594 1846">
    <p class='ocr_par' dir='ltr' id='par_1_65' title="bbox 1999 1775 3594 1846">
     <span class='ocr_line' id='line_1_65' title="bbox 1999 1775 3594 1846; baseline 0.003 -17"><span class='ocrx_word' id='word_1_431' title='bbox 1999 1776 2322 1846; x_wconf 77' lang='lat' dir='ltr'><strong>gravissime</strong></span> <span class='ocrx_word' id='word_1_432' title='bbox 2348 1775 2624 1846; x_wconf 17' lang='lat' dir='ltr'><strong>ivindictre</strong></span> <span class='ocrx_word' id='word_1_433' title='bbox 2655 1776 2948 1846; x_wconf 73' lang='lat' dir='ltr'><strong>subiaceat.</strong></span> <span class='ocrx_word' id='word_1_434' title='bbox 2979 1775 3183 1831; x_wconf 67' lang='lat' dir='ltr'><strong>Prteter</strong></span> <span class='ocrx_word' id='word_1_435' title='bbox 3217 1777 3322 1832; x_wconf 88' lang='lat' dir='ltr'><strong>hoc</strong></span> <span class='ocrx_word' id='word_1_436' title='bbox 3349 1780 3494 1846; x_wconf 88' lang='lat' dir='ltr'><strong>quod</strong></span> <span class='ocrx_word' id='word_1_437' title='bbox 3539 1781 3594 1834; x_wconf 89' lang='lat' dir='ltr'><strong>in</strong></span> 
     </span>
    </p>
   </div>
   <div class='ocr_carea' id='block_1_66' title="bbox 1997 1845 3598 1918">
    <p class='ocr_par' dir='ltr' id='par_1_66' title="bbox 1997 1845 3598 1918">
     <span class='ocr_line' id='line_1_66' title="bbox 1997 1845 3598 1918; baseline 0.003 -19"><span class='ocrx_word' id='word_1_438' title='bbox 1997 1847 2317 1918; x_wconf 86' lang='lat' dir='ltr'><strong>quibusdam</strong></span> <span class='ocrx_word' id='word_1_439' title='bbox 2347 1845 2484 1918; x_wconf 88' lang='lat' dir='ltr'><strong>locis</strong></span> <span class='ocrx_word' id='word_1_440' title='bbox 2505 1845 2800 1918; x_wconf 80' lang='lat' dir='ltr'><strong>invenitur,</strong></span> <span class='ocrx_word' id='word_1_441' title='bbox 2815 1845 3131 1918; x_wconf 53' lang='lat' dir='ltr'><strong>distﬁctiori</strong></span> <span class='ocrx_word' id='word_1_442' title='bbox 3157 1845 3447 1918; x_wconf 77' lang='lat' dir='ltr'><strong>disciplina:</strong></span> <span class='ocrx_word' id='word_1_443' title='bbox 3467 1851 3598 1904; x_wconf 75' lang='lat' dir='ltr'><strong>sub-</strong></span> 
     </span>
    </p>
   </div>
   <div class='ocr_carea' id='block_1_67' title="bbox 1989 1915 3594 1986">
    <p class='ocr_par' dir='ltr' id='par_1_67' title="bbox 1989 1915 3594 1986">
     <span class='ocr_line' id='line_1_67' title="bbox 1989 1915 3594 1986; baseline 0.003 -17"><span class='ocrx_word' id='word_1_444' title='bbox 1989 1917 2204 1986; x_wconf 80' lang='lat' dir='ltr'><strong>jaceat,</strong></span> <span class='ocrx_word' id='word_1_445' title='bbox 2247 1916 2390 1986; x_wconf 84' lang='lat' dir='ltr'><strong>quod</strong></span> <span class='ocrx_word' id='word_1_446' title='bbox 2418 1916 2652 1986; x_wconf 88' lang='lat' dir='ltr'><strong>quidam</strong></span> <span class='ocrx_word' id='word_1_447' title='bbox 2679 1915 2766 1986; x_wconf 90' lang='lat' dir='ltr'><strong>ita</strong></span> <span class='ocrx_word' id='word_1_448' title='bbox 2813 1915 3032 1986; x_wconf 79' lang='lat' dir='ltr'><strong>intelligi</strong></span> <span class='ocrx_word' id='word_1_449' title='bbox 3071 1918 3262 1972; x_wconf 79' lang='lat' dir='ltr'><strong>volunt</strong></span> <span class='ocrx_word' id='word_1_450' title='bbox 3291 1915 3386 1981; x_wconf 82' lang='lat' dir='ltr'><strong>ut,</strong></span> <span class='ocrx_word' id='word_1_451' title='bbox 3419 1921 3462 1973; x_wconf 85' lang='lat' dir='ltr'><strong>si</strong></span> <span class='ocrx_word' id='word_1_452' title='bbox 3501 1935 3594 1974; x_wconf 80' lang='lat' dir='ltr'><strong>oc-</strong></span> 
     </span>
    </p>
   </div>
   <div class='ocr_carea' id='block_1_68' title="bbox 1997 1985 3588 2060">
    <p class='ocr_par' dir='ltr' id='par_1_68' title="bbox 1997 1985 3588 2060">
     <span class='ocr_line' id='line_1_68' title="bbox 1997 1985 3588 2060; baseline 0.003 -21"><span class='ocrx_word' id='word_1_453' title='bbox 1997 1986 2140 2040; x_wconf 90' lang='lat' dir='ltr'><strong>culte</strong></span> <span class='ocrx_word' id='word_1_454' title='bbox 2176 1996 2268 2040; x_wconf 88' lang='lat' dir='ltr'><strong>aut</strong></span> <span class='ocrx_word' id='word_1_455' title='bbox 2301 1985 2516 2060; x_wconf 81' lang='lat' dir='ltr'><strong>publice</strong></span> <span class='ocrx_word' id='word_1_456' title='bbox 2541 1985 2720 2040; x_wconf 88' lang='lat' dir='ltr'><strong>verbis</strong></span> <span class='ocrx_word' id='word_1_457' title='bbox 2745 1985 3084 2053; x_wconf 87' lang='lat' dir='ltr'><strong>monebatur,</strong></span> <span class='ocrx_word' id='word_1_458' title='bbox 3115 1987 3169 2042; x_wconf 90' lang='lat' dir='ltr'><strong>in</strong></span> <span class='ocrx_word' id='word_1_459' title='bbox 3195 1989 3386 2043; x_wconf 87' lang='lat' dir='ltr'><strong>eodem</strong></span> <span class='ocrx_word' id='word_1_460' title='bbox 3415 1991 3588 2060; x_wconf 73' lang='lat' dir='ltr'><strong>gradu</strong></span> 
     </span>
    </p>
   </div>
   <div class='ocr_carea' id='block_1_69' title="bbox 1999 2057 2563 2125">
    <p class='ocr_par' dir='ltr' id='par_1_69' title="bbox 1999 2057 2563 2125">
     <span class='ocr_line' id='line_1_69' title="bbox 1999 2057 2563 2125; baseline 0.002 -16"><span class='ocrx_word' id='word_1_461' title='bbox 1999 2060 2180 2111; x_wconf 83' lang='lat' dir='ltr'><strong>acrius</strong></span> <span class='ocrx_word' id='word_1_462' title='bbox 2204 2057 2563 2125; x_wconf 83' lang='lat' dir='ltr'><strong>corripiatur.</strong></span> 
     </span>
    </p>
   </div>
   <div class='ocr_carea' id='block_1_70' title="bbox 2075 2124 3594 2196">
    <p class='ocr_par' dir='ltr' id='par_1_70' title="bbox 2075 2124 3594 2196">
     <span class='ocr_line' id='line_1_70' title="bbox 2075 2124 3594 2196; baseline 0.005 -20"><span class='ocrx_word' id='word_1_463' title='bbox 2075 2144 2092 2176; x_wconf 81' lang='grc' dir='ltr'>ι</span> <span class='ocrx_word' id='word_1_464' title='bbox 2124 2124 2366 2193; x_wconf 81' lang='lat' dir='ltr'><strong>Quartus</strong></span> <span class='ocrx_word' id='word_1_465' title='bbox 2389 2140 2606 2194; x_wconf 87' lang='lat' dir='ltr'><strong>quoque</strong></span> <span class='ocrx_word' id='word_1_466' title='bbox 2653 2124 2866 2190; x_wconf 91' lang='lat' dir='ltr'><strong>modus,</strong></span> <span class='ocrx_word' id='word_1_467' title='bbox 2903 2135 2963 2196; x_wconf 90' lang='lat' dir='ltr'><strong>ut</strong></span> <span class='ocrx_word' id='word_1_468' title='bbox 3003 2127 3319 2196; x_wconf 60' lang='lat' dir='ltr'><strong>praedictum</strong></span> <span class='ocrx_word' id='word_1_469' title='bbox 3365 2137 3486 2191; x_wconf 88' lang='lat' dir='ltr'><strong>est,</strong></span> <span class='ocrx_word' id='word_1_470' title='bbox 3527 2129 3594 2184; x_wconf 87' lang='lat' dir='ltr'><strong>de</strong></span> 
     </span>
    </p>
   </div>
   <div class='ocr_carea' id='block_1_71' title="bbox 1999 2195 3587 2264">
    <p class='ocr_par' dir='ltr' id='par_1_71' title="bbox 1999 2195 3587 2264">
     <span class='ocr_line' id='line_1_71' title="bbox 1999 2195 3587 2264; baseline 0.005 -16"><span class='ocrx_word' id='word_1_471' title='bbox 1999 2197 2320 2264; x_wconf 78' lang='lat' dir='ltr'><strong>capitalibus</strong></span> <span class='ocrx_word' id='word_1_472' title='bbox 2343 2195 2663 2249; x_wconf 85' lang='lat' dir='ltr'><strong>criminilms</strong></span> <span class='ocrx_word' id='word_1_473' title='bbox 2684 2203 2919 2258; x_wconf 87' lang='lat' dir='ltr'><strong>constat,</strong></span> <span class='ocrx_word' id='word_1_474' title='bbox 2945 2195 3299 2252; x_wconf 79' lang='lat' dir='ltr'><strong>fornicatione</strong></span> <span class='ocrx_word' id='word_1_475' title='bbox 3322 2199 3587 2256; x_wconf 75' lang='lat' dir='ltr'><strong>videlicet.</strong></span> 
     </span>
    </p>
   </div>
   <div class='ocr_carea' id='block_1_72' title="bbox 2002 2266 3595 2338">
    <p class='ocr_par' dir='ltr' id='par_1_72' title="bbox 2002 2266 3595 2338">
     <span class='ocr_line' id='line_1_72' title="bbox 2002 2266 3595 2338; baseline 0.004 -20"><span class='ocrx_word' id='word_1_476' title='bbox 2002 2267 2270 2338; x_wconf 83' lang='lat' dir='ltr'><strong>adulterio</strong></span> <span class='ocrx_word' id='word_1_477' title='bbox 2308 2275 2482 2338; x_wconf 80' lang='lat' dir='ltr'><strong>atque</strong></span> <span class='ocrx_word' id='word_1_478' title='bbox 2515 2266 2789 2338; x_wconf 22' lang='lat' dir='ltr'><strong>Aelrietatc</strong></span> <span class='ocrx_word' id='word_1_479' title='bbox 2824 2267 3066 2338; x_wconf 82' lang='lat' dir='ltr'><strong>assidua,</strong></span> <span class='ocrx_word' id='word_1_480' title='bbox 3106 2269 3428 2337; x_wconf 65' lang='lat' dir='ltr'><strong>cauerisqne</strong></span> <span class='ocrx_word' id='word_1_481' title='bbox 3469 2285 3595 2338; x_wconf 70' lang='lat' dir='ltr'><strong>qua:</strong></span> 
     </span>
    </p>
   </div>
   <div class='ocr_carea' id='block_1_73' title="bbox 1999 2335 3590 2406">
    <p class='ocr_par' dir='ltr' id='par_1_73' title="bbox 1999 2335 3590 2406">
     <span class='ocr_line' id='line_1_73' title="bbox 1999 2335 3590 2406; baseline 0.003 -18"><span class='ocrx_word' id='word_1_482' title='bbox 1999 2337 2146 2390; x_wconf 87' lang='lat' dir='ltr'><strong>nullo</strong></span> <span class='ocrx_word' id='word_1_483' title='bbox 2196 2337 2375 2401; x_wconf 92' lang='lat' dir='ltr'><strong>modo,</strong></span> <span class='ocrx_word' id='word_1_484' title='bbox 2425 2335 2528 2390; x_wconf 90' lang='lat' dir='ltr'><strong>nisi</strong></span> <span class='ocrx_word' id='word_1_485' title='bbox 2575 2336 2896 2402; x_wconf 71' lang='lat' dir='ltr'><strong>pmnitentia</strong></span> <span class='ocrx_word' id='word_1_486' title='bbox 2943 2337 3246 2406; x_wconf 91' lang='lat' dir='ltr'><strong>corporali,</strong></span> <span class='ocrx_word' id='word_1_487' title='bbox 3295 2335 3590 2393; x_wconf 79' lang='lat' dir='ltr'><strong>secundum</strong></span> 
     </span>
    </p>
   </div>
   <div class='ocr_carea' id='block_1_74' title="bbox 1999 2405 3594 2478">
    <p class='ocr_par' dir='ltr' id='par_1_74' title="bbox 1999 2405 3594 2478">
     <span class='ocr_line' id='line_1_74' title="bbox 1999 2405 3594 2478; baseline 0.003 -18"><span class='ocrx_word' id='word_1_488' title='bbox 1999 2407 2384 2478; x_wconf 75' lang='lat' dir='ltr'><strong>auctoritatem</strong></span> <span class='ocrx_word' id='word_1_489' title='bbox 2439 2405 2757 2460; x_wconf 88' lang='lat' dir='ltr'><strong>canonicam</strong></span> <span class='ocrx_word' id='word_1_490' title='bbox 2815 2405 3134 2476; x_wconf 78' lang='lat' dir='ltr'><strong>purgantur.</strong></span> <span class='ocrx_word' id='word_1_491' title='bbox 3185 2407 3243 2462; x_wconf 88' lang='lat' dir='ltr'><strong>lo</strong></span> <span class='ocrx_word' id='word_1_492' title='bbox 3295 2409 3492 2478; x_wconf 85' lang='lat' dir='ltr'><strong>quibus</strong></span> <span class='ocrx_word' id='word_1_493' title='bbox 3538 2419 3594 2464; x_wconf 84' lang='lat' dir='ltr'><strong>et</strong></span> 
     </span>
    </p>
   </div>
   <div class='ocr_carea' id='block_1_75' title="bbox 1999 2476 3593 2546">
    <p class='ocr_par' dir='ltr' id='par_1_75' title="bbox 1999 2476 3593 2546">
     <span class='ocr_line' id='line_1_75' title="bbox 1999 2476 3593 2546; baseline 0.002 -17"><span class='ocrx_word' id='word_1_494' title='bbox 1999 2476 2212 2540; x_wconf 87' lang='lat' dir='ltr'><strong>modus,</strong></span> <span class='ocrx_word' id='word_1_495' title='bbox 2246 2490 2344 2530; x_wconf 90' lang='lat' dir='ltr'><strong>nec</strong></span> <span class='ocrx_word' id='word_1_496' title='bbox 2374 2491 2482 2529; x_wconf 89' lang='lat' dir='ltr'><strong>non</strong></span> <span class='ocrx_word' id='word_1_497' title='bbox 2528 2486 2584 2528; x_wconf 92' lang='lat' dir='ltr'><strong>et</strong></span> <span class='ocrx_word' id='word_1_498' title='bbox 2618 2489 2851 2546; x_wconf 84' lang='lat' dir='ltr'><strong>persona</strong></span> <span class='ocrx_word' id='word_1_499' title='bbox 2895 2487 3056 2546; x_wconf 86' lang='lat' dir='ltr'><strong>atque</strong></span> <span class='ocrx_word' id='word_1_500' title='bbox 3102 2476 3335 2532; x_wconf 81' lang='lat' dir='ltr'><strong>intentio</strong></span> <span class='ocrx_word' id='word_1_501' title='bbox 3378 2493 3593 2546; x_wconf 86' lang='lat' dir='ltr'><strong>semper</strong></span> 
     </span>
    </p>
   </div>
   <div class='ocr_carea' id='block_1_76' title="bbox 2001 2545 3591 2616">
    <p class='ocr_par' dir='ltr' id='par_1_76' title="bbox 2001 2545 3591 2616">
     <span class='ocr_line' id='line_1_76' title="bbox 2001 2545 3591 2616; baseline 0.004 -17"><span class='ocrx_word' id='word_1_502' title='bbox 2001 2545 2336 2616; x_wconf 83' lang='lat' dir='ltr'><strong>inspicienda</strong></span> <span class='ocrx_word' id='word_1_503' title='bbox 2364 2554 2490 2600; x_wconf 90' lang='lat' dir='ltr'><strong>sunt</strong></span> <span class='ocrx_word' id='word_1_504' title='bbox 2511 2546 2647 2616; x_wconf 79' lang='lat' dir='ltr'><strong>:nbi</strong></span> <span class='ocrx_word' id='word_1_505' title='bbox 2675 2545 2884 2615; x_wconf 91' lang='lat' dir='ltr'><strong>pariter</strong></span> <span class='ocrx_word' id='word_1_506' title='bbox 2907 2545 3124 2616; x_wconf 84' lang='lat' dir='ltr'><strong>quoque</strong></span> <span class='ocrx_word' id='word_1_507' title='bbox 3145 2557 3462 2604; x_wconf 83' lang='lat' dir='ltr'><strong>sanctorum</strong></span> <span class='ocrx_word' id='word_1_508' title='bbox 3495 2545 3591 2604; x_wconf 71' lang='lat' dir='ltr'><strong>Pa—</strong></span> 
     </span>
    </p>
   </div>
   <div class='ocr_carea' id='block_1_77' title="bbox 2000 2615 3284 2685">
    <p class='ocr_par' dir='ltr' id='par_1_77' title="bbox 2000 2615 3284 2685">
     <span class='ocr_line' id='line_1_77' title="bbox 2000 2615 3284 2685; baseline 0.001 -16"><span class='ocrx_word' id='word_1_509' title='bbox 2000 2615 2142 2669; x_wconf 80' lang='lat' dir='ltr'><strong>truin</strong></span> <span class='ocrx_word' id='word_1_510' title='bbox 2170 2616 2442 2676; x_wconf 87' lang='lat' dir='ltr'><strong>institutio</strong></span> <span class='ocrx_word' id='word_1_511' title='bbox 2465 2615 2698 2670; x_wconf 87' lang='lat' dir='ltr'><strong>sollicite</strong></span> <span class='ocrx_word' id='word_1_512' title='bbox 2724 2624 2810 2670; x_wconf 90' lang='lat' dir='ltr'><strong>est</strong></span> <span class='ocrx_word' id='word_1_513' title='bbox 2835 2615 3236 2685; x_wconf 80' lang='lat' dir='ltr'><strong>perpendenda.</strong></span> <span class='ocrx_word' id='word_1_514' title='bbox 3266 2639 3284 2670; x_wconf 77' lang='grc' dir='ltr'>ι</span> 
     </span>
    </p>
   </div>
   <div class='ocr_carea' id='block_1_78' title="bbox 2070 2685 3502 2756">
    <p class='ocr_par' dir='ltr' id='par_1_78' title="bbox 2070 2685 3502 2756">
     <span class='ocr_line' id='line_1_78' title="bbox 2070 2685 3502 2756; baseline 0.001 -16"><span class='ocrx_word' id='word_1_515' title='bbox 2070 2685 2207 2756; x_wconf 80' lang='lat' dir='ltr'><strong>[line</strong></span> <span class='ocrx_word' id='word_1_516' title='bbox 2234 2695 2415 2740; x_wconf 88' lang='lat' dir='ltr'><strong>autem</strong></span> <span class='ocrx_word' id='word_1_517' title='bbox 2445 2693 2624 2740; x_wconf 77' lang='lat' dir='ltr'><strong>textus</strong></span> <span class='ocrx_word' id='word_1_518' title='bbox 2653 2687 2707 2739; x_wconf 90' lang='lat' dir='ltr'><strong>in</strong></span> <span class='ocrx_word' id='word_1_519' title='bbox 2734 2685 3059 2756; x_wconf 80' lang='lat' dir='ltr'><strong>quibusdam</strong></span> <span class='ocrx_word' id='word_1_520' title='bbox 3083 2696 3376 2756; x_wconf 89' lang='lat' dir='ltr'><strong>corruptus</strong></span> <span class='ocrx_word' id='word_1_521' title='bbox 3398 2697 3502 2743; x_wconf 85' lang='lat' dir='ltr'><strong>est.</strong></span> 
     </span>
    </p>
   </div>
   <div class='ocr_carea' id='block_1_79' title="bbox 2071 2754 3591 2829">
    <p class='ocr_par' dir='ltr' id='par_1_79' title="bbox 2071 2754 3591 2829">
     <span class='ocr_line' id='line_1_79' title="bbox 2071 2754 3591 2829; baseline 0.003 -21"><span class='ocrx_word' id='word_1_522' title='bbox 2071 2768 2096 2796; x_wconf 78' lang='grc' dir='ltr'>ι</span> <span class='ocrx_word' id='word_1_523' title='bbox 2126 2754 2452 2829; x_wconf 51' lang='grc' dir='ltr'><strong>λιιηὶονςε-ει</strong></span> <span class='ocrx_word' id='word_1_524' title='bbox 2483 2757 2730 2829; x_wconf 57' lang='lat' dir='ltr'><strong>maxime,</strong></span> <span class='ocrx_word' id='word_1_525' title='bbox 2751 2763 2876 2829; x_wconf 85' lang='lat' dir='ltr'><strong>_elc._</strong></span> <span class='ocrx_word' id='word_1_526' title='bbox 2888 2755 3032 2829; x_wconf 58' lang='lat' dir='ltr'><strong>Haec</strong></span> <span class='ocrx_word' id='word_1_527' title='bbox 3057 2754 3332 2829; x_wconf 77' lang='lat' dir='ltr'><strong>habentur</strong></span> <span class='ocrx_word' id='word_1_528' title='bbox 3361 2758 3416 2829; x_wconf 82' lang='lat' dir='ltr'><strong>iu</strong></span> <span class='ocrx_word' id='word_1_529' title='bbox 3443 2759 3591 2829; x_wconf 66' lang='lat' dir='ltr'><strong>capi-</strong></span> 
     </span>
    </p>
   </div>
   <div class='ocr_carea' id='block_1_80' title="bbox 2001 2823 3590 2896">
    <p class='ocr_par' dir='ltr' id='par_1_80' title="bbox 2001 2823 3590 2896">
     <span class='ocr_line' id='line_1_80' title="bbox 2001 2823 3590 2896; baseline 0.001 -17"><span class='ocrx_word' id='word_1_530' title='bbox 2001 2825 2146 2896; x_wconf 86' lang='lat' dir='ltr'><strong>tibus</strong></span> <span class='ocrx_word' id='word_1_531' title='bbox 2176 2825 2207 2878; x_wconf 86' lang='lat'><strong>7</strong></span> <span class='ocrx_word' id='word_1_532' title='bbox 2236 2834 2294 2880; x_wconf 90' lang='lat' dir='ltr'><strong>et</strong></span> <span class='ocrx_word' id='word_1_533' title='bbox 2313 2827 2348 2880; x_wconf 88' lang='lat'>8</span> <span class='ocrx_word' id='word_1_534' title='bbox 2372 2823 2590 2896; x_wconf 70' lang='lat' dir='ltr'><strong>Regula:</strong></span> <span class='ocrx_word' id='word_1_535' title='bbox 2617 2823 2720 2880; x_wconf 58' lang='lat' dir='ltr'><strong>ms&#39;.</strong></span> <span class='ocrx_word' id='word_1_536' title='bbox 2749 2824 2902 2896; x_wconf 81' lang='lat' dir='ltr'><strong>Pauli</strong></span> <span class='ocrx_word' id='word_1_537' title='bbox 2921 2833 2976 2880; x_wconf 90' lang='lat' dir='ltr'><strong>et</strong></span> <span class='ocrx_word' id='word_1_538' title='bbox 3000 2826 3265 2896; x_wconf 85' lang='lat' dir='ltr'><strong>Stephani</strong></span> <span class='ocrx_word' id='word_1_539' title='bbox 3293 2827 3416 2884; x_wconf 91' lang='lat' dir='ltr'><strong>cod.</strong></span> <span class='ocrx_word' id='word_1_540' title='bbox 3441 2823 3590 2884; x_wconf 76' lang='lat' dir='ltr'><strong>Flor.</strong></span> 
     </span>
    </p>
   </div>
   <div class='ocr_carea' id='block_1_81' title="bbox 2001 2893 3593 2967">
    <p class='ocr_par' dir='ltr' id='par_1_81' title="bbox 2001 2893 3593 2967">
     <span class='ocr_line' id='line_1_81' title="bbox 2001 2893 3593 2967; baseline 0.003 -17"><span class='ocrx_word' id='word_1_541' title='bbox 2001 2895 2272 2967; x_wconf 82' lang='lat' dir='ltr'><strong>Statuitur</strong></span> <span class='ocrx_word' id='word_1_542' title='bbox 2296 2893 2479 2967; x_wconf 80' lang='lat' dir='ltr'><strong>autem</strong></span> <span class='ocrx_word' id='word_1_543' title='bbox 2505 2893 2600 2950; x_wconf 85' lang='lat' dir='ltr'><strong>hic</strong></span> <span class='ocrx_word' id='word_1_544' title='bbox 2626 2903 2687 2950; x_wconf 91' lang='lat' dir='ltr'><strong>ut</strong></span> <span class='ocrx_word' id='word_1_545' title='bbox 2719 2895 2961 2967; x_wconf 82' lang='lat' dir='ltr'><strong>quotidie</strong></span> <span class='ocrx_word' id='word_1_546' title='bbox 2991 2893 3319 2952; x_wconf 87' lang='lat' dir='ltr'><strong>Psalterium</strong></span> <span class='ocrx_word' id='word_1_547' title='bbox 3350 2912 3381 2951; x_wconf 88' lang='lat' dir='ltr'><strong>a</strong></span> <span class='ocrx_word' id='word_1_548' title='bbox 3411 2897 3593 2967; x_wconf 88' lang='lat' dir='ltr'><strong>junio-</strong></span> 
     </span>
    </p>
   </div>
   <div class='ocr_carea' id='block_1_82' title="bbox 2001 2965 3596 3035">
    <p class='ocr_par' dir='ltr' id='par_1_82' title="bbox 2001 2965 3596 3035">
     <span class='ocr_line' id='line_1_82' title="bbox 2001 2965 3596 3035; baseline 0.003 -15"><span class='ocrx_word' id='word_1_549' title='bbox 2001 2965 2152 3020; x_wconf 88' lang='lat' dir='ltr'><strong>ribus</strong></span> <span class='ocrx_word' id='word_1_550' title='bbox 2182 2981 2278 3034; x_wconf 87' lang='lat' dir='ltr'><strong>per</strong></span> <span class='ocrx_word' id='word_1_551' title='bbox 2302 2965 2547 3019; x_wconf 85' lang='lat' dir='ltr'><strong>ordinem</strong></span> <span class='ocrx_word' id='word_1_552' title='bbox 2575 2979 2790 3034; x_wconf 77' lang='lat' dir='ltr'><strong>semp;r</strong></span> <span class='ocrx_word' id='word_1_553' title='bbox 2837 2965 3096 3020; x_wconf 88' lang='lat' dir='ltr'><strong>recitetur</strong></span> <span class='ocrx_word' id='word_1_554' title='bbox 3121 2977 3176 3022; x_wconf 93' lang='lat' dir='ltr'><strong>et</strong></span> <span class='ocrx_word' id='word_1_555' title='bbox 3210 2965 3596 3035; x_wconf 75' lang='lat' dir='ltr'><strong>pronuntietur</strong></span> 
     </span>
    </p>
   </div>
   <div class='ocr_carea' id='block_1_83' title="bbox 2001 3035 3592 3106">
    <p class='ocr_par' dir='ltr' id='par_1_83' title="bbox 2001 3035 3592 3106">
     <span class='ocr_line' id='line_1_83' title="bbox 2001 3035 3592 3106; baseline 0.001 -16"><span class='ocrx_word' id='word_1_556' title='bbox 2001 3051 2100 3106; x_wconf 86' lang='lat' dir='ltr'><strong>per</strong></span> <span class='ocrx_word' id='word_1_557' title='bbox 2122 3037 2338 3091; x_wconf 88' lang='lat' dir='ltr'><strong>choros.</strong></span> <span class='ocrx_word' id='word_1_558' title='bbox 2365 3035 2518 3100; x_wconf 87' lang='lat' dir='ltr'><strong>Quod</strong></span> <span class='ocrx_word' id='word_1_559' title='bbox 2547 3035 2764 3104; x_wconf 89' lang='lat' dir='ltr'><strong>quidem</strong></span> <span class='ocrx_word' id='word_1_560' title='bbox 2795 3044 2949 3089; x_wconf 75' lang='lat' dir='ltr'><strong>extra</strong></span> <span class='ocrx_word' id='word_1_561' title='bbox 2977 3035 3216 3092; x_wconf 86' lang='lat' dir='ltr'><strong>divinum</strong></span> <span class='ocrx_word' id='word_1_562' title='bbox 3243 3037 3480 3093; x_wconf 84' lang='lat' dir='ltr'><strong>ollicium</strong></span> <span class='ocrx_word' id='word_1_563' title='bbox 3509 3039 3592 3092; x_wconf 88' lang='lat' dir='ltr'><strong>in-</strong></span> 
     </span>
    </p>
   </div>
   <div class='ocr_carea' id='block_1_84' title="bbox 2008 3105 2480 3176">
    <p class='ocr_par' dir='ltr' id='par_1_84' title="bbox 2008 3105 2480 3176">
     <span class='ocr_line' id='line_1_84' title="bbox 2008 3105 2480 3176; baseline -0.004 -17"><span class='ocrx_word' id='word_1_564' title='bbox 2008 3105 2352 3176; x_wconf 81' lang='lat' dir='ltr'><strong>telligendum</strong></span> <span class='ocrx_word' id='word_1_565' title='bbox 2378 3115 2480 3176; x_wconf 86' lang='lat' dir='ltr'><strong>est.</strong></span> 
     </span>
    </p>
   </div>
   <div class='ocr_carea' id='block_1_85' title="bbox 2074 3173 3587 3244">
    <p class='ocr_par' dir='ltr' id='par_1_85' title="bbox 2074 3173 3587 3244">
     <span class='ocr_line' id='line_1_85' title="bbox 2074 3173 3587 3244; baseline 0.003 -17"><span class='ocrx_word' id='word_1_566' title='bbox 2074 3175 2102 3215; x_wconf 66' lang='grc' dir='ltr'><strong>Ι»</strong></span> <span class='ocrx_word' id='word_1_567' title='bbox 2127 3173 2366 3229; x_wconf 61' lang='lat' dir='ltr'><strong>&#39;Dictcnt.</strong></span> <span class='ocrx_word' id='word_1_568' title='bbox 2404 3175 2478 3228; x_wconf 88' lang='lat' dir='ltr'><strong>Ita</strong></span> <span class='ocrx_word' id='word_1_569' title='bbox 2521 3175 2573 3228; x_wconf 90' lang='lat' dir='ltr'><strong>in</strong></span> <span class='ocrx_word' id='word_1_570' title='bbox 2623 3173 2828 3244; x_wconf 78' lang='lat' dir='ltr'><strong>Regula</strong></span> <span class='ocrx_word' id='word_1_571' title='bbox 2864 3191 2964 3230; x_wconf 89' lang='lat' dir='ltr'><strong>ms.</strong></span> <span class='ocrx_word' id='word_1_572' title='bbox 2995 3177 3118 3231; x_wconf 88' lang='lat' dir='ltr'><strong>cod.</strong></span> <span class='ocrx_word' id='word_1_573' title='bbox 3147 3176 3330 3242; x_wconf 84' lang='lat' dir='ltr'><strong>Flor.;</strong></span> <span class='ocrx_word' id='word_1_574' title='bbox 3370 3178 3424 3232; x_wconf 89' lang='lat' dir='ltr'><strong>id</strong></span> <span class='ocrx_word' id='word_1_575' title='bbox 3471 3187 3587 3242; x_wconf 87' lang='lat' dir='ltr'><strong>est,</strong></span> 
     </span>
    </p>
   </div>
   <div class='ocr_carea' id='block_1_86' title="bbox 1999 3245 3588 3319">
    <p class='ocr_par' dir='ltr' id='par_1_86' title="bbox 1999 3245 3588 3319">
     <span class='ocr_line' id='line_1_86' title="bbox 1999 3245 3588 3319; baseline 0.003 -21"><span class='ocrx_word' id='word_1_576' title='bbox 1999 3245 2378 3319; x_wconf 66' lang='lat' dir='ltr'><strong>pronuntient,</strong></span> <span class='ocrx_word' id='word_1_577' title='bbox 2400 3245 2523 3314; x_wconf 86' lang='lat' dir='ltr'><strong>quia</strong></span> <span class='ocrx_word' id='word_1_578' title='bbox 2550 3253 2733 3319; x_wconf 80' lang='lat' dir='ltr'><strong>postea</strong></span> <span class='ocrx_word' id='word_1_579' title='bbox 2770 3246 3064 3319; x_wconf 77' lang='lat' dir='ltr'><strong>subjungit,</strong></span> <span class='ocrx_word' id='word_1_580' title='bbox 3094 3257 3150 3300; x_wconf 84' lang='lat' dir='ltr'><strong>ut</strong></span> <span class='ocrx_word' id='word_1_581' title='bbox 3176 3250 3320 3302; x_wconf 80' lang='lat' dir='ltr'><strong>omni</strong></span> <span class='ocrx_word' id='word_1_582' title='bbox 3359 3259 3588 3319; x_wconf 78' lang='lat' dir='ltr'><strong>tempore</strong></span> 
     </span>
    </p>
   </div>
   <div class='ocr_carea' id='block_1_87' title="bbox 2000 3315 2852 3384">
    <p class='ocr_par' dir='ltr' id='par_1_87' title="bbox 2000 3315 2852 3384">
     <span class='ocr_line' id='line_1_87' title="bbox 2000 3315 2852 3384; baseline 0.001 -16"><span class='ocrx_word' id='word_1_583' title='bbox 2000 3315 2378 3384; x_wconf 70' lang='lat' dir='ltr'><strong>pronuntiandi</strong></span> <span class='ocrx_word' id='word_1_584' title='bbox 2409 3331 2535 3369; x_wconf 74' lang='lat' dir='ltr'><strong>usus</strong></span> <span class='ocrx_word' id='word_1_585' title='bbox 2567 3331 2670 3367; x_wconf 87' lang='lat' dir='ltr'><strong>non</strong></span> <span class='ocrx_word' id='word_1_586' title='bbox 2698 3316 2852 3369; x_wconf 77' lang='lat' dir='ltr'><strong>desit.</strong></span> 
     </span>
    </p>
   </div>
   <div class='ocr_carea' id='block_1_88' title="bbox 2074 3384 3589 3458">
    <p class='ocr_par' dir='ltr' id='par_1_88' title="bbox 2074 3384 3589 3458">
     <span class='ocr_line' id='line_1_88' title="bbox 2074 3384 3589 3458; baseline 0.003 -20"><span class='ocrx_word' id='word_1_587' title='bbox 2074 3399 2096 3423; x_wconf 73' lang='grc' dir='ltr'><strong>ιε</strong></span> <span class='ocrx_word' id='word_1_588' title='bbox 2139 3384 2410 3458; x_wconf 65' lang='lat' dir='ltr'><strong>Psallendi</strong></span> <span class='ocrx_word' id='word_1_589' title='bbox 2430 3401 2640 3458; x_wconf 67' lang='lat' dir='ltr'><strong>quoque</strong></span> <span class='ocrx_word' id='word_1_590' title='bbox 2670 3386 2876 3458; x_wconf 70' lang='lat' dir='ltr'><strong>modus.</strong></span> <span class='ocrx_word' id='word_1_591' title='bbox 2907 3384 3005 3440; x_wconf 80' lang='lat' dir='ltr'><strong>Hie</strong></span> <span class='ocrx_word' id='word_1_592' title='bbox 3034 3386 3224 3453; x_wconf 85' lang='lat' dir='ltr'><strong>incipit</strong></span> <span class='ocrx_word' id='word_1_593' title='bbox 3247 3397 3421 3458; x_wconf 85' lang='lat' dir='ltr'><strong>caput</strong></span> <span class='ocrx_word' id='word_1_594' title='bbox 3437 3397 3589 3443; x_wconf 82' lang='lat' dir='ltr'><strong>octa-</strong></span> 
     </span>
    </p>
   </div>
   <div class='ocr_carea' id='block_1_89' title="bbox 2001 3453 3452 3524">
    <p class='ocr_par' dir='ltr' id='par_1_89' title="bbox 2001 3453 3452 3524">
     <span class='ocr_line' id='line_1_89' title="bbox 2001 3453 3452 3524; baseline 0.005 -18"><span class='ocrx_word' id='word_1_595' title='bbox 2001 3470 2128 3524; x_wconf 88' lang='lat' dir='ltr'><strong>vum</strong></span> <span class='ocrx_word' id='word_1_596' title='bbox 2155 3453 2396 3523; x_wconf 80' lang='lat' dir='ltr'><strong>ejusdem</strong></span> <span class='ocrx_word' id='word_1_597' title='bbox 2428 3453 2646 3524; x_wconf 70' lang='lat' dir='ltr'><strong>Regula:</strong></span> <span class='ocrx_word' id='word_1_598' title='bbox 2673 3455 2726 3508; x_wconf 90' lang='lat' dir='ltr'><strong>in</strong></span> <span class='ocrx_word' id='word_1_599' title='bbox 2757 3455 2923 3510; x_wconf 75' lang='lat' dir='ltr'><strong>citato</strong></span> <span class='ocrx_word' id='word_1_600' title='bbox 2945 3458 3066 3512; x_wconf 90' lang='lat' dir='ltr'><strong>cod.</strong></span> <span class='ocrx_word' id='word_1_601' title='bbox 3093 3453 3452 3513; x_wconf 75' lang='lat' dir='ltr'><strong>Floriacénsi.</strong></span> 
     </span>
    </p>
   </div>
   <div class='ocr_carea' id='block_1_90' title="bbox 2073 3523 3592 3605">
    <p class='ocr_par' dir='ltr' id='par_1_90' title="bbox 2073 3523 3592 3605">
     <span class='ocr_line' id='line_1_90' title="bbox 2073 3523 3592 3605; baseline 0.003 -28"><span class='ocrx_word' id='word_1_602' title='bbox 2073 3523 2098 3564; x_wconf 73' lang='grc'><strong>(1</strong></span> <span class='ocrx_word' id='word_1_603' title='bbox 2118 3523 2529 3605; x_wconf 64' lang='lat' dir='ltr'><strong>Seruate._l.c_ge,</strong></span> <span class='ocrx_word' id='word_1_604' title='bbox 2545 3535 2768 3605; x_wconf 70' lang='lat' dir='ltr'><strong>seruato,</strong></span> <span class='ocrx_word' id='word_1_605' title='bbox 2795 3534 2854 3580; x_wconf 90' lang='lat' dir='ltr'><strong>ut</strong></span> <span class='ocrx_word' id='word_1_606' title='bbox 2877 3526 2928 3579; x_wconf 91' lang='lat' dir='ltr'><strong>in</strong></span> <span class='ocrx_word' id='word_1_607' title='bbox 2953 3527 3073 3581; x_wconf 83' lang='lat' dir='ltr'><strong>eod.</strong></span> <span class='ocrx_word' id='word_1_608' title='bbox 3093 3527 3265 3593; x_wconf 84' lang='lat' dir='ltr'><strong>Flor.,</strong></span> <span class='ocrx_word' id='word_1_609' title='bbox 3280 3529 3426 3597; x_wconf 88' lang='lat' dir='ltr'><strong>quod</strong></span> <span class='ocrx_word' id='word_1_610' title='bbox 3452 3543 3592 3582; x_wconf 85' lang='lat' dir='ltr'><strong>sum-</strong></span> 
     </span>
    </p>
   </div>
   <div class='ocr_carea' id='block_1_91' title="bbox 2001 3593 3586 3738">
    <p class='ocr_par' dir='ltr' id='par_1_91' title="bbox 2001 3593 3586 3738">
     <span class='ocr_line' id='line_1_91' title="bbox 2001 3593 3312 3666; baseline 0.002 -18"><span class='ocrx_word' id='word_1_611' title='bbox 2001 3603 2151 3663; x_wconf 90' lang='lat' dir='ltr'><strong>ptum</strong></span> <span class='ocrx_word' id='word_1_612' title='bbox 2178 3593 2562 3650; x_wconf 83' lang='lat' dir='ltr'><strong>adverbialiter</strong></span> <span class='ocrx_word' id='word_1_613' title='bbox 2595 3595 2735 3650; x_wconf 76' lang='lat' dir='ltr'><strong>idem</strong></span> <span class='ocrx_word' id='word_1_614' title='bbox 2763 3605 2848 3650; x_wconf 88' lang='lat' dir='ltr'><strong>est</strong></span> <span class='ocrx_word' id='word_1_615' title='bbox 2869 3611 2933 3650; x_wconf 87' lang='lat' dir='ltr'><strong>ac</strong></span> <span class='ocrx_word' id='word_1_616' title='bbox 2960 3608 3193 3666; x_wconf 67' lang='lat' dir='ltr'><strong>accepto.</strong></span> <span class='ocrx_word' id='word_1_617' title='bbox 3297 3593 3312 3597; x_wconf 70' lang='grc'><strong><em>“</em></strong></span> 
     </span>
     <span class='ocr_line' id='line_1_92' title="bbox 2078 3663 3586 3738; baseline 0.001 -20"><span class='ocrx_word' id='word_1_618' title='bbox 2078 3677 2099 3702; x_wconf 74' lang='grc' dir='ltr'>ε</span> <span class='ocrx_word' id='word_1_619' title='bbox 2132 3663 2361 3738; x_wconf 74' lang='lat' dir='ltr'><strong>Onusam</strong></span> <span class='ocrx_word' id='word_1_620' title='bbox 2390 3666 2642 3738; x_wconf 74' lang='lat' dir='ltr'><strong>imminet.</strong></span> <span class='ocrx_word' id='word_1_621' title='bbox 2683 3665 2755 3718; x_wconf 87' lang='lat' dir='ltr'><strong>Ita</strong></span> <span class='ocrx_word' id='word_1_622' title='bbox 2785 3667 2836 3719; x_wconf 91' lang='lat' dir='ltr'><strong>in</strong></span> <span class='ocrx_word' id='word_1_623' title='bbox 2868 3667 2988 3721; x_wconf 80' lang='lat' dir='ltr'><strong>cod.</strong></span> <span class='ocrx_word' id='word_1_624' title='bbox 3033 3666 3178 3721; x_wconf 79' lang='lat' dir='ltr'><strong>Flor.</strong></span> <span class='ocrx_word' id='word_1_625' title='bbox 3209 3667 3350 3738; x_wconf 73' lang='lat' dir='ltr'><strong>Lege</strong></span> <span class='ocrx_word' id='word_1_626' title='bbox 3381 3675 3586 3731; x_wconf 81' lang='lat' dir='ltr'><strong>tamen,</strong></span> 
     </span>
    </p>
   </div>
   <div class='ocr_carea' id='block_1_92' title="bbox 2001 3735 3588 3806">
    <p class='ocr_par' dir='ltr' id='par_1_92' title="bbox 2001 3735 3588 3806">
     <span class='ocr_line' id='line_1_93' title="bbox 2001 3735 3588 3806; baseline 0.003 -19"><span class='ocrx_word' id='word_1_627' title='bbox 2001 3752 2163 3788; x_wconf 76' lang='lat' dir='ltr'><strong>causa</strong></span> <span class='ocrx_word' id='word_1_628' title='bbox 2194 3735 2448 3796; x_wconf 83' lang='lat' dir='ltr'><strong>imminet,</strong></span> <span class='ocrx_word' id='word_1_629' title='bbox 2483 3735 2577 3788; x_wconf 87' lang='lat' dir='ltr'><strong>ubi</strong></span> <span class='ocrx_word' id='word_1_630' title='bbox 2601 3749 2764 3789; x_wconf 89' lang='lat' dir='ltr'><strong>causa</strong></span> <span class='ocrx_word' id='word_1_631' title='bbox 2792 3744 2876 3790; x_wconf 82' lang='lat' dir='ltr'><strong>est</strong></span> <span class='ocrx_word' id='word_1_632' title='bbox 2910 3746 3170 3806; x_wconf 83' lang='lat' dir='ltr'><strong>potestas,</strong></span> <span class='ocrx_word' id='word_1_633' title='bbox 3203 3749 3261 3789; x_wconf 87' lang='grc' dir='ltr'>ιιι</span> <span class='ocrx_word' id='word_1_634' title='bbox 3291 3735 3456 3806; x_wconf 63' lang='lat' dir='ltr'><strong>Supra</strong></span> <span class='ocrx_word' id='word_1_635' title='bbox 3489 3753 3588 3792; x_wconf 91' lang='lat' dir='ltr'><strong>no-</strong></span> 
     </span>
    </p>
   </div>
   <div class='ocr_carea' id='block_1_93' title="bbox 2004 3813 3128 3858">
    <p class='ocr_par' dir='ltr' id='par_1_93' title="bbox 2004 3813 3128 3858">
     <span class='ocr_line' id='line_1_94' title="bbox 2004 3813 3128 3858; baseline -0.001 0"><span class='ocrx_word' id='word_1_636' title='bbox 2004 3813 2175 3858; x_wconf 86' lang='lat' dir='ltr'><strong>tatum</strong></span> <span class='ocrx_word' id='word_1_637' title='bbox 2202 3815 2304 3858; x_wconf 89' lang='lat' dir='ltr'><strong>est.</strong></span> <span class='ocrx_word' id='word_1_638' title='bbox 3120 3827 3128 3832; x_wconf 81' lang='lat'><strong><em>&#39;</em></strong></span> 
     </span>
    </p>
   </div>
   <div class='ocr_carea' id='block_1_94' title="bbox 2082 3872 2944 3930">
    <p class='ocr_par' dir='ltr' id='par_1_94' title="bbox 2082 3872 2944 3930">
     <span class='ocr_line' id='line_1_95' title="bbox 2082 3872 2944 3930; baseline 0.005 -4"><span class='ocrx_word' id='word_1_639' title='bbox 2082 3873 2100 3911; x_wconf 67' lang='grc' dir='ltr'><strong>ί</strong></span> <span class='ocrx_word' id='word_1_640' title='bbox 2138 3873 2203 3926; x_wconf 89' lang='lat' dir='ltr'><strong>In</strong></span> <span class='ocrx_word' id='word_1_641' title='bbox 2235 3891 2354 3926; x_wconf 79' lang='lat' dir='ltr'><strong>usu.</strong></span> <span class='ocrx_word' id='word_1_642' title='bbox 2379 3872 2645 3928; x_wconf 80' lang='lat' dir='ltr'><strong>Psallendi</strong></span> <span class='ocrx_word' id='word_1_643' title='bbox 2674 3873 2944 3930; x_wconf 78' lang='lat' dir='ltr'><strong>videlicet.</strong></span> 
     </span>
    </p>
   </div>
   <div class='ocr_carea' id='block_1_95' title="bbox 1640 4123 2262 4202">
    <p class='ocr_par' dir='ltr' id='par_1_95' title="bbox 1640 4123 2262 4202">
     <span class='ocr_line' id='line_1_96' title="bbox 1640 4123 2262 4202; baseline 0 -2"><span class='ocrx_word' id='word_1_644' title='bbox 1640 4123 1978 4201; x_wconf 84' lang='lat' dir='ltr'><strong>CAPUT</strong></span> <span class='ocrx_word' id='word_1_645' title='bbox 2058 4125 2262 4202; x_wconf 84' lang='lat' dir='ltr'><strong>LIV.</strong></span> 
     </span>
    </p>
   </div>
   <div class='ocr_carea' id='block_1_96' title="bbox 1318 4274 2606 4334">
    <p class='ocr_par' dir='ltr' id='par_1_96' title="bbox 1318 4274 2606 4334">
     <span class='ocr_line' id='line_1_97' title="bbox 1318 4274 2606 4334; baseline 0.002 -5"><span class='ocrx_word' id='word_1_646' title='bbox 1318 4275 1404 4329; x_wconf 85' lang='lat' dir='ltr'><strong>DE</strong></span> <span class='ocrx_word' id='word_1_647' title='bbox 1443 4274 1920 4332; x_wconf 70' lang='lat' dir='ltr'><strong>SIGNIFICANDA</strong></span> <span class='ocrx_word' id='word_1_648' title='bbox 1959 4275 2149 4332; x_wconf 78' lang='lat' dir='ltr'><strong>HORA</strong></span> <span class='ocrx_word' id='word_1_649' title='bbox 2187 4275 2435 4334; x_wconf 78' lang='lat' dir='ltr'><strong>OPERIS</strong></span> <span class='ocrx_word' id='word_1_650' title='bbox 2472 4277 2606 4332; x_wconf 83' lang='lat' dir='ltr'><strong>DEI.</strong></span> 
     </span>
    </p>
   </div>
   <div class='ocr_carea' id='block_1_97' title="bbox 1799 4393 2080 4410">
    <p class='ocr_par' dir='ltr' id='par_1_97' title="bbox 1799 4393 2080 4410">
     <span class='ocr_line' id='line_1_98' title="bbox 1799 4393 2080 4410; baseline 0.007 -2"><span class='ocrx_word' id='word_1_651' title='bbox 1799 4393 2080 4410; x_wconf 57' lang='grc'><em>*</em></span> 
     </span>
    </p>
   </div>
   <div class='ocr_carea' id='block_1_98' title="bbox 554 4453 1646 4528">
    <p class='ocr_par' dir='ltr' id='par_1_98' title="bbox 554 4453 1646 4528">
     <span class='ocr_line' id='line_1_99' title="bbox 554 4453 1646 4528; baseline -0.005 -17"><span class='ocrx_word' id='word_1_652' title='bbox 554 4455 584 4528; x_wconf 77' lang='lat'><strong>§</strong></span> <span class='ocrx_word' id='word_1_653' title='bbox 611 4455 650 4511; x_wconf 91' lang='grc' dir='ltr'><strong>ι.</strong></span> <span class='ocrx_word' id='word_1_654' title='bbox 674 4485 742 4495; x_wconf 91' lang='lat'><strong>——</strong></span> <span class='ocrx_word' id='word_1_655' title='bbox 765 4454 842 4508; x_wconf 79' lang='lat' dir='ltr'><strong>Ex</strong></span> <span class='ocrx_word' id='word_1_656' title='bbox 872 4453 1091 4508; x_wconf 68' lang='lat' dir='ltr'><strong>Rasum</strong></span> <span class='ocrx_word' id='word_1_657' title='bbox 1122 4468 1305 4507; x_wconf 75' lang='lat' dir='ltr'><strong>SANCTI</strong></span> <span class='ocrx_word' id='word_1_658' title='bbox 1336 4453 1646 4507; x_wconf 75' lang='lat' dir='ltr'><strong>BENEDICTI.</strong></span> 
     </span>
    </p>
   </div>
   <div class='ocr_carea' id='block_1_99' title="bbox 393 4543 1898 4614">
    <p class='ocr_par' dir='ltr' id='par_1_99' title="bbox 393 4543 1898 4614">
     <span class='ocr_line' id='line_1_100' title="bbox 393 4543 1898 4614; baseline -0.002 -10"><span class='ocrx_word' id='word_1_659' title='bbox 393 4565 417 4591; x_wconf 70' lang='grc' dir='ltr'>α</span> <span class='ocrx_word' id='word_1_660' title='bbox 445 4547 752 4604; x_wconf 80' lang='lat' dir='ltr'><strong>Nuntianda</strong></span> <span class='ocrx_word' id='word_1_661' title='bbox 779 4546 909 4600; x_wconf 87' lang='lat' dir='ltr'><strong>hora</strong></span> <span class='ocrx_word' id='word_1_662' title='bbox 937 4544 1119 4614; x_wconf 88' lang='lat' dir='ltr'><strong>operis</strong></span> <span class='ocrx_word' id='word_1_663' title='bbox 1140 4543 1236 4596; x_wconf 89' lang='lat' dir='ltr'><strong>Dei</strong></span> <span class='ocrx_word' id='word_1_664' title='bbox 1263 4543 1350 4598; x_wconf 85' lang='lat' dir='ltr'><strong>die</strong></span> <span class='ocrx_word' id='word_1_665' title='bbox 1380 4553 1649 4614; x_wconf 84' lang='lat' dir='ltr'><strong>noctuque</strong></span> <span class='ocrx_word' id='word_1_666' title='bbox 1675 4545 1745 4600; x_wconf 91' lang='lat' dir='ltr'><strong>sit</strong></span> <span class='ocrx_word' id='word_1_667' title='bbox 1770 4563 1898 4601; x_wconf 87' lang='lat' dir='ltr'><strong>cura</strong></span> 
     </span>
    </p>
   </div>
   <div class='ocr_carea' id='block_1_100' title="bbox 318 4633 1898 4708">
    <p class='ocr_par' dir='ltr' id='par_1_100' title="bbox 318 4633 1898 4708">
     <span class='ocr_line' id='line_1_101' title="bbox 318 4633 1898 4708; baseline -0.004 -12"><span class='ocrx_word' id='word_1_668' title='bbox 318 4640 531 4695; x_wconf 82' lang='lat' dir='ltr'><strong>abbatis</strong></span> <span class='ocrx_word' id='word_1_669' title='bbox 579 4645 671 4692; x_wconf 90' lang='lat' dir='ltr'><strong>aut</strong></span> <span class='ocrx_word' id='word_1_670' title='bbox 719 4637 834 4708; x_wconf 89' lang='lat' dir='ltr'><strong>ipse</strong></span> <span class='ocrx_word' id='word_1_671' title='bbox 871 4633 1141 4696; x_wconf 88' lang='lat' dir='ltr'><strong>nuntiare,</strong></span> <span class='ocrx_word' id='word_1_672' title='bbox 1189 4643 1281 4686; x_wconf 88' lang='lat' dir='ltr'><strong>aut</strong></span> <span class='ocrx_word' id='word_1_673' title='bbox 1334 4633 1424 4688; x_wconf 86' lang='lat' dir='ltr'><strong>tali</strong></span> <span class='ocrx_word' id='word_1_674' title='bbox 1479 4633 1710 4688; x_wconf 83' lang='lat' dir='ltr'><strong>sollicito</strong></span> <span class='ocrx_word' id='word_1_675' title='bbox 1744 4634 1898 4690; x_wconf 81' lang='lat' dir='ltr'><strong>fratri</strong></span> 
     </span>
    </p>
   </div>
   <div class='ocr_carea' id='block_1_101' title="bbox 392 4764 1899 4836">
    <p class='ocr_par' dir='ltr' id='par_1_101' title="bbox 392 4764 1899 4836">
     <span class='ocr_line' id='line_1_102' title="bbox 392 4764 1899 4836; baseline -0.003 -9"><span class='ocrx_word' id='word_1_676' title='bbox 392 4787 417 4815; x_wconf 75' lang='grc' dir='ltr'>α</span> <span class='ocrx_word' id='word_1_677' title='bbox 460 4769 772 4828; x_wconf 72' lang='grc' dir='ltr'><strong>Νιιιιιὶαηάα</strong></span> <span class='ocrx_word' id='word_1_678' title='bbox 801 4769 930 4824; x_wconf 84' lang='lat' dir='ltr'><strong>hora</strong></span> <span class='ocrx_word' id='word_1_679' title='bbox 959 4767 1125 4836; x_wconf 75' lang='lat' dir='ltr'><strong>operis</strong></span> <span class='ocrx_word' id='word_1_680' title='bbox 1156 4764 1270 4830; x_wconf 85' lang='lat' dir='ltr'><strong>Dei,</strong></span> <span class='ocrx_word' id='word_1_681' title='bbox 1299 4777 1405 4820; x_wconf 86' lang='lat' dir='ltr'><strong>etc.</strong></span> <span class='ocrx_word' id='word_1_682' title='bbox 1444 4767 1618 4821; x_wconf 76' lang='lat' dir='ltr'><strong>Varia:</strong></span> <span class='ocrx_word' id='word_1_683' title='bbox 1645 4778 1770 4823; x_wconf 89' lang='lat' dir='ltr'><strong>sunt</strong></span> <span class='ocrx_word' id='word_1_684' title='bbox 1801 4769 1899 4822; x_wconf 87' lang='lat' dir='ltr'><strong>hn-</strong></span> 
     </span>
    </p>
   </div>
   <div class='ocr_carea' id='block_1_102' title="bbox 313 4836 1894 4917">
    <p class='ocr_par' dir='ltr' id='par_1_102' title="bbox 313 4836 1894 4917">
     <span class='ocr_line' id='line_1_103' title="bbox 313 4836 1894 4917; baseline -0.003 -21"><span class='ocrx_word' id='word_1_685' title='bbox 313 4845 401 4914; x_wconf 90' lang='lat' dir='ltr'><strong>jus</strong></span> <span class='ocrx_word' id='word_1_686' title='bbox 429 4845 532 4917; x_wconf 77' lang='lat' dir='ltr'><strong>loci</strong></span> <span class='ocrx_word' id='word_1_687' title='bbox 564 4840 842 4917; x_wconf 72' lang='lat' dir='ltr'><strong>lectiones.</strong></span> <span class='ocrx_word' id='word_1_688' title='bbox 872 4837 975 4890; x_wconf 79' lang='lat' dir='ltr'><strong>Alii</strong></span> <span class='ocrx_word' id='word_1_689' title='bbox 1009 4836 1191 4917; x_wconf 65' lang='lat' dir='ltr'><strong>legunt</strong></span> <span class='ocrx_word' id='word_1_690' title='bbox 1218 4837 1490 4917; x_wconf 61' lang='lat' dir='ltr'><strong>nuntiare;</strong></span> <span class='ocrx_word' id='word_1_691' title='bbox 1521 4837 1633 4911; x_wconf 75' lang='lat' dir='ltr'><strong>alii,</strong></span> <span class='ocrx_word' id='word_1_692' title='bbox 1665 4848 1756 4891; x_wconf 84' lang='lat' dir='ltr'><strong>aut</strong></span> <span class='ocrx_word' id='word_1_693' title='bbox 1786 4839 1894 4917; x_wconf 76' lang='lat' dir='ltr'><strong>ipse</strong></span> 
     </span>
    </p>
   </div>
   <div class='ocr_carea' id='block_1_103' title="bbox 321 4905 1896 4979">
    <p class='ocr_par' dir='ltr' id='par_1_103' title="bbox 321 4905 1896 4979">
     <span class='ocr_line' id='line_1_104' title="bbox 321 4905 1896 4979; baseline -0.006 -9"><span class='ocrx_word' id='word_1_694' title='bbox 321 4905 550 4978; x_wconf 76' lang='lat' dir='ltr'><strong>nuntiet;</strong></span> <span class='ocrx_word' id='word_1_695' title='bbox 573 4913 686 4977; x_wconf 88' lang='lat' dir='ltr'><strong>alii,</strong></span> <span class='ocrx_word' id='word_1_696' title='bbox 710 4919 766 4965; x_wconf 83' lang='lat' dir='ltr'><strong>ut</strong></span> <span class='ocrx_word' id='word_1_697' title='bbox 791 4910 899 4978; x_wconf 76' lang='lat' dir='ltr'><strong>ipse</strong></span> <span class='ocrx_word' id='word_1_698' title='bbox 925 4905 1140 4979; x_wconf 75' lang='lat' dir='ltr'><strong>nnntiet.</strong></span> <span class='ocrx_word' id='word_1_699' title='bbox 1171 4905 1476 4979; x_wconf 69' lang='lat' dir='ltr'><strong>Legendum</strong></span> <span class='ocrx_word' id='word_1_700' title='bbox 1500 4905 1652 4976; x_wconf 82' lang='lat' dir='ltr'><strong>puto,</strong></span> <span class='ocrx_word' id='word_1_701' title='bbox 1675 4919 1764 4961; x_wconf 83' lang='lat' dir='ltr'><strong>aut</strong></span> <span class='ocrx_word' id='word_1_702' title='bbox 1788 4905 1896 4979; x_wconf 81' lang='lat' dir='ltr'><strong>ipse</strong></span> 
     </span>
    </p>
   </div>
   <div class='ocr_carea' id='block_1_104' title="bbox 321 4977 1897 5048">
    <p class='ocr_par' dir='ltr' id='par_1_104' title="bbox 321 4977 1897 5048">
     <span class='ocr_line' id='line_1_105' title="bbox 321 4977 1897 5048; baseline -0.004 -10"><span class='ocrx_word' id='word_1_703' title='bbox 321 4977 552 5048; x_wconf 80' lang='lat' dir='ltr'><strong>nuntiet,</strong></span> <span class='ocrx_word' id='word_1_704' title='bbox 597 4990 655 5035; x_wconf 91' lang='lat' dir='ltr'><strong>ut</strong></span> <span class='ocrx_word' id='word_1_705' title='bbox 697 4983 748 5037; x_wconf 91' lang='lat' dir='ltr'><strong>in</strong></span> <span class='ocrx_word' id='word_1_706' title='bbox 801 4977 928 5034; x_wconf 79' lang='lat' dir='ltr'><strong>mss.</strong></span> <span class='ocrx_word' id='word_1_707' title='bbox 971 4977 1028 5031; x_wconf 84' lang='lat' dir='ltr'><strong>S.</strong></span> <span class='ocrx_word' id='word_1_708' title='bbox 1079 4977 1365 5046; x_wconf 78' lang='lat' dir='ltr'><strong>Ebrulplii,</strong></span> <span class='ocrx_word' id='word_1_709' title='bbox 1395 4986 1450 5031; x_wconf 88' lang='lat' dir='ltr'><strong>et</strong></span> <span class='ocrx_word' id='word_1_710' title='bbox 1483 4979 1618 5034; x_wconf 73' lang='lat' dir='ltr'><strong>Vict.</strong></span> <span class='ocrx_word' id='word_1_711' title='bbox 1669 4994 1745 5048; x_wconf 91' lang='lat' dir='ltr'><strong>p.,</strong></span> <span class='ocrx_word' id='word_1_712' title='bbox 1793 4977 1897 5032; x_wconf 83' lang='lat' dir='ltr'><strong>hoc</strong></span> 
     </span>
    </p>
   </div>
   <div class='ocr_carea' id='block_1_105' title="bbox 322 5047 1896 5120">
    <p class='ocr_par' dir='ltr' id='par_1_105' title="bbox 322 5047 1896 5120">
     <span class='ocr_line' id='line_1_106' title="bbox 322 5047 1896 5120; baseline -0.006 -11"><span class='ocrx_word' id='word_1_713' title='bbox 322 5047 860 5110; x_wconf 60' lang='lat' dir='ltr'><strong>modothntianda</strong></span> <span class='ocrx_word' id='word_1_714' title='bbox 891 5047 1021 5103; x_wconf 74' lang='lat' dir='ltr'><strong>liora</strong></span> <span class='ocrx_word' id='word_1_715' title='bbox 1067 5049 1235 5116; x_wconf 81' lang='lat' dir='ltr'><strong>operis</strong></span> <span class='ocrx_word' id='word_1_716' title='bbox 1283 5048 1376 5101; x_wconf 84' lang='lat' dir='ltr'><strong>Dei</strong></span> <span class='ocrx_word' id='word_1_717' title='bbox 1420 5049 1504 5120; x_wconf 76' lang='lat' dir='ltr'><strong>die</strong></span> <span class='ocrx_word' id='word_1_718' title='bbox 1547 5059 1801 5120; x_wconf 73' lang='lat' dir='ltr'><strong>nectuqne</strong></span> <span class='ocrx_word' id='word_1_719' title='bbox 1829 5049 1896 5102; x_wconf 83' lang='lat' dir='ltr'><strong>sit</strong></span> 
     </span>
    </p>
   </div>
   <div class='ocr_carea' id='block_1_106' title="bbox 320 5117 1898 5191">
    <p class='ocr_par' dir='ltr' id='par_1_106' title="bbox 320 5117 1898 5191">
     <span class='ocr_line' id='line_1_107' title="bbox 320 5117 1898 5191; baseline -0.003 -15"><span class='ocrx_word' id='word_1_720' title='bbox 320 5142 446 5178; x_wconf 82' lang='lat' dir='ltr'><strong>cura</strong></span> <span class='ocrx_word' id='word_1_721' title='bbox 473 5124 693 5179; x_wconf 79' lang='lat' dir='ltr'><strong>abbatis.</strong></span> <span class='ocrx_word' id='word_1_722' title='bbox 727 5122 829 5174; x_wconf 83' lang='grc' dir='ltr'>Αιιι</span> <span class='ocrx_word' id='word_1_723' title='bbox 855 5121 960 5191; x_wconf 78' lang='lat' dir='ltr'><strong>ipse</strong></span> <span class='ocrx_word' id='word_1_724' title='bbox 989 5121 1208 5191; x_wconf 79' lang='lat' dir='ltr'><strong>nuntiet,</strong></span> <span class='ocrx_word' id='word_1_725' title='bbox 1239 5129 1328 5191; x_wconf 70' lang='lat' dir='ltr'><strong>aut</strong></span> <span class='ocrx_word' id='word_1_726' title='bbox 1365 5119 1458 5172; x_wconf 84' lang='lat' dir='ltr'><strong>tali</strong></span> <span class='ocrx_word' id='word_1_727' title='bbox 1492 5117 1724 5171; x_wconf 81' lang='lat' dir='ltr'><strong>sollicito</strong></span> <span class='ocrx_word' id='word_1_728' title='bbox 1741 5117 1898 5187; x_wconf 79' lang='lat' dir='ltr'><strong>fratri</strong></span> 
     </span>
    </p>
   </div>
   <div class='ocr_carea' id='block_1_107' title="bbox 321 5188 1898 5264">
    <p class='ocr_par' dir='ltr' id='par_1_107' title="bbox 321 5188 1898 5264">
     <span class='ocr_line' id='line_1_108' title="bbox 321 5188 1898 5264; baseline -0.003 -17"><span class='ocrx_word' id='word_1_729' title='bbox 321 5194 559 5264; x_wconf 78' lang='lat' dir='ltr'><strong>injungat</strong></span> <span class='ocrx_word' id='word_1_730' title='bbox 597 5197 730 5264; x_wconf 78' lang='lat' dir='ltr'><strong>hunc</strong></span> <span class='ocrx_word' id='word_1_731' title='bbox 771 5188 978 5264; x_wconf 56' lang='lat' dir='ltr'><strong>curam.</strong></span> <span class='ocrx_word' id='word_1_732' title='bbox 1004 5189 1080 5264; x_wconf 73' lang='lat' dir='ltr'><strong>Ita</strong></span> <span class='ocrx_word' id='word_1_733' title='bbox 1128 5197 1186 5241; x_wconf 88' lang='lat' dir='ltr'><strong>ut</strong></span> <span class='ocrx_word' id='word_1_734' title='bbox 1220 5188 1393 5264; x_wconf 80' lang='lat' dir='ltr'><strong>primo</strong></span> <span class='ocrx_word' id='word_1_735' title='bbox 1431 5196 1658 5264; x_wconf 74' lang='lat' dir='ltr'><strong>ponatur</strong></span> <span class='ocrx_word' id='word_1_736' title='bbox 1703 5203 1898 5257; x_wconf 89' lang='lat' dir='ltr'><strong>propo-</strong></span> 
     </span>
    </p>
   </div>
   <div class='ocr_carea' id='block_1_108' title="bbox 322 5258 1894 5334">
    <p class='ocr_par' dir='ltr' id='par_1_108' title="bbox 322 5258 1894 5334">
     <span class='ocr_line' id='line_1_109' title="bbox 322 5258 1894 5334; baseline -0.005 -14"><span class='ocrx_word' id='word_1_737' title='bbox 322 5258 446 5320; x_wconf 68' lang='lat' dir='ltr'><strong>sitio</strong></span> <span class='ocrx_word' id='word_1_738' title='bbox 473 5258 780 5334; x_wconf 55' lang='lat' dir='ltr'><strong>&#39;generalis,</strong></span> <span class='ocrx_word' id='word_1_739' title='bbox 818 5267 879 5314; x_wconf 89' lang='lat' dir='ltr'><strong>ut</strong></span> <span class='ocrx_word' id='word_1_740' title='bbox 927 5259 1183 5334; x_wconf 79' lang='lat' dir='ltr'><strong>nimirum</strong></span> <span class='ocrx_word' id='word_1_741' title='bbox 1227 5259 1539 5334; x_wconf 64' lang='lat' dir='ltr'><strong>nuntianda;</strong></span> <span class='ocrx_word' id='word_1_742' title='bbox 1571 5258 1717 5312; x_wconf 63' lang='lat' dir='ltr'><strong>hora:</strong></span> <span class='ocrx_word' id='word_1_743' title='bbox 1752 5272 1894 5334; x_wconf 80' lang='lat' dir='ltr'><strong>_op_e-</strong></span> 
     </span>
    </p>
   </div>
   <div class='ocr_carea' id='block_1_109' title="bbox 323 5327 1890 5400">
    <p class='ocr_par' dir='ltr' id='par_1_109' title="bbox 323 5327 1890 5400">
     <span class='ocr_line' id='line_1_110' title="bbox 323 5327 1890 5400; baseline -0.004 -12"><span class='ocrx_word' id='word_1_744' title='bbox 323 5335 400 5388; x_wconf 73' lang='lat' dir='ltr'><strong>ris</strong></span> <span class='ocrx_word' id='word_1_745' title='bbox 439 5327 532 5390; x_wconf 73' lang='grc' dir='ltr'><strong>Ι)δὶ</strong></span> <span class='ocrx_word' id='word_1_746' title='bbox 569 5350 698 5389; x_wconf 79' lang='lat' dir='ltr'><strong>cura</strong></span> <span class='ocrx_word' id='word_1_747' title='bbox 742 5345 906 5400; x_wconf 84' lang='lat' dir='ltr'><strong>penes</strong></span> <span class='ocrx_word' id='word_1_748' title='bbox 944 5329 1195 5400; x_wconf 82' lang='lat' dir='ltr'><strong>abbatem</strong></span> <span class='ocrx_word' id='word_1_749' title='bbox 1235 5329 1338 5392; x_wconf 87' lang='lat' dir='ltr'><strong>sit;</strong></span> <span class='ocrx_word' id='word_1_750' title='bbox 1373 5327 1890 5400; x_wconf 12' lang='lat' dir='ltr'><strong>qdeindeﬁispecialis,</strong></span> 
     </span>
    </p>
   </div>
   <div class='ocr_carea' id='block_1_110' title="bbox 325 5397 1897 5472">
    <p class='ocr_par' dir='ltr' id='par_1_110' title="bbox 325 5397 1897 5472">
     <span class='ocr_line' id='line_1_111' title="bbox 325 5397 1897 5472; baseline -0.004 -15"><span class='ocrx_word' id='word_1_751' title='bbox 325 5419 538 5472; x_wconf 61' lang='lat' dir='ltr'><strong>nempe,</strong></span> <span class='ocrx_word' id='word_1_752' title='bbox 572 5412 665 5457; x_wconf 87' lang='lat' dir='ltr'><strong>aut</strong></span> <span class='ocrx_word' id='word_1_753' title='bbox 693 5397 757 5456; x_wconf 73' lang='lat' dir='ltr'><strong>ut</strong></span> <span class='ocrx_word' id='word_1_754' title='bbox 779 5403 892 5470; x_wconf 86' lang='lat' dir='ltr'><strong>ipse</strong></span> <span class='ocrx_word' id='word_1_755' title='bbox 933 5399 1099 5472; x_wconf 74' lang='lat' dir='ltr'><strong>abbas</strong></span> <span class='ocrx_word' id='word_1_756' title='bbox 1129 5397 1518 5472; x_wconf 62' lang='lat' dir='ltr'><strong>boramdivini</strong></span> <span class='ocrx_word' id='word_1_757' title='bbox 1543 5398 1705 5472; x_wconf 78' lang='lat' dir='ltr'><strong>qﬂieii</strong></span> <span class='ocrx_word' id='word_1_758' title='bbox 1733 5397 1897 5468; x_wconf 81' lang='lat' dir='ltr'><strong>signi-</strong></span> 
     </span>
    </p>
   </div>
   <div class='ocr_carea' id='block_1_111' title="bbox 327 5467 1894 5539">
    <p class='ocr_par' dir='ltr' id='par_1_111' title="bbox 327 5467 1894 5539">
     <span class='ocr_line' id='line_1_112' title="bbox 327 5467 1894 5539; baseline -0.004 -11"><span class='ocrx_word' id='word_1_759' title='bbox 327 5467 472 5536; x_wconf 68' lang='lat' dir='ltr'><strong>ticet,</strong></span> <span class='ocrx_word' id='word_1_760' title='bbox 504 5484 595 5527; x_wconf 88' lang='lat' dir='ltr'><strong>aut</strong></span> <span class='ocrx_word' id='word_1_761' title='bbox 629 5481 687 5527; x_wconf 92' lang='lat' dir='ltr'><strong>ut</strong></span> <span class='ocrx_word' id='word_1_762' title='bbox 723 5467 863 5528; x_wconf 75' lang='lat' dir='ltr'><strong>hanc</strong></span> <span class='ocrx_word' id='word_1_763' title='bbox 908 5469 1240 5538; x_wconf 87' lang='lat' dir='ltr'><strong>provinciam</strong></span> <span class='ocrx_word' id='word_1_764' title='bbox 1270 5468 1512 5539; x_wconf 82' lang='lat' dir='ltr'><strong>diligenti</strong></span> <span class='ocrx_word' id='word_1_765' title='bbox 1555 5467 1706 5524; x_wconf 76' lang='lat' dir='ltr'><strong>fratri</strong></span> <span class='ocrx_word' id='word_1_766' title='bbox 1744 5467 1894 5524; x_wconf 85' lang='lat' dir='ltr'><strong>cem-</strong></span> 
     </span>
    </p>
   </div>
   <div class='ocr_carea' id='block_1_112' title="bbox 325 5544 524 5597">
    <p class='ocr_par' dir='ltr' id='par_1_112' title="bbox 325 5544 524 5597">
     <span class='ocr_line' id='line_1_113' title="bbox 325 5544 524 5597; baseline -0.015 0"><span class='ocrx_word' id='word_1_767' title='bbox 325 5544 524 5597; x_wconf 87' lang='lat' dir='ltr'><strong>mittat.</strong></span> 
     </span>
    </p>
   </div>
   <div class='ocr_carea' id='block_1_113' title="bbox 409 5605 1892 5678">
    <p class='ocr_par' dir='ltr' id='par_1_113' title="bbox 409 5605 1892 5678">
     <span class='ocr_line' id='line_1_114' title="bbox 409 5605 1892 5678; baseline -0.001 -17"><span class='ocrx_word' id='word_1_768' title='bbox 409 5613 436 5652; x_wconf 71' lang='grc' dir='ltr'><strong>ι)</strong></span> <span class='ocrx_word' id='word_1_769' title='bbox 473 5611 674 5674; x_wconf 77' lang='lat' dir='ltr'><strong>Quibus</strong></span> <span class='ocrx_word' id='word_1_770' title='bbox 719 5611 928 5678; x_wconf 81' lang='lat' dir='ltr'><strong>jussum</strong></span> <span class='ocrx_word' id='word_1_771' title='bbox 980 5607 1100 5676; x_wconf 83' lang='lat' dir='ltr'><strong>fuit.</strong></span> <span class='ocrx_word' id='word_1_772' title='bbox 1157 5605 1284 5662; x_wconf 88' lang='lat' dir='ltr'><strong>Sive</strong></span> <span class='ocrx_word' id='word_1_773' title='bbox 1344 5608 1721 5678; x_wconf 89' lang='lat' dir='ltr'><strong>permissum:</strong></span> <span class='ocrx_word' id='word_1_774' title='bbox 1769 5621 1892 5662; x_wconf 89' lang='lat' dir='ltr'><strong>nam</strong></span> 
     </span>
    </p>
   </div>
   <div class='ocr_carea' id='block_1_114' title="bbox 331 5677 1899 5747">
    <p class='ocr_par' dir='ltr' id='par_1_114' title="bbox 331 5677 1899 5747">
     <span class='ocr_line' id='line_1_115' title="bbox 331 5677 1899 5747; baseline -0.003 -11"><span class='ocrx_word' id='word_1_775' title='bbox 331 5681 484 5736; x_wconf 83' lang='lat' dir='ltr'><strong>multi</strong></span> <span class='ocrx_word' id='word_1_776' title='bbox 520 5688 646 5732; x_wconf 90' lang='lat' dir='ltr'><strong>sunt</strong></span> <span class='ocrx_word' id='word_1_777' title='bbox 691 5677 780 5744; x_wconf 84' lang='lat' dir='ltr'><strong>qui</strong></span> <span class='ocrx_word' id='word_1_778' title='bbox 815 5679 1166 5747; x_wconf 85' lang='lat' dir='ltr'><strong>prohibentur</strong></span> <span class='ocrx_word' id='word_1_779' title='bbox 1197 5679 1298 5732; x_wconf 91' lang='lat' dir='ltr'><strong>hoc</strong></span> <span class='ocrx_word' id='word_1_780' title='bbox 1345 5677 1547 5744; x_wconf 84' lang='lat' dir='ltr'><strong>facere,</strong></span> <span class='ocrx_word' id='word_1_781' title='bbox 1582 5689 1640 5732; x_wconf 92' lang='lat' dir='ltr'><strong>ut</strong></span> <span class='ocrx_word' id='word_1_782' title='bbox 1687 5677 1899 5733; x_wconf 85' lang='lat' dir='ltr'><strong>desides</strong></span> 
     </span>
    </p>
   </div>
   <div class='ocr_carea' id='block_1_115' title="bbox 1926 4453 3582 4532">
    <p class='ocr_par' dir='ltr' id='par_1_115' title="bbox 1926 4453 3582 4532">
     <span class='ocr_line' id='line_1_116' title="bbox 1926 4453 3582 4532; baseline 0.008 -26"><span class='ocrx_word' id='word_1_783' title='bbox 1926 4459 1978 4515; x_wconf 80' lang='grc' dir='ltr'><strong>Ι)</strong></span> <span class='ocrx_word' id='word_1_784' title='bbox 2005 4453 2248 4524; x_wconf 79' lang='lat' dir='ltr'><strong>injungat</strong></span> <span class='ocrx_word' id='word_1_785' title='bbox 2275 4454 2412 4509; x_wconf 90' lang='lat' dir='ltr'><strong>hanc</strong></span> <span class='ocrx_word' id='word_1_786' title='bbox 2441 4471 2649 4520; x_wconf 86' lang='lat' dir='ltr'><strong>curam,</strong></span> <span class='ocrx_word' id='word_1_787' title='bbox 2679 4465 2737 4510; x_wconf 93' lang='lat' dir='ltr'><strong>ut</strong></span> <span class='ocrx_word' id='word_1_788' title='bbox 2765 4459 2946 4512; x_wconf 79' lang='lat' dir='ltr'><strong>ninnia</strong></span> <span class='ocrx_word' id='word_1_789' title='bbox 2973 4459 3122 4514; x_wconf 88' lang='lat' dir='ltr'><strong>horis</strong></span> <span class='ocrx_word' id='word_1_790' title='bbox 3150 4463 3582 4532; x_wconf 85' lang='lat' dir='ltr'><strong>competentibus</strong></span> 
     </span>
    </p>
   </div>
   <div class='ocr_carea' id='block_1_116' title="bbox 2001 4543 3584 4622">
    <p class='ocr_par' dir='ltr' id='par_1_116' title="bbox 2001 4543 3584 4622">
     <span class='ocr_line' id='line_1_117' title="bbox 2001 4543 3584 4622; baseline 0.007 -28"><span class='ocrx_word' id='word_1_791' title='bbox 2001 4543 2392 4613; x_wconf 82' lang='lat' dir='ltr'><strong>compleantur.</strong></span> <span class='ocrx_word' id='word_1_792' title='bbox 2433 4543 2673 4600; x_wconf 82' lang='lat' dir='ltr'><strong>Psalmos</strong></span> <span class='ocrx_word' id='word_1_793' title='bbox 2717 4556 2918 4612; x_wconf 84' lang='lat' dir='ltr'><strong>autem,</strong></span> <span class='ocrx_word' id='word_1_794' title='bbox 2963 4548 3045 4602; x_wconf 85' lang='lat' dir='ltr'><strong>vel</strong></span> <span class='ocrx_word' id='word_1_795' title='bbox 3096 4551 3421 4619; x_wconf 85' lang='lat' dir='ltr'><strong>antiphonas</strong></span> <span class='ocrx_word' id='word_1_796' title='bbox 3464 4559 3584 4622; x_wconf 80' lang='lat' dir='ltr'><strong>post</strong></span> 
     </span>
    </p>
   </div>
   <div class='ocr_carea' id='block_1_117' title="bbox 2003 4633 3584 4710">
    <p class='ocr_par' dir='ltr' id='par_1_117' title="bbox 2003 4633 3584 4710">
     <span class='ocr_line' id='line_1_118' title="bbox 2003 4633 3584 4710; baseline 0.006 -25"><span class='ocrx_word' id='word_1_797' title='bbox 2003 4633 2255 4687; x_wconf 81' lang='lat' dir='ltr'><strong>abbatem</strong></span> <span class='ocrx_word' id='word_1_798' title='bbox 2300 4635 2491 4690; x_wconf 88' lang='lat' dir='ltr'><strong>ordine</strong></span> <span class='ocrx_word' id='word_1_799' title='bbox 2535 4653 2654 4701; x_wconf 85' lang='lat' dir='ltr'><strong>suo,</strong></span> <span class='ocrx_word' id='word_1_800' title='bbox 2685 4637 2710 4676; x_wconf 73' lang='grc' dir='ltr'><strong>ι’</strong></span> <span class='ocrx_word' id='word_1_801' title='bbox 2740 4638 2937 4707; x_wconf 88' lang='lat' dir='ltr'><strong>quibus</strong></span> <span class='ocrx_word' id='word_1_802' title='bbox 2965 4637 3178 4708; x_wconf 87' lang='lat' dir='ltr'><strong>jnssum</strong></span> <span class='ocrx_word' id='word_1_803' title='bbox 3217 4640 3403 4710; x_wconf 82' lang='lat' dir='ltr'><strong>fuerit,</strong></span> <span class='ocrx_word' id='word_1_804' title='bbox 3435 4653 3458 4681; x_wconf 74' lang='grc' dir='ltr'><strong>ο</strong></span> <span class='ocrx_word' id='word_1_805' title='bbox 3491 4643 3584 4698; x_wconf 82' lang='lat' dir='ltr'><strong>im-</strong></span> 
     </span>
    </p>
   </div>
   <div class='ocr_carea' id='block_1_118' title="bbox 1999 4765 3581 4841">
    <p class='ocr_par' dir='ltr' id='par_1_118' title="bbox 1999 4765 3581 4841">
     <span class='ocr_line' id='line_1_119' title="bbox 1999 4765 3581 4841; baseline 0.006 -23"><span class='ocrx_word' id='word_1_806' title='bbox 1999 4765 2091 4834; x_wconf 90' lang='lat' dir='ltr'><strong>qui</strong></span> <span class='ocrx_word' id='word_1_807' title='bbox 2128 4767 2280 4822; x_wconf 90' lang='lat' dir='ltr'><strong>tarde</strong></span> <span class='ocrx_word' id='word_1_808' title='bbox 2325 4778 2618 4823; x_wconf 90' lang='lat' dir='ltr'><strong>occurrunt</strong></span> <span class='ocrx_word' id='word_1_809' title='bbox 2661 4771 2730 4825; x_wconf 86' lang='lat' dir='ltr'><strong>ad</strong></span> <span class='ocrx_word' id='word_1_810' title='bbox 2778 4787 2912 4841; x_wconf 87' lang='lat' dir='ltr'><strong>opus</strong></span> <span class='ocrx_word' id='word_1_811' title='bbox 2960 4773 3088 4838; x_wconf 90' lang='lat' dir='ltr'><strong>Dei,</strong></span> <span class='ocrx_word' id='word_1_812' title='bbox 3126 4775 3581 4830; x_wconf 79' lang='lat' dir='ltr'><strong>excommunicati</strong></span> 
     </span>
    </p>
   </div>
   <div class='ocr_carea' id='block_1_119' title="bbox 2003 4841 3579 4916">
    <p class='ocr_par' dir='ltr' id='par_1_119' title="bbox 2003 4841 3579 4916">
     <span class='ocr_line' id='line_1_120' title="bbox 2003 4841 3579 4916; baseline 0.008 -28"><span class='ocrx_word' id='word_1_813' title='bbox 2003 4851 2034 4889; x_wconf 89' lang='lat' dir='ltr'><strong>a</strong></span> <span class='ocrx_word' id='word_1_814' title='bbox 2074 4851 2293 4901; x_wconf 89' lang='lat' dir='ltr'><strong>mensa,</strong></span> <span class='ocrx_word' id='word_1_815' title='bbox 2330 4847 2522 4893; x_wconf 86' lang='lat' dir='ltr'><strong>cantus</strong></span> <span class='ocrx_word' id='word_1_816' title='bbox 2568 4841 2775 4910; x_wconf 79' lang='lat' dir='ltr'><strong>ignari,</strong></span> <span class='ocrx_word' id='word_1_817' title='bbox 2823 4851 2880 4896; x_wconf 89' lang='lat' dir='ltr'><strong>et</strong></span> <span class='ocrx_word' id='word_1_818' title='bbox 2927 4845 3019 4912; x_wconf 90' lang='lat' dir='ltr'><strong>qui</strong></span> <span class='ocrx_word' id='word_1_819' title='bbox 3060 4853 3207 4898; x_wconf 90' lang='lat' dir='ltr'><strong>recte</strong></span> <span class='ocrx_word' id='word_1_820' title='bbox 3252 4845 3434 4916; x_wconf 76' lang='lat' dir='ltr'><strong>legere</strong></span> <span class='ocrx_word' id='word_1_821' title='bbox 3482 4861 3579 4900; x_wconf 90' lang='lat' dir='ltr'><strong>ne-</strong></span> 
     </span>
    </p>
   </div>
   <div class='ocr_carea' id='block_1_120' title="bbox 2041 4915 2224 4960">
    <p class='ocr_par' dir='ltr' id='par_1_120' title="bbox 2041 4915 2224 4960">
     <span class='ocr_line' id='line_1_121' title="bbox 2041 4915 2224 4960; baseline 0 -2"><span class='ocrx_word' id='word_1_822' title='bbox 2041 4915 2224 4960; x_wconf 90' lang='lat' dir='ltr'><strong>neunt.</strong></span> 
     </span>
    </p>
   </div>
   <div class='ocr_carea' id='block_1_121' title="bbox 2001 4921 3581 5058">
    <p class='ocr_par' dir='ltr' id='par_1_121' title="bbox 2001 4921 3581 5058">
     <span class='ocr_line' id='line_1_122' title="bbox 2041 4921 2224 4960; baseline 0 -2"><span class='ocrx_word' id='word_1_823' title='bbox 2041 4921 2224 4960; x_wconf 92' lang='lat' dir='ltr'><strong>neunt.</strong></span> 
     </span>
     <span class='ocr_line' id='line_1_123' title="bbox 2001 4921 3581 5058; baseline 0.008 -31"><span class='ocrx_word' id='word_1_824' title='bbox 2001 4921 2034 5058; x_wconf 28' lang='lat' dir='ltr'><strong>fl</strong></span> <span class='ocrx_word' id='word_1_825' title='bbox 2075 4987 2097 5013; x_wconf 70' lang='grc' dir='ltr'><strong>θ</strong></span> <span class='ocrx_word' id='word_1_826' title='bbox 2137 4975 2438 5058; x_wconf 73' lang='lat' dir='ltr'><strong>Intponant.</strong></span> <span class='ocrx_word' id='word_1_827' title='bbox 2467 4977 2739 5058; x_wconf 69' lang='lat' dir='ltr'><strong>Imponere</strong></span> <span class='ocrx_word' id='word_1_828' title='bbox 2769 4982 2873 5058; x_wconf 83' lang='lat' dir='ltr'><strong>hoc</strong></span> <span class='ocrx_word' id='word_1_829' title='bbox 2917 4983 3056 5058; x_wconf 70' lang='lat' dir='ltr'><strong>lacn,</strong></span> <span class='ocrx_word' id='word_1_830' title='bbox 3096 4991 3150 5038; x_wconf 91' lang='lat' dir='ltr'><strong>et</strong></span> <span class='ocrx_word' id='word_1_831' title='bbox 3189 4983 3310 5039; x_wconf 89' lang='lat' dir='ltr'><strong>aliis</strong></span> <span class='ocrx_word' id='word_1_832' title='bbox 3339 4991 3422 5040; x_wconf 84' lang='lat' dir='ltr'><strong>est</strong></span> <span class='ocrx_word' id='word_1_833' title='bbox 3453 5001 3581 5039; x_wconf 77' lang='lat' dir='ltr'><strong>can-</strong></span> 
     </span>
    </p>
   </div>
   <div class='ocr_carea' id='block_1_122' title="bbox 2003 5048 3573 5128">
    <p class='ocr_par' dir='ltr' id='par_1_122' title="bbox 2003 5048 3573 5128">
     <span class='ocr_line' id='line_1_124' title="bbox 2003 5048 3573 5128; baseline 0.007 -30"><span class='ocrx_word' id='word_1_834' title='bbox 2003 5048 2355 5128; x_wconf 40' lang='lat' dir='ltr'><strong>turehdicere,</strong></span> <span class='ocrx_word' id='word_1_835' title='bbox 2384 5048 2744 5128; x_wconf 71' lang='lat' dir='ltr'><strong>pronuntiare,</strong></span> <span class='ocrx_word' id='word_1_836' title='bbox 2775 5053 2887 5107; x_wconf 89' lang='lat' dir='ltr'><strong>sive</strong></span> <span class='ocrx_word' id='word_1_837' title='bbox 2928 5054 2977 5107; x_wconf 90' lang='lat' dir='ltr'><strong>id</strong></span> <span class='ocrx_word' id='word_1_838' title='bbox 3011 5053 3104 5128; x_wconf 80' lang='lat' dir='ltr'><strong>ﬁat</strong></span> <span class='ocrx_word' id='word_1_839' title='bbox 3127 5063 3312 5119; x_wconf 88' lang='lat' dir='ltr'><strong>cantu,</strong></span> <span class='ocrx_word' id='word_1_840' title='bbox 3345 5069 3440 5109; x_wconf 86' lang='lat' dir='ltr'><strong>seu</strong></span> <span class='ocrx_word' id='word_1_841' title='bbox 3487 5068 3573 5108; x_wconf 81' lang='lat' dir='ltr'><strong>re-</strong></span> 
     </span>
    </p>
   </div>
   <div class='ocr_carea' id='block_1_123' title="bbox 2003 5121 3578 5194">
    <p class='ocr_par' dir='ltr' id='par_1_123' title="bbox 2003 5121 3578 5194">
     <span class='ocr_line' id='line_1_125' title="bbox 2003 5121 3578 5194; baseline 0.005 -24"><span class='ocrx_word' id='word_1_842' title='bbox 2003 5121 2282 5182; x_wconf 88' lang='lat' dir='ltr'><strong>citatione,</strong></span> <span class='ocrx_word' id='word_1_843' title='bbox 2310 5133 2418 5173; x_wconf 91' lang='lat' dir='ltr'><strong>non</strong></span> <span class='ocrx_word' id='word_1_844' title='bbox 2447 5134 2578 5194; x_wconf 76' lang='lat' dir='ltr'><strong>vero</strong></span> <span class='ocrx_word' id='word_1_845' title='bbox 2607 5121 2859 5194; x_wconf 74' lang='lat' dir='ltr'><strong>incipere,</strong></span> <span class='ocrx_word' id='word_1_846' title='bbox 2879 5132 2939 5176; x_wconf 91' lang='lat' dir='ltr'><strong>ut</strong></span> <span class='ocrx_word' id='word_1_847' title='bbox 2968 5125 3396 5194; x_wconf 76' lang='lat' dir='ltr'><strong>vulgoputatur,</strong></span> <span class='ocrx_word' id='word_1_848' title='bbox 3435 5133 3494 5178; x_wconf 91' lang='lat' dir='ltr'><strong>ut</strong></span> <span class='ocrx_word' id='word_1_849' title='bbox 3523 5135 3578 5178; x_wconf 82' lang='lat' dir='ltr'><strong>et</strong></span> 
     </span>
    </p>
   </div>
   <div class='ocr_carea' id='block_1_124' title="bbox 2002 5189 3574 5266">
    <p class='ocr_par' dir='ltr' id='par_1_124' title="bbox 2002 5189 3574 5266">
     <span class='ocr_line' id='line_1_126' title="bbox 2002 5189 3574 5266; baseline 0.006 -28"><span class='ocrx_word' id='word_1_850' title='bbox 2002 5195 2318 5266; x_wconf 76' lang='lat' dir='ltr'><strong>usurpatum</strong></span> <span class='ocrx_word' id='word_1_851' title='bbox 2341 5204 2372 5242; x_wconf 92' lang='lat' dir='ltr'><strong>a</strong></span> <span class='ocrx_word' id='word_1_852' title='bbox 2399 5189 2743 5266; x_wconf 68' lang='lat' dir='ltr'><strong>quibusdam,</strong></span> <span class='ocrx_word' id='word_1_853' title='bbox 2773 5193 2875 5266; x_wconf 74' lang='lat' dir='ltr'><strong>qui</strong></span> <span class='ocrx_word' id='word_1_854' title='bbox 2894 5203 3015 5266; x_wconf 83' lang='lat' dir='ltr'><strong>post</strong></span> <span class='ocrx_word' id='word_1_855' title='bbox 3049 5189 3107 5248; x_wconf 84' lang='lat' dir='ltr'><strong>S.</strong></span> <span class='ocrx_word' id='word_1_856' title='bbox 3133 5189 3194 5247; x_wconf 77' lang='grc' dir='ltr'><strong>Ρ.</strong></span> <span class='ocrx_word' id='word_1_857' title='bbox 3225 5194 3574 5266; x_wconf 80' lang='lat' dir='ltr'><strong>Benedictum</strong></span> 
     </span>
    </p>
   </div>
   <div class='ocr_carea' id='block_1_125' title="bbox 2003 5259 3570 5328">
    <p class='ocr_par' dir='ltr' id='par_1_125' title="bbox 2003 5259 3570 5328">
     <span class='ocr_line' id='line_1_127' title="bbox 2003 5259 3570 5328; baseline 0.003 -18"><span class='ocrx_word' id='word_1_858' title='bbox 2003 5259 2274 5328; x_wconf 74' lang='lat' dir='ltr'><strong>vixerunt,</strong></span> <span class='ocrx_word' id='word_1_859' title='bbox 2303 5259 2634 5328; x_wconf 82' lang='lat' dir='ltr'><strong>auctoribus,</strong></span> <span class='ocrx_word' id='word_1_860' title='bbox 2663 5259 3018 5328; x_wconf 65' lang='lat' dir='ltr'><strong>Sangellensi,</strong></span> <span class='ocrx_word' id='word_1_861' title='bbox 3046 5273 3101 5319; x_wconf 87' lang='lat' dir='ltr'><strong>et</strong></span> <span class='ocrx_word' id='word_1_862' title='bbox 3133 5264 3408 5319; x_wconf 87' lang='lat' dir='ltr'><strong>nonnullis</strong></span> <span class='ocrx_word' id='word_1_863' title='bbox 3433 5263 3570 5317; x_wconf 88' lang='lat' dir='ltr'><strong>aliis.</strong></span> 
     </span>
    </p>
   </div>
   <div class='ocr_carea' id='block_1_126' title="bbox 2003 5326 3576 5401">
    <p class='ocr_par' dir='ltr' id='par_1_126' title="bbox 2003 5326 3576 5401">
     <span class='ocr_line' id='line_1_128' title="bbox 2003 5326 3576 5401; baseline 0.005 -23"><span class='ocrx_word' id='word_1_864' title='bbox 2003 5326 2153 5401; x_wconf 76' lang='lat' dir='ltr'><strong>Quo!</strong></span> <span class='ocrx_word' id='word_1_865' title='bbox 2191 5328 2322 5401; x_wconf 82' lang='lat' dir='ltr'><strong>satis</strong></span> <span class='ocrx_word' id='word_1_866' title='bbox 2348 5327 2516 5401; x_wconf 85' lang='lat' dir='ltr'><strong>liquet</strong></span> <span class='ocrx_word' id='word_1_867' title='bbox 2539 5344 2604 5383; x_wconf 85' lang='lat' dir='ltr'><strong>ex</strong></span> <span class='ocrx_word' id='word_1_868' title='bbox 2633 5326 2832 5401; x_wconf 77' lang='lat' dir='ltr'><strong>Regula</strong></span> <span class='ocrx_word' id='word_1_869' title='bbox 2867 5326 3147 5400; x_wconf 83' lang='lat' dir='ltr'><strong>cujusdam</strong></span> <span class='ocrx_word' id='word_1_870' title='bbox 3183 5333 3364 5389; x_wconf 87' lang='lat' dir='ltr'><strong>Patris</strong></span> <span class='ocrx_word' id='word_1_871' title='bbox 3391 5335 3444 5388; x_wconf 92' lang='lat' dir='ltr'><strong>in</strong></span> <span class='ocrx_word' id='word_1_872' title='bbox 3474 5334 3576 5387; x_wconf 87' lang='lat' dir='ltr'><strong>hac</strong></span> 
     </span>
    </p>
   </div>
   <div class='ocr_carea' id='block_1_127' title="bbox 2001 5397 3572 5474">
    <p class='ocr_par' dir='ltr' id='par_1_127' title="bbox 2001 5397 3572 5474">
     <span class='ocr_line' id='line_1_129' title="bbox 2001 5397 3572 5474; baseline 0.004 -24"><span class='ocrx_word' id='word_1_873' title='bbox 2001 5397 2300 5474; x_wconf 66' lang='lat' dir='ltr'><strong>concordia</strong></span> <span class='ocrx_word' id='word_1_874' title='bbox 2331 5397 2515 5474; x_wconf 66' lang='lat' dir='ltr'><strong>citata,</strong></span> <span class='ocrx_word' id='word_1_875' title='bbox 2544 5412 2667 5474; x_wconf 74' lang='lat' dir='ltr'><strong>qua:</strong></span> <span class='ocrx_word' id='word_1_876' title='bbox 2688 5397 2772 5474; x_wconf 68' lang='lat' dir='ltr'><strong>est</strong></span> <span class='ocrx_word' id='word_1_877' title='bbox 2802 5397 2976 5474; x_wconf 69' lang='lat' dir='ltr'><strong>veluti</strong></span> <span class='ocrx_word' id='word_1_878' title='bbox 3007 5405 3251 5474; x_wconf 70' lang='lat' dir='ltr'><strong>quazdam</strong></span> <span class='ocrx_word' id='word_1_879' title='bbox 3279 5404 3572 5474; x_wconf 86' lang='lat' dir='ltr'><strong>paraphra-</strong></span> 
     </span>
    </p>
   </div>
   <div class='ocr_carea' id='block_1_128' title="bbox 2001 5466 3572 5542">
    <p class='ocr_par' dir='ltr' id='par_1_128' title="bbox 2001 5466 3572 5542">
     <span class='ocr_line' id='line_1_130' title="bbox 2001 5466 3572 5542; baseline 0.003 -23"><span class='ocrx_word' id='word_1_880' title='bbox 2001 5466 2077 5542; x_wconf 81' lang='lat' dir='ltr'><strong>sis</strong></span> <span class='ocrx_word' id='word_1_881' title='bbox 2107 5466 2324 5538; x_wconf 65' lang='lat' dir='ltr'><strong>Regulae</strong></span> <span class='ocrx_word' id='word_1_882' title='bbox 2354 5467 2410 5522; x_wconf 90' lang='lat' dir='ltr'><strong>S.</strong></span> <span class='ocrx_word' id='word_1_883' title='bbox 2454 5467 2514 5522; x_wconf 87' lang='lat' dir='ltr'><strong>P.</strong></span> <span class='ocrx_word' id='word_1_884' title='bbox 2541 5466 2836 5542; x_wconf 83' lang='lat' dir='ltr'><strong>Benedicti,</strong></span> <span class='ocrx_word' id='word_1_885' title='bbox 2862 5487 2983 5542; x_wconf 65' lang='lat' dir='ltr'><strong>quae</strong></span> <span class='ocrx_word' id='word_1_886' title='bbox 3013 5466 3100 5528; x_wconf 77' lang='lat' dir='ltr'><strong>ubi</strong></span> <span class='ocrx_word' id='word_1_887' title='bbox 3131 5474 3262 5529; x_wconf 79' lang='lat' dir='ltr'><strong>dixit</strong></span> <span class='ocrx_word' id='word_1_888' title='bbox 3281 5466 3365 5528; x_wconf 61' lang='lat' dir='ltr'><strong>&#39;S.</strong></span> <span class='ocrx_word' id='word_1_889' title='bbox 3415 5466 3572 5542; x_wconf 78' lang='lat' dir='ltr'><strong>Pater</strong></span> 
     </span>
    </p>
   </div>
   <div class='ocr_carea' id='block_1_129' title="bbox 2000 5537 3569 5614">
    <p class='ocr_par' dir='ltr' id='par_1_129' title="bbox 2000 5537 3569 5614">
     <span class='ocr_line' id='line_1_131' title="bbox 2000 5537 3569 5614; baseline 0.005 -27"><span class='ocrx_word' id='word_1_890' title='bbox 2000 5537 2285 5614; x_wconf 59' lang='lat' dir='ltr'><strong>imponere,</strong></span> <span class='ocrx_word' id='word_1_891' title='bbox 2306 5555 2519 5614; x_wconf 50' lang='lat' dir='ltr'><strong>pauere</strong></span> <span class='ocrx_word' id='word_1_892' title='bbox 2551 5540 2748 5609; x_wconf 89' lang='lat' dir='ltr'><strong>posuit,</strong></span> <span class='ocrx_word' id='word_1_893' title='bbox 2778 5547 2838 5595; x_wconf 89' lang='lat' dir='ltr'><strong>ut</strong></span> <span class='ocrx_word' id='word_1_894' title='bbox 2867 5537 3052 5598; x_wconf 75' lang='lat' dir='ltr'><strong>videre</strong></span> <span class='ocrx_word' id='word_1_895' title='bbox 3083 5554 3164 5598; x_wconf 85' lang='lat' dir='ltr'><strong>est</strong></span> <span class='ocrx_word' id='word_1_896' title='bbox 3189 5559 3311 5614; x_wconf 92' lang='lat' dir='ltr'><strong>cap.</strong></span> <span class='ocrx_word' id='word_1_897' title='bbox 3337 5543 3407 5598; x_wconf 68' lang='grc'>22</span> <span class='ocrx_word' id='word_1_898' title='bbox 3433 5541 3569 5614; x_wconf 84' lang='lat' dir='ltr'><strong>ejus-</strong></span> 
     </span>
    </p>
   </div>
   <div class='ocr_carea' id='block_1_130' title="bbox 2000 5606 3566 5683">
    <p class='ocr_par' dir='ltr' id='par_1_130' title="bbox 2000 5606 3566 5683">
     <span class='ocr_line' id='line_1_132' title="bbox 2000 5606 3566 5683; baseline 0.001 -23"><span class='ocrx_word' id='word_1_899' title='bbox 2000 5606 2121 5683; x_wconf 81' lang='lat' dir='ltr'><strong>dem</strong></span> <span class='ocrx_word' id='word_1_900' title='bbox 2155 5607 2370 5683; x_wconf 58' lang='lat' dir='ltr'><strong>[jegulae</strong></span> <span class='ocrx_word' id='word_1_901' title='bbox 2397 5627 2408 5662; x_wconf 89' lang='lat'><strong>:</strong></span> <span class='ocrx_word' id='word_1_902' title='bbox 2451 5606 2568 5683; x_wconf 45' lang='lat' dir='ltr'><strong>«uln‘</strong></span> <span class='ocrx_word' id='word_1_903' title='bbox 2591 5625 2752 5683; x_wconf 82' lang='lat' dir='ltr'><strong>cursu</strong></span> <span class='ocrx_word' id='word_1_904' title='bbox 2794 5626 2924 5683; x_wconf 81' lang='lat' dir='ltr'><strong>vero</strong></span> <span class='ocrx_word' id='word_1_905' title='bbox 2951 5614 3138 5682; x_wconf 88' lang='lat' dir='ltr'><strong>positi,</strong></span> <span class='ocrx_word' id='word_1_906' title='bbox 3167 5606 3327 5683; x_wconf 74' lang='lat' dir='ltr'><strong>prout</strong></span> <span class='ocrx_word' id='word_1_907' title='bbox 3361 5614 3431 5668; x_wconf 89' lang='lat' dir='ltr'><strong>ab</strong></span> <span class='ocrx_word' id='word_1_908' title='bbox 3461 5606 3566 5683; x_wconf 44' lang='lat' dir='ltr'><strong>ab:</strong></span> 
     </span>
    </p>
   </div>
   <div class='ocr_carea' id='block_1_131' title="bbox 2007 5676 3565 5752">
    <p class='ocr_par' dir='ltr' id='par_1_131' title="bbox 2007 5676 3565 5752">
     <span class='ocr_line' id='line_1_133' title="bbox 2007 5676 3565 5752; baseline 0.001 -21"><span class='ocrx_word' id='word_1_909' title='bbox 2007 5676 2131 5732; x_wconf 86' lang='lat' dir='ltr'><strong>bate</strong></span> <span class='ocrx_word' id='word_1_910' title='bbox 2161 5676 2362 5732; x_wconf 81' lang='lat' dir='ltr'><strong>fuerint</strong></span> <span class='ocrx_word' id='word_1_911' title='bbox 2386 5679 2638 5746; x_wconf 88' lang='lat' dir='ltr'><strong>ordinati,</strong></span> <span class='ocrx_word' id='word_1_912' title='bbox 2665 5680 2731 5735; x_wconf 88' lang='lat' dir='ltr'><strong>ad</strong></span> <span class='ocrx_word' id='word_1_913' title='bbox 2757 5676 3022 5752; x_wconf 73' lang='lat' dir='ltr'><strong>psalmum</strong></span> <span class='ocrx_word' id='word_1_914' title='bbox 3050 5676 3366 5751; x_wconf 76' lang='lat' dir='ltr'><strong>cauendum,</strong></span> <span class='ocrx_word' id='word_1_915' title='bbox 3399 5681 3478 5736; x_wconf 80' lang='lat' dir='ltr'><strong>vel</strong></span> <span class='ocrx_word' id='word_1_916' title='bbox 3503 5677 3565 5732; x_wconf 84' lang='lat' dir='ltr'><strong>ad</strong></span> 
     </span>
    </p>
   </div>
  </div>
