3948 6182
304 358 441 418 1169

1267 356 1660 414 CONCORDIA
1703 356 2159 415 REGULARUM.
2199 391 2270 402 —
2307 361 2460 416 CAP.
2503 361 2616 416 LIV

3445 364 3580 417 H70

299 479 524 543 ponant.
555 481 584 512 ι
607 469 841 526 Cantare
885 473 1068 523 autem
1107 475 1162 522 et
1197 466 1382 538 legere
1419 482 1526 522 non
1576 476 1892 538 prmsumat,
1924 472 1968 529 A
1997 469 2134 522 cium
2166 471 2510 540 vespertinum
2558 469 2728 540 (Paul.
2755 467 2899 542 CXL).
2938 471 3170 526 Medium
3218 473 3413 539 noctis,
3457 477 3581 544 quia

302 565 407 620 nisi
435 563 531 634 qui
575 569 757 632 potest
791 560 1029 616 cilicium
1057 561 1306 632 implere,
1333 568 1394 614 ut
1419 560 1756 615 aediﬁcentur
1790 575 1889 614 au-

301 655 536 710 dientes.
563 652 718 719 Quod
755 667 880 708 cum
906 651 1196 725 gravitate,
1225 649 1533 706 humilitate
1561 660 1616 705 et
1655 659 1890 707 tremore

304 748 416 810 ﬁat,
446 755 502 802 et
528 747 617 802 cui
640 745 867 815 jusserit
895 744 1086 800 abbas.

305 839 332 912 ς
361 839 421 895 ιι.
445 868 518 880 -
541 839 616 894 Ex
653 837 875 892 Rasum
899 851 1086 891 SANCTI
1115 833 1310 890 lsmom
1343 847 1578 887 EPISCOPI
1607 833 1744 904 (cap.
1771 831 1886 901 20).

376 931 404 970 ι»
430 929 514 984 Ad
551 928 830 984 custodem
861 927 1086 982 sacrarii
1129 925 1367 996 pertinet
1401 939 1533 980 cura
1561 932 1618 978 et
1645 923 1890 978 custodia

306 1018 514 1090 templi,
557 1019 766 1088 signum
797 1032 1012 1087 quoque
1036 1015 1196 1072 dandi
1225 1015 1280 1068 in
1317 1014 1644 1082 vespertinis
1671 1022 1891 1068 noctur-

306 1108 501 1178 nisque
525 1105 744 1172 olliciis;
784 1106 904 1161 vela
941 1113 1230 1174 vestesque
1271 1119 1463 1168 sacrm,
1499 1103 1715 1158 codices
1758 1118 1892 1172 quo-

306 1217 436 1271 que,
462 1211 485 1239 ο
509 1199 869 1254 instrumenta
891 1205 1108 1260 cuncta,
1137 1195 1316 1251 oleum
1342 1195 1398 1249 in
1422 1209 1553 1250 usus
1575 1194 1890 1259 sanctuarii,

307 1305 434 1344 cera
456 1297 512 1344 et
536 1289 843 1344 luminaria.

305 1401 334 1472 ς
362 1399 450 1454 lll.
473 1429 544 1440 ο-
565 1398 644 1453 Ex
687 1397 905 1472 Rasum
954 1396 1278 1472 Fauc'ruosr
1302 1396 1450 1472 _(cap.
1481 1395 1592 1465 10).
1625 1394 1767 1460 Quid
1795 1396 1891 1450 de-

752 1468 904 1522 beant
929 1468 1200 1521 observare
1225 1466 1455 1520 abbates.

381 1558 408 1597 ἀ
439 1557 684 1612 Primum
721 1555 886 1612 horas
914 1556 1228 1620 canonicas,
1258 1555 1310 1611 id
1339 1563 1442 1620 est,
1479 1556 1736 1626 primam,
1767 1557 1893 1611 mis-

219 1677 232 1685 -
310 1651 388 1705 sis
411 1649 680 1721 operariis
710 1649 762 1702 in
792 1648 1039 1714 vineam;
1079 1647 1238 1703 tertia
1265 1654 1514 1702 sanctum
1547 1645 1806 1717 Spiritum
1837 1647 1889 1701 in

309 1742 584 1814 apostolos
632 1741 1008 1806 descendisse;
1057 1747 1208 1794 sexta
1252 1737 1539 1792 Dominum
1570 1737 1625 1792 in
1673 1753 1890 1793 crucem

1992 573 2055 612 ea
2085 557 2219 613 hora
2257 558 2460 614 clamor
2487 559 2659 629 {actus
2689 569 2794 623 est,
2837 560 2971 614 Ecce
3000 578 3222 632 sponsus
3264 565 3420 629 venit,
3448 565 3583 619 exite

1992 649 2195 704 obviam
2223 651 2272 704 ci
2301 649 2516 721 (Matth.
2543 651 2704 721 xxv);
2739 659 2798 705 ut
2823 667 2884 706 ea
2918 653 3050 706 hora
3078 667 3203 706 cum
3230 653 3297 709 ad
3315 653 3579 722 judicium

1992 741 2222 805 venerit,
2255 756 2360 794 non
2388 757 2486 795 nos
2509 741 2860 806 dormientes,
2889 743 2983 798 sed
3009 742 3297 812 vigilantes
3323 743 3578 798 inveniat.

1997 839 2020 867 θ
2040 827 2406 894 Gallicinium,
2437 829 2711 885 Christum
2739 847 2769 886 a
2801 834 3030 888 mortuis
3059 833 3440 888 resurrexisse.
3474 833 3579 889 Has

1991 918 2154 974 horas
2186 921 2478 976 canonicas
2515 923 2584 976 ab
2628 922 2849 977 Oriente
2895 939 3070 994 usque
3117 927 3184 980 ad
3230 923 3579 980 Occidentem

1991 1009 2285 1075 catholica,
2330 1010 2383 1065 id
2417 1020 2500 1066 est
2547 1012 2890 1078 universalis,
2937 1014 3307 1088 indesinenter
3337 1015 3580 1072 celebrat

1992 1097 2258 1154 Ecclesia.

2196 1188 2223 1262 §
2251 1187 2340 1243 iV.
2367 1221 2436 1230 -—
2461 1190 2537 1244 Ex
2575 1191 2794 1247 Recens
2825 1192 3067 1248 stsraxt
3102 1194 3238 1266 (cap.
3268 1197 3378 1267 ll).

2070 1283 2089 1320 τ
2133 1281 2184 1336 Is
2223 1289 2404 1337 autem
2451 1284 2539 1345 cui
2587 1292 2976 1340 nocturnarum
3022 1289 3332 1342 orationum
3379 1290 3582 1344 sollici-

1995 1371 2122 1427 tudo
2160 1373 2537 1438 committitur,
2566 1391 2671 1430 non
2715 1391 2820 1446 qua
2861 1377 2995 1432 hora
3034 1377 3110 1432 illi
3155 1379 3363 1433 libitum
3397 1379 3577 1444 fuerit,

1993 1462 2192 1520 fratres
2219 1467 2287 1520 ad
2325 1465 2535 1538 vigilias
2563 1469 2824 1524 suscitare
2850 1479 3160 1540 praesumat,
3191 1480 3250 1526 ut
3282 1473 3578 1528 secundum

1991 1558 2448 1628 opportunitatem
2495 1561 2690 1615 somnii
2731 1569 2786 1616 ct
2822 1562 3075 1618 insomnii
3119 1565 3295 1619 aetatis
3325 1580 3438 1620 sua:
3484 1565 3584 1620 bo-

1994 1670 2085 1710 ras
2113 1655 2287 1710 noctis
2317 1665 2601 1726 temperet.
2635 1655 2768 1710 Nam
2799 1658 3048 1727 quamvis
3087 1672 3208 1714 cum
3250 1659 3584 1714 consuetudo

1993 1744 2184 1800 diurna
2229 1746 2360 1800 hora
2385 1746 2543 1800 solita
2570 1747 2794 1818 vigilare
2821 1747 3114 1817 compellit,
3145 1757 3327 1804 tamen
3355 1750 3583 1806 sollicite

310 1832 650 1900 ascendisse;
681 1846 825 1887 nona
855 1831 1107 1901 spiritum
1151 1831 1431 1896 emisisse;
1461 1845 1687 1899 vespera
1721 1829 1890 1884 David
1921 1833 1966 1892 Β
1993 1841 2048 1887 et
2091 1832 2404 1904 frequenter
2434 1837 2460 1875 ⁸
2489 1835 2768 1890 stellarum
2797 1836 3090 1891 constituta
3129 1837 3284 1907 signa
3315 1837 3580 1908 exploret,

309 1924 578 1982 cecinisse
605 1924 792 1978 dicens
817 1941 830 1976 :
864 1921 1102 1978 Elevatio
1129 1939 1380 1980 manuum
1425 1939 1661 1978 mearum
1689 1921 1894 1991 sacriﬁ—

311 2084 578 2140 lectiones
617 2080 946 2146 recitandas,
979 2080 1062 2135 vel
1097 2080 1260 2136 etiam
1292 2079 1360 2136 ad
1387 2077 1891 2134 communicandum

311 2164 508 2210 euntes
551 2168 706 2208 suum
761 2152 1004 2206 ordinem
1052 2159 1286 2206 servent.
1314 2171 1332 2202 ι
1387 2149 1486 2206 Ubi
1523 2149 1674 2204 vides
1717 2149 1892 2202 locum

312 2241 434 2295 cap.
475 2223 543 2278 65
575 2223 634 2278 S.
664 2221 939 2295 Benedicti
968 2223 1215 2295 exponi:
1254 2239 1279 2295 «_
1303 2220 1446 2295 Ergo
1474 2219 1771 2295 secundum
1805 2233 1896 2295 9r-

313 2287 494 2364 dines,
531 2307 670 2364 quos
706 2287 1063 2364 constituerit:
1080 2290 1288 2364 (abbas)
1320 2287 1405 2364 vel
1441 2306 1578 2360 quos
1603 2287 1896 2364 habuerint

315 2365 419 2436 ipsi
453 2358 672 2436 fratres,
703 2362 1066 2436 accedantad
1090 2358 1302 2436 paceni,
1335 2361 1402 2416 ad
1432 2358 1890 2436 commuttionem,

315 2427 384 2490 ad
413 2435 677 2504 psalmum
703 2427 1111 2504 imponendum:
1127 2452 1145 2485 ι
1179 2432 1246 2485 Ει
1275 2427 1394 2504 cap.
1429 2431 1494 2486 l9
1521 2429 1765 2498 ejusdem
1797 2427 1897 2482 Re-

354 2501 456 2559 ulae
495 2505 582 2560 hic
626 2503 790 2558 Pater
829 2502 908 2557 sic
944 2501 1181 2570 loquitur
1211 2515 1226 2554 :
1262 2520 1280 2552 ι
1311 2501 1466 2558 Sicut
1509 2517 1538 2554 a
1571 2513 1756 2554 mensa
1798 2512 1898 2570 suo

335 2567 438 2630 'oco
477 2575 740 2644 privatur,
787 2573 860 2625 ita
893 2581 957 2644 et
997 2567 1051 2626 in
1099 2571 1325 2644 ecclesia
1370 2577 1701 2642 segregetur,
1743 2577 1803 2622 ut
1842 2567 1897 2644 i_n

316 2645 439 2700 loco
470 2637 522 2698 in
553 2659 660 2714 quo
695 2637 856 2696 antea
887 2641 987 2696 fuit
1015 2657 1115 2696 nec
1143 2641 1404 2714 psalmum
1434 2637 1652 2714 cantet,
1681 2654 1782 2714 nec
1815 2637 1899 2714 ul:

316 2715 428 2768 lum
460 2707 702 2768 ordinem
733 2721 936 2776 teneat,
975 2707 1274 2782 usquedum
1306 2707 1898 2782 satisfactioneltumili

317 2801 441 2840 cum
469 2785 648 2839 cordis
678 2781 1004 2838 contritione
1049 2778 1118 2836 ab
1161 2782 1376 2848 abbate,
1416 2781 1497 2837 vel
1526 2797 1556 2836 a
1587 2778 1896 2835 senioribus

316 2856 852 2928 veniam_mereatur.
877 2874 896 2905 ι
941 2852 998 2908 S.
1029 2851 1352 2908 Benedictus
1381 2867 1500 2922 cap.
1524 2850 1593 2928 2d
1623 2851 1702 2928 sic
1721 2849 1899 2928 loquis

317 2933 444 2979 tur:
483 2942 503 2976 ι
531 2923 732 2979 Privati
779 2931 962 2978 autem
1002 2938 1035 2977 a
1073 2937 1274 2978 mensae
1319 2921 1594 2978 consortio
1639 2921 1743 2976 ista
1793 2921 1898 2974 erit

318 2995 480 3060 ratio,
509 3002 570 3048 ut
611 2994 666 3049 in
693 2993 934 3048 oratorio
983 2993 1249 3062 psalmum
1279 3007 1387 3062 non
1412 2993 1678 3062 imponat,
1725 3003 1900 3062 neque

315 3059 606 3120 lectionem
656 3064 876 3127 recitet,
926 3059 1101 3132 usque
1148 3063 1218 3118 ad
1263 3059 1712 3132 satisfactionem.
1769 3079 1788 3112 ι
1840 3059 1898 3132 ιιι

313 3133 482 3189 etiam
527 3143 716 3189 notum
749 3139 835 3188 est
877 3147 944 3188 ex
979 3129 1292 3189 auctoribus
1338 3130 1478 3188 intra
1525 3132 1629 3187 hoc
1669 3146 1792 3200 cap.
1831 3129 1901 3200 ad

317 3203 380 3260 S.
414 3203 760 3259 Aurelianum
789 3203 1042 3268 citandis,
1083 3201 1173 3257 ubi
1201 3213 1390 3274 agetur
1421 3202 1490 3274 de
1525 3199 1899 3274 ordine_’psal-

315 3275 484 3338 lendi,
509 3274 599 3343 qui
621 3274 807 3329 dicunt
824 3289 1028 3338 canere,
1051 3281 1145 3326 aut
1165 3269 1401 3343 cantare,
1419 3272 1594 3343 dicere
1613 3269 1896 3343 psalmum,

316 3345 411 3399 ubi
443 3343 501 3414 S.
529 3341 849 3414 Benedictus
879 3343 1017 3414 dixit
1045 3343 1327 3414 imponere.
1370 3341 1516 3414 idem
1543 3341 1900 3414 conﬁrmatur

317 3431 385 3471 ex
429 3413 636 3484 Regula
677 3412 736 3468 S.
759 3412 841 3484 7P.
872 3412 1176 3484 Benedicti,
1208 3412 1438 3484 cap,“
1465 3431 1478 3467 :
1513 3432 1530 3463 ι
1559 3412 1640 3468 Ita
1668 3425 1800 3467 sane
1837 3417 1900 3464 ut

315 3483 610 3556 psalmum,
636 3492 730 3537 aut
758 3483 1068 3556 lectionem,
1091 3491 1184 3538 aut
1213 3483 1360 3556 aliud
1401 3484 1532 3556 quid
1561 3498 1670 3539 non
1695 3495 1899 3551 praesu-

319 3554 434 3609 inat
476 3555 533 3624 in
573 3555 813 3609 oratorio
859 3554 1156 3624 imponere.
1184 3573 1202 3606 ι
1241 3554 1342 3610 Ubi
1378 3562 1436 3611 τὸ
1470 3555 1758 3624 imponere,
1786 3565 1896 3624 non

315 3623 584 3695 significat
627 3625 882 3695 incipere.
934 3620 1064 3677 Nam
1117 3623 1275 3678 lectio
1309 3640 1414 3678 non
1455 3623 1712 3695 incipitur
1745 3637 1776 3675 a
1820 3620 1898 3674 lc-

315 3693 492 3758 ctore,
528 3703 588 3750 ut
629 3693 747 3750 eam
791 3694 987 3749 chorus
1025 3702 1400 3764 persequatur.
1447 3693 1722 3764 [inponere
1767 3705 1898 3762 ergo

318 3767 424 3820 hoc
461 3765 579 3819 loco
604 3774 690 3819 est
721 3764 913 3828 dicere,
949 3765 1307 3834 pronuntiare,
1336 3764 1448 3820 sive
1477 3763 1538 3818 id
1575 3763 1670 3817 liat
1701 3769 1865 3834 cantu
1881 3800 1896 3824 ,

317 3836 434 3890 sive
489 3835 824 3890 recitatione.
873 3831 1136 3888 Id'etiam
1188 3834 1534 3889 manifestum
1583 3843 1667 3888 est
1711 3847 1777 3886 ex
1835 3831 1892 3884 S.

317 3905 580 3974 Gregorio
621 3905 921 3960 Turoncnsi
959 3905 1011 3958 in
1049 3905 1182 3959 Vitis
1226 3903 1467 3968 Patrum,
1496 3919 1614 3973 cap.
1641 3903 1708 3967 Δ,
1741 3902 1805 3956 de
1834 3899 1891 3954 S.

318 3973 610 4042 Quintiano
635 3993 704 4046 :rc
735 3973 1134 4046 Suggesserunt
1176 3973 1253 4037 ei,
1291 3984 1349 4046 ut
1393 3975 1506 4046 ipse
1545 3974 1896 4046 antipbonam

319 4047 634 4114 dignaretur
656 4042 955 4115 imponere,
981 4045 1260 4099 dicentes:
1293 4043 1373 4106 Si,
1405 4042 1560 4099 beate
1593 4042 1772 4106 Pater,
1805 4042 1898 4115 dc-

316 4111 444 4168 vote
474 4111 819 4186 antiphonam
857 4115 1194 4186 imposueris,
1226 4116 1547 4186 contigimus
1576 4115 1642 4186 de
1685 4111 1897 4186 sancti-

323 4194 432 4240 tate
477 4193 568 4239 tua
588 4181 742 4255 'quod
777 4181 1024 4254 protinus
1054 4185 1208 4238 nobis
1253 4184 1512 4240 Dominus
1554 4184 1790 4255 pluviam
1821 4181 1896 4236 di-

320 4255 574 4326 gnabitur
602 4257 801 4326 pietate
834 4255 1014 4326 divina
1044 4255 1282 4324 elargiri.
1306 4277 1323 4308 ι
1350 4255 1467 4326 Ubi
1509 4273 1614 4309 non
1645 4263 1729 4326 est
1752 4268 1898 4326 quat-

317 4327 426 4379 stio
470 4325 535 4379 de
570 4323 870 4396 inceptione
898 4325 1227 4396 antipbonm,
1267 4325 1360 4380 sed
1405 4327 1472 4380 de
1508 4323 1890 4396 modulatione.

322 4396 477 4450 Unde
521 4394 859 4466 subiungitur
887 4414 904 4466 7:
943 4413 961 4444 ι
991 4395 1232 4466 Cumque
1276 4395 1505 4466 psallere
1548 4394 1895 4466 devotissime

317 4467 592 4535 ctrpisset,
619 4462 924 4535 penetravit
947 4462 1172 4520 excelsae
1197 4462 1450 4534 potentia:
1479 4481 1639 4535 aures
1673 4462 1896 4535 humilis

317 4533 494 4590 oratio
539 4533 888 4590 confessoris.
909 4555 926 4586 ι
961 4536 1027 4588 Et
1055 4551 1122 4590 ex
1154 4533 1377 4604 cpistola
1405 4535 1539 4604 Gogi
1577 4534 1644 4589 ad
1671 4533 1892 4604 Petrum

316 4608 646 4676 episcopum,
675 4608 765 4660 ubi
811 4605 1072 4676 impositio
1120 4601 1350 4660 sumitur
1385 4601 1673 4676 pro—cantu
1699 4621 1726 4676 :_
1751 4620 1771 4676 ι
1799 4601 1898 4676 sa-

319 4672 432 4730 luto
479 4672 831 4730 Sinderocum
877 4672 1206 4745 psalmorum
1250 4672 1495 4730 carniina
1539 4672 1900 4745 impositionis

315 4747 508 4801 ordine
532 4743 912 4816 modulantem.
945 4765 963 4796 ι
999 4746 1144 4799 Dixit
1167 4745 1512 4816 impoﬁsitionis
1543 4743 1746 4816 ordine,
1771 4743 1898 4812 quia

316 4828 570 4872 cantores
614 4815 808 4884 singuli
854 4831 952 4884 per
977 4813 1510 4884 ordincm'singulos
1543 4813 1778 4883 psalmos
1812 4829 1899 4868 ca-

317 4889 542 4949 nebant,
571 4894 626 4939 ut
655 4885 791 4939 infra
819 4886 922 4940 hoc
944 4885 1118 4954 capite
1145 4885 1429 4938 videbitur.

389 4970 414 4997 α
457 4955 685 5010 Cantare
719 4965 925 5020 autent,
972 4953 1077 5010 etc.
1121 4955 1268 5010 Idem
1319 4953 1579 5008 statuitur
1627 4968 1743 5022 cap.
1777 4953 1888 5008 58:

324 5045 342 5077 ι
373 5026 596 5081 Fratres
639 5035 821 5080 autem
861 5041 964 5080 non
997 5040 1095 5095 per
1131 5025 1374 5080 ordinem
1405 5025 1626 5095 legant,
1653 5030 1744 5077 aut
1771 5038 1896 5095 can-

319 5106 458 5162 tent,
495 5095 590 5151 sed
619 5095 709 5164 qui
752 5093 1020 5150 aediﬁcent
1062 5096 1360 5154 audientes.
1387 5114 1406 5147 ι
1441 5093 1543 5150 Ubi
1576 5093 1666 5147 illa
1702 5093 1891 5164 verba,

317 5185 425 5222 non
446 5161 823 5237 perordinent,
854 5165 1076 5220 minime
1102 5167 1457 5237 adversantur
1480 5163 1567 5218 his
1594 5177 1724 5237 quae
1755 5161 1895 5217 dixit

317 5239 433 5308 hoc
449 5232 628 5308 capite
653 5232 712 5308 ξ.
741 5233 1064 5308 Benedictus
1091 5251 1210 5308 cum
1235 5233 1385 5303 jubet
1413 5241 1473 5288 ut
1493 5241 1616 5304 post
1641 5233 1890 5308 abbatem

317 5303 638 5362 ordine‘suo
668 5305 862 5359 fratres
889 5305 1125 5375 psalmos
1155 5306 1431 5376 imponant
1456 5303 1528 5376 et:~
1545 5303 1890 5376 antiphonas,

319 5393 446 5431 nam
481 5377 584 5431 hoc
617 5372 942 5445 praeceptum
977 5391 1080 5430 non
1113 5372 1336 5445 praecise
1362 5372 1682 5445 intelligitur
1716 5373 1780 5428 de
1805 5387 1894 5445 or-

317 5449 446 5501 dine
487 5442 768 5509 continuo,
791 5442 908 5501 'sed
943 5445 1008 5498 de
1049 5442 1372 5514 interrupto,
1403 5445 1448 5499 si
1482 5442 1737 5498 nimirum
1770 5442 1891 5514 qui-

317 5518 442 5570 dam
477 5515 818 5585 reperiantur
845 5516 1024 5569 cantui
1064 5512 1285 5585 minime
1334 5515 1543 5578 idonei;
1570 5521 1703 5585 tunc
1749 5512 1892 5585 enim

320 5583 621 5656 sequentes
641 5600 739 5639 suo
773 5586 963 5640 ordine
999 5593 1220 5640 cantare
1247 5584 1464 5647 debent,
1511 5583 1732 5637 minime
1757 5583 1898 5650 aptis

319 5657 386 5709 ad
404 5655 720 5710 canendum
749 5656 1144 5723 pnctcrmissis.

393 5727 421 5764 ιο
458 5725 540 5778 Ad
568 5722 833 5778 custodem
871 5726 1110 5788 sacrarii,
1141 5734 1245 5779 etc.
1279 5722 1404 5777 llaec
1429 5722 1668 5792 reperire
1713 5732 1796 5777 est
1843 5725 1894 5778 in

327 5795 532 5866 Regula
554 5793 614 5850 S.
639 5795 826 5851 lsidori
848 5811 1062 5859 excusa,
1095 5804 1211 5862 'cap.
1238 5795 1326 5848 20.
1350 5794 1544 5849 Custos
1568 5795 1792 5849 sacrarii
1815 5804 1899 5849 est

1923 4571 1974 4630 D

1994 1935 2049 1980 et
2099 1927 2178 1981 sic
2227 1935 2394 1981 totam
2428 1927 2905 1998 congregationem
2940 1929 3009 1982 ad
3042 1927 3280 1984 ollieium
3317 1929 3584 1985 orationis

1994 2081 2085 2150 qui
2110 2081 2268 2154 vulgo
2289 2081 2540 2154 sacrista.
2560 2079 2891 2154 Lanl’ranco,
2909 2098 3026 2154 cap.
3046 2084 3080 2138 6
3101 2083 3580 2154 Constitutionum,

1993 2152 2329 2216 secretarius,
2368 2151 2512 2206 unde
2549 2168 2652 2206 vox
2693 2152 2903 2208 Gallica
2931 2151 3208 2208 secretain.
3251 2153 3456 2210 GI'IL‘ClS
3485 2177 3585 2210 κει-

1994 2222 2316 2295 μηλιάρχης,
2350 2223 2725 2295 thesaurarius
2764 2239 3016 2295 vasorum
3063 2239 3342 2280 sacrorum
3374 2234 3580 2288 custos,

1995 2291 2051 2346 et
2102 2291 2535 2366 κέιμὴλιαρχεῖον,
2584 2294 2855 2366 sacristia,
2899 2291 3049 2348 locus
3097 2295 3152 2348 in
3188 2311 3295 2364 quo
3343 2297 3580 2364 pretiosa

1995 2377 2222 2430 qumque
2264 2361 2448 2431 templi
2487 2365 2876 2427 reconduntur,
2905 2372 2963 2418 ut
3005 2379 3132 2417 vasa
3179 2361 3360 2430 sacra,
3405 2374 3584 2421 vestes

1996 2446 2184 2504 sactae,
2210 2441 2265 2486 et
2287 2431 2509 2504 similia,
2532 2433 2672 2500 apud
2699 2432 2962 2504 Joannem
2989 2432 3288 2499 Moschum,
3312 2450 3432 2504 cap.
3454 2436 3580 2502 195,

1998 2501 2056 2556 S.
2085 2499 2408 2576 Gregorium
2450 2502 2542 2558 lib.
2571 2499 2657 2568 ίιι,
2689 2504 2848 2576 epist.
2879 2503 3008 2576 A49”;
3041 2523 3058 2553 σ
3093 2503 3200 2576 lies
3236 2499 3420 2560 autem
3462 2499 3583 2576 qua:

1997 2571 2138 2640 apud
2173 2571 2296 2625 eum
2327 2572 2557 2627 inventa:
2582 2571 2735 2638 sunt,
2761 2574 2812 2627 in
2843 2573 3204 2630 cimiliarcbio
3230 2576 3436 2630 servari
3471 2571 3578 2633 ino—

1997 2643 2080 2696 dis
2106 2642 2359 2697 omnibus
2383 2643 2645 2698 studebis.
2677 2663 2696 2695 ι

2071 2721 2094 2748 ο
2121 2709 2596 2783 Instrumentaque
2615 2721 2822 2783 cuncta.
2849 2711 3049 2766 Eadem
3072 2714 3421 2770 custodienda
3445 2731 3475 2770 a
3497 2732 3584 2772 se-

1997 2781 2233 2836 cretario
2286 2781 2521 2837 instituit
2587 2782 2924 2837 Laul‘raucus
2970 2798 3090 2851 cap.
3139 2785 3322 2838 citato.
3369 2784 3578 2840 [nstru-

1997 2858 2180 2906 menta
2207 2861 2332 2907 sunt
2360 2853 2564 2908 chartae
2591 2851 2988 2916 fundationum,
3021 2861 3418 2920 contractuum,
3447 2864 3580 2916 etc.,

1997 2929 2059 2976 ut
2079 2921 2276 2994 fidere
2323 2931 2408 2994 est
2439 2921 2578 2978 lib.r
2614 2923 3349 2994 LeguiupNeapolitanarum,
3393 2926 3476 2984 tit.
3513 2926 3580 2980 75

1997 2999 2053 3070 et
2078 2991 2570 3070 78.__Tertul_lianu§
2591 2991 2875 3070 prodi-bris
2906 2991 3188 3070 usurpavit
3223 2993 3318 3049 lib.
3351 2995 3417 3050 de
3446 2996 3582 3070 Spe-

2000 3061 2263 3136 ctaculis:
2301 3061 2475 3136 cNec,
2505 3061 2721 3136 aliunde
2753 3061 3182 3136 investigandum
3209 3073 3296 3120 est
3328 3061 3588 3136 quam’de

2000 3131 2378 3189 instrumentis
2405 3133 2757 3190 ethnicalium
2782 3131 3107 3190 litterarum.
3133 3153 3152 3187 ι

2071 3201 2099 3242 ἀ
2128 3199 2373 3258 Primum
2399 3205 2557 3259 horas
2585 3204 2890 3271 cdnonicas,
2915 3212 3022 3260 etc.
3050 3202 3167 3259 Non
3196 3213 3372 3260 exstat
3397 3205 3450 3260 in
3485 3205 3584 3262 Re-

2001 3271 2125 3344 gula
2163 3288 2268 3344 ms.
2314 3273 2372 3329 S.
2415 3274 2704 3331 Fructuosi
2748 3275 2918 3344 episc.
2959 3274 3176 3328 Bracar.
3225 3273 3332 3330 Sed
3371 3276 3586 3330 videtur

1999 3343 2121 3399 esse
2165 3343 2391 3400 alterius
2433 3345 2744 3410 Fructuosi,
2774 3343 3022 3414 quamvis
3065 3344 3372 3414 quindecim
3417 3346 3583 3400 horas

2001 3414 2294 3470 canonicas
2345 3415 2674 3480 instituerit,
2713 3423 2773 3468 ut
2809 3430 2970 3483 supra
3018 3415 3272 3478 diximus,
3320 3415 3411 3470 hic
3450 3431 3584 3470 vero

2001 3491 2212 3554 tantum
2235 3493 2439 3554 septem
2465 3494 2866 3540 recenseantur.
2891 3483 2949 3539 Si
2971 3484 3294 3554 haberemus
3313 3483 3581 3554 integrum

2001 3553 2106 3624 hoc
2125 3553 2311 3624 caput,
2335 3555 2400 3610 de
2423 3555 2526 3610 hac
2551 3569 2610 3608 re
2633 3554 2834 3624 aliquid
2857 3553 2992 3609 certi
3017 3561 3254 3624 statuere
3275 3569 3578 3624 possemus.

2001 3623 2118 3678 Dici
2158 3623 2335 3678 tamen
2373 3633 2550 3695 potest
2585 3639 2707 3678 eum
2753 3623 2860 3695 hoc
2885 3623 3060 3692 capite
3091 3623 3236 3691 loqui
3275 3624 3342 3677 de
3382 3637 3448 3695 eo
3487 3626 3582 3695 bo-

2001 3709 2184 3764 rarum
2213 3694 2438 3749 numero
2469 3695 2562 3764 qui
2592 3694 2954 3749 communiter
2976 3708 3079 3764 suo
3115 3701 3358 3764 tempore
3385 3694 3453 3746 ab
3484 3694 3583 3748 Ec—

1999 3763 2164 3818 clesia
2189 3772 2439 3833 receptus
2460 3763 2592 3828 erat,
2622 3780 2728 3818 non
2751 3781 2883 3819 vero
2905 3763 2972 3818 de
2995 3763 3116 3819 aliis
3138 3763 3288 3819 boris
3308 3778 3444 3833 quas
3469 3772 3575 3820 tum

2002 3833 2138 3902 ipse,
2166 3843 2277 3887 tum
2305 3835 2546 3888 nonnulli
2573 3835 2659 3889 alii
2691 3835 3028 3889 addiderant.

2076 3917 2098 3942 ιε
2131 3904 2490 3958 (.‘atlicinium.
2516 3905 2878 3974 Gallicinium,
2901 3905 3052 3974 juxta
3076 3903 3454 3974 Censorinum,
3483 3901 3576 3957 lib.

1999 3973 2066 4028 de
2095 3974 2266 4028 Natali
2293 3975 2412 4039 Die,
2447 3991 2565 4044 cap.
2590 3974 2680 4037 24,
2705 3984 2760 4029 et
2793 3973 3124 4028 lilacrofxium
3153 3973 3246 4026 lib.
3277 3990 3292 4027 t
3324 3973 3575 4044 Saturn,

2000 4058 2119 4112 cap.
2151 4044 2204 4106 5,
2235 4053 2319 4099 est
2355 4042 2568 4114 tempus
2598 4045 2727 4099 illud
2763 4045 2940 4100 noctis
2985 4044 3128 4114 quod
3167 4044 3412 4112 sequitur
3447 4042 3580 4098 illud

1999 4115 2139 4196 quod
2180 4113 2660 4196 dicitpraemedia
2703 4123 2870 4196 nocte,
2909 4113 3013 4170 hoc
3040 4123 3142 4196 est.
3170 4113 3285 4196 jam
3313 4122 3470 4196 nocte
3499 4114 3579 4196 in-

1999 4183 2234 4238 elinante
2258 4183 2325 4237 ad
2349 4183 2512 4248 diem,
2544 4185 2801 4254 prmcedit
2827 4199 2956 4238 vero
2985 4183 3360 4248 conticinium,
3388 4183 3440 4238 id
3471 4195 3575 4248 est,

1999 4269 2122 4326 cum
2153 4253 2283 4326 galli
2317 4262 2496 4310 tacent
2521 4253 2641 4309 {ita
2667 4264 2724 4309 ut
2772 4254 3099 4326 gallicinium
3127 4255 3200 4313 sit
3240 4270 3382 4310 nona
3407 4257 3580 4310 noctis

1999 4325 2132 4379 hora
2158 4325 2392 4379 circiter.

2076 4393 2096 4433 τ
2135 4394 2193 4448 Is
2223 4405 2395 4448 autem
2427 4396 2511 4448 cui
2557 4404 2930 4450 nocturnarum
2957 4394 3252 4448 orationum
3281 4391 3580 4447 sollicitudo

1998 4465 2358 4518 committitur.
2389 4465 2514 4520 Haec
2554 4474 2767 4520 sumnta
2795 4473 2922 4518 sunt
2943 4480 3007 4518 ex
3037 4464 3131 4516 lib.
3164 4480 3199 4517 ιι
3241 4461 3482 4516 Cassiani
3513 4464 3580 4517 de

2001 4545 2252 4588 nocturn.
2277 4533 2456 4600 Orat.,
2485 4551 2534 4591 c.
2561 4537 2646 4589 l7.
2675 4531 2846 4589 Porro
2876 4535 2920 4587 is
2947 4533 3035 4587 cui
3069 4547 3200 4587 cura
3236 4531 3576 4601 signiﬁcandi

1999 4605 2180 4672 operis
2207 4603 2301 4660 Dei
2323 4606 2703 4668 committitur,
2737 4621 2766 4658 a
2796 4604 3054 4658 Cassiano
3083 4603 3176 4656 lib.
3204 4617 3262 4672 ιιι
3282 4602 3361 4672 de
3391 4601 3574 4656 diurn.

1999 4671 2175 4739 Orat.,
2205 4689 2324 4744 cap.
2353 4675 2410 4741 2,
2455 4674 2754 4744 appellatur
2772 4673 3104 4743 compulsor;
3135 4687 3168 4744 a
3186 4671 3250 4744 S.
3274 4671 3579 4744 Fructuose

1998 4741 2414 4814 cpiSCOpo,'cap.
2439 4746 2472 4798 5
2489 4741 2738 4814 Regulae,
2765 4741 3126 4814 vigilaciusga
3155 4741 3426 4814 Magistro,
3453 4756 3572 4814 cap.

1997 4809 2080 4868 δῑγ
2093 4809 2309 4883 Regulae
2326 4809 2382 4867 et
2404 4813 2550 4875 alibi.
2577 4809 2854 4883 iiigigaltus
2876 4822 2930 4867 et
2955 4809 3302 4883 rigiligallus;
3323 4825 3352 4862 a
3375 4809 3578 4883 Caedis

2004 4879 2346 4960 ravoya'qoznc,
2373 4884 2426 4938 id
2451 4893 2556 4960 est,
2582 4879 2887 4960 quibi-acest
2919 4879 3110 4960 cationi
3133 4895 3226 4960 seu
3255 4881 3405 4960 operi
3436 4879 3532 4934 Dei
3555 4899 3569 4944 ;

1993 4956 2134 5024 apud
2162 4952 2420 5010 Joannem
2469 4952 2776 5024 Moschum,
2810 4969 2932 5024 cap.
2956 4953 3025 5024 ill
3055 4969 3069 5004 :
3103 4953 3190 5004 καὶ
3237 4952 3572 5024 κρειύοσαντρς

1992 5022 2084 5080 rei}
2116 5028 2433 5101 navova'tpxou
2462 5025 2534 5101 ἐφ’
2561 5023 2601 5098 ᾦ
2629 5027 2827 5101 utitur-at:
2864 5023 3106 5101 ἀᾷελφοὺς
3138 5022 3484 5101 πραχθῆναι,
3518 5022 3568 5075 id

1993 5103 2107 5158 est,
2144 5114 2162 5146 ι
2192 5089 2438 5165 pulsante
2473 5089 2813 5165 compulsori:
2855 5093 2930 5165 ad,
2966 5089 3155 5165 omnes
3193 5089 3392 5165 frzit'res
3437 5106 3572 5165 cou-

1994 5161 2313 5235 gregandos,
2347 5184 2365 5235 ι
2409 5172 2464 5218 et
2502 5161 2620 5234 cap.
2649 5164 2738 5218 50.
2779 5163 2934 5233 Apud
2970 5163 3028 5215 S.
3061 5161 3430 5235 Dorotbeum,
3476 5161 3574 5215 do-

1999 5231 2178 5310 ctgiita
2223 5236 2282 5290 Μ
2315 5233 2480 5310 ε-ἰδορ
2529 5231 2916 5310 δ’κανονὰρὶῃς
2955 5231 3191 5296 ἐξύπνισέ
3234 5246 3326 5301 μες
3367 5231 3418 5284 itl
3457 5238 3572 5310 est,

2005 5323 2023 5355 ι
2055 5305 2195 5360 Ecce
2239 5304 2495 5359 excitavit
2533 5320 2617 5359 me
2651 5299 2978 5373 combiilsor,
3003 5321 3021 5353 ι
3061 5311 3116 5373 et
3155 5299 3336 5369 supra,
3385 5299 3574 5373 eadem

2001 5375 2264 5436 doctrina,
2295 5374 2439 5428 idem
2467 5369 2788 5428 vocabulum
2830 5373 3040 5442 repetit.
3070 5369 3262 5442 Quare
3295 5369 3435 5424 male
3477 5385 3574 5424 ex-

2001 5443 2318 5514 poniturab
2345 5442 2638 5512 interprete
2664 5440 3093 5514 eteremoniarum
3108 5440 3391 5514 magister.

2077 5516 2102 5554 ⁸
2131 5511 2434 5568 Stellarum
2457 5508 2740 5570 constituta
2781 5513 2951 5582 signa.
2973 5519 3078 5582 etc.
3108 5509 3164 5563 Id
3187 5508 3342 5582 juxta
3368 5524 3571 5564 morem

2001 5591 2273 5646 veterum,
2317 5583 2409 5652 qui
2456 5599 2579 5638 cum
2607 5598 2715 5637 non
2757 5580 3018 5652 baberent
3063 5580 3361 5652 horologia,
3395 5588 3571 5643 nocte,

2004 5663 2152 5708 certa
2181 5649 2412 5722 quadam
2461 5653 2706 5716 scientia,
2745 5651 3026 5722 observato
3070 5649 3344 5722 stellarum
3383 5665 3567 5722 cursu,

2003 5725 2166 5778 horas
2200 5719 2631 5790 distinguebant.
2676 5721 2829 5790 Quod
2873 5721 3105 5775 faciebat
3146 5719 3364 5788 quidam
3399 5721 3568 5787 Drogo

2003 5793 2298 5849 monachus
2334 5791 2691 5850 Floriacensis
2725 5800 2779 5847 ct
2812 5799 2994 5864 postea
3021 5791 3268 5847 ercmita.
3302 5797 3358 5842 ut
3389 5797 3574 5842 narrat
