3948 6182
293 290 431 346 1175

1229 289 1619 348 CONCORDlA
1656 287 2113 345 REGULARUM.
2154 319 2224 328 —
2257 287 2408 343 CAP.
2452 289 2583 346 LIV.

3411 297 3546 352 {I75

287 406 521 477 legendi,
546 406 634 464 vel
657 406 916 477 operandi
941 407 1153 463 vicibus
1180 407 1284 463 sibi
1311 407 1632 473 succedant,
1660 407 1865 474 absque
1893 407 1940 466 A
1969 402 1996 475 §
2028 403 2093 457 Χ.
2135 434 2203 443 —
2241 404 2320 457 Ex
2375 405 2593 461 Recuu
2647 405 2813 463 Pwu
2866 423 2932 462 er
2974 407 3245 464 STEPHANI
3299 408 3436 480 (cap.
3466 409 3544 473 6).

286 502 478 551 sancto
506 496 723 562 abbate,
752 504 808 551 et
844 496 1010 552 nimis
1044 495 1287 562 senibus,
1315 504 1372 552 et
1420 495 1662 566 parvulis
1690 493 1866 548 infan-

285 588 455 653 tibus,
486 595 582 642 aut
611 595 761 643 certe
789 587 863 643 ita
891 586 1148 654 inﬁrmis,
1180 599 1206 628 ι
1238 595 1299 642 ιιι
1345 602 1569 658 surgere
1596 585 1729 654 quid
1759 600 1866 638 non

285 678 638 751 praevaleant.

503 804 531 878 ς
567 804 658 861 IX.
687 835 759 884 -—.
787 806 867 862 Ex
896 807 1114 865 Rasum
1145 807 1371 863 PATRUII
1396 806 1536 879 (cap.
1568 807 1644 877 4).

362 936 391 976 δ
416 935 551 992 Illud
577 952 793 1008 quoque
822 938 1219 994 observandum
1250 948 1335 996 est
1363 949 1423 994 ut
1473 947 1740 1010 praesente
1783 955 1869 996 se-

286 1026 466 1095 niore,
522 1043 845 1100 quocunque
874 1040 896 1068 ο
929 1030 1013 1084 vel
1058 1031 1396 1100 praecedente
1426 1030 1481 1085 in
1506 1030 1695 1085 ordine
1723 1030 1869 1100 psal-

287 1120 457 1188 lendi,
494 1137 728 1191 sequens
774 1139 881 1178 non
908 1122 1107 1177 habeat
1158 1123 1472 1178 facultatem
1499 1122 1755 1193 loquendi
1785 1123 1869 1177 vel

290 1215 496 1285 aliquid
546 1212 931 1285 prtesumendi,
981 1216 1086 1271 nisi
1118 1225 1325 1272 tantum
1369 1216 1415 1271 is
1450 1216 1542 1285 qui
1572 1216 1628 1270 in
1656 1216 1866 1281 ordine,

288 1315 352 1361 ut
398 1306 600 1361 dictum
643 1314 744 1369 est,
797 1305 1103 1377 praecedere
1154 1304 1388 1360 videtur.
1429 1304 1545 1361 Hoc
1595 1321 1770 1375 usque
1801 1305 1871 1360 ad

290 1399 460 1452 imum
483 1405 610 1451 ante
642 1396 822 1452 omnia
851 1397 903 1451 in
932 1396 1196 1461 oratione,
1230 1411 1327 1451 seu
1376 1396 1429 1450 in
1459 1410 1645 1466 opere,
1672 1397 1785 1450 sive
1814 1396 1869 1451 in

293 1502 557 1557 responso
604 1487 783 1541 dando
833 1486 939 1540 erit
992 1486 1340 1541 servandum.
1380 1485 1438 1541 Si
1476 1502 1608 1542 vero
1658 1488 1870 1557 simpli—

292 1582 412 1636 cior
437 1580 621 1645 fuerit,
650 1580 734 1635 vel
756 1579 781 1620 ἀ
814 1580 1123 1650 impeditior
1160 1597 1428 1646 sermone,
1483 1592 1535 1638 et
1563 1583 1771 1639 dederit
1796 1584 1873 1638 lo-

292 1687 440 1736 cum,
467 1672 541 1726 ita
569 1672 784 1726 demum
814 1687 1047 1741 sequens
1083 1673 1351 1744 loquatur.
1384 1674 1577 1730 Omnia
1607 1685 1788 1731 tamen
1817 1675 1872 1730 in

2044 504 2067 532 ε
2107 494 2322 548 Initium
2352 495 2694 564 psallentium
2725 497 2780 550 in
2831 498 2999 552 choro
3029 500 3239 569 priores
3264 500 3356 569 qui
3386 500 3440 555 in
3469 499 3551 555 eis

1967 591 2134 647 stant,
2178 583 2459 653 incipiant.
2513 584 2621 638 Aut
2648 584 2692 639 si
2731 585 2812 640 eis
2867 586 3186 642 adversatur
3233 587 3543 652 inﬁrmitas,

1966 674 2247 744 incipiant,
2278 674 2478 744 quibus
2505 674 2757 744 jusserit
2784 676 2965 732 Pater.
3003 677 3210 745 Quibus
3236 679 3548 749 incipienti-

1969 764 2091 830 bus,
2153 780 2280 819 mox
2340 780 2555 829 omnes,
2583 767 2629 821 si
2680 766 2797 822 ﬁeri
2826 776 3025 838 potest,
3051 768 3104 823 in
3133 769 3308 839 prima
3347 779 3441 824 aut
3468 786 3552 825 se-

1971 856 2141 911 cunda
2169 856 2375 927 syllaba
2401 857 2607 926 pariter
2628 858 2955 912 unanimiter
2987 867 3042 912 ct
3079 874 3187 914 uno
3213 875 3309 914 ore
3328 858 3551 928 subjun.

1966 956 2096 1017 gant
2123 966 2135 1001 :
2169 956 2230 1001 ut
2251 963 2356 1002 non
2377 948 2449 1002 sit
2471 947 2805 1003 dissonantia
2835 950 3193 1013 cantantium,
3224 966 3344 1019 qua:
3373 948 3553 1004 maxi-
3598 952 3599 955 “

1967 1055 2054 1094 me
2087 1040 2155 1093 ab
2186 1038 2490 1093 inordinato
2510 1038 2686 1103 initio,
2713 1046 2769 1092 et
2793 1037 3188 1107 quodammodo
3217 1040 3552 1094 contentiosa

1967 1131 2231 1187 varietate
2258 1129 2394 1186 solet
2432 1130 2699 1186 accidere.

2179 1220 2207 1291 δ
2235 1218 2324 1274 XI.
2348 1248 2421 1260 —-
2449 1219 2528 1273 Ex
2577 1218 2797 1273 Recuu
2825 1233 3089 1273 CUIUSDMI
3124 1217 3263 1290 (cap.
3293 1218 3372 1289 9).

2039 1309 2212 1365 Horas
2249 1325 2377 1365 vero
2406 1308 2427 1348 ί
2459 1308 2527 1363 ad
2579 1324 2800 1365 cursum
2850 1324 3144 1382 procurare
3183 1309 3335 1378 juxta
3372 1310 3555 1381 dispo-

1970 1404 2221 1459 sitionem
2243 1402 2457 1458 abbatis
2482 1402 2663 1465 debet,
2686 1401 2990 1471 cuicunque
3023 1401 3333 1456 ordinatum
3357 1398 3554 1468 fuerit,

1974 1495 2027 1549 id
2056 1500 2159 1559 est,
2188 1494 2280 1564 qui
2318 1500 2502 1548 mente
2531 1492 2761 1548 sollicita
2787 1500 2843 1545 et
2876 1491 3102 1563 impigra
3151 1492 3314 1547 fuerit
3345 1492 3413 1547 ad
3453 1492 3559 1546 hoc

1972 1600 2108 1654 opus
2139 1583 2364 1637 idoneus
2395 1582 2666 1648 inventus,
2716 1589 2776 1635 ut
2818 1596 2952 1652 opus
2986 1581 3077 1636 Dei
3128 1597 3235 1636 non
3290 1582 3553 1637 tardetur.

1977 1672 2034 1727 Si
2063 1687 2191 1727 vero
2222 1671 2461 1741 qualibet
2513 1670 2802 1726 occasione
2832 1686 2863 1725 a
2887 1672 3037 1741 justo
3066 1672 3254 1728 ordine
3282 1673 3557 1728 deviatum

291 1762 561 1816 charitate
617 1761 766 1827 ﬁant,
820 1779 927 1817 non
959 1778 1055 1833 per
1082 1765 1488 1821 contentionem
1540 1774 1596 1821 et
1630 1766 1870 1838 aliquam
1903 1757 1949 1816 B
1977 1763 2162 1827 fuerit,
2193 1772 2255 1817 ut
2302 1778 2412 1817 non
2461 1763 2759 1818 secundum
2811 1764 3058 1818 ordinem
3105 1781 3259 1819 suum
3291 1766 3435 1820 hora:
3464 1761 3559 1819 cii-

293 1853 789 1923 praesumptionem.

292 1985 552 2060 ambulat,
579 1986 787 2057 primus
809 1987 1256 2060 psalmum_di_cit.
1289 2008 1308 2040 ι
1341 1989 1419 2043 Ex
1448 1990 1650 2060 Regula
1694 1989 1874 2044 Maca-

298 2056 363 2110 rii
398 2064 452 2110 et
476 2056 707 2111 aliorum
730 2056 850 2126 Cap.
883 2057 951 2112 6:
993 2075 1013 2109 ‹
1058 2057 1204 2113 Ordo
1244 2059 1347 2114 iste
1397 2056 1667 2125 teneatur,
1696 2060 1874 2115 nullus

294 2127 532 2197 priorem
563 2127 614 2181 in
663 2128 1019 2200 monasterio_
1048 2128 1296 2200 adstandi
1325 2129 1419 2200 vel
1445 2130 1701 2200 psallendi
1728 2130 1873 2184 ordi-

297 2212 420 2269 nem
471 2206 764 2269 praesumat
812 2198 1137 2269 prmcedere.
1199 2218 1217 2251 ι
1272 2199 1350 2253 Ex
1398 2198 1459 2253 εξ
1520 2199 1869 2269 Hieronymo,

295 2267 454 2335 epist.
476 2266 554 2321 ad
588 2266 869 2338 Rusticum
896 2286 908 2321 :
943 2287 962 2318 ι
1001 2268 1160 2322 Dicas
1186 2269 1455 2338 psalmum
1483 2269 1535 2323 in
1563 2266 1753 2323 ordine
1780 2278 1872 2331 tuo

300 2339 352 2408 in
382 2351 490 2405 quo
515 2353 620 2408 non
652 2337 877 2408 dulcedo
899 2337 1070 2408 vocis,
1104 2337 1199 2393 sed
1236 2339 1435 2393 mentis
1477 2338 1700 2393 affectus
1721 2354 1870 2408 qua:-

297 2406 536 2489 ritur.A_i
577 2407 654 2489 El:
680 2406 1008 2489 .RegulaS.
1062 2407 1345 2489 Fructuosi
1397 2409 1632 2480 episcopi
1683 2406 1866 2489 Brac.,

295 2490 414 2545 cap.
442 2476 556 2547 257:
594 2476 695 2547 Qui
735 2476 884 2547 prius
913 2479 967 2532 in
998 2478 1327 2533 monasterio
1355 2476 1652 2534 conversus
1679 2476 1867 2543 fuerit,

296 2546 610 2618 etc.,_«prior
640 2546 785 2618 dicat
807 2547 1072 2618 psalmum
1112 2547 1164 2618 in
1189 2548 1377 2611 choro,
1405 2548 1554 2618 prior
1575 2557 1805 2618 constet.
1844 2568 1862 2601 ι

298 2615 377 2669 Ex
429 2615 632 2687 Regula
681 2615 961 2685 cujusdam
1009 2617 1206 2687 Patris,
1239 2633 1358 2687 cap.
1405 2615 1477 2672 ‘22
1516 2636 1530 2671 :
1567 2636 1586 2669 ι
1619 2617 1676 2672 ln
1706 2634 1868 2673 cursu

297 2700 426 2756 vero
448 2686 609 2753 positi
638 2694 798 2756 prout
824 2687 892 2741 ab
917 2688 1113 2742 abbate
1138 2686 1343 2742 fuerint
1382 2688 1639 2753 ordinati,
1677 2688 1759 2743 vel
1798 2689 1867 2742 ad

295 2754 560 2823 psalmum
610 2754 935 2821 canendum,
988 2757 1072 2811 vel
1120 2758 1188 2811 ad
1235 2757 1493 2813 lectiones
1540 2759 1864 2824 recitandas,

298 2824 382 2877 vel
411 2825 578 2880 etiam
602 2829 669 2880 ad
695 2826 1200 2882 communicandum
1223 2837 1415 2883 euntes
1436 2844 1593 2884 suum
1621 2828 1866 2883 ordinem

296 2902 532 2970 εει-χειῇ.
573 2900 591 2947 i
623 2895 792 2970 Etita
815 2897 1058 2970 capiendi
1093 2897 1148 2950 hi
1179 2897 1281 2953 loci
1323 2898 1540 2970 Regulae
1571 2898 1647 2970 S._
1671 2896 1732 2970 P.
1759 2898 1862 2953 Bc-

298 2913 532 2948 servent.
573 2916 591 2947 ι
623 2913 687 2949 nt
718 2913 792 2951 ua
815 2913 1058 3021 capiendi
1095 2913 1148 2950 ni
1179 2913 1281 2953 IOCI
1323 2913 1540 2970 negune
1571 2913 1629 2953 δ.
1673 2913 1732 2953 γ.
1760 2913 1862 2953 ue-

298 2963 501 3037 nedicti
528 2979 649 3037 cap.
675 2965 786 3021 54:
835 2984 852 3017 ι
934 2967 1134 3022 salmos
1154 2976 1360 3034 autem,
1412 2969 1493 3023 vel
1539 2968 1866 3037 antiphonas

296 3042 419 3102 post
455 3034 704 3106 abbatgm
733 3036 923 3091 ordine
947 3053 1066 3102 suo,
1090 3038 1287 3106 quibus
1316 3039 1519 3106 iussum
1549 3034 1733 3103 fuerit,
1759 3038 1862 3092 im-

296 3112 518 3172 ponant.
556 3124 575 3157 ›
610 3104 678 3177 Et
725 3121 846 3176 cap.
879 3106 989 3177 65:
1043 3126 1062 3157 ι
1103 3104 1245 3177 Ergo
1300 3104 1599 3165 secundum
1629 3109 1866 3173 ordines,

298 3188 436 3248 quos
487 3175 832 3248 constituerit
884 3175 1092 3248 (abbas)
1130 3175 1215 3232 vel
1264 3194 1401 3248 quos
1441 3179 1729 3233 habuerint
1768 3179 1872 3248 ipsi

298 3246 526 3317 fratres,
547 3246 626 3301 sic
652 3246 911 3301 accedant
957 3248 1023 3300 ad
1072 3246 1297 3317 pacem,
1313 3249 1380 3302 ad
1410 3246 1870 3315 communionem,

296 3313 383 3389 ad_
415 3315 698 3389 psalmpm
735 3313 1135 3389 imponendum.
1172 3337 1192 3371 ι
1216 3319 1382 3389 idem
1435 3326 1586 3389 patet
1637 3333 1706 3373 ex
1754 3313 1876 3374 loco

298 3383 540 3467 gpis‘tolge
568 3383 703 3467 Gogi
752 3383 916 3455 supra
954 3388 1139 3467 citato.
1203 3388 1261 3442 ln
1315 3383 1660 3467 quibusdam
1688 3397 1873 3467 tamen

300 3453 559 3528 Ecclesiis
584 3453 743 3528 aliter
773 3453 862 3512 res
888 3472 947 3511 se
982 3459 1232 3520 habebat,
1253 3453 1400 3521 nam,
1417 3474 1525 3513 uno
1556 3458 1871 3528 incipiente,

300 3525 484 3578 caeteri
521 3527 809 3592 canebant,
835 3527 1067 3581 maxime
1094 3528 1146 3581 in
1172 3529 1408 3583 Ecclesia
1437 3525 1785 3591 Caesariensi,
1812 3537 1875 3582 ut

297 3593 516 3668 planum
546 3603 629 3650 est
657 3610 723 3651 ex
747 3596 974 3668 epistola
1005 3596 1074 3651 64
1107 3596 1164 3653 S.
1208 3598 1387 3654 Basilii
1418 3615 1431 3651 :
1478 3596 1695 3653 Ἐπειτα
1726 3599 1876 3655 πάλιν

298 3666 671 3739 ζτςιτρὶψανῖιςᾼ
684 3668 753 3739 ivi
773 3666 1050 3738 ἑατάρχειν
1070 3670 1130 3724 τὸ
1148 3670 1318 3737 μέλος,
1332 3671 1377 3722 οἱ
1400 3669 1560 3739 λοιποὶ
1582 3670 1871 3739 ῥπηχοῦσι.

297 3732 357 3807 ld
384 3732 538 3798 e'st,'c
585 3737 786 3793 Deinde
812 3732 911 3791 uni
932 3732 1267 3807 provinciam
1329 3737 1620 3806 incipiendi
1674 3732 1870 3792 conce-

301 3804 516 3868 dentes,
553 3807 735 3862 cazteri
790 3804 1096 3862 succi—nunt.
1136 3827 1155 3859 ι
1190 3807 1354 3862 idem
1412 3804 1573 3861 ﬁebat
1600 3807 1655 3863 in
1688 3822 1877 3861 mona-

301 3874 471 3948 sterio
505 3874 657 3931 Pauli
707 3884 765 3931 et
805 3876 1090 3948 Stephani,
1126 3887 1186 3931 ut
1218 3878 1424 3933 clarum
1455 3885 1537 3931 est
1565 3891 1659 3948 ex“
1686 3891 1875 3948 eorum

303 3941 511 4016 Regula
564 3961 710 4000 ms.:
749 3965 768 3998 ι
809 3941 1025 4003 Initium
1073 3963 1328 4003 versuum
1379 3961 1476 4016 per
1526 3946 1874 4015 psallentium

311 4013 531 4087 choros,
556 4017 766 4087 priores
791 4019 882 4087 qui
915 4019 967 4073 in
1007 4018 1088 4073 eis
1107 4027 1259 4072 stant
1285 4013 1569 4086 incipiant,
1614 4025 1719 4087 etc.
1748 4016 1877 4083 Qui-

302 4084 1071 4156 busincipientibusmaxime
1099 4103 1309 4153 omnes,
1357 4084 1412 4140 si
1432 4095 1610 4156 potest
1658 4086 1877 4151 ﬁeri,in

305 4154 478 4220 prima
500 4164 612 4230 _a_ut
636 4158 871 4212 secunda
921 4158 1124 4230 syllaba
1155 4158 1382 4228 pariter,
1411 4154 1743 4211 unanimiter
1768 4172 1903 4216 uno.

304 4237 401 4277 ore
434 4223 775 4296 subjungant.
814 4248 832 4278 ι

377 4304 405 4367 ξ
444 4292 514 4347 Ut
542 4292 755 4365 surpere
781 4298 906 4366 quid
933 4315 1035 4352 non
1061 4297 1396 4367 prwraleant.
1432 4296 1490 4352 In
1522 4297 1648 4352 cod.
1670 4296 1832 4353 Vind.
1859 4311 1875 4351 :

311 4380 334 4438 ε
362 4362 432 4417 Ut
458 4362 675 4434 surgere
694 4362 914 4438 omnino
949 4362 1071 4423 non'
1100 4370 1327 4437 possint,
1355 4385 1459 4424 non
1487 4368 1879 4438 compellantur

1976 1855 2299 1919 stodiantur,
2335 1844 2825 1925 S’superpositione
2854 1854 3157 1909 damnetur.

1975 2005 2215 2044 versuum
2245 2005 2339 2059 per
2364 1986 2699 2059 psallentium
2734 1987 2941 2059 chpros.
2996 1988 3064 2041 Et
3093 1988 3387 2059 notandum
3414 1988 3559 2057 quod

1973 2075 2081 2114 non
2114 2056 2274 2129 dixit,
2319 2056 2660 2129 psalmorum,
2697 2056 2816 2129 sed
2838 2074 3083 2129 versuum
3104 2070 3123 2109 :
3161 2058 3287 2129 quia
3320 2056 3560 2127 loquitur

2008 2128 2303 2183 eneraliter
2321 2126 2439 2181 tam
2461 2126 2529 2181 de
2548 2126 2742 2198 primis
2765 2126 3106 2198 psalmorum
3124 2126 3375 2198 versibus
3394 2126 3555 2198 quam

2008 2145 2303 2183 eneraliter
2331 2145 2439 2181 tam
2461 2145 2529 2181 ue
2548 2145 2742 2196 primis
2765 2145 3098 2196 psalmorum
3124 2145 3373 2183 VBI'SIDUS
3394 2145 3555 2198 quam

1972 2145 2040 2253 ἕρ
2067 2198 2424 2264 intermediis,
2456 2212 2580 2252 cum
2603 2196 2838 2267 majores
2868 2196 3561 2268 psalmijutersecabantur

1971 2269 2154 2338 aliqua
2185 2268 2525 2339 pausatione,
2551 2274 2642 2321 aut
2659 2268 2928 2333 oratione,
2954 2274 3013 2321 ut
3037 2282 3200 2339 supra
3226 2268 3552 2339 notavimus,

1969 2336 2079 2409 qua
2104 2336 2347 2409 absoluta
2373 2346 2565 2409 cantor
2587 2345 2905 2408 sequentem
2927 2351 3146 2409 vegsum
3172 2336 3481 2409 incipiebat.

2048 2407 2068 2447 ί
2095 2407 2178 2461 Ad
2203 2424 2434 2462 cursum.
2471 2406 2679 2462 Cursus
2701 2414 2784 2462 est
2829 2422 2967 2478 opus
2999 2406 3113 2466 Dei.
3144 2406 3381 2462 ofﬁcium
3413 2407 3556 2461 divi-

1970 2493 2120 2542 num,
2146 2486 2206 2531 ut
2231 2492 2393 2547 supra
2420 2484 2667 2531 notatum
2689 2485 2792 2532 est.

1985 2614 1999 2617 Α
2045 2550 2071 2588 ε
2123 2544 2549 2617 Superpositione
2604 2546 2902 2600 damnetur.
2964 2545 3084 2602 Non
3132 2545 3301 2602 semel
3346 2547 3400 2602 in
3451 2547 3557 2603 hac

1968 2614 2302 2681 Concordia,
2333 2616 2426 2671 sed
2458 2631 2600 2687 saepe
2636 2616 2834 2687 saepius
2858 2617 3431 2687 npmensuperpositio
3464 2632 3554 2671 re-

1967 2687 2197 2757 peritur.
2238 2684 2740 2757 Pmnitentialeins.
2771 2684 2829 2757 S.
2872 2684 3193 2757 Columbani
3239 2684 3553 2755 superposi-

1971 2755 2209 2812 iionibus
2233 2758 2454 2827 plenum
2505 2764 2607 2827 est.
2653 2755 2985 2827 vocabulum
3030 2756 3342 2827 habeturin
3376 2771 3550 2827 conc.

1965 2824 2321 2891 Eliberitano,
2347 2841 2470 2897 can.
2499 2824 2575 2897 26,
2601 2843 2614 2880 :
2652 2844 2675 2897 ς
2707 2826 2959 2881 Errorem
2991 2825 3211 2897 placuit
3238 2826 3554 2897 corrigi,gut

1966 2897 2115 2952 omni
2142 2896 2350 2952 sabbati
2388 2895 2476 2951 die
2506 2894 2835 2966 jejuniorum
2892 2894 3554 2966 superpositipnem'cele-

1966 2969 2208 3023 bremus.
2246 2987 2264 3019 ι
2296 2967 2362 3021 Ει
2390 2963 2513 3021 can.
2544 2963 2616 3020 25
2641 2966 2896 3020 editionis
2919 2963 3071 3020 novre
3102 2984 3115 3020 :
3153 2984 3172 3019 ‹
3208 2963 3549 3036 Jejuniorum

1971 3037 2433 3107 superpositiones
2470 3050 2570 3106 per
2608 3036 2869 3107 singulos
2895 3051 3108 3107 nienses
3154 3036 3358 3107 placuit
3406 3036 3552 3091 cele-

1897 3102 1941 3165 C
1972 3102 2193 3182 brari—3
2227 3106 2430 3182 Graecis
2466 3102 2794 3182 ὗττὲροιετῖς.⁸
2810 3105 3020 3182 Dicitur
3068 3102 3233 3161 etiam
3291 3121 3552 3182 superpo-

1975 3187 2124 3252 nere,
2154 3175 2358 3233 Graacis
2385 3175 2727 3252 diripi-{Bima
2758 3175 2985 3243 Quidam
3032 3186 3225 3246 putant
3246 3175 3555 3252 superposi-

1976 3249 2181 3328 tjone_m
2233 3262 2356 3328 e_s_se
2402 3246 2688 3328 jejunium,
2745 3255 2801 3301 et
2847 3246 3548 3328 supeyponere,_jejunare.

1976 3318 2133 3385 Quod
2180 3316 2646 3387 quidem‘concedi
2671 3328 2852 3386 posset
2890 3316 2936 3372 si
2976 3318 3092 3373 haec
3116 3316 3381 3374 vocabula
3420 3316 3554 3371 sim-

1972 3386 2283 3459 pliciter’et
2333 3388 2450 3459 sine
2500 3388 2751 3459 adjuncto
2799 3398 3173 3459 ponerentur;
3214 3387 3309 3443 sed
3344 3387 3469 3459 quia
3499 3386 3555 3440 in

1976 3455 2159 3513 citatis
2183 3458 2486 3512 canonibus
2507 3455 2646 3511 et'in
2673 3456 2777 3510 hac
2800 3455 3110 3511 Concordia
3140 3472 3248 3511 non
3273 3455 3440 3511 semel
3465 3472 3551 3511 re-

1973 3528 2185 3598 peritut'
2209 3527 2550 3598 superpositio
2570 3524 2787 3598 jejunii,
2815 3534 3238 3598 et‘superpcnere
3257 3526 3550 3598 jejunium,

1974 3594 2038 3678 ut
2070 3598 2125 3650 in
2156 3594 2673 3677 ΙὶεεεὶιιιῐΜειείριῐνί,⁸
2700 3609 2820 3676 cap.
2857 3594 2966 3657 i5,
3002 3594 3388 3676 superponatur
3409 3594 3555 3716 ,ἰείη-

1976 3682 2143 3716 mum.
2177 3673 2233 3716 et
2284 3667 2339 3716 in
2384 3664 2749 3716 Pmmtentlali
2788 3680 2889 3716 ms.
2927 3663 2985 3716 S.
3017 3663 3333 3716 Columbam
3372 3680 3459 3716 mu
3487 3673 3554 3716 tu:

1976 3668 2143 3731 nium,
2177 3663 2261 3720 δι’
2284 3667 2339 3721 in
2384 3663 2889 3720 Pmnitentiali'ms.
2927 3663 2985 3719 S.
3017 3663 3333 3720 COlumbani
3372 3663 3554 3718 multa:

1978 3736 2324 3807 reperiuntur
2351 3735 2788 3807 superpositiones
2836 3735 3051 3807 silentii,
3102 3734 3295 3807 borum
3324 3734 3553 3807 vocabu-

1975 3802 2151 3861 lorum
2175 3805 2281 3859 alia
2311 3802 2814 3875 est'investiganda
2867 3805 3209 3875 signiﬁcatio.
3244 3802 3555 3875 Superposi-

1977 3877 2050 3929 tio
2089 3875 2253 3946 igitur
2271 3884 2327 3930 et
2363 3873 2707 3946 superppnere
2753 3874 2859 3930 duo
2883 3873 3188 3945 signiﬁcant
3216 3891 3228 3926 :
3262 3873 3553 3946 l.‘dilatio,

1974 3942 2437 4016 procrastinatio,
2471 3942 2778 4016 diderre‘et
2827 3942 3229 4014 procrastinare
3253 3944 3377 4016 ;»ita
3424 3943 3554 3998 utsi

1977 4013 2255 4071 diceretur
2280 4013 2628 4086 superpositio
2654 4014 2783 4086 cibi,
2832 4013 3186 4086 superponere
3217 4014 3413 4076 cibum,
3446 4029 3557 4086 non

1977 4099 2108 4140 vero
2129 4082 2472 4155 superpositi};
2487 4082 2705 4155 jejunii,
2734 4092 2829 4155 aut
2856 4082 3071 4155 silentii,
3108 4098 3455 4155 superponere
3472 4082 3555 4155 je-

1969 4151 2207 4225 junium,
2231 4151 2364 4219 etc.,
2392 4151 2640 4224 superior
2665 4153 2956 4225 esplicatio
2980 4151 3280 4225 plausibilis
3304 4151 3551 4225 essen}.
3630 4212 3633 4215 _

1978 4222 2321 4295 superpositio
2338 4234 2427 4295 est
2452 4222 3107 4295 superadditio,adjeCtio,
3132 4222 3551 4295 superadjectio.

1979 4293 2057 4349 Ita
2090 4293 2289 4365 accipit
2327 4293 2633 4365 Stephanus
2685 4293 3010 4365 Parisiensis
3038 4295 3092 4348 in
3143 4293 3555 4365 commentariis

1981 4380 2114 4420 mss.
2144 4365 2203 4435 in
2210 4363 2485 4435 'Regula‘m
2511 4363 2569 4418 S.
2595 4363 2894 4435 Benedicti,
2921 4365 2987 4419 ad
3018 4379 3136 4433 cap.
3181 4365 3245 4419 l9
3271 4381 3284 4416 :
3323 4364 3452 4435 g_De
3474 4363 3557 4418 di-

307 4431 488 4488 facere
516 4431 614 4509 pro
640 4452 706 4491 eo
737 4437 878 4505 quod
902 4455 1031 4509 “non
1073 4431 1421 4509 praevalent.»
1455 4431 1691 4509 Optime,
1723 4440 1770 4494 si
1799 4439 1876 4494 le-
1902 4435 1955 4495 D
1979 4435 2123 4509 vinis
2138 4431 2343 4509 piﬁciis
2368 4450 2474 4509 non
2500 4434 2711 4509 estprnei
2733 4435 2993 4509 propositi
3038 4431 3436 4509 tractare.__lioc
3464 4447 3554 4509 so-

306 4518 424 4572 gas,
446 4505 543 4625 iui
579 4520 682 4558 non
713 4505 1111 4577 compellantur,
1140 4519 1244 4563 etc.

379 4572 406 4612 δ
478 4573 589 4625 llud
635 4591 860 4625 aneane.
911 4586 1016 4625 etc.
1072 4578 1244 4625 "nent

379 4572 406 4612 δ
432 4572 589 4647 -ιιιιιά
635 4572 860 4647 quoque,
911 4586 1016 4632 etc.
1072 4578 1195 4632 llaac
1232 4587 1451 4633 exstant
1482 4577 1533 4631 in
1563 4576 1763 4647 [tegula
1792 4593 1878 4642 se-

304 4643 481 4715 cunda
515 4659 617 4698 ms.
649 4643 770 4699 eod.
798 4646 968 4712 Flor.,
1002 4647 1155 4715 cujus
1184 4647 1396 4701 initium
1425 4656 1510 4701 est
1536 4665 1549 4700 :
1578 4643 1711 4700 Cain
1744 4648 1877 4700 resi-

305 4713 545 4767 deremus
573 4714 627 4767 in
658 4731 817 4770 unum
856 4719 911 4771 in
940 4713 1145 4772 nomine
1174 4717 1404 4771 Domini.
1446 4717 1513 4770 Et
1537 4717 1590 4771 in
1618 4717 1738 4770 cod.
1773 4734 1874 4771 ms.

304 4783 640 4837 Corbeiensi.

379 4864 419 4927 ο-
469 4850 556 4904 Vel
585 4857 906 4927 pra'cedente
952 4857 1007 4910 in
1042 4855 1225 4910 ordine
1272 4855 1551 4925 psallendi.
1583 4857 1879 4927 Distinguit

304 4923 576 4996 seniorem
606 4923 675 4977 ab
718 4940 784 4980 eo
834 4928 924 4995 qui
961 4927 1217 4996 praecedit
1250 4923 1301 4979 in
1356 4927 1546 4980 ordine
1591 4923 1873 4995 psallendi,

303 4994 429 5060 quia
467 4992 553 5047 vel
581 5005 802 5067 propter
823 4992 1158 5067 digni—tatem,
1205 4996 1286 5049 vel
1313 5006 1533 5064 propter
1558 4992 1684 5050 vitae
1711 4998 1876 5050 meri-

306 5070 562 5134 tum,aut
589 5062 748 5134 aliam
782 5062 1153 5122 rationabilem
1184 5062 1429 5128 causam,
1480 5074 1662 5134 potest
1707 5066 1876 5121 abbas

298 5132 572 5200 juniorem
599 5132 859 5207 inAaltiori
914 5136 1081 5207 gradu
1127 5136 1211 5191 vel
1256 5136 1374 5207 loco
1404 5132 1751 5207 constituere,
1783 5136 1877 5207 qui

305 5216 433 5275 tunc
463 5205 733 5275 praecedet
796 5205 1038 5262 seniores
1084 5222 1211 5260 suos
1260 5206 1313 5260 in
1345 5206 1533 5259 ordine
1589 5205 1875 5275 psallendi,

300 5273 454 5341 juxta
483 5273 629 5327 illam
665 5276 926 5346 psallendi
952 5276 1216 5332 rationem
1238 5292 1401 5345 supra
1447 5293 1476 5329 a
1507 5273 1663 5330 nobis
1684 5276 1877 5330 obser-

306 5352 507 5399 vatam.

440 5415 771 5490 Impeditior.
824 5416 902 5471 Ita
934 5417 988 5470 in
1044 5416 1164 5473 cod.
1218 5416 1362 5471 Flor.
1393 5414 1451 5469 In
1499 5414 1684 5480 Corb.,
1713 5415 1876 5486 impe-

304 5496 476 5539 rmor.

377 5567 400 5627 ξι
439 5555 663 5614 Initium
686 5556 1041 5627 psallentium,
1070 5566 1177 5612 etc.
1220 5556 1343 5611 Haec
1362 5555 1638 5627 habentur
1667 5555 1720 5610 in
1766 5555 1873 5627 Be-

301 5625 420 5692 gula
462 5643 565 5681 ms.
595 5625 907 5682 eorumdem
945 5626 1160 5680 Patrum
1190 5627 1311 5680 cod.
1362 5625 1740 5681 Floriacensis.
1768 5625 1871 5680 llic

1979 4506 2089 4559 lum
2120 4504 2319 4569 dicam,
2346 4506 2556 4559 utinam
2586 4506 2735 4566 ﬁant,
2763 4505 3055 4558 secundum
3093 4505 3236 4573 quod
3270 4503 3552 4557 discretis-

1978 4575 2148 4630 simus
2178 4575 2497 4630 Benedictus
2544 4574 2727 4628 divino
2757 4573 2949 4644 Spiritu
2976 4572 3229 4643 dignatus
3274 4581 3363 4627 est
3402 4572 3553 4626 ordi-

1981 4659 2132 4700 nare.
2173 4646 2375 4699 Tamen
2413 4643 2739 4698 monasteria
2771 4643 3016 4713 quaedam
3065 4644 3297 4713 quadam
3325 4649 3556 4711 utuntur

1979 4716 2312 4784 psalmorum
2335 4721 2389 4768 et
2411 4713 2712 4767 ofﬁciorum
2737 4711 3182 4784 superpositione.
3222 4732 3247 4784 ι
3261 4711 3356 4784 illa
3382 4722 3439 4765 et
3460 4726 3556 4784 su-

1982 4780 2281 4854 perponere
2334 4792 2417 4854 est
2467 4784 2682 4854 addere,
2734 4780 3115 4854 superaddere,
3166 4780 3419 4854 adjicere.
3469 4782 3550 4836 lta

1982 4852 2154 4907 utitur
2174 4852 2536 4907 Tertullianus
2558 4852 2649 4906 lib.
2674 4857 2741 4907 de
2763 4852 3019 4907 Oratione
3042 4870 3054 4904 :
3087 4871 3105 4902 ι
3136 4852 3338 4906 Exinde
3366 4859 3553 4920 aperte

1984 4924 2244 4978 Dominus
2269 4922 2531 4991 amplians
2559 4922 2726 4991 legem
2754 4923 2888 4975 iram
2921 4923 2974 4974 in
3008 4921 3225 4976 fratrem
3259 4920 3552 4974 homicidio

1982 4994 2315 5062 superpmiit.
2364 4990 2385 5042 ⁷»
2436 4990 2489 5043 lJ
2520 4990 2627 5054 est,
2669 4992 2840 5062 addit,
2872 4992 3206 5062 superaddit.
3237 4990 3327 5062 _Et
3356 5005 3550 5062 sensus

1981 5059 2065 5116 est
2095 5081 2106 5115 :
2140 5059 2262 5115 cum
2294 5062 2377 5115 lex
2408 5069 2612 5114 tantum
2651 5061 2961 5130 prohiberet
2998 5059 3364 5125 homicidium,
3387 5059 3549 5130 Chri-

1980 5141 2093 5202 stus
2124 5133 2175 5186 in
2214 5130 2499 5200 Evangelia
2542 5129 2673 5202 iram
2723 5131 2775 5202 in
2812 5131 3116 5199 proximum
3168 5129 3551 5202 superadiecit.

1975 5201 2165 5271 Itaque
2195 5202 2246 5256 in
2270 5200 2702 5271 hociloncordize
2724 5200 2863 5255 libro
2890 5201 3235 5271 superpositio
3248 5200 3442 5271 jejuniii
3463 5206 3550 5271 est

1977 5268 2344 5340 superadditio
2366 5268 2811 5338 jejunii,etcum
2862 5268 2968 5325 non
3016 5268 3545 5340 a‘dditurré’jejunii,

1976 5340 2403 5411 subaudiendum
2430 5348 2515 5411 est
2543 5358 2554 5393 :
2611 5349 2668 5394 et
2690 5356 3034 5411 superponere
3053 5340 3319 5411 jejunium
3343 5349 3427 5411 est
3448 5353 3545 5411 su-

1973 5411 2269 5494 peraddere
2286 5407 2546 5494 jejunium
2572 5427 2586 5466 :
2617 5407 2881 5494 quia'cum
2908 5407 3155 5494 monachi
3177 5410 3341 5494 certis
3359 5407 3550 5494 diest

1964 5477 2213 5552 jejunare
2226 5480 2511 5534 soleantex
2530 5478 2799 5552 instituto,
2815 5480 2859 5535 si
2874 5480 3165 5534 accedente
3186 5480 3339 5552 culpa
3353 5477 3545 5552 jejunii

1970 5548 2137 5606 inulta
2168 5551 2525 5620 irrogaretur,
2554 5549 2838 5620 dicebatur
2863 5553 3202 5620 superpositio
3241 5548 3473 5620 jejunii,
3491 5548 3545 5602 id

1970 5567 2137 5606 llllﬂla
2168 5567 2282 5604 ιντο
2317 5567 2525 5614 aretur,
2554 5567 2838 5603 uiceoatur
2863 5567 3202 5619 superposmo
3274 5567 3461 5620 ejunn,
3491 5567 3541 5602 iu

1968 5630 2072 5684 est,
2098 5567 2470 5689 multiplicatio
2497 5618 2961 5689 etsuperadjectio
2978 5618 3169 5689 jejunii
3191 5567 3269 5674 ad,
3281 5619 3436 5674 solita
3453 5616 3541 5686 je-

302 5687 451 5749 iocus
476 5706 764 5765 corruptus
800 5706 901 5751 est.
936 5696 1096 5765 Lege,
1130 5696 1262 5749 utin
1295 5694 1413 5749 cod.
1467 5694 1634 5757 Ποῖ-η
1662 5697 1870 5749 initium
1956 5687 2505 5759 junia.Sicincitatis
2525 5687 2822 5745 canonibus
2836 5687 3048 5745 concilii
3064 5687 3539 5744 Eliberitaninovze
