3948 6182
197 276 320 330 1177

1142 275 1536 333 CONCORDIA
1573 278 2029 338 REGULARUM.
2073 313 2144 323 —
2181 283 2335 340 CAP.
2377 286 2489 341 LV.

3302 298 3440 354 H78

190 415 287 470 que
333 398 433 452 hac
493 393 845 465 dispositione
897 394 1172 450 credimus
1226 405 1457 467 utraque.
1512 409 1754 470 tempora
1784 406 1833 463 Λ
1859 400 2110 458 Octobris
2139 420 2309 475 usque
2337 407 2406 461 ad
2446 413 2610 476 caput
2648 408 3080 480 quadragesimae
3112 424 3136 452 ο
3165 429 3337 484 usque
3373 416 3442 471 ad

189 492 412 550 ordinari
440 509 454 546 :
485 491 541 546 id
570 497 672 555 est,
704 498 767 544 ut
797 506 827 545 a
852 488 1064 545 Pascha
1095 487 1265 560 usque
1294 504 1319 531 ι
1352 492 1421 546 ad
1444 492 1560 546 Kal.
1596 492 1759 548 Octo-

187 587 294 642 bris
319 600 347 639 a
377 598 537 638 mane
564 589 826 637 exeuntes
847 598 877 635 a
905 583 1078 651 prima
1107 600 1277 653 usque
1305 583 1371 637 ad
1398 585 1589 639 horam
1621 598 1758 653 pene

189 681 423 746 quartam
447 670 716 735 laborent,
740 672 882 742 quod
912 673 1280 726 necessarium
1305 671 1491 726 fuerit.
1518 674 1601 728 Ab
1623 675 1755 729 hora

191 772 355 821 autem
382 770 575 834 quarta
595 777 766 832 usque
799 763 865 816 ad
894 763 1084 817 horam
1118 763 1272 832 quasi
1302 772 1510 817 sextam
1537 763 1755 819 lectioni

193 864 387 913 racent.
430 856 458 896 δ
495 855 626 909 Post
664 861 874 909 sextam
922 863 1104 910 autem
1159 863 1444 927 surgentes
1500 872 1530 910 a
1570 871 1756 911 mensa

196 954 404 1023 pausent
436 944 490 998 in
537 942 692 997 lectis
732 943 845 998 suis
891 959 1013 998 cum
1055 944 1270 999 silentio
1313 962 1325 997 :
1377 954 1472 1000 aut
1501 945 1639 1001 forte
1664 946 1756 1014 qui

199 1038 405 1095 toluerit
432 1037 611 1109 legere
646 1047 668 1075 ο
700 1036 781 1091 sic
827 1036 988 1108 legat,
1022 1046 1081 1092 ut
1108 1037 1273 1092 alium
1310 1053 1416 1093 non
1447 1038 1710 1108 inquietet
1740 1056 1752 1093 :

201 1136 380 1205 ﬁgatur
424 1144 568 1185 nona
603 1129 900 1198 temperius
951 1129 1224 1186 mediante
1274 1137 1464 1184 octava
1518 1131 1673 1195 hora,
1703 1139 1760 1184 et

188 1222 375 1278 iterum
419 1220 564 1291 quod
608 1218 911 1274 faciendum
964 1227 1065 1283 est,
1118 1229 1432 1289 operentur,
1462 1237 1636 1292 usque
1688 1222 1757 1276 ad

185 1328 482 1383 vesperam,
508 1311 553 1368 si
607 1319 787 1366 autem
818 1312 1115 1367 necessitas
1161 1311 1288 1378 loci,
1324 1320 1419 1367 aut
1464 1321 1756 1384 paupertas

187 1404 440 1476 exegerit,
486 1411 546 1459 ut
578 1405 646 1458 ad
679 1402 862 1473 fruges
889 1402 1219 1474 colligendas
1255 1418 1355 1473 per
1395 1418 1453 1458 se
1490 1418 1758 1473 occupen-

188 1504 290 1561 tur,
338 1510 445 1550 non
497 1494 910 1560 contristentur,
963 1495 1090 1565 quia
1143 1502 1271 1549 tunc
1321 1509 1449 1550 vere
1504 1494 1755 1549 monachi

188 1594 329 1662 sunt,
370 1585 418 1640 si
458 1584 643 1639 labore
689 1600 947 1639 manuum
1000 1600 1221 1641 suarum
1262 1585 1476 1652 vivunt,
1522 1585 1663 1640 sicut
1702 1593 1758 1640 et

187 1687 361 1749 patres
399 1676 570 1732 nostri
611 1684 666 1731 et
694 1675 943 1746 apostoli.
987 1673 1182 1731 Omnia
1218 1685 1401 1731 tamen
1445 1684 1756 1731 mensurate

1860 493 2048 548 horam
2083 496 2379 550 secundam
2422 496 2442 536 ί
2476 497 2693 567 plenam
2740 498 2957 555 lectioni
3002 512 3193 558 vacent
3238 523 3252 557 :
3307 504 3441 560 hora

1857 584 2095 639 secunda
2131 596 2324 656 agatur
2353 588 2534 654 tertia,
2564 598 2620 644 et
2646 602 2821 660 usque
2847 592 2915 646 ad
2944 608 3141 647 nonam
3163 608 3350 650 omnes
3385 596 3442 651 in

1856 687 1992 742 opus
2024 690 2182 729 suum
2211 676 2480 743 laborent,
2510 682 2652 749 quod
2679 682 2760 737 eis
2795 681 3115 753 iniungitur.
3148 684 3315 742 Facto
3344 703 3444 743 au-

1856 774 1966 820 tem
1995 768 2171 836 primo
2215 768 2370 839 signo
2398 771 2546 826 bone
2574 788 2728 828 nonae
2756 776 3067 847 disiungant
3097 792 3158 832 se
3182 778 3251 833 ab
3276 793 3444 848 opere

1856 871 1956 911 suo
2000 857 2218 928 singuli,
2247 866 2301 913 et
2341 859 2454 914 sint
2496 863 2672 930 parati
2715 864 2842 917 dum
2891 867 3185 920 secundum
3229 866 3444 938 signum

1855 948 2173 1017 pulsaverit.
2217 950 2347 1004 Post
2378 949 2730 1007 refectionem
2762 962 2943 1009 autem
2973 965 3167 1011 vacent
3196 958 3446 1014 lectioni-

1856 1036 1958 1091 bus
1987 1036 2099 1093 suis
2127 1046 2223 1092 aut
2245 1039 2489 1108 psalmis.
2514 1038 2575 1093 In
2604 1040 3031 1112 quadragesimae
3070 1061 3200 1099 vero
3226 1047 3442 1115 diebus,

1857 1141 2016 1181 mane
2050 1142 2219 1197 usque
2254 1129 2325 1183 ad
2365 1130 2579 1199 tertiam
2621 1130 2836 1199 plenam
2882 1143 3077 1188 vacent
3121 1135 3445 1194 lectionibus

1856 1215 1967 1270 suis
1999 1233 2012 1269 :
2042 1223 2098 1271 et
2119 1233 2292 1287 usque
2324 1220 2350 1258 ⁸
2394 1198 2465 1274 ad
2489 1198 2830 1275 undecimam
2875 1222 3094 1292 plenam
3125 1234 3442 1293 operentur,

1855 1306 1999 1375 quod
2042 1306 2123 1362 eis
2167 1307 2485 1381 injungitur.
2531 1310 2590 1364 In
2635 1311 2832 1380 quibus
2874 1311 3067 1368 diebus
3096 1314 3446 1385 quadragesi-

1856 1414 1957 1453 mae
1991 1399 2019 1439 ιι
2052 1399 2323 1469 accipiant
2352 1416 2543 1457 omnes
2570 1402 2813 1473 singulos
2840 1404 3056 1460 codices
3086 1404 3152 1461 de
3174 1405 3447 1461 biblotbe-

1856 1505 1942 1554 ca,
1971 1505 2109 1559 quos
2131 1506 2227 1560 per
2255 1492 2501 1547 ordinem
2525 1500 2581 1548 et
2609 1493 2851 1565 integros
2877 1493 3077 1565 legant.
3102 1495 3206 1562 Qui
3228 1497 3445 1554 codices

1856 1580 1911 1635 in
1966 1581 2143 1650 capite
2192 1583 2624 1654 quadragesimae
2661 1585 2825 1640 dandi
2874 1596 3017 1641 sunt.
3072 1588 3214 1644 Ante
3261 1591 3443 1645 omnia

1856 1686 1987 1727 sane
2022 1676 2039 1713 ι
2072 1671 2400 1743 deputentur
2428 1691 2566 1729 unus
2601 1683 2696 1730 aut
2724 1676 2831 1731 duo
2870 1677 3133 1744 seniores,
3169 1678 3181 1728 i
3222 1680 3315 1750 qui
3339 1681 3446 1736 cir-

188 1772 316 1827 ﬁam
364 1777 587 1841 propter
636 1768 1032 1840 pusillanimes.
1088 1767 1117 1808 «ι
1179 1768 1226 1823 Α
1271 1769 1529 1825 Kalendis
1574 1777 1756 1823 autem
1784 1758 1832 1817 B
1860 1773 2116 1819 cumeant
2151 1767 2543 1822 monasterium
2583 1768 2753 1833 boris,
2799 1769 2998 1839 quibus
3026 1778 3221 1827 vacant
3252 1772 3446 1828 fratres

185 1937 217 1993 a
241 1920 584 1994 perfectione,
610 1922 699 1991 qui
725 1921 780 1975 in
810 1920 894 1975 his
921 1920 1138 1994 assidue
1162 1936 1267 1975 non
1295 1929 1559 1994 versatur.
1599 1919 1752 1986 Quod

185 1991 387 2064 speetat
437 1993 503 2064 ad
553 2007 885 2064 paganorum
936 1991 1103 2047 libros
1152 2008 1274 2064 cum
1314 1993 1382 2064 de
1436 1993 1522 2064 bis
1578 1998 1755 2064 taceat

186 2060 243 2117 S.
284 2062 443 2117 Pater
472 2060 812 2128 Benedictus,
845 2063 1055 2130 signum
1087 2071 1171 2116 est
1195 2063 1332 2116 hanc
1365 2062 1651 2116 lectionem
1686 2060 1755 2114 ab

184 2148 248 2187 eo
289 2132 507 2188 minime
551 2134 790 2203 probari.
825 2132 955 2203 Eam
986 2132 1263 2203 monachis
1291 2132 1541 2199 prohibet
1571 2130 1633 2203 8γῖ
1659 2131 1755 2183 Isi-

183 2205 344 2258 dorus
378 2218 496 2273 cap.
526 2201 621 2257 vui
649 2219 760 2257 sua:
807 2201 1021 2273 regttlm,
1065 2211 1121 2256 et
1148 2202 1428 2273 νρρίεοορίε
1463 2201 1754 2273 concilium

183 2272 603 2344 Carthaginense
651 2290 727 2339 tv,
774 2289 874 2329 ean
906 2272 1018 2326 IO:
1067 2290 1086 2322 ι
1145 2272 1215 2328 Ut
1255 2273 1541 2343 episcopus
1588 2272 1755 2326 libros

183 2343 458 2414 gentilium
494 2359 603 2399 non
640 2343 803 2417 legat.
840 2364 860 2397 ι

304 2452 395 2512 Qui
420 2454 564 2501 corda
591 2450 720 2503 falsis
745 2461 891 2511 atque
926 2455 1062 2503 vanis
1085 2453 1310 2503 imbuant
1335 2491 1348 2515 ,

363 2515 673 2578 Tantumque
701 2516 886 2578 linguas
913 2516 1177 2578 instruunt.

304 2574 430 2626 Nihil
458 2574 757 2636 adferentes,
772 2574 833 2625 wut
860 2577 1065 2625 salutem
1093 2575 1377 2637 conferant,

365 2639 501 2695 Ouod
529 2641 782 2686 veritatem
808 2638 1025 2697 detegat.

304 2702 426 2763 Quid
448 2702 584 2763 enim
611 2708 787 2747 tenere
815 2700 889 2748 vel
913 2702 1088 2748 bonum
1111 2707 1189 2748 aut
1209 2712 1379 2749 verum
1403 2707 1605 2763 queant,

366 2762 458 2819 Qui
483 2774 576 2808 non
602 2768 773 2809 tenent
804 2774 1041 2808 summum
1062 2768 1205 2818 caput
1232 2798 1246 2822 ,

308 2822 421 2871 Veri
448 2824 659 2884 bonique
684 2822 900 2871 fomitem
926 2831 978 2870 et
1000 2822 1180 2872 fontem
1199 2824 1257 2871 ad
1283 2823 1440 2873 Deum
1461 2822 1488 2873 ?

368 2884 523 2944 Quem
546 2895 692 2933 nemo
710 2918 726 2943 ,
761 2884 853 2933 nisi
878 2884 924 2932 in
949 2884 1159 2945 Christo,
1181 2885 1327 2936 ridet.

177 2985 357 3054 Inquit
397 2983 456 3039 S.
493 2983 752 3039 Paulinus
799 2983 958 3054 epist.
988 2985 1055 3038 ad
1083 2983 1398 3039 Ausonium.
1442 2984 1570 3050 Sed,
1612 2981 1754 3052 quod

177 3054 334 3127 pejus
364 3064 471 3119 est,
500 3055 604 3109 hac
634 3054 881 3127 lectione
910 3055 1155 3127 obducta:
1180 3055 1438 3127 vitiorum
1467 3055 1755 3127 cicatrices

179 3107 597 3190 taumatia;
644 3107 708 3180 (ἐξ
726 3107 998 3195 “spiam
1030 3107 1331 3194 istst-ous
1355 3107 1758 3195 remittendo};
1785 3107 1829 3170 C

178 3198 384 3268 impetu
408 3196 722 3261 revertitur,
746 3194 802 3251 et
824 3195 1007 3265 priore
1028 3195 1333 3268 ignorantia
1359 3196 1576 3268 cladem
1597 3194 1763 3268 edicit

179 3264 531 3330 deteriorem,
567 3271 630 3319 ut
668 3264 1150 3321 recte’monet'S.
1201 3264 1438 3321 Isidorus
1488 3264 1760 3321 Pelusiota

177 3338 323 3419 lib.)-
354 3334 567 3419 epistol.
608 3335 899 3419 65.-illen_s
948 3335 1486 3419 enim.hli_s‘addieta
1525 3337 1759 3405 quodam

176 3405 436 3462 vanitatis
463 3415 516 3461 et
555 3406 818 3476 superbiae
863 3414 1075 3461 tumore
1108 3405 1344 3469 inflatur,
1376 3414 1431 3461 et
1456 3406 1759 3476 daemonum

174 3487 329 3550 patet
386 3475 641 3550 illusioni.
692 3476 878 3545 Itaque
922 3477 1228 3550 hujusmodi
1279 3476 1542 3550 librorum
1577 3475 1760 3539 lectio,

175 3546 443 3619 quantum
485 3546 598 3619 fieri
626 3555 819 3619 potest.
860 3546 1137 3619 monachis
1166 3555 1251 3601 est
1278 3546 1514 3608 vitanda,
1558 3555 1618 3619 et
1645 3554 1763 3619 tan-

178 3614 295 3674 tum
325 3614 699 3688 capacioribus
732 3617 980 3688 ingeniis,
1009 3617 1169 3686 idque
1220 3633 1363 3683 raro,
1398 3614 1762 3687 permittenda

175 3697 261 3745 est
270 3729 285 3742 .
1125 3735 1133 3743 .

251 3773 277 3800 δ
316 3759 397 3813 Ad
447 3757 715 3812 Kalendas
746 3756 1005 3811 Octobris.
1059 3756 1314 3812 Kalendae
1351 3755 1605 3811 Octobris
1652 3768 1761 3808 non

175 3838 311 3883 sunt
361 3829 450 3884 hic
502 3830 711 3897 primus
759 3828 874 3882 dies
922 3827 1192 3890 Octobris,
1247 3827 1339 3881 sed
1392 3826 1765 3897 postridiauus

175 3900 372 3954 Iduum
407 3894 740 3968 Septembris
774 3916 786 3951 :
821 3899 944 3967 quia
966 3894 1434 3968 postridielduum
1465 3896 1633 3968 diesa
1660 3894 1765 3968 Ka-

174 3970 359 4024 lendis
387 3965 666 4039 sequentis
695 3965 896 4039 mensis
926 3965 1375 4039 denominantur.
1393 3966 1645 4020 Kalendae
1672 3965 1768 4034 igi-

181 4050 279 4094 tur
327 4037 577 4095 Octobris
606 4040 711 4093 boc
763 4038 883 4093 loco
920 4048 1043 4093 sunt
1094 4037 1211 4092 dies
1262 4038 1503 4091 decimus
1542 4044 1766 4090 octavus

174 4116 312 4163 ante
338 4108 609 4163 Kalendas
645 4108 894 4164 Octobris
925 4126 937 4161 :
971 4118 1026 4164 et
1064 4109 1137 4163 ita
1172 4109 1276 4162 hoc
1315 4115 1478 4177 caput
1522 4122 1644 4161 cum
1668 4121 1768 4177 ca—

216 4180 298 4233 ite
342 4179 405 4233 41
438 4178 780 4241 conciliatur,
805 4180 857 4231 in
885 4195 992 4248 quo
1019 4180 1133 4234 haec
1156 4176 1420 4233 habentur
1447 4192 1462 4231 :
1500 4197 1519 4228 ι
1555 4177 1637 4233 Ab
1666 4176 1769 4248 Idig

219 4264 288 4303 us
319 4248 654 4319 Septembris
695 4263 865 4320 usque
906 4247 975 4302 ad
1029 4258 1192 4320 caput
1218 4249 1656 4319 Quadragesimae
1700 4247 1768 4302 ad

174 4317 635 4388 nonam—semper
662 4317 925 4373 reficiant.
965 4339 982 4370 ι

253 4390 285 4429 δ
310 4388 439 4442 Post
467 4397 665 4443 sextam
690 4398 957 4457 surgentes
981 4406 1012 4441 η
1049 4404 1251 4455 mensa,
1282 4399 1388 4443 etc.
1426 4388 1768 4442 Permittitur

1860 1928 2135 2000 Moschum
2167 1945 2285 2000 cap.
2310 1931 2398 1994 77,
2432 1939 2486 1985 et
2506 1931 2659 1985 alios.

1934 2011 1954 2037 ε
1986 1999 2075 2070 Sic
2103 1999 2237 2070 legat
2266 2009 2324 2053 ut
2364 2000 2526 2053 alium
2553 2018 2655 2054 non
2691 1999 2958 2070 inquielet.
2990 2000 3130 2067 Quia
3169 1999 3298 2054 olim
3329 2000 3445 2055 haec

1860 2069 2021 2123 lectio
2049 2068 2212 2123 fiebat
2239 2070 2293 2123 in
2324 2072 2481 2133 lecto,
2514 2080 2569 2123 ut
2597 2068 2803 2125 clarum
2835 2079 2939 2136 est,
2974 2086 3042 2124 ex
3072 2070 3319 2136 Epitome
3344 2070 3447 2124 Lu-

1860 2140 2055 2211 dovici
2083 2141 2427 2207 imperatoris
2477 2156 2640 2210 super
2691 2140 2949 2211 Regulam
2997 2141 3056 2194 S.
3094 2139 3372 2211 Benedicti
3427 2157 3442 2194 :

1867 2228 1886 2260 ι
1914 2208 2134 2291 fEstivo
2165 2211 2312 2264 oumi
2342 2208 2580 2291 tempore
2608 2221 2730 2279 post
2750 2208 3039 2280 prandium
3074 2210 3445 2291 unusquisque

1861 2282 1927 2333 ad
1951 2280 2229 2349 proprium
2257 2289 2345 2333 eat
2375 2280 2574 2334 lectum
2596 2295 2718 2333 cum
2751 2296 2959 2335 summa
2985 2281 3221 2341 cautela,
3249 2288 3307 2334 et
3324 2280 3444 2335 sine

1861 2350 2086 2420 alterius
2135 2350 2542 2419 perturbatione
2573 2359 2665 2404 aut
2714 2350 2873 2420 legat,
2906 2359 3000 2403 aut
3028 2351 3286 2420 dormiat,
3321 2369 3342 2403 ο
3390 2357 3447 2403 et

1861 2436 1928 2474 ex
1963 2419 2086 2474 add.
2124 2420 2146 2472 I
2182 2421 2413 2489 Capitul.
2448 2419 2582 2473 Lud.
2632 2419 2785 2489 i-mp,’
2812 2422 2893 2474 tit.
2926 2420 3035 2475 58:
3072 2439 3091 2472 ι
3130 2419 3200 2475 Ut
3228 2420 3445 2488 quando

1861 2489 2059 2544 fratres
2081 2498 2203 2559 post
2232 2501 2438 2543 sextam
2465 2489 2824 2554 dormiunt,si
2850 2494 2970 2560 quis
2999 2505 3187 2544 eorum
3214 2490 3448 2544 voluerit

1863 2561 2062 2629 legere,
2086 2562 2156 2630 fin
2199 2561 2423 2614 ecclesia
2457 2561 2630 2614 autin
2660 2560 2799 2615 lecto
2837 2576 2935 2614 suo
2958 2561 3118 2630 legat.
3160 2580 3179 2612 ι

1931 2628 1957 2669 δ
1984 2632 2024 2683 Α
2049 2629 2307 2683 Kalendis
2331 2630 2594 2683 Octobris.
2625 2630 2682 2684 Id
2701 2638 2787 2685 est
2810 2646 2841 2684 a
2871 2628 3082 2686 decimo
3107 2638 3301 2686 octavo
3322 2628 3442 2684 Kal.

1860 2697 2081 2755 Octobr.
2121 2700 2402 2755 inclusive.

1860 2839 1906 2894 Α
1937 2781 1961 2810 ε
1995 2768 2168 2842 Usque
2198 2770 2267 2823 ad
2307 2771 2489 2823 horam
2513 2770 2816 2825 secundum.
2842 2769 3283 2827 Subaudiendum
3310 2781 3396 2828 est
3428 2789 3443 2827 :

1950 2857 2123 2894 mane.

1950 2857 2123 2894 mane.

1920 2909 1959 2959 ,ί
1988 2909 2233 2983 Plenam.
2260 2909 2321 2965 Id
2361 2917 2469 2977 est,
2502 2918 2956 2983 consummatam,
3002 2926 3128 2965 nam
3157 2912 3451 2983 opponitur

1861 2980 2160 3052 particulis.
2187 2997 2337 3052 rene.
2371 2981 2543 3052 msi-

1936 3053 1962 3091 ⁸
2002 3050 2085 3104 Ad
2127 3049 2478 3105 undecimam.
2510 3049 2664 3120 Apud
2718 3049 2777 3107 S.
2830 3050 3191 3119 Dunstanum,
3232 3052 3450 3108 Smara-

1862 3121 2043 3192 gdum,
2061 3120 2554 3192 Turrecrematam,
2580 3132 2635 3177 et
2662 3121 2716 3175 in
2742 3122 2992 3177 omnibus
3013 3123 3291 3179 codicibus
3310 3139 3448 3192 quos

1863 3191 2114 3263 viderim,
2134 3199 2241 3245 tam
2262 3191 2604 3263 cditisrquam
2627 3207 2785 3255 mss.,
2811 3192 3009 3263 legitur
3032 3211 3043 3247 :
3063 3194 3145 3247 Ad
3169 3191 3445 3257 decimam,

1860 3276 2025 3334 quam
2061 3261 2349 3334 lectionem
2382 3261 2613 3317 libenter
2637 3261 2957 3334 amplector,
2993 3273 3052 3318 ut
3075 3265 3235 3319 dictis
3262 3277 3450 3334 vespe-

1858 3333 1937 3387 ris
1962 3332 2106 3387 circa
2138 3332 2477 3387 undecimam
2509 3346 2727 3386 caenare
2776 3332 3039 3401 incipiant
3079 3332 3451 3400 monachi,'ut

1860 3401 2065 3456 lumine
2093 3402 2328 3456 lucerna:
2356 3419 2463 3456 non
2498 3402 2773 3471 indigeant
2801 3402 2853 3455 in
2883 3401 3197 3458 refectione.

1932 3473 1957 3512 h
1986 3472 2258 3541 Accipiunt
2295 3488 2471 3525 omnes
2517 3470 2751 3540 singulos
2787 3471 2989 3524 codice:
3032 3473 3097 3526 de
3135 3472 3445 3526 biblolheca.

1862 3542 2020 3597 Circa
2053 3543 2151 3596 hos
2171 3542 2386 3595 codices
2414 3543 2527 3595 haec
2545 3543 2909 3595 decernuntur
2938 3541 2989 3593 in
3017 3543 3138 3596 add.
3165 3559 3180 3596 ι
3205 3541 3441 3609 Capitul.

1863 3612 2000 3666 Lud.
2034 3613 2186 3680 imp.,
2210 3612 2294 3665 tit.
2327 3611 2430 3664 I9:
2472 3630 2490 3661 ι
2527 3610 2583 3665 In
2607 3610 3019 3680 quadragesima
3062 3612 3213 3665 libris
3251 3612 3317 3666 de
3355 3610 3447 3665 Bi-

1863 3683 2132 3737 bliotheca
2173 3680 2466 3735 secundum
2498 3681 2695 3750 prioris
2735 3681 3141 3750 dispositionem
3183 3682 3445 3751 acceptis,

1865 3753 2020 3815 alios,
2076 3752 2178 3806 nisi
2236 3752 2384 3820 prior
2434 3751 2739 3806 decreverit
2802 3751 3074 3821 expedire,
3141 3767 3248 3806 non
3304 3752 3449 3806 acci-

1904 3826 2034 3877 iant.
2074 3841 2094 3874 ›

1905 3838 2034 3877 tant.
2074 3841 2094 3874 ›

1865 3838 1899 3892 p
1945 3894 1960 3932 i
1994 3891 2317 3962 Deputentur
2335 3907 2470 3962 unus
2502 3901 2595 3945 aut
2616 3890 2722 3945 duo
2744 3891 3009 3962 seniores,
3040 3899 3145 3945 etc.
3177 3889 3450 3946 Circuitor

1866 3960 2183 4031 monasterii
2217 4001 2231 4025 ,
2263 3961 2352 4029 qui
2390 3960 2584 4017 fratres
2611 3961 2911 4017 desidiosos
2953 3963 3227 4031 observat,
3261 3961 3448 4031 appel-

1866 4033 2008 4087 latur
2034 4049 2047 4085 :
2073 4028 2252 4096 Circa,
2275 4028 2334 4084 ut
2361 4032 2542 4086 videre
2566 4040 2651 4086 est
2670 4033 2721 4085 in
2751 4032 3051 4087 Concordia
3081 4030 3138 4085 S.
3162 4028 3447 4096 Duns‘t'ani,

1868 4119 1988 4172 cap.
2011 4101 2041 4154 7
2067 4116 2081 4173 ς
2112 4119 2130 4173 ι
2166 4099 2290 4173 iam
2314 4110 2368 4154 et
2389 4104 2683 4173 secundum
2713 4102 2935 4173 Regula:
2956 4112 3284 4173 praeceptum
3321 4117 3450 4173 con-

1869 4171 2020 4229 stitui
2051 4171 2211 4225 debet
2245 4171 2441 4241 aliquis
2492 4172 2663 4227 frater
2690 4215 2705 4234 ,
2736 4171 2828 4242 qui
2870 4174 2939 4241 ab
2959 4171 3150 4228 ’oIlicio
3191 4172 3452 4227 circuitus

1869 4244 1953 4299 sui
2002 4242 2157 4297 Circa
2182 4252 2451 4296 vocatur:
2491 4251 2577 4297 est
2599 4244 2741 4297 enim
2784 4242 2901 4312 ejus
2942 4243 3176 4299 oﬂicium
3216 4242 3452 4297 circuire

1875 4314 2211 4375 claustrum,
2279 4328 2345 4367 ne
2398 4312 2535 4367 forte
2580 4314 2887 4367 inveniatur
2927 4313 3099 4368 frater
3145 4312 3448 4376 acediosus,

1873 4393 1968 4439 aut
1991 4383 2152 4437 alicui
2182 4384 2410 4438 vanitati
2438 4382 2666 4437 deditus.
2708 4401 2725 4434 ι
2765 4384 2831 4437 Et
2860 4384 3001 4453 apud
3052 4381 3444 4437 Lantfrancum

172 4458 469 4513 monachis
500 4458 553 4512 iu
582 4452 1043 4512 aestate'somnus
1092 4452 1422 4513 meridianus
1449 4460 1518 4511 ob
1570 4459 1766 4512 nimios
1794 4457 1844 4517 D
1870 4471 1919 4509 c.
1945 4454 1979 4506 Δ
2010 4455 2387 4517 Decretorum,
2427 4472 2444 4503 ι
2478 4453 2867 4508 Circumitores
2894 4452 3229 4507 monasterii
3259 4492 3272 4513 ,
3309 4466 3447 4521 quos

173 4530 420 4599 calores.
453 4528 509 4599 Id
532 4527 743 4582 videtur
773 4528 911 4599 apud
936 4526 993 4582 S.
1013 4528 1332 4599 Gregorium
1358 4544 1477 4597 cap.
1508 4545 1585 4590 vi,
1611 4528 1702 4581 lib.
1725 4544 1764 4590 ι,

172 4598 325 4654 Dial.
369 4617 387 4649 ι
438 4597 679 4666 Cumque
730 4597 1029 4668 meridiano
1066 4597 1309 4668 tempore
1344 4599 1525 4652 cuncti
1572 4598 1769 4668 fratres

171 4670 555 4739 quiescerent,
589 4683 739 4722 more
789 4667 946 4723 solito
991 4667 1085 4739 fur
1117 4667 1352 4739 advenit.
1392 4668 1530 4739 i_lta
1580 4667 1772 4739 statuit

171 4735 238 4793 S.
274 4738 611 4810 Fructuosus
634 4739 804 4807 epise.
851 4754 971 4810 cap.
1002 4738 1036 4791 6
1065 4737 1280 4810 Regulae
1312 4754 1324 4789 :
1356 4754 1374 4786 ι
1403 4735 1629 4810 Peracto
1651 4736 1773 4810 otii-

169 4810 270 4865 cio
297 4816 469 4864 sextae
493 4809 560 4863 ab
588 4809 834 4863 oratione
855 4807 1081 4879 pergant
1111 4807 1176 4863 ad
1202 4822 1445 4863 mensam
1477 4807 1773 4879 reiectique

169 4894 430 4949 congrue
454 4878 757 4949 quiescant,
786 4888 837 4932 et
856 4877 1257 4949 fiat—silentium
1283 4892 1453 4949 usque
1482 4877 1771 4949 adhoram

167 4947 409 5005 nonam.
446 4947 565 5002 {Et
603 4947 660 5003 S.
691 4948 926 5004 Isidorus
952 4964 1072 5072 car.
1116 4947 1150 5001 5
1179 4948 1436 5019 Regulae:
1476 4966 1493 4998 ι
1542 4947 1587 5001 Α
1613 4948 1773 5002 tertia

167 5028 370 5072 autem
422 5033 593 5072 usuue
634 5020 701 5072 ad
755 5028 963 5072 sextam
1041 5019 1238 5072 ectioni
1289 5032 1484 5072 vacare
1531 5016 1773 5072 :debinc

167 5028 370 5074 autem
422 5033 593 5087 usque
634 5020 701 5073 ad
755 5028 963 5073 sextam
1018 5016 1238 5073 lectioni
1264 5016 1484 5072 'vacare
1531 5016 1775 5072 :debinc

168 5104 361 5157 usque
405 5089 474 5143 ad
517 5104 714 5143 nonam
760 5091 1122 5156 requiescere.
1178 5108 1197 5139 ι
1234 5088 1406 5157 iisque
1435 5087 1566 5142 locis
1597 5088 1776 5158 agitur

169 5161 246 5214 de
274 5158 472 5230 ξιξειὶῩο
523 5167 782 5228 tempore,
819 5158 871 5212 in
904 5176 1028 5230 quo
1080 5160 1283 5230 fratres
1313 5158 1378 5212 ad
1415 5168 1622 5230 sextam
1657 5159 1777 5210 reli-

172 5231 363 5283 ciunt.
408 5228 485 5283 De
509 5227 699 5283 somno
741 5227 1042 5284 meridiano
1091 5244 1213 5283 cum
1261 5227 1457 5282 fratres
1482 5229 1548 5282 ad
1574 5243 1773 5281 nonam

168 5299 462 5361 reﬁciunt,
519 5299 650 5354 nihil
676 5315 705 5353 a
749 5298 807 5352 S.
855 5298 1150 5355 Benedicto
1204 5298 1532 5362 decernitur,
1576 5298 1663 5366 qui
1703 5309 1777 5351 ta-
1816 5330 1825 5336 -

168 5368 674 5449 tnen__indulgetur
716 5371 998 5449 monachis
1046 5368 1229 5449 add.
1261 5368 1390 5449 Cap.
1430 5368 1565 5422 Lud.
1617 5368 1773 5449 imp.,

168 5385 309 5423 men
365 5385 674 5493 indulgetur
716 5385 998 5425 monacnts
1046 5385 1169 5424 auo.
1200 5385 1224 5422 ι
1261 5385 1390 5438 ιλιι).
1430 5385 1565 5422 nun.
1617 5385 1773 5449 imp,

166 5440 266 5494 tit.
298 5438 365 5492 7t
404 5454 417 5491 :
454 5457 472 5488 ι
563 5448 581 5492 t
619 5440 830 5507 quando
874 5440 1072 5495 fratres
1116 5438 1305 5492 :estivo
1364 5446 1606 5507 tempore
1638 5453 1777 5505 Jeju-

162 5517 335 5573 nant,
365 5516 486 5577 post
511 5517 718 5563 sextam
743 5510 1034 5565 dormiant.
1066 5530 1084 5561 ι
1116 5510 1351 5577 Eratque
1379 5517 1503 5561 ante
1528 5509 1777 5563 refectio-

162 5594 331 5633 nem.
364 5578 493 5632 Fuit
517 5580 679 5648 etiam
711 5596 933 5635 somnus
964 5580 1297 5635 meridianus
1324 5587 1446 5648 post
1466 5578 1644 5632 cibum
1672 5596 1774 5633 sae-

161 5650 469 5703 cularibus
508 5646 812 5719 familiaris,
841 5659 900 5703 ut
927 5651 1108 5705 videre
1139 5658 1223 5705 est
1271 5646 1435 5719 apud;
1457 5648 1774 5719 Suetonium

161 5736 221 5774 In
250 5719 511 5788 Augusto
537 5734 658 5788 cap.
683 5718 784 5785 78;
808 5720 1087 5776 Sidonium
1112 5720 1205 5776 lib.
1232 5737 1269 5787 ι,
1300 5715 1386 5790 cp.
1411 5717 1480 5783 2;
1513 5715 1773 5773 Joannem

1869 4525 1975 4579 alio
2026 4524 2245 4602 nomine
2278 4524 2452 4602 circas
2488 4520 2876 4602 v_ocaut_jux_ta_
2905 4521 2984 4602 S.
3005 4521 3449 4602 Muedictiprae-

1870 4606 2086 4664 ceptum
2114 4598 2280 4664 certis
2311 4592 2774 4664 horiscircumire
2796 4592 2990 4646 debent
3015 4589 3330 4664 monasterii
3357 4589 3443 4644 of-

1871 4662 2061 4720 ficinas
2090 4663 2443 4717 observantes
2468 4662 2705 4716 incurias
2734 4671 2790 4717 et
2809 4662 3166 4733 negligentias
3188 4662 3444 4733 fratrum,

1870 4743 1924 4789 et
1957 4734 2144 4787 statuti
2163 4733 2370 4787 ordinis
2392 4731 2930 4802 praevaricationes.)
2957 4731 2998 4786 Ᾱ
3020 4732 3187 4785 verbo
3213 4731 3446 4793 circare,

1873 4805 1927 4859 id
1948 4813 2052 4867 est,
2083 4801 2627 4858 circumireLGlossa'.
2652 4812 2881 4857 veteres.
2908 4802 3125 4855 Circitat
3171 4809 3219 4853 et
3260 4801 3446 4859 circat,

1871 4875 2118 4937 κυγλεύει,
2144 4874 2195 4927 id
2212 4881 2318 4938 est,
2335 4873 2604 4928 circumit.
2626 4873 2761 4927 Hinc
2782 4870 3112 4942 castigandae
3126 4869 3327 4942 Glossae
3352 4867 3450 4942 Isi-

1875 4946 1991 4999 dori
2025 4966 2036 4998 :
2071 4944 2269 5008 Circat,
2296 4942 2648 5004 circumvenit,
2682 4938 2965 5011 legendum
2989 4941 3155 5011 enim,
3186 4938 3445 5011 circnmit.

1876 5014 2028 5069 Unc'e
2067 5014 2227 5084 paulo
2257 5006 2390 5084 post
2441 5013 2691 5084 sequitur
2722 5006 2776 5067 in
2802 5012 2993 5084 iisdem
3025 5009 3259 5084 Glossis:
3284 5006 3451 5062 Circi-

1874 5081 2422 5146 toru:n,_circan'tinm.
2468 5083 2537 5136 At
2564 5083 2824 5137 certiores
2854 5082 2907 5135 in
2931 5081 3126 5136 castris
3155 5094 3260 5133 nou
3291 5084 3450 5131 erant

1874 5155 2354 5217 circumventores,
2391 5152 2485 5208 sed
2517 5154 2730 5223 vigilias
2756 5150 3137 5223 circumibant,
3162 5160 3448 5223 utaentur-

1875 5225 2096 5299 tiarent,
2128 5224 2171 5278 si
2205 5217 2647 5299 quaemersisset
2685 5223 2864 5299 culpa,
2891 5230 2950 5274 ut
2978 5219 3169 5299 scribit
3198 5217 3449 5299 Vegetius

1875 5293 1998 5348 libr.
2038 5307 2123 5357 ιιι,
2150 5288 2270 5362 cap.
2301 5293 2353 5347 8.
2384 5292 2677 5348 Circitores
2701 5288 2863 5362 etiam
2893 5288 3260 5362 suntquidam
3288 5288 3446 5342 insti-

1877 5372 2063 5417 tores:
2099 5383 2117 5413 ι
2147 5359 2353 5428 Quibus
2383 5363 2623 5417 vestiat-ii
2649 5404 2663 5427 ,
2699 5359 2791 5417 veI
2815 5360 3045 5416 lintearii
3088 5359 3218 5413 dant
3242 5365 3446 5428 vestem

1876 5426 2363 5488 circumferendam
2396 5448 2461 5486 ac
2481 5426 2887 5488 distrahendam
2912 5471 2928 5497 ,
2973 5448 2992 5482 ι
3040 5428 3215 5498 inquit
3258 5426 3445 5497 Ulpia-

1877 5519 2000 5573 nus,
2033 5502 2113 5567 (II,
2145 5508 2179 5556 ι.
2213 5502 2514 5572 Quicunque
2566 5504 2767 5573 igitur,
2796 5502 2864 5555 de
2886 5499 3167 5573 institoria
3210 5499 3442 5573 actione.

1951 5572 2087 5637 iQui
2113 5567 2439 5625 circumeant
2457 5567 2852 5625 mondsterium.
2886 5570 2962 5625 Ex
2988 5570 3072 5624 his
3093 5567 3295 5636 liquido
3320 5582 3448 5621 con-

1878 5651 1987 5698 stat
2017 5638 2215 5696 fratres
2253 5657 2358 5695 non
2387 5641 2545 5695 simul
2572 5643 2625 5695 in
2656 5650 2807 5696 certo
2850 5640 3081 5710 quodam
3107 5637 3224 5710 loco
3271 5637 3450 5706 legere

1878 5712 2101 5779 solitos,
2134 5712 2227 5767 sed
2258 5712 2510 5768 habuisse
2551 5712 2716 5767 cellas
2749 5726 2848 5778 per
2870 5708 3263 5765 monasterium
3298 5720 3448 5772 spara
