3948 6182
567 283 704 338 H79

557 392 774 448 lectioni
802 399 887 445 :ct
912 388 1126 445 videant
1158 403 1225 442 nc
1253 385 1391 441 forte
1411 384 1721 439 inveniatur
1743 383 1910 438 frater
1932 395 1955 423 ι
1984 397 2129 437 acci-

558 485 763 545 diosus,
792 481 881 549 qui
907 489 1066 533 vacat
1096 478 1228 540 otio,
1254 484 1349 531 aut
1376 474 1593 539 fabulis,
1632 482 1687 530 et
1712 490 1817 530 non
1843 482 1925 530 est
1954 474 2133 528 inten-

560 584 649 630 tus
692 573 950 629 lectioni:
980 577 1035 625 et
1078 585 1185 624 non
1228 568 1401 624 solum
1443 568 1546 623 sibi
1574 567 1780 623 inutilis
1808 575 1913 631 est,
1940 566 2033 621 sed
2078 573 2136 620 et

554 665 664 735 jam
692 665 721 704 ιι
744 663 880 718 alios
908 661 1136 717 extollit.
1167 661 1268 715 Hic
1290 659 1413 715 talis
1435 661 1505 725 si,
1527 659 1671 729 quod
1694 661 1855 725 absit,
1884 666 2137 728 repertus

558 754 727 810 fuerit
766 753 1096 823 corripiatur
1122 752 1289 807 semel
1325 760 1380 807 et
1407 752 1646 807 secundo
1675 770 1688 805 :
1717 752 1763 807 si
1800 766 1907 806 non
1946 765 2135 806 emen-

542 846 790 911 daverit,
842 844 1170 915 correptioni
1222 843 1458 913 regulari
1501 844 1781 912 subiaceat
1810 842 1994 897 taliter
2023 853 2046 881 ο
2076 851 2137 898 ιιι

559 1013 664 1075 sas
685 998 748 1075 in_
768 995 1202 1075 quibuslectioni
1216 1002 1520 1075 “vacarent,
1541 994 1699 1075 eperi
1720 992 2136 1075 ,“orationi‘pe-

561 1062 982 1134 euliarifQuod
1035 1066 1167 1120 satis
1214 1064 1380 1134 liquet
1426 1081 1493 1120 ex
1541 1062 1684 1117 Beda
1720 1063 1844 1134 libr.
1884 1080 1939 1118 iv
1991 1062 2132 1118 Hist.

561 1137 745 1207 Angl.,
774 1132 1010 1207 capi‘25,
1040 1136 1133 1207 ubi
1152 1132 1348 1203 agit‘de
1379 1134 1701 1207 monasterii
1738 1132 2021 1207 Coludiani
2050 1134 2137 1207 in-_

562 1203 776 1261 certdio.
812 1203 1002 1259 (Nam
1026 1214 1082 1258 et
1108 1204 1444 1258 domunculae
1478 1218 1598 1271 quae
1624 1203 1692 1257 ad
1737 1205 2020 1270 orandum,
2051 1203 2139 1258 vel

563 1275 848 1346 legendum
875 1275 1033 1346 factae
1052 1281 1227 1346 erant,
1274 1289 1417 1327 nunc
1444 1273 1498 1326 in
1524 1273 1977 1346 comessationum
2002 1312 2019 1336 ,
2045 1288 2141 1342 po-

564 1343 861 1410 tationum,
891 1343 1280 1398 fabulationum
1311 1352 1366 1397 et
1393 1352 1714 1397 exterarum
1761 1343 2138 1397 illecebrarum

563 1414 809 1469 cubicula
856 1429 1148 1469 conversae.
1183 1434 1201 1465 ι
1262 1414 1341 1466 Ex
1378 1412 1436 1466 S.
1488 1413 1691 1467 Isidoro
1726 1452 1741 1477 ,
1773 1413 1864 1481 qui
1893 1412 2140 1481 quamvis

563 1500 684 1555 cap.
703 1484 799 1555 _l'27
838 1484 1055 1555 Regulae
1096 1483 1329 1547 statuit,
1368 1492 1429 1536 ut
1455 1498 1643 1536 omnes
1692 1481 1903 1555 fratres
1932 1483 1986 1536 in
2023 1498 2140 1555 Auno

562 1551 806 1609 conclavi
842 1551 1114 1609 dormiant
1147 1594 1161 1617 ,
1194 1562 1371 1606 tamen
1404 1568 1522 1622 cap.
1561 1569 1577 1605 ι
1628 1552 1847 1622 cellulas
1879 1551 2141 1608 fratribus

564 1625 843 1695 assignat:
874 1643 891 1675 ι
921 1623 1157 1688 Cellulm,
1183 1623 1375 1691 inquit,
1408 1621 1825 1690 fratribusjuxta
1854 1622 2139 1695 ecclesiam

564 1692 964 1749 constituantur
991 1733 1005 1756 ,
1039 1702 1099 1746 ut
1124 1695 1335 1761 possint
1380 1693 2030 1762 properareiquantocius
2072 1692 2140 1747 ad

563 1763 818 1819 officium.
854 1783 871 1816 ι
908 1764 973 1817 Ει
1003 1762 1061 1817 S.
1090 1761 1659 1831 Fructuosoepiscopo
1680 1761 2021 1827 Bracarensi,
2047 1763 2139 1831 qui

565 1848 685 1904 cap.
714 1850 765 1887 vr
799 1833 1014 1903 Regulae
1061 1848 1172 1904 suae
1224 1833 1412 1904 statuit
1439 1843 1497 1904 ut
1530 1831 1784 1900 perfectae
1826 1832 2000 1904 aetatis
2024 1848 2140 1904 mo-

564 1901 725 1959 nachi
759 1901 992 1957 habeant
1041 1902 1209 1956 celas
1253 1901 1556 1970 junioribus
1599 1917 1723 1955 cum
1764 1902 1877 1956 suis
1916 1903 2139 1965 decanis

564 1974 784 2029 lectioni
817 1981 875 2026 et
904 1973 1208 2026 recitationi
1243 1972 1585 2034 vacantibus,
1614 1974 1714 2026 etsi
1763 1972 1893 2026 velit
1942 1986 2135 2026 omnes

567 2044 622 2098 in
648 2059 759 2097 uno
791 2042 908 2096 loco
931 2057 1162 2111 pausare
1188 2059 1201 2094 :
1231 2042 1346 2110 ipse
1389 2043 1553 2094 etiam
1587 2040 1648 2111 S,
1680 2042 2005 2096 Benedictus
2031 2042 2142 2096 ccl-

564 2112 674 2167 lam
710 2110 947 2167 habebat
990 2111 1042 2165 in
1084 2126 1189 2181 qua
1217 2111 1428 2175 orabat,
1460 2118 1520 2164 ut
1564 2110 1778 2181 videtur
1803 2111 1897 2164 lib.
1932 2128 1971 2164 ll
2000 2111 2137 2165 Dial.

569 2181 628 2259 β.
657 2181 821 2259 Greg.
850 2196 970 2259 cap_.
998 2181 1057 2235 ll
1091 2180 1115 2259 :_’
1133 2199 1151 2232 ι
1174 2181 1547 2259 Praecepitque
1572 2180 1655 2234 vir
1682 2182 1778 2259 Dei
1806 2181 1991 2259 statim
2002 2196 2139 2259 eum

565 2251 622 2307 in
645 2249 794 2307 cella'
806 2249 935 2317 sua,
952 2251 1009 2305 in
1030 2251 1267 2320 psiatbo,
1290 2249 1397 2320 quo
1427 2265 1585 2305 orare
1623 2249 1855 2315 solebat,
1881 2249 2089 2320 projici.
2115 2273 2134 2307 ι

568 2321 773 2377 Tamen
810 2329 998 2391 postea
1028 2337 1131 2377 usu
1169 2331 1445 2391 receptum
1473 2329 1580 2385 est,
1609 2329 1671 2374 ut
1702 2321 1826 2391 haec
1856 2321 2019 2377 lectio
2047 2321 2142 2377 fie-

570 2400 659 2464 ret
680 2391 735 2447 in
759 2390 869 2446 uno
892 2390 1341 2464 loco,_nempe_in_,
1373 2390 1464 2444 illo
1491 2390 1961 2464 peristylio,un
1984 2392 2141 2464 vulgo

568 2462 865 2532 claustrum
895 2459 1488 2532 appellaturiEpitome
1516 2459 1771 2532 Ludovici
1798 2459 2141 2532 iiuperatofis

570 2531 627 2586 in
651 2530 915 2599 Regulam
930 2528 997 2586 'S.
1040 2528 1316 2586 Benedicti
1348 2545 1362 2583 :
1391 2549 1412 2582 ι
1440 2530 1616 2585 Certis
1653 2531 1850 2585 iterum
1878 2528 2036 2585 boris
2062 2531 2140 2587 lc-

572 2602 739 2657 ctioni
760 2600 1227 2671 plenitervacent;
1257 2609 1327 2665 et,
1348 2600 1392 2671 si
1422 2599 1538 2671 fieri
1560 2608 1758 2671 potest,
1788 2601 1841 2655 in
1866 2617 1973 2655 uno
1999 2602 2142 2656 elau-

568 2680 685 2727 stro
742 2668 984 2725 sedeant.
1042 2690 1061 2723 ι
1115 2670 1416 2727 Concordia
1463 2668 1521 2724 S.
1561 2668 1836 2725 Dunstani
1868 2688 1880 2723 :
1911 2685 2029 2739 cap.
2083 2672 2137 2737 5,

575 2758 597 2793 ι
630 2741 813 2796 Tertia
836 2756 962 2811 vero
985 2750 1222 2811 peracta,
1250 2749 1310 2811 et
1330 2741 1493 2811 missa
1516 2740 1876 2811 subsequente
1901 2740 2142 2795 celebra-

569 2818 647 2880 ta,
671 2811 749 2864 uti
797 2809 999 2880 Regula
1044 2810 1305 2880 praecipit,
1336 2809 1662 2880 sedentes__in
1693 2809 1928 2865 claustro
1948 2820 2142 2867 vacent

572 2879 813 2951 lectioni.
839 2878 1031 2936 Petrus
1048 2878 1334 2936 Blzesensis
1356 2893 1521 2935 serm.
1540 2878 1643 2951 25:
1678 2899 1697 2932 ι
1720 2880 1848 2934 lnde
1862 2890 1965 2944 est,
1995 2882 2141 2951 quod

572 2951 627 3033 ip
651 2949 888 3004 claustro
918 2958 1279 3033 eratuentuum
1308 2956 1542 3033 quatuor
1753 2964 1874 3033 cum
1905 2948 2140 3033 prepriis

572 3020 900 3087 deputantur
920 3018 1132 3083 ofliciis,
1158 3020 1211 3072 in
1250 3018 1422 3073 latere
1442 3018 1662 3073 claustri
1700 3018 2025 3074 occidentali
2055 3030 2140 3077 est

573 3086 838 3159 scholaris
866 3086 1129 3159 subjectio
1162 3108 1174 3142 :
1200 3089 1253 3143 in
1280 3103 1345 3143 eo
1368 3088 1533 3159 Quod
1561 3088 1826 3159 contingit
1857 3090 2143 3147 ecclesiam

572 3156 734 3211 lectio
753 3158 1029 3229 moralis;
1056 3174 1120 3229 ac
1155 3156 1471 3229 orientalem
1522 3157 1578 3229 in
1604 3156 1838 3229 capitulo
1875 3163 2142 3218 correctio

573 3227 889 3281 materialis.
915 3247 933 3279 ι
971 3227 1067 3283 Ubi
1094 3237 1220 3281 nota
1248 3228 1391 3282 hanc
1424 3226 1709 3281 lectionem
1736 3226 1852 3282 fieri
1880 3229 1937 3283 in
1967 3246 2032 3286 eo
2057 3232 2140 3287 la-

575 3306 710 3368 tere,
744 3297 885 3367 quod
907 3298 1192 3353 ecclesiam
1219 3297 1501 3368 contingit.
1526 3295 1691 3368 Cujus
1705 3297 1782 3368 rei
1808 3299 2020 3368 signum
2048 3301 2142 3355 ad-

573 3364 681 3452 bue
701 3364 950 3452 superest
1000 3364 1490 3452 iu‘monaeteri‘ojs.
1522 3364 1759 3452 Diopysii
1788 3364 1955 3452 prope
1977 3369 2140 3452 bute-

576 3382 681 3447 nue
701 3382 950 3491 superest
1000 3384 1051 3421 in
1078 3382 1490 3448 monaswrtop.
1522 3382 1759 3447 pionysn
1788 3384 1955 3452 prope
1977 3382 2140 3426 Lute-

576 3444 729 3509 tiam.
799 3453 895 3509 eam
926 3439 978 3492 in
1001 3437 1188 3509 vitreis
1211 3437 1436 3509 claustg
1488 3438 1725 3509 ejusdem
1762 3448 1930 3509 partis
1956 3442 2142 3495 visun-

574 3514 664 3559 tur
690 3507 914 3578 depietaa
933 3515 1077 3562 artes
1097 3506 1374 3578 liberales.
1394 3504 1499 3578 Per
1519 3504 1823 3578 scholare'm
1854 3509 2142 3578 subjectio-

574 3576 965 3651 nemintelligit
987 3577 1220 3651 novitios
1242 3617 1258 3641 ,
1289 3576 1379 3646 qui
1411 3576 1540 3651 olim
1585 3577 1845 3651 sedebant
1894 3576 1963 3633 in'
1980 3589 2142 3651 parte

573 3645 912 3721 cecidentali,
949 3645 1506 3721 cujuguobservantite
1549 3648 1818 3721 quondam
1850 3645 2141 3721 vestigium

573 3715 683 3787 yidi
706 3715 758 3787 in
772 3716 957 3787 eodem
985 3717 1044 3771 S.
1070 3716 1311 3787 Dionysii
1337 3717 1664 3787 monasterio
1686 3717 1739 3769 in
1761 3717 1950 3774 diebus
1971 3715 2142 3775 coena:

574 3780 786 3858 Domini
817 3793 869 3840 et
886 3780 1227 3858 parasceves:
1254 3785 1451 3858 Clerici
1476 3786 1639 3858 etiam
1682 3787 1977 3856 regulares,
2005 3804 2141 3858 quos

574 3854 862 3926 canonicos
888 3854 1106 3926 tvocant
1133 3896 1147 3921 ,
1193 3856 1505 3926 iniclaustro
1544 3854 1783 3926 legentes
1836 3854 2137 3913 sedebant:

573 3931 636 3977 ut
666 3924 849 3980 videre
870 3934 955 3981 est
995 3928 1047 3980 in
1068 3925 1218 3981 Actis
1241 3925 1301 3980 S.
1330 3924 1675 3995 Wolphangi,
1703 3941 1752 3980 c.
1785 3926 1816 3981 7
1844 3942 1859 3980 :
1897 3945 1915 3978 ι
1950 3928 2142 3983 Effecit

573 4001 755 4047 autem
777 3995 918 4065 apud
966 3996 1085 4051 illos
1111 3995 1382 4117 (clericos)
1420 4004 1531 4049 tum
1566 3996 1728 4050 minis
1756 4036 1771 4060 ,
1795 4006 1906 4051 tum
1932 4000 2142 4053 suasio-

573 4062 754 4117 nibus.
785 4073 865 4117 ut.
883 4067 1022 4117 auod
1042 4065 1192 4117 prius
1218 4081 1326 4117 non
1374 4074 1615 4117 ecerant.
1650 4069 1925 4117 communi
1954 4084 2139 4117 mensa

573 4062 754 4134 nibus,
785 4062 865 4128 ut,
883 4067 1022 4132 quod
1042 4062 1192 4134 prius
1218 4081 1326 4121 non
1354 4062 1615 4128 fecerant,
1650 4069 1925 4122 communi
1954 4084 2141 4123 mensa

575 4138 630 4203 et
674 4132 990 4203 dormitorio
1044 4132 1327 4203 uterentur
1353 4175 1369 4198 ,
1418 4136 1470 4188 in
1493 4134 1731 4189 claustro
1759 4137 2030 4203 sederent,
2086 4147 2143 4193 et

575 4200 1196 4274 lectioniincumberent.
1230 4221 1249 4255 ι
1269 4202 1382 4274 Sed
1411 4204 1463 4257 in
1484 4204 1681 4268 hieme,
1697 4215 1919 4274 propter
1944 4200 2142 4263 nimios

577 4269 777 4342 imbres
808 4280 862 4326 et
897 4271 1085 4342 frigus,
1115 4289 1221 4328 non
1255 4273 1417 4327 fiebat
1437 4274 1490 4326 in
1520 4269 1757 4328 claustro
1776 4269 2040 4342 ejusmodi
2067 4278 2142 4331 le-

576 4340 709 4405 ctio,
743 4343 835 4397 sed
872 4343 926 4395 in
965 4340 1070 4398 alio
1097 4343 1358 4407 conclavi,
1395 4351 1453 4396 ut
1482 4358 1547 4396 ex
1585 4345 1770 4398 eadem
1795 4340 1854 4399 S.
1880 4347 2140 4402 Dunstani

576 4410 892 4481 Concordia,
933 4428 1051 4481 cap.
1076 4412 1132 4477 2,
1157 4414 1497 4467 manifestum
1522 4422 1624 4467 est.
1666 4414 1722 4467 ln
1752 4429 1817 4469 eo
1847 4417 2011 4471 certis
2043 4417 2139 4473 bo-

576 4480 653 4551 ris
679 4482 907 4536 dabatur
935 4480 1085 4551 copia
1108 4482 1368 4537 fratribus
1392 4482 1792 4546 confabulandi,
1824 4486 1957 4540 alias
1980 4486 2140 4541 silen—

577 4550 711 4621 tium
736 4550 1141 4621 observabatur.
1178 4551 1534 4606 Lantfrancus
1555 4554 1607 4606 in
1632 4553 2139 4621 Constitutionibus,

577 4617 663 4690 55
690 4638 702 4673 :
742 4639 760 4671 ι
797 4620 922 4676 Post
969 4631 1174 4677 sextam
1203 4630 1545 4676 revertantur
1569 4624 1622 4677 in
1672 4624 1964 4678 claustrum
1995 4617 2141 4680 locu;

577 4690 684 4761 turi
714 4709 726 4744 :
760 4706 881 4745 cum
912 4698 1121 4761 tempus
1145 4690 1309 4745 fuerit
1334 4732 1348 4754 ,
1370 4692 1614 4760 pulsetur
1643 4709 1806 4748 unum
1844 4695 1908 4749 de
1936 4697 2141 4751 medio-

574 4760 759 4817 cribus
787 4760 971 4831 signis,
1009 4760 1116 4831 quo
1149 4761 1381 4831 pulsato,
1432 4762 1613 4816 statim
1643 4763 1913 4817 silentium
1958 4764 2052 4817 fiat
2082 4766 2136 4820 in

575 4831 831 4903 claustro.
881 4831 1357 4903 i_Constitutiones
1404 4832 1748 4903 comitiorum
1803 4833 2134 4903 generalium

575 4902 864 4973 provinciae
897 4901 1302 4973 (lantuariensis
1354 4902 1479 4955 anni
1535 4902 1692 4973 1225,
1740 4901 1857 4972 cap.
1888 4902 1962 4956 7:
2011 4922 2030 4955 ι
2069 4905 2137 4966 Ut

574 4970 853 5046 permissis
870 4970 1150 5046 colloquiis
1172 4971 1487 5046 iu_clau_stro
1507 4980 1561 5046 et
1575 4972 1701 5046 alibi
1726 4987 1756 5025 a
1772 4970 2135 5046 turpiloquiis,

575 5040 631 5094 et
653 5040 974 5109 vaniloquiis
987 5052 1038 5095 et
1054 5041 1469 5096 scurrilitatibus
1487 5042 1841 5096 abstineatur.
1865 5040 2000 5096 Nam
2019 5040 2137 5098 tan;

575 5118 629 5164 ta
654 5118 770 5165 erat
802 5111 855 5163 in
880 5111 1125 5165 servandi
1146 5111 1352 5165 ordinis
1379 5112 1629 5182 continua
1667 5110 1895 5182 jugitate
1917 5113 2140 5182 prolixi-

575 5189 675 5252 tas,
719 5187 868 5252 tanta
904 5182 1203 5252 praesertim
1236 5182 1296 5252 in
1319 5181 1700 5237 ecclesiasticis
1732 5180 1934 5236 ciliciis
1955 5192 2139 5252 prote-

573 5249 786 5320 labatur
808 5250 1056 5320 instantia
1075 5291 1088 5314 ,
1123 5259 1183 5304 ut
1205 5252 1257 5304 in
1287 5251 1404 5320 ipso
1428 5252 1611 5306 cancri
1634 5252 1746 5305 sive
1772 5249 2132 5319 leonis'aastu,

572 5334 696 5391 cum
731 5318 999 5389 longiores
1021 5328 1152 5391 sunt
1185 5318 1323 5384 dies,
1355 5322 1443 5375 vix
1473 5336 1569 5391 per
1610 5330 1780 5391 totum
1806 5323 1944 5376 diem
1972 5318 2132 5378 unius

572 5389 761 5459 saltem
778 5398 994 5444 vacaret
1018 5390 1163 5443 liora:
1186 5389 1486 5454 dimidium,
1507 5407 1615 5459 quo
1640 5390 1896 5446 fratribus
1912 5392 1964 5445 in
1987 5392 2133 5446 clau-

572 5466 688 5529 stro
730 5458 970 5529 licuisset
995 5460 1223 5529 miscere
1250 5458 1595 5529 colloquium.
1635 5481 1653 5513 ι
1682 5461 1874 5516 Petrus
1901 5463 2134 5516 Venera-

573 5526 695 5601 bilis
728 5534 930 5581 statuto
950 5528 1019 5580 20
1049 5545 1061 5579 :
1107 5526 1437 5601 g__Statutum
1474 5540 1576 5595 est,
1608 5538 1666 5585 ut
1696 5531 1748 5584 in
1776 5531 2130 5601 quadragesi-

575 5593 697 5665 inali
750 5602 1025 5665 tempore,
1055 5596 1251 5665 additis
1277 5600 1343 5651 ad
1382 5593 1648 5654 silentium
1695 5593 1865 5656 trib'us
1908 5593 2128 5665 diebus,

576 5658 677 5711 boc
704 5671 783 5712 est
809 5658 962 5714 tertia
990 5662 1118 5716 fcria
1150 5703 1164 5727 ,
1190 5674 1243 5718 ct
1267 5668 1451 5736 quinta
1479 5679 1532 5722 ct
1578 5669 1821 5735 sabbato,
1848 5671 2044 5740 quibus
2076 5658 2127 5725 in

1578 274 1637 329 S.
1677 270 2036 327 BENEDICT]
2074 270 2366 326 ABBATIS
2404 267 2819 324 ANIANENSIS

3596 283 3693 341 “80

2156 384 2208 445 Α
2232 381 2414 436 caeteri
2455 380 2699 437 timeant.
2726 380 2753 419 d
2784 380 2969 449 Neque
3019 381 3181 437 frater
3207 385 3273 439 ad
3317 385 3485 442 fratem
3506 390 3697 462 jungatur

2234 470 2388 526 boris
2410 470 2922 540 ineompetentibus.
2957 470 3227 527 Dominico
3255 474 3337 530 die
3356 474 3539 532 lectioni
3564 495 3701 539 vacent

2233 578 2444 628 omnes,
2474 562 2715 632 exceptis
2737 562 2843 627 his,
2873 563 2965 632 qui
2991 564 3152 618 variis
3177 565 3355 621 ofliciis
3371 568 3573 638 deputati
3597 586 3699 629 sunt.

2236 650 2295 707 Si
2322 653 2445 723 quis
2480 667 2611 707 vero
2636 653 2711 706 ita
2757 652 3033 723 negligens
3063 661 3150 707 aut
3194 655 3472 713 desidiosus
3501 659 3642 727 fuerit,
3664 674 3707 718 ιιι

2234 759 2342 799 non
2373 743 2525 810 velit,
2553 751 2648 798 aut
2685 759 2791 798 non
2822 744 2994 812 possit
3024 746 3285 813 meditari,
3314 759 3399 803 aut
3420 749 3583 817 legere,
3610 766 3629 793 ε
3648 756 3705 809 in-

2228 828 2569 906 jungatur'ei
2604 850 2761 906 opus.
2789 834 3072 892 Fratribus
3111 836 3347 905 infirmis,
3382 839 3504 894 taut
3525 840 3715 899 debeatis

2238 989 2473 1062 claustro
2488 988 2641 1056 juxta
2669 1007 2877 1047 morem
2900 992 3183 1062 pristinum
3204 993 3393 1049 locutio
3415 1011 3519 1051 esse
3537 997 3709 1059 solebat.

2238 1061 2579 1132 continuum
2600 1077 2696 1130 per
2725 1061 3368 1132 totam’quadragesimam
3394 1066 3622 1121 silentium
3660 1079 3714 1122 te-

2239 1139 2463 1206 n_eatur._
2491 1150 2509 1183 »
2561 1131 2747 1206 Itaque
2798 1132 2855 1185 in
2911 1131 3250 1206 monasteriis
3289 1143 3484 1189 creatus
3505 1147 3573 1190 est
3607 1139 3715 1206 prior

2239 1199 2486 1264 claustri,
2533 1200 2626 1267 qui
2657 1199 2851 1256 fratres
2888 1210 2982 1256 aut
3026 1201 3259 1267 legentes
3307 1213 3392 1257 aut
3427 1199 3716 1267 colloquentes

2239 1269 2573 1335 observaret,
2614 1279 2677 1325 ut
2708 1271 2939 1326 habetur
2966 1287 3025 1325 Ill
3074 1269 3409 1328 Decretorum
3435 1269 3713 1330 Lantfranci:

2247 1357 2266 1389 ι
2303 1339 2462 1412 Prior
2487 1340 2708 1412 claustri
2747 1355 3071 1412 quocunque
3104 1343 3272 1412 major
3308 1344 3443 1411 prior
3466 1354 3557 1408 eat.
3576 1346 3611 1398 si
3634 1345 3713 1399 fieri

2239 1417 2418 1479 potest
2442 1410 2496 1464 in
2526 1410 2786 1485 claustro,
2814 1410 2897 1485 vel
2926 1412 3070 1485 circa
3103 1410 3542 1485 claustrumudebct
3561 1430 3718 1485 semper

2241 1491 2365 1534 esse
2394 1519 2409 1545 ,
2438 1488 2495 1534 et
2522 1481 2767 1534 ordinem
2794 1480 3017 1535 claustri
3054 1481 3111 1535 in
3140 1482 3280 1537 omni
3308 1482 3620 1539 sollicitudine
3640 1480 3719 1538 ser—

2240 1565 2391 1603 vare.
2427 1568 2445 1601 i
2477 1550 2545 1603 Et
2566 1565 2634 1603 ne
2666 1548 2863 1605 fratres
2888 1551 3394 1616 interturbarcntur,
3430 1568 3521 1607 non
3549 1554 3719 1607 dabatur

2242 1619 2399 1703 copia
2444 1619 2718 1701 extraneis
2746 1636 2839 1674 seu
2872 1619 3083 1703 eleeicis
3136 1636 3230 1703 seu
3278 1621 3719 1703 laicis_ingreztientﬁ

2248 1688 2562 1753 claustrum,
2617 1688 2719 1744 nisi
2759 1691 2923 1745 certis
2948 1690 3014 1744 de
3045 1692 3244 1755 causis,
3276 1700 3332 1745 ut
3373 1688 3539 1746 videre
3555 1700 3622 1745 est
3641 1701 3722 1745 sta-

2169 1734 2216 1792 Β
2245 1765 2360 1812 ιυιο
2389 1760 2459 1813 25
2513 1759 2659 1812 Petri
2721 1758 3097 1814 Venerabilis:
3132 1781 3150 1812 ι
3186 1761 3441 1816 Statntum
3489 1771 3559 1815 est
3584 1803 3596 1816 .
3622 1770 3662 1813 ut
3685 1764 3721 1815 in

2242 1828 2536 1900 claustrum
2556 1869 2571 1893 ,
2613 1828 2782 1900 velein
2814 1829 3050 1899 reliquas
3103 1830 3369 1900 regulares
3396 1831 3559 1886 domos
3584 1803 3724 1886 ’nullus

2241 1898 2563 1970 clericorum
2585 1907 2680 1970 aut
2703 1898 2964 1970 laicorum
2991 1898 3326 1970 ingrediatur
3344 1942 3359 1965 ,
3389 1901 3481 1956 nisi
3506 1910 3585 1955 aut
3607 1916 3723 1954 causa

2240 1968 2422 2038 operis
2444 1968 2693 2037 alicujus,
2719 1977 2813 2023 aut
2832 1968 3262 2025 videndi—domos
3286 1979 3342 2025 ut
3381 1971 3564 2025 honesti
3593 1971 3723 2037 hosp-

2242 2037 2323 2092 tés
2348 2037 2527 2109 facere
2572 2038 2763 2099 solent,
2808 2057 2829 2091 ι
2862 2047 2967 2093 etc.
2992 2038 3227 2096 Claustri
3254 2057 3376 2096 usus
3401 2042 3617 2109 antiquus
3636 2049 3723 2094 est:

2242 2123 2375 2161 nam
2404 2108 2550 2163 illius
2597 2109 2801 2164 mentio
2829 2110 2888 2163 fit
2932 2109 2987 2163 in
3020 2110 3143 2165 Vita
3181 2109 3238 2164 S.
3262 2108 3392 2165 Guil.
3439 2108 3723 2171 Gcllonensis,

2241 2180 2331 2247 qui
2365 2177 2568 2260 _claruit
2590 2187 2832 2260 tempore
2879 2179 3055 2260 Caroli
3080 2180 3260 2250 Magni
3286 2197 3315 2260 _:_
3344 2198 3361 2230 ι
3400 2179 3727 2260 Quamprimum

2240 2247 2546 2317 condecens
2590 2247 2813 2304 metitur
2836 2247 3405 2317 oratorium,'metitur
3430 2247 3572 2304 etiam
3612 2249 3727 2317 totius

2240 2316 2465 2373 claustri
2494 2318 2747 2386 spatium,
2777 2318 2995 2373 domum
3040 2316 3206 2375 etiam
3251 2320 3572 2383 infirmorum,
3593 2326 3638 2372 et
3663 2316 3728 2369 du-

2242 2402 2393 2441 mum
2428 2387 2742 2443 refectionis
2770 2399 2933 2457 atque
2975 2389 3348 2446 dormitorium
3378 2431 3393 2457 ,
3418 2389 3582 2445 cellam
3614 2387 3727 2443 nori-

2242 2457 2463 2529 tiorurn.
2486 2527 2493 2529 Α
2520 2457 2701 2529 aulam
2726 2458 3025 2529 hospitum.
3058 2477 3077 2513 ι

2313 2538 2340 2567 ι
2370 2527 2700 2598 Accidiosus.
2725 2527 2804 2582 ita
2829 2526 2882 2583 in
2916 2529 3037 2584 cod.
3065 2545 3179 2585 ma.
3210 2528 3268 2586 S.
3292 2528 3462 2586 Germ.
3485 2542 3602 2598 pro:
3629 2526 3728 2598 Are-

2240 2596 2443 2671 diesus,
2465 2605 2526 2671 ut
2555 2597 2993 2671 vulgohabetur,
3024 2600 3213 2671 id_est,
3255 2600 3422 2671 piger,
3451 2596 3589 2667 atque
3610 2596 3727 2671 etiam

2241 2666 2333 2737 qui
2358 2666 2557 2739 aeetlia;
2599 2666 3042 2739 morbolaborat.
3080 2668 3137 2725 Is
3164 2666 3303 2726 enim
3317 2666 3413 2724 'vix
3460 2666 3613 2739 potest
3648 2666 3728 2718 ani-

2244 2751 2395 2807 mum
2423 2736 2649 2807 lectioni
2666 2737 2980 2807 applicare.

2312 2805 2340 2846 δ
2365 2806 2509 2860 Alios
2534 2805 2769 2861 extollitI
2789 2807 2843 2861 Id
2874 2818 2992 2872 est,
3036 2810 3250 2876 aufert,
3283 2816 3514 2871 amovet,
3547 2805 3732 2876 subducit

2240 2876 2309 2929 ab
2333 2890 2516 2945 opere.
2559 2877 2830 2932 Extollere
2856 2877 3109 2934 videlicet
3156 2874 3257 2935 hoc
3286 2879 3398 2934 low
3439 2886 3516 2932 est
3552 2874 3729 2935 auferre,

2241 2961 2513 3001 amovere.
2544 2946 2601 3000 Id
2630 2947 2832 3002 clarum
2860 2956 2943 3002 est
2967 2964 3034 3003 ex
3061 2949 3255 3005 Plauto
3278 2951 3331 3005 in
3356 2949 3634 3003 Mercatore.

2169 3079 2214 3143 ρ
2245 3058 2390 3108 Hunc
2407 3060 2554 3109 hodie
2581 3069 2878 3123 postremum
2904 3062 3092 3113 extollo
3118 3076 3227 3115 mea
3247 3063 3384 3113 domo
3407 3063 3545 3126 patria
3565 3060 3711 3123 pedem.

2313 3174 2337 3238 εἰ
2371 3161 2437 3238 Πέ
2459 3166 2901 3238 creterietimeaent.
2924 3165 3023 3238 Alta
3067 3167 3216 3238 apud
3260 3166 3602 3238 Smaragdum.
3626 3161 3727 3238 etiu

2239 3233 2360 3288 cod.
2406 3233 2675 3309 S.‘Ebrul.
2711 3247 2766 3291 et
2806 3235 2865 3291 S.
2911 3230 3122 3292 Germf
3146 3253 3255 3292 ma.
3300 3230 3486 3309 vulgo':
3515 3233 3571 3289 Ut
3607 3230 3732 3286 ceteri

2239 3312 2432 3357 metum
2457 3304 2701 3359 habeant.

2310 3371 2549 3459 ⁸..ἐνειιιεε
2570 3372 2737 3459 [ηεξατ
2760 3376 2829 3459 ed
2847 3374 3066 3459 [ταινςνη
3092 3377 3354 3459 iam"?
3372 3376 3504 3431 ἰονίε
3543 3374 3735 3459 ista???

2239 3441 2481 3518 niuibus.
2499 3441 2749 3512 Jungitur
2763 3441 2929 3518 frater
2951 3441 3109 3518 alteri
3142 3441 3294 3503 boris
3316 3441 3732 3518 inn-ompeten‘tibuS.

2240 3511 2332 3584 qui
2370 3511 2816 3584 temporetoperis
2838 3514 2933 3584 Dei
2963 3516 3171 3572 laboris
3218 3511 3494 3579 manuum,
3519 3511 3731 3584 lectionis,

2241 3578 2587 3667 refectionjs,
2613 3578 2705 3667 aut
2730 3583 2958 3667 alicujus
3002 3587 3253 3667 exercitii
3280 3578 3663 3667 regularis‘eum‘

2242 3658 2359 3725 t_ero
2388 3650 2764 3725 confabulatur
2790 3650 3042 3725 injussus.
3067 3657 3227 3723 Quod
3260 3650 3388 3725 satis
3411 3663 3545 3725 patet
3564 3666 3617 3725 ex
3629 3657 3733 3724 textu

2242 3721 2476 3792 Regulae.
2513 3721 2650 3777 Nam
2676 3740 2798 3778 cum
2829 3723 2887 3778 S.
2925 3721 3255 3781 Benedictus
3292 3721 3446 3792 jussit
3488 3722 3637 3778 acrius
3655 3721 3736 3770 ani-

2242 3791 2507 3863 madverti
2524 3792 2574 3863 in
2590 3808 2712 3863 eum
2736 3795 2826 3863 qui
2856 3794 2983 3848 dum
3011 3795 3216 3850 fratres
3238 3791 3445 3851 lectioni
3468 3792 3733 3863 incumbunt.

2242 3862 2401 3945 nugis
2428 3870 2485 3945 et
2521 3861 2716 3945 fabulis
2734 3857 3117 3945 vacat,_sta.tim_
3150 3866 3419 3937 subjungit
3441 3882 3500 3945 εννε
3529 3860 3592 3915 Ne
3616 3857 3736 3945 fruit:

2241 3925 2566 4004 ad'fratrein
2600 3933 2859 4004 jungatur
2898 3925 3055 3989 'horis
3103 3925 3594 4004 ineompetentibus.
3620 3947 3633 3979 ι
3661 3925 3733 3979 Ubi

2241 4008 2387 4054 recte
2415 3999 2740 4075 Smaragilrl's
2761 4004 2882 4075 ait:
2917 4022 2935 4055 ι
2967 4004 3074 4059 Illa:
3097 4006 3243 4060 enim
3276 3999 3397 4059 sunt
3432 4005 3561 4058 horae
3583 3999 3735 4075 incom-

2241 4078 2484 4141 petentes
2507 4068 2700 4126 fabulis
2727 4072 2898 4134 vanis,
2933 4089 3051 4141 quae
3081 4084 3212 4130 sunt
3235 4082 3576 4141 competentes
3600 4068 3734 4141 18090:

2243 4131 2611 4213 nibus_saeris.
2643 4141 2835 4213 iuldem
2859 4131 3039 4197 videre
3065 4154 3150 4198 est
3165 4145 3307 4213 apud
3335 4131 3738 4213 Rulliardumﬁﬁd

2243 4222 2368 4283 eum
2401 4209 2458 4283 S.
2487 4210 2806 4283 Benedictus
2828 4214 2900 4266 ita
2930 4207 3223 4269 distribuat
3247 4215 3373 4283 quid
3412 4207 3738 4283 singulislloffs

2245 4274 2550 4353 ῖειίξίβηάυιη
2582 4281 2654 4353 5.“
2677 4322 2691 4344 ς
2721 4290 2778 4333 ιιι
2800 4283 2885 4335 Vix
2930 4292 3087 4353 extra
3139 4270 3405 4353 regu'laria
3432 4270 3649 4335 ex'ércitia
3669 4270 3736 4325 ali-

2243 4346 2369 4414 quid
2391 4356 2494 4402 tem
2535 4350 2645 4405 oris
2675 4360 2857 4409 restet,
2884 4351 3041 4405 nulla:
3064 4346 3231 4406 erunt
3246 4353 3392 4407 horre
3411 4353 3736 4418 competentes;

2244 4416 2440 4471 auibus
2467 4364 2752 4471 aliunando
2798 4419 2993 4471 fratres
3027 4437 3087 4471 se
3115 4423 3328 4471 possint
3361 4422 3572 4471 invicem
3600 4415 3653 4469 de
3674 4424 3736 4463 ηε·

2165 4449 2217 4508 D
2244 4415 2752 4500 quibusaliquando
2798 4419 2993 4475 fratres
3027 4437 3087 4476 se
3114 4423 3328 4493 possint
3361 4415 3653 4506 invicem
3674 4424 3740 4463 ηε·

2242 4501 2495 4559 eessarns
2520 4497 2871 4558 interrogare.
2894 4489 3079 4559 Itaque
3112 4507 3221 4546 non
3254 4501 3384 4559 puto
3408 4505 3517 4545 eam
3544 4485 3676 4559 fuISse
3694 4476 3737 4530 5-

2243 4506 2495 4542 cessarns
2520 4506 2871 4558 interrogare.
2894 4506 3079 4559 itaque
3112 4507 3221 4546 non
3254 4506 3384 4561 puto
3408 4506 3517 4545 eam
3544 4506 3676 4540 ruisse
3696 4506 3737 4530 o-

2242 4555 2513 4611 Benedicti
2543 4566 2796 4621 mentem,
2845 4568 2903 4613 ut
2945 4562 3197 4616 monachi
3251 4570 3331 4616 tot
3358 4562 3510 4615 horas
3552 4556 3597 4609 in
3621 4563 3739 4619 opere

2241 4640 2492 4698 manuum
2516 4628 2582 4681 ad
2610 4628 2839 4698 rigorem
2866 4628 3156 4685 observent
3184 4671 3199 4693 ,
3233 4632 3327 4685 sed
3370 4626 3632 4684 instituisse
3655 4630 3736 4672 tan-

2240 4702 2353 4769 tum
2378 4697 2545 4769 horas
2568 4698 2619 4751 in
2644 4697 2839 4767 quibus
2862 4698 3212 4754 laborandum
3243 4700 3329 4769 sit,
3359 4710 3413 4754 et
3436 4702 3733 4769 possemona-

2239 4765 2369 4819 chos
2401 4762 2850 4839 absoluto'operc
2898 4771 3038 4838 quod
3075 4770 3207 4839 ipsis
3249 4762 3733 4839 injunctumfuitnozt

2235 4844 2547 4906 exspectato
2583 4834 2737 4890 horret
2763 4834 3352 4906 przestituue'termino
3377 4879 3393 4902 ,
3421 4853 3476 4892 se
3521 4834 3579 4886 ab
3615 4837 3732 4906 ﬁll?!"

2236 4894 2573 4975 dislllngcrc,
2612 4915 2672 4960 ut
2700 4894 2794 4960 au't
2830 4908 3046 4962 lectioni
3077 4948 3091 4967 .
3146 4916 3245 4963 aut
3271 4894 3517 4968 orationi,
3556 4894 3735 4956 aut'aliis

2234 4974 2347 5027 suis
2368 4974 2789 5048 necessitatibus
2816 4993 3011 5048 vacare
3037 4978 3269 5048 possint.
3490 5042 3520 5048 ﬂ
3691 5031 3717 5048 ί,

2309 5054 2333 5082 °
2358 5043 2678 5117 I’U'tﬁngatur
2697 5047 2743 5098 ei
2759 5063 2905 5117 opus.
2940 5038 3091 5113 Quod
3139 5062 3248 5099 non
3275 5048 3347 5101 sit
3368 5042 3568 5117 servile,
3584 5051 3666 5117 nee

2236 5107 2496 5184 ejusmodi
2519 5107 2705 5169 diebus
2735 5107 3062 5184 prohibitum
3093 5135 3105 5170 :
3138 5124 3237 5170 aut
3259 5118 3305 5171 si
3329 5115 3533 5177 servile,
3556 5107 3737 5184 quod?“

2236 5175 2440 5256 licitum
2465 5192 2577 5256 ,Aut
2619 5175 2977 5240 ministerium
3022 5185 3240 5256 aliquod
3273 5188 3328 5240 in
3373 5175 3664 5245 culinafvel
3697 5175 3736 5225 ίιι

2235 5252 2395 5305 domo
2420 5252 2774 5309 infirmorum.

2312 5319 2337 5395 ξ
2364 5322 2467 5376 Aut
2488 5322 2724 5395 delicatis
2745 5323 2864 5395 talis
2893 5341 3067 5395 opera,
3097 5333 3205 5379 etc.
3236 5324 3503 5378 Delicatus
3515 5326 3588 5395 est
3609 5317 3651 5370 in
3672 5312 3737 5366 de-

2234 5391 2370 5447 liciis
2384 5393 2792 5465 pastus,iinquit
2818 5391 3177 5465 Smaragdus.
3201 5395 3339 5451 Vide
3365 5392 3592 5465 superius
3608 5395 3737 5465 anno-

2234 5469 2363 5516 tata.
2385 5455 2546 5517 'Circa
2578 5455 2833 5518 delicatos
2864 5472 2919 5518 et
2940 5455 3137 5519 debiles
3167 5464 3314 5517 idem
3336 5455 3516 5517 statuit
3540 5455 3739 5532 SLLBPT

2232 5531 2442 5604 derlib.
2474 5532 2540 5586 de
2559 5533 2899 5604 institutione
2928 5533 3226 5604 Virginum,
3259 5549 3375 5604 cap.
3412 5532 3471 5585 15
3496 5548 3507 5560 ·
3533 5548 3549 5579 ι
3576 5526 3632 5580 Ει
3664 5526 3740 5600 ἥξω

2231 5601 2342 5654 sint
2366 5602 2505 5655 dicta
2540 5602 2605 5655 de
2628 5611 2779 5658 veste
2812 5610 2866 5657 et
2893 5604 3012 5658 cibo
3028 5601 3087 5656 et
3128 5611 3262 5671 potu
3296 5601 3378 5657 vel
3406 5613 3554 5668 ορετθ
3587 5603 3741 5671 Ρτθ,¹¹¹ῖ

2232 5670 2422 5724 validis
2457 5690 2467 5723 :
2502 5680 2553 5725 ut
2591 5688 2707 5741 quzc
2751 5673 2936 5727 durius
2966 5674 3101 5727 ferre
3128 5667 3240 5726 non
3290 5667 3461 5742 potest
3489 5709 3504 5731 ,
3531 5667 3743 5721 trunci"?
