3948 6182
275 296 413 355 H81

1244 310 1632 371 CONCORDIA
1670 288 2126 379 REGULARUM.
2167 357 2236 366 —
2272 329 2422 387 CAP.
2465 333 2573 390 Lv.

3396 350 3531 406 U82

272 412 401 468 talis
429 427 593 516 opera
624 425 731 516 aut
760 431 851 516 ars
871 416 1222 516 Iinjungatur,
1276 434 1338 479 ut
1376 442 1475 481 nec
1527 428 1686 484 otidsi
1725 430 1856 495 sint,
1886 432 1937 492 A
1962 433 2360 495 observandum
2391 452 2491 509 est,
2528 454 2586 499 ut
2636 446 2688 501 in
2738 449 2882 505 nullo
2915 452 3241 511 voluntatem
3272 473 3423 514 suam
3453 462 3533 516 fa-

268 518 376 558 uce
412 503 668 560 violentia
716 506 918 564 laboris
969 512 1364 581 opprimantur,
1411 525 1471 571 ut
1504 516 1849 590 eﬁ‘ugentur:

268 609 504 664 quorum
539 595 882 673 imbecillitas
912 601 981 655 ab
1003 602 1198 658 abbate
1217 606 1613 663 consideranda
1640 618 1746 665 est.

381 684 410 757 ᾗ
444 685 507 740 ll.
533 716 606 728 -—
630 687 709 741 Ex
729 688 950 746 Racuu
976 707 1161 749 SANCTI
1192 695 1422 752 Macann
1447 699 1584 769 (cap.
1631 701 1741 772 10).

340 789 369 819 ι
385 778 589 834 Debent
601 794 729 849 ergo
746 779 943 837 fratres
962 784 1120 839 istum
1136 787 1379 842 ordinem
1397 798 1599 845 tenere.
1615 792 1658 846 A
1674 792 1849 862 prima

266 882 441 939 usque
462 870 528 925 ad
553 870 741 925 horam
767 873 981 928 tertiam
1005 875 1115 931 Deo
1142 889 1338 934 vacent
1362 879 1587 937 fratres.
1603 883 1649 936 A
1684 886 1846 940 tertia

265 975 398 1014 vero
411 975 581 1029 usque
592 962 659 1015 ad
676 962 861 1017 horam
876 979 1073 1020 nonam
1087 968 1346 1038 quidquid
1362 971 1433 1040 inj
1443 983 1663 1027 unctum
1682 974 1847 1032 fuerit

265 1064 295 1103 a
326 1049 505 1117 Patre,
531 1052 560 1091 ιι
590 1053 705 1108 sine
740 1052 918 1124 aliqua
948 1060 1376 1114 murmuratione
1407 1060 1627 1117 faciant.
1660 1064 1845 1120 Memi-

264 1155 399 1195 nere
428 1141 627 1196 debent
662 1154 684 1182 ο
713 1143 766 1197 in
788 1144 982 1214 quibus
1019 1144 1335 1217 injungitur,
1364 1150 1568 1205 dictum
1614 1152 1843 1222 Aposto-

265 1230 302 1285 li
331 1248 345 1284 :
390 1230 419 1270 ἀ
454 1228 647 1286 Omnia
687 1249 805 1302 qua:
835 1233 1011 1302 facitis
1045 1275 1059 1300 ,
1089 1237 1203 1289 sine
1225 1241 1642 1295 murmuratione
1683 1242 1843 1312 facite

262 1319 434 1393 (Phil.
469 1322 551 1395 ιι).
604 1323 821 1379 Timere
873 1325 1072 1381 debent
1120 1326 1249 1382 illud
1302 1329 1504 1385 dictum
1552 1333 1834 1389 terribile:

262 1415 446 1471 Nolite
463 1433 817 1482 murmurare;
838 1419 974 1473 sicut
1002 1420 1218 1491 quidam
1254 1438 1432 1476 eorum
1481 1441 1839 1480 murmurave-

259 1517 405 1573 runt,
435 1517 485 1563 et
509 1509 575 1563 ab
596 1511 1000 1565 exterminatore
1020 1513 1285 1583 perierunt
1311 1514 1397 1586 (II
1416 1514 1541 1570 Cor.
1568 1519 1644 1587 ιι).
1672 1519 1840 1574 Debet

258 1599 447 1663 etiam,
480 1600 568 1667 qui
596 1608 810 1670 praeest,
842 1609 1014 1670 pater,
1044 1617 1200 1673 opus,
1227 1606 1367 1673 quod
1389 1605 1693 1662 faciendum
1727 1618 1834 1675 est,

257 1689 350 1742 uni
384 1688 682 1761 injungere,
715 1700 775 1745 ut
819 1693 1001 1747 creteri
1036 1691 1154 1760 ejus
1205 1707 1473 1766 praecepto
1498 1738 1512 1762 ,
1540 1700 1625 1753 cui
1660 1700 1835 1770 injun-

256 1790 404 1835 ctum
429 1781 611 1846 fuerit,
640 1782 835 1838 fratres
853 1783 1106 1839 obediant
1126 1787 1243 1842 sine
1266 1790 1507 1858 querela.

573 1873 600 1946 §
626 1874 712 1929 ΙΙΙ.
734 1906 807 1916 -—
834 1875 968 1932 Item
995 1878 1227 1947 ejusdem
1252 1879 1389 1952 (cap.
1421 1883 1530 1951 ll).

331 1974 355 2002 ο
387 1961 445 2017 Si
471 1964 592 2033 quis
618 1979 685 2019 ex
745 1964 1003 2021 fratribus
1030 1985 1129 2037 pro
1169 1968 1377 2039 jejunio
1404 2013 1419 2036 ,
1454 1974 1538 2028 vel
1577 1975 1830 2043 operibus

251 2069 511 2108 manuum
543 2070 785 2121 suarum,
810 2072 931 2126 qua:
956 2057 1245 2128 Apostolus
1268 2063 1515 2133 prmeipit
1546 2084 1557 2118 :
1593 2066 1829 2137 Operan-

250 2153 330 2199 tes
361 2144 383 2184 ί
412 2144 651 2200 manibus
680 2150 894 2213 nostris,
937 2166 1000 2204 ne
1027 2167 1179 2221 quem
1222 2162 1447 2209 vestrum
1491 2173 1826 2227 gravaremus

252 2234 309 2308 (I
338 2234 517 2289 Thess.
543 2251 581 2291 ιι
608 2244 663 2291 et
690 2235 752 2301 ll,
790 2237 895 2311 ιιι),
933 2238 980 2294 is
1006 2240 1098 2309 qui
1137 2241 1259 2297 talis
1288 2252 1373 2299 est
1398 2247 1718 2310 monachus,
1746 2248 1825 2303 di-

249 2340 390 2395 gnus
415 2332 500 2381 est
520 2326 574 2380 in
593 2326 863 2383 omnibus.
896 2327 956 2383 In
987 2329 1072 2385 his
1098 2332 1143 2387 si
1165 2330 1327 2388 fuerit
1365 2334 1562 2405 aliquis
1593 2337 1824 2392 inﬁrmi-

250 2427 365 2473 tate
388 2421 413 2458 δ
433 2419 686 2475 obsessus
706 2461 720 2483 ,
748 2422 1137 2490 providendum
1168 2434 1251 2479 est
1278 2427 1346 2482 ab
1369 2442 1454 2492 eo,
1484 2430 1577 2498 qui
1604 2436 1817 2497 praeest,

247 2509 487 2578 qualiter
532 2510 647 2580 ipsa
699 2510 985 2567 inﬁrmitas
1024 2523 1375 2570 sustentetur.
1405 2517 1557 2585 Quod
1598 2519 1643 2573 si
1672 2518 1823 2574 inﬁr-

247 2618 371 2657 mus
396 2610 479 2658 est
502 2602 685 2657 animo
727 2602 1031 2673 hujusmodi
1077 2605 1247 2661 frater
1277 2647 1292 2672 ,
1319 2616 1531 2679 oportet
1565 2625 1689 2665 eum
1715 2610 1823 2667 fre-

244 2694 499 2763 quentius
525 2693 737 2765 operari
768 2734 784 2759 ,
837 2696 1189 2753 considerans
1212 2697 1524 2768 Apostolum
1547 2742 1562 2765 ,
1589 2703 1821 2771 qualiter

245 2799 444 2855 corpus
468 2799 625 2840 suum
649 2785 895 2841 servituti
918 2787 1115 2859 redigit
1144 2786 1200 2860 (Ι
1220 2787 1342 2844 Cor.
1367 2790 1468 2862 Ix).
1498 2790 1613 2847 Hoc
1635 2801 1815 2848 autem

243 2914 434 2991 levius.
472 2935 490 2967 ι
510 2915 587 2991 _Et
609 2916 723 2972 lucc
746 2924 829 2991 est
842 2916 1186 2991 discretionis
1205 2919 1428 2991 Regula.
1461 2919 1599 2977 Hinc
1625 2930 1816 2978 notan-

242 2984 371 3040 dum
402 2985 613 3040 naviter
639 2986 917 3057 venientes
944 3027 958 3052 ,
984 2988 1075 3057 qui
1115 3004 1220 3042 non
1251 2984 1375 3043 sunt
1401 2992 1603 3045 assueti
1641 2992 1812 3047 labori

243 3071 500 3130 manuum
530 3095 549 3130 ,_
579 3072 684 3111 non
717 3056 897 3130 statim
951 3056 1274 3130 onerandus,
1321 3061 1411 3114 sed
1440 3060 1698 3130 paulatim
1725 3075 1811 3118 as-

241 3116 639 3181 suefaciendos.
670 3144 689 3177 ‹
728 3125 913 3195 Neque
952 3142 1020 3181 ex
1059 3128 1228 3182 nimio
1251 3116 1362 3183 otio
1405 3116 1619 3186 subitus
1660 3116 1813 3187 labor
1837 3116 1885 3181 C

240 3195 362 3249 sine
390 3195 537 3265 gravi
576 3210 715 3250 noxa
745 3205 849 3261 est,
887 3216 906 3249 ι
945 3196 1119 3265 inquit
1141 3196 1330 3255 Celsus
1355 3239 1369 3263 ,
1397 3200 1489 3255 lib.
1520 3217 1559 3265 ι,
1590 3217 1639 3256 c.
1662 3202 1717 3256 ὅ.
1744 3202 1819 3257 De

240 3268 409 3338 opere
449 3281 703 3338 manuum
724 3265 876 3338 plura
906 3267 1027 3338 vide
1056 3269 1196 3336 apud
1228 3267 1524 3338 Bupertum
1551 3271 1648 3327 lib.
1678 3289 1738 3327 ιιι
1761 3273 1815 3327 in

242 3333 503 3409 Regulam
537 3333 1053 3409 sancti'Bene_dicti,
1087 3333 1268 3409 cap._5
1290 3333 1345 3393 εἰ
1370 3354 1484 3409 scq.

314 3416 339 3444 ι
363 3405 561 3477 Debent
584 3422 729 3477 ergo,
751 3414 856 3460 etc.
884 3406 1075 3477 Exstat
1092 3405 1167 3477 in
1208 3407 1408 3477 Regula
1439 3405 1541 3463 ius.
1570 3409 1812 3477 Macarii,

235 3483 296 3528 et
332 3474 558 3529 aliorum
596 3474 850 3530 abbatum
895 3476 1013 3530 cod.
1041 3476 1185 3531 Flor.
1213 3486 1269 3530 et
1291 3474 1490 3543 Corb.;
1522 3482 1617 3534 sed
1644 3474 1816 3535 ωτιεῂ

237 3545 581 3617 (έοι-ὴείριιδίε
614 3546 841 3617 multum
868 3546 1046 3617 (ᾔσθη
1080 3546 1132 3601 in
1165 3546 1343 3601 verbis
1375 3549 1591 3617 quidem
1621 3551 1689 3605 ab
1714 3552 1814 3607 hac

240 3614 562 3677 Concordia,
586 3624 640 3669 et
667 3630 696 3667 a
721 3615 840 3669 cod.
876 3615 1047 3679 Flor.,
1082 3617 1176 3670 sed
1199 3632 1304 3670 non
1338 3614 1598 3672 in'sensu.

311 3685 338 3722 δ
363 3684 489 3738 Sine
505 3684 681 3755 aliqua
695 3686 1107 3739 murmuratione
1125 3686 1343 3755 faciant.
1364 3687 1813 3743 Monasteriorum

234 3761 327 3829 est
348 3755 615 3822 pernicies
646 3756 1022 3829 murmuratio.
1052 3756 1255 3829 Estque
1291 3756 1506 3829 illorum
1545 3760 1813 3829 pracipue

234 3822 329 3891 qui
351 3838 594 3893 corpore,
617 3839 723 3878 non
750 3824 931 3879 animo
948 3825 1009 3897 in
1022 3822 1271 3892 claustris
1283 3822 1561 3897 habitant,
1582 3822 1809 3897 quorum

232 3907 348 3965 non
365 3900 447 3947 est
474 3908 570 3947 cor
591 3909 779 3958 unum,
803 3909 902 3948 nec
924 3894 1104 3949 anima
1126 3911 1253 3950 una.
1280 3896 1348 3950 Ut
1369 3894 1626 3965 praeclare
1652 3899 1810 3952 docet

234 3960 297 4017 S.
323 3962 650 4031 Augustinus
676 3964 1021 4019 enarratione
1045 3965 1097 4018 in
1119 3960 1387 4033 psalmum
1413 3982 1593 4021 cxxxn
1625 3986 1637 4021 :
1667 3967 1810 4022 Nam

231 4043 647 4107 murmuratores
670 4049 847 4087 omnes
874 4035 1152 4107 magniﬁce
1173 4035 1417 4107 descripti
1436 4047 1558 4090 sunt
1580 4037 1808 4107 quodam

233 4100 349 4173 foco
378 4101 792 4173 _Scripturarum
816 4116 834 4155 :
859 4100 1151 4172 prtrcordia
1182 4104 1318 4172 fatui
1341 4100 1494 4159 'sicut
1524 4100 1637 4160 rota
1668 4107 1808 4159 carri

233 4170 425 4239 (Eccli.
450 4170 664 4242 xx'xut).
682 4170 888 4243 Fenum
908 4182 1079 4243 portat
1107 4184 1153 4227 et
1169 4170 1484 4229 murmurat.
1517 4175 1643 4231 Non
1668 4177 1805 4230 enim

228 4250 396 4311 potest
423 4253 537 4295 rota
561 4242 703 4296 carri
719 4243 981 4311 quiescere
1009 4260 1041 4296 a
1071 4259 1355 4298 murmure.
1389 4246 1481 4300 Sic
1511 4255 1632 4301 sunt
1655 4246 1805 4299 multi

231 4310 444 4385 fratres,
475 4329 581 4365 non
632 4310 966 4385 habitant__in
997 4329 1159 4367 unum
1186 4354 1200 4378 ,
1228 4316 1328 4368 nisi
1374 4333 1606 4385 corpore.
1641 4314 1805 4370 Simi-

232 4379 463 4452 liasane
493 4393 617 4435 sunt
644 4382 941 4452 praecordia
971 4393 1428 4438 nturmuratorum
1464 4379 1607 4440 ’τοῖαι
1632 4387 1797 4451 carri,

1854 1779 1901 1838 B

1958 524 2064 580 ciat
2093 527 2199 584 ille.
2297 539 2307 549 '

2156 641 2184 714 ς
2207 643 2295 699 ιν.
2344 648 2516 703 —Ex
2542 649 2761 708 RBGULA
2788 653 3015 713 PATBUI
3044 667 3182 732 (cap.
3212 660 3287 732 5).

2021 749 2049 788 ιι
2081 749 2284 808 Cursus
2302 771 2433 812 vero
2480 762 2785 818 orationum
2831 767 2918 820 vel
2968 770 3341 839 psalmorum,
3387 776 3528 832 sicut

1950 837 2149 895 dudum
2171 850 2431 901 statutum
2472 858 2579 916 est,
2613 852 2699 907 vel
2726 864 2941 925 tempus
2970 837 3112 915 istud
3143 862 3161 902 ί
3208 837 3524 933 meditandi,

1947 934 2313 1004 operandique
2336 940 2664 997 servabitur.
2721 947 2800 1000 Ita
2829 950 3080 1005 meditem
3129 953 3365 1009 habeant
3414 955 3526 1011 fra-

1948 1027 2111 1118 tres,i
2138 1038 2198 1085 ut
2220 1047 2394 1104 usque
2414 1038 2481 1091 ad
2501 1039 2689 1094 horam
2706 1045 2997 1099 secundam
3018 1047 3199 1118 legant
3223 1065 3237 1114 ;
3262 1051 3307 1105 si
3336 1060 3518 1109 tamen

1944 1117 2088 1172 nulla
2116 1135 2279 1175 causa
2307 1127 2575 1182 exstiterit
2601 1170 2614 1193 ,
2648 1145 2754 1199 qua
2785 1148 3009 1189 necesse
3035 1117 3106 1191 sit
3132 1138 3296 1192 etiam
3326 1140 3353 1179 Ιι
3387 1157 3523 1210 pra:—

1944 1211 2192 1268 termisso
2219 1212 2236 1251 ι
2272 1216 2547 1283 meditem,
2578 1219 2778 1289 aliquid
2820 1222 2938 1278 ﬁeri
2970 1225 3024 1279 in
3053 1241 3360 1285 commune.
3388 1230 3519 1287 Post

1942 1298 2135 1357 horam
2162 1318 2293 1359 vero
2323 1308 2615 1362 secundam
2665 1313 3036 1383 unusquisque
3075 1316 3143 1370 ad
3192 1332 3327 1387 opus
3361 1333 3518 1373 suum

1940 1400 2162 1460 paratus
2213 1396 2305 1460 sit,
2355 1406 2411 1451 et
2448 1414 2619 1469 usque
2676 1402 2743 1455 ad
2794 1402 2983 1457 horam
3032 1421 3227 1460 nonam
3258 1406 3520 1476 quidquid

1940 1480 2235 1549 injunctum
2281 1485 2464 1552 fuerit,
2492 1490 2609 1545 sine
2642 1495 3069 1549 murmuratione
3095 1505 3150 1550 et
3177 1496 3516 1552 haesitatione

1936 1573 2221 1641 perﬁciant
2254 1617 2269 1642 ,
2301 1579 2443 1634 sicut
2466 1580 2625 1637 docet
2664 1591 2886 1638 sanctus
2916 1585 3205 1655 Apostolus
3230 1584 3397 1657 (Phil.
3427 1587 3512 1659 ιι).

2108 1701 2135 1773 §
2159 1703 2220 1758 ν.
2243 1735 2314 1743 -
2335 1704 2467 1759 Item
2497 1724 2561 1761 ex
2594 1707 2793 1779 Regula
2822 1710 3044 1765 Patrum
3075 1713 3211 1783 (cap.
3245 1714 3319 1784 5).

2000 1846 2041 1874 ω
2068 1835 2333 1893 Matutino
2356 1839 2502 1894 dicto
2546 1840 2747 1898 fratres
2785 1843 3005 1898 lectioni
3028 1854 3220 1900 vacent
3246 1862 3415 1915 usque
3439 1849 3507 1903 ad

1931 1926 2120 1981 horam
2166 1930 2462 2008 secundam
2494 1945 2509 1985 :
2539 1932 2585 1986 si
2615 1939 2794 1987 tamen
2826 1933 2968 1987 nulla
3018 1949 3179 1989 causa
3216 1936 3507 2002 exstiterit,

1927 2033 2035 2087 qua
2064 2033 2289 2075 necesse
2342 2021 2435 2085 sit,
2466 2022 2631 2076 etiam
2658 2032 2687 2060 η
2724 2026 3088 2093 praatermissa
3133 2026 3383 2091 lectione,
3410 2027 3511 2082 ali-

1926 2108 2057 2178 quid
2090 2108 2208 2163 ﬁeri
2240 2110 2293 2164 in
2317 2126 2623 2166 commune.
2654 2112 2785 2168 Post
2807 2114 3000 2169 horam
3019 2116 3308 2170 secundam
3338 2131 3506 2172 unus-

1926 2200 2157 2270 quisque
2207 2201 2275 2255 ad
2298 2216 2435 2271 opus
2467 2217 2624 2257 suum
2646 2212 2868 2274 paratus
2892 2205 2979 2260 sit.
3009 2206 3189 2278 Usque
3220 2207 3287 2263 ad
3312 2208 3503 2263 horam

1924 2308 2125 2347 nonam
2169 2294 2312 2364 quod
2336 2294 2641 2365 injunctum
2675 2296 2879 2365 fuerit,
2916 2298 3033 2355 sine
3078 2302 3506 2357 murmuratione

1922 2384 2187 2453 perﬁciat.

2091 2513 2120 2585 §
2148 2515 2234 2571 VI.
2263 2546 2334 2556 —
2352 2516 2490 2571 Item
2519 2534 2585 2572 ea:
2607 2516 2809 2590 Regula
2843 2516 3068 2575 Patrum
3095 2520 3234 2593 (cap.
3260 2521 3337 2595 9).

1993 2631 2019 2658 ο
2049 2622 2148 2680 Die
2180 2634 2360 2681 autem
2381 2627 2665 2685 Dominico
2689 2629 2827 2684 nihil
2857 2629 3002 2685 aliud
3030 2638 3212 2702 agant,
3245 2632 3349 2687 nisi
3381 2633 3493 2689 Deo

1918 2723 2113 2771 vacent
2143 2735 2156 2771 :
2182 2733 2282 2773 nec
2303 2735 2402 2789 pro
2429 2719 2606 2790 aliqua
2632 2721 2917 2777 occasione
2945 2737 3003 2777 se
3032 2722 3217 2788 velint,
3239 2733 3333 2778 aut
3359 2724 3496 2780 alios

1918 2819 2197 2861 excusare.
2222 2806 2423 2864 Tamen
2446 2818 2741 2876 contestor,
2774 2809 2991 2878 fratres,
3018 2822 3046 2862 ιι
3074 2811 3216 2867 nulla
3244 2814 3490 2884 operatio

1915 2916 2037 2992 cod.
2068 2916 2229 2992 gorb.
2251 2917 2532 2992 Profertur
2555 2937 2716 2992 supra
2736 2937 2856 2992 cap.
2887 2922 2977 2988 45,
3006 2922 3107 2977 sub
3143 2924 3359 2978 nomine
3387 2925 3493 2978 Re-

1915 2985 2053 3053 gulm
2074 2985 2314 3042 Patrum.
2346 2990 2443 3045 llic
2461 2985 2640 3046 auten]
2662 2985 2862 3047 citatur
2886 2985 3072 3047 ob’illa
3106 2993 3269 3048 verba
3300 2992 3358 3049 S.
3388 2993 3491 3049 Pa-

1918 3056 2017 3131 tris
2038 3057 2309 3131 Benedicti
2344 3057 2624 3131 Fratribus
2651 3062 2876 3131 inﬁmis
2907 3071 2999 3115 aut
3018 3060 3277 3118 delicatis.

1993 3126 2013 3165 ί
2050 3126 2297 3183 Manibus
2320 3132 2531 3185 nostris.
2566 3130 2646 3186 Ita
2673 3126 2727 3185 in
2758 3134 2878 3188 cod.
2910 3130 3054 3186 Flor.
3100 3141 3152 3187 et
3174 3132 3335 3188 Corb.
3362 3133 3489 3190 Haec

1922 3203 2104 3272 tamen
2124 3198 2287 3272 verba
2336 3215 2442 3254 non
2484 3202 2753 3272 habentur
2775 3203 2828 3256 in
2858 3202 2989 3256 locis
3015 3202 3193 3258 citatis
3223 3202 3485 3272 Apostoli.

1916 3265 1975 3319 In
2001 3267 2249 3322 versione
2278 3276 2456 3325 tamen
2500 3270 2679 3342 Syra!
2720 3273 2787 3326 ad
2814 3272 3004 3326 Thess.
3033 3288 3070 3326 ιι
3124 3265 3351 3327 habetur
3378 3292 3391 3327 :
3417 3272 3487 3328 In

1917 3352 2068 3406 opere
2086 3354 2339 3392 manuum
2360 3349 2681 3393 nostrarum.

1984 3408 2015 3491 ξ
2041 3405 2315 3491 Qbsessus.
2341 3408 2400 3462 In
2422 3411 2541 3491 cod.
2576 3409 2739 3491 CP-I'b.
2767 3425 3063 3491 oppressus.
3273 3479 3285 3491 .

1983 3475 2011 3514 ιι
2045 3475 2244 3548 Cursus
2292 3494 2428 3548 vero,
2460 3487 2565 3532 etc.
2618 3478 2749 3533 Hoc.
2775 3475 3066 3548 capitulum
3102 3479 3380 3548 reperitur
3424 3480 3479 3535 in

1914 3545 2145 3615 secunda
2185 3545 2387 3615 Rrgula
2410 3562 2517 3613 ms.
2544 3549 2664 3602 cod.
2709 3545 2857 3601 Flor;
2891 3545 3047 3615 cujus
3097 3545 3309 3601 initium
3354 3557 3479 3604 est:

1912 3611 2045 3667 Cum
2083 3611 2424 3669 residefemus
2460 3611 2515 3670 in
2540 3633 2747 3682 unum;
2781 3611 3020 3671 [labetur
3045 3618 3207 3671 etiam
3254 3618 3308 3671 in
3356 3620 3479 3673 cod.

1911 3698 2014 3736 ms.
2045 3685 2207 3738 Corb.

1988 3754 2004 3793 ί
2041 3752 2353 3825 Heditandi.
2387 3754 2442 3809 ld
2471 3763 2555 3811 est
2577 3797 2593 3819 ,
2646 3755 2875 3825 legendi.
2912 3755 3159 3810 Meditari
3207 3756 3354 3810 enim
3384 3755 3483 3810 ali-

1909 3824 2124 3890 quando
2161 3823 2349 3896 iegere
2396 3833 2497 3879 est.
2531 3825 2682 3881 Unde
2706 3823 2909 3894 postea
2956 3824 3332 3896 subjungitur:
3362 3844 3380 3878 ι
3410 3826 3482 3883 Ut

1909 3906 2084 3965 usque
2107 3893 2172 3947 ad
2198 3892 2390 3965 horam,
2410 3896 2701 3951 secundam
2727 3892 2933 3965 legant.
2971 3915 2990 3946 ι

1982 3960 1995 4011 i
2041 3960 2107 4034 ω
2128 3979 2290 4034 usque
2313 3963 2391 4034 ad
2436 3960 2931 4034 horam_secuiidam
2980 3963 3169 4034 legant.
3198 3966 3341 4020 Idem
3366 3975 3476 4021 sta-

1908 4032 2011 4085 tuit
2037 4032 2093 4105 S.
2121 4030 2391 4105 Caesarius
2434 4049 2552 4105 cap.
2574 4032 2640 4087 17
2669 4035 2886 4105 Iit-gula:
2917 4030 3067 4089 suae:
3099 4052 3117 4084 ‹
3160 4034 3317 4090 Omni
3346 4045 3477 4090 tem-

1906 4114 2039 4168 pore
2060 4102 2266 4174 duabus
2299 4102 2470 4174 horis,
2499 4102 2612 4159 hoc
2640 4113 2720 4158 est
2744 4102 2774 4158 εἰ
2804 4120 2962 4160 mane
2991 4119 3162 4174 usque
3191 4105 3258 4159 ad
3283 4106 3476 4161 horam

1905 4172 2195 4225 secundam
2229 4173 2443 4228 lectioni
2468 4185 2679 4228 vacent.
2711 4195 2730 4226 ι

1977 4241 2002 4279 ιι
2036 4241 2397 4315 Prwtermisso
2449 4245 2709 4315 meditem.
2758 4247 2835 4301 Ita
2870 4246 2922 4299 in
2954 4244 3157 4315 Regula
3193 4262 3293 4300 ms.
3346 4248 3468 4303 cod.

1904 4309 2048 4364 Flor.
2097 4312 2152 4365 In
2200 4314 2509 4368 cod.Corb.
2562 4314 2922 4369 Pra'termisso
2967 4309 3176 4369 medite.
3226 4315 3283 4369 In
3310 4315 3468 4370 Vind.

1905 4379 2268 4455 Prretermisso
2293 4385 2623 4455 meditantur.
2652 4384 2955 4455 Legendum
2978 4391 3130 4454 puto,
3154 4388 3471 4455 pratermis—

231 4450 324 4523 qui
355 4465 567 4521 semper
594 4448 718 4523 cum
764 4452 1191 4523 murmuratione
1221 4469 1356 4523 opus
1398 4453 1693 4521 injunctum
1721 4448 1798 4508 fa?
1822 4448 1878 4508 D
1902 4467 1961 4503 sa
1987 4451 2346 4523 meditatione,
2370 4453 2542 4523 idest,
2567 4448 2811 4523 lectione.

230 4520 871 4593 ciunt,_quetnadmodu_m
902 4530 1017 4593 rota
1045 4525 1185 4593 carri
1214 4520 1333 4593 quae
1365 4520 1469 4577 fert
1495 4540 1617 4577 cum
1642 4540 1795 4577 mur-

228 4591 533 4662 muratione
561 4591 762 4645 fenum.
812 4590 1036 4662 Multum
1081 4590 1332 4662 laborant
1357 4601 1411 4662 et
1458 4593 1594 4646 nihil
1634 4595 1798 4662 proﬁ-

231 4660 404 4715 ciunt.
464 4660 616 4715 Unde
664 4661 919 4730 praeclare
966 4660 1021 4715 S.
1072 4660 1306 4715 Joannes
1374 4660 1798 4730 Chrysostomus

230 4744 396 4784 serm.
422 4730 467 4803 87
504 4731 557 4785 in
584 4745 702 4803 cap.
735 4746 796 4795 ιι,
847 4732 913 4784 ad
952 4730 1323 4803 Philippenses
1355 4749 1367 4784 :
1399 4733 1592 4787 Βέλτιον
1642 4733 1795 4803 μηδὲν

228 4802 551 4877 ι’ργριζισθσιι2
631 4799 761 4875 μετὰ
783 4807 1097 4877 γογγρσμοῦ·
1129 4799 1407 4877 agrippa:
1430 4804 1526 4877 γὰρ
1564 4799 1654 4857 καί
1674 4807 1795 4859 αὐτό

227 4869 475 4942 νίινόμενον
498 4886 510 4900 ’
536 4872 590 4946 _id
612 4869 767 4946 est,_r
790 4869 988 4946 melius
997 4877 1094 4946 est
1116 4870 1257 4946 nihil
1280 4869 1651 4946 facereﬁuam
1671 4887 1792 4946 cum

229 4940 676 5009 murmuratione.
724 4940 872 4994 Perit
925 4941 1066 4994 enim
1112 4940 1242 4994 illud
1275 4941 1417 5009 quod
1453 4940 1532 4994 tit.
1565 4959 1584 4993 ι
1629 4940 1795 5009 quue

220 5005 377 5090 juxta
414 5019 648 5090 mentem
695 5009 752 5064 S.
784 5009 961 5065 Patris
1016 5005 1309 5090 Benedicti
1344 5025 1463 5090 cap.
1498 5011 1532 5064 5
1563 5030 1576 5065 :
1614 5029 1632 5061 ι
1676 5005 1792 5090 Etsi

228 5078 452 5146 impleat
469 5078 769 5147 jussionem
798 5097 812 5146 ;
861 5089 1042 5134 tamen
1091 5088 1369 5148 acceptum
1410 5078 1526 5148 jam
1557 5097 1664 5136 non
1689 5083 1795 5137 erit

226 5149 479 5219 Deotqui
504 5165 602 5205 cor
634 5150 853 5219 respicit
880 5151 1289 5204 murmurantis.
1322 5169 1341 5201 ι

301 5218 637 5293 {Inquibus
678 5218 991 5291 injungitur.
1033 5220 1110 5273 Ita
1137 5220 1192 5273 in
1233 5219 1334 5273 cod
1377 5219 1492 5274 F10.
1542 5220 1683 5293 Lege
1727 5222 1787 5287 ii,

222 5290 410 5360 quibus
430 5291 739 5360 injungitur.

294 5358 323 5431 (ξ
353 5358 543 5431 Οᾲπιήἰα
572 5358 714 5431 quod
741 5359 939 5431 facitis,
963 5360 1076 5431 sine
1095 5360 1508 5431 murmuratione
1532 5360 1706 5429 facite.
1731 5361 1786 5414 In

223 5428 345 5483 cod.
374 5427 536 5485 Corb.
561 5427 793 5493 additur,
823 5440 871 5485 et
900 5430 1246 5483 hesitatione.
1283 5429 1341 5483 ln
1371 5427 1619 5484 versidne
1641 5445 1787 5485 com-

223 5497 374 5552 muni
401 5517 414 5551 :
444 5517 464 5550 ι
494 5499 688 5555 Omnia
715 5507 896 5555 autem
918 5496 1081 5554 facite
1106 5498 1224 5553 sine
1262 5499 1787 5554 murmurationibus

220 5576 277 5621 et
302 5569 746 5624 haesitationibus.
776 5589 796 5622 ι

297 5651 320 5677 ο
350 5637 409 5692 Si
428 5639 542 5710 quis
562 5656 627 5694 ea:
650 5637 1062 5710 fratribusLete.
1092 5637 1523 5710 [labetur‘capite
1558 5652 1785 5708 sequen-

220 5708 260 5761 ti
288 5708 483 5777 smpitis
510 5710 657 5765 citati
683 5710 883 5765 codicis
907 5708 1282 5764 Floriacensis.
1316 5708 1505 5773 Exstat
1528 5710 1687 5763 etiam
1728 5710 1779 5762 in

1987 4519 2004 4558 ι
2037 4520 2300 4578 Meditem.
2331 4525 2405 4577 lta
2431 4523 2484 4575 in
2515 4522 2717 4591 Regula
2743 4538 2843 4576 ms.
2890 4522 3009 4576 cod.
3039 4521 3182 4577 Flor.
3224 4532 3280 4577 et
3303 4523 3464 4579 Corb.

1901 4598 1956 4661 et
1987 4590 2115 4643 alibi
2141 4592 2193 4646 in
2216 4596 2403 4648 eadem
2438 4590 2636 4661 Regula
2670 4593 2792 4645 cod.
2825 4591 2966 4645 Flor.
2996 4611 3016 4642 ί
3054 4591 3159 4647 Sed
3181 4595 3467 4661 unusquis-

1898 4660 2002 4728 bue
2045 4675 2179 4728 opus
2227 4679 2385 4717 suum
2427 4672 2482 4717 et
2527 4661 2778 4715 meditem
2829 4662 3116 4716 custodiat.
3149 4682 3166 4714 ι
3228 4663 3284 4716 In
3327 4660 3457 4717 Cod.

1898 4727 2292 4801 Viind.’legitttr
2331 4733 2405 4785 ita
2441 4741 2616 4784 tamen
2669 4730 3020 4801 meditationis
3068 4748 3301 4801 causam.
3327 4731 3465 4797 Quid

1896 4799 1998 4872 sibi
2026 4799 2238 4856 velit-:6
2283 4802 2548 4872 meditem,
2581 4816 2687 4872 non
2707 4799 3044 4872 satisvideo.
3076 4800 3261 4869 Itaque
3281 4801 3465 4872 legen-

1895 4869 2022 4921 dum
2053 4877 2183 4932 puto
2210 4871 2622 4932 meditationem,
2666 4870 2718 4922 id
2743 4878 2825 4922 est
2848 4868 3153 4921 lectionem.

1965 4950 2005 4976 ιιι
2039 4937 2300 4994 Matutino
2323 4942 2486 5003 dicto,
2526 4949 2632 4992 etc.
2667 4937 2779 4992 Hoc
2813 4937 3103 5003 capitulum
3154 4939 3381 4993 habetur
3405 4940 3459 4996 in

1896 5008 2066 5081 tcrtia_
2088 5010 2288 5080 Regula
2320 5010 2480 5064 toties
2506 5008 2675 5081 ‘citati
2695 5007 2829 5081 cod.
2858 5006 3025 5081 __Flor.
3059 5006 3211 5081 cujus
3242 5008 3456 5081 initium

1892 5086 1994 5139 est,
2026 5077 2155 5132 Cum
2172 5076 2233 5133 in
2260 5081 2468 5133 nomine
2494 5076 2723 5130 Domini.
2740 5076 2998 5148 Nihilque
3025 5076 3170 5131 aliud
3215 5078 3450 5148 comple-

1891 5148 2079 5219 ctitur,
2107 5165 2264 5217 quam
2294 5148 2606 5219 praecedens
2632 5146 2948 5219 capitulum.

1961 5227 1988 5254 ιι
2014 5214 2377 5273 PraEtermissa
2406 5216 2643 5270 lectione.
2675 5214 2730 5285 l_n
2763 5216 3024 5283 superiori
3046 5215 3280 5285 capitulo
3299 5214 3457 5282 juxta

1889 5295 2129 5341 nostram
2168 5288 2643 5342 emendationem:
2684 5283 3047 5339 Pra'termissa
3099 5283 3454 5351 meditatione,

1888 5370 1955 5410 ex
1989 5370 2096 5424 quo
2123 5357 2476 5411 conﬁrmatur
2499 5354 2903 5410 meditationem
2929 5369 3048 5409 esse
3076 5354 3380 5409 lectionem.

1961 5433 1986 5460 ο
2007 5423 2299 5504 ρὶεέιιιιεηξ
2321 5424 2617 5504 Dominjca.
2649 5424 2761 5504 i_l_oc
2779 5423 3091 5504 capitulum
3143 5426 3373 5504 habetur
3400 5425 3456 5504 in

1887 5495 2086 5566 Regula
2111 5494 2445 5565 Serapionis,
2479 5492 2718 5551 Macarii.
2739 5502 2794 5548 et
2823 5492 3049 5548 aliorum
3070 5495 3189 5549 cod.
3217 5492 3376 5549 Corb.
3402 5501 3457 5550 et

1885 5566 2027 5620 Flor.

1958 5648 1984 5686 ιι
2009 5636 2171 5689 Nulla
2204 5635 2455 5704 operatio.
2485 5636 2559 5690 Ita
2606 5634 2658 5688 iu
2685 5635 2803 5689 cod.
2848 5632 2989 5688 Flor.
3023 5632 3351 5703 Smaragdus
3383 5632 3450 5688 lc-

1884 5707 1958 5774 git
1982 5706 2119 5775 quod
2142 5704 2284 5759 nulla
2315 5708 2562 5773 operatio.
