3948 6182
515 321 646 377 1133

1544 314 1601 370 S.
1640 311 2006 370 BENEDICTI
2041 310 2332 367 ABBATIS
2366 307 2782 365 AMANENSIS

3580 323 3679 377 1131

510 442 561 496 1η
591 439 678 492 die
713 433 803 491 illa
824 441 1014 490 sancta
1060 430 1448 502 eomperiatur,
1487 429 1591 482 nisi
1630 436 1841 483 tantum
1868 425 2088 498 hymnis
2116 428 2167 488 Α
2192 439 2289 480 suo
2338 424 2481 479 lecto
2530 424 2806 479 dormire:
2865 423 2965 479 nisi
3009 424 3147 480 forte
3187 424 3398 492 iubente
3430 433 3682 491 Priare'ad

508 540 560 585 et
587 529 819 585 canticis
846 525 1215 598 spiritualibus
1239 536 1264 563 ιι
1292 523 1409 578 dies
1439 522 1525 576 illa
1552 528 1882 576 transeatur.

676 616 703 689 §
733 615 842 671 Vll.
871 647 944 655 —
977 616 1057 669 Ex
1095 614 1315 668 Renum
1352 611 1613 666 Pacuonu
1646 610 1783 680 (cap.
1813 606 1926 678 58).

582 707 610 746 δ
635 704 695 761 Si
729 705 941 777 signum
969 706 1152 759 datum
1184 703 1346 762 fuerit
1374 710 1434 756 ut
1461 701 1808 772 egrediantur
1840 700 1908 753 ad
1942 714 2097 769 opus,

565 793 896 865 Prsepositus
940 795 1134 849 domus
1182 793 1467 847 antecedet
1513 806 1645 856 eos;
1706 799 1762 844 et
1816 789 1994 844 nullus
2046 789 2101 842 in

513 888 843 941 monasterio
872 886 1204 949 remanebit,
1246 885 1349 939 nisi
1389 885 1435 940 is
1469 885 1555 939 cui
1583 882 1606 921 ἀ
1633 884 1798 938 Pater
1824 895 2100 953 praecepe-

514 977 628 1043 rit;
687 986 744 1032 et
790 978 848 1032 hi
895 979 988 1048 qui
1037 985 1270 1049 pergunt
1317 988 1339 1016 ο
1382 992 1489 1032 ιιοιι
1537 974 1951 1046 interrogahunt
1994 987 2104 1044 quo

515 1068 739 1124 vadant.

928 1161 955 1233 §
987 1160 1120 1216 Vill.
1148 1192 1219 1201 —
1253 1160 1388 1215 Item
1420 1160 1557 1231 (cap.
1589 1158 1701 1231 59).

593 1250 614 1290 τ
637 1250 879 1322 Cumque
917 1253 1184 1307 universae
1218 1252 1411 1307 domus
1449 1251 1501 1305 in
1541 1267 1708 1305 unum
1739 1250 1940 1306 fuerint
1976 1265 2107 1306 eon-

519 1352 795 1415 gregatze,
844 1344 1040 1414 prioris
1074 1346 1268 1399 domus
1310 1344 1639 1413 Praepositus
1684 1344 2004 1408 antecedet;
2050 1351 2108 1398 et

517 1445 743 1507 pergent
763 1436 917 1507 juxta
948 1437 1193 1491 ordinem
1225 1437 1508 1491 domorum
1537 1445 1592 1491 et
1615 1437 1894 1492 hominum
1922 1437 2107 1508 singu-

520 1524 730 1591 lorum,
768 1541 870 1582 nec
898 1526 1186 1597 loquentur
1212 1535 1433 1593 mutuo;
1481 1528 1575 1583 sed
1614 1529 2000 1599 nnusquisquis
2040 1529 2106 1583 de

522 1617 821 1688 Scripturis
848 1618 1219 1674 meditabitur.
1272 1619 1331 1674 Si
1370 1618 1512 1674 forte
1558 1620 1638 1675 eis
1682 1620 1876 1691 aliquis
1919 1637 2109 1678 occur-

521 1707 679 1772 rerit,
714 1716 769 1762 et
792 1706 1024 1762 voluerit
1053 1723 1175 1763 cum
1207 1707 1387 1777 aliquo
1416 1723 1607 1763 eorum
1633 1709 1818 1779 loqui,
1863 1713 1888 1751 ε
1905 1710 2110 1781 ianitor

2201 514 2382 569 nubila
2411 529 2512 584 pro
2541 515 2783 570 custodia
2812 526 2832 553 ε
2857 530 2995 569 areze
3034 525 3185 571 extra
3228 518 3412 573 lectum
3440 538 3570 578 suum
3594 528 3685 581 dor-

2199 604 2351 659 miat.
2405 603 2464 658 In
2509 619 2701 676 campo
2744 620 2872 660 vero
2918 606 3133 676 quando
3174 608 3356 663 messis
3382 611 3621 682 colligitur,
3656 618 3688 671 si

2201 695 2427 750 meridie
2449 695 2686 750 dormire
2717 697 2951 762 licuerit,
2976 714 3081 752 non
3109 699 3280 764 divisi,
3302 701 3390 756 sed
3413 703 3461 756 iu
3480 720 3569 758 uno
3586 706 3688 783 locp,

2201 797 2294 842 aut
2323 788 2530 844 duobus
2559 789 2694 844 locis
2722 788 3034 845 dormient:
3078 792 3204 860 quia
3252 809 3353 847 non
3397 803 3473 849 est
3510 796 3694 869 incogni-

2203 890 2349 947 tum,
2392 891 2654 952 quantum
2694 882 2822 937 mali
2864 898 2933 937 ex
2973 885 3253 939 occasione
3286 886 3504 942 diabolus
3533 887 3694 943 feceris.

2204 973 2467 1042 Tempora
2494 988 2626 1028 vero
2656 975 2710 1029 in
2740 975 2967 1044 quibus,
3001 976 3045 1031 si
3074 978 3367 1042 vacaverit,
3397 980 3587 1035 meridie
3607 981 3697 1035 dor-

2205 1066 2480 1120 miendum
2512 1066 2668 1123 nobis
2696 1076 2780 1122 est
2798 1108 2813 1132 ,
2842 1084 2873 1122 a
2905 1068 2991 1123 die
3018 1069 3204 1124 Iduum
3235 1070 3477 1126 Maiarum
3501 1088 3635 1143 usque
3657 1074 3697 1128 in

2206 1157 2347 1212 diem
2372 1157 2559 1213 Iduum
2588 1158 2986 1228 Septembrium
3013 1162 3372 1217 observemus.

2588 1248 2615 1321 §
2643 1249 2783 1305 XIV.
2810 1279 2882 1290 —
2920 1250 3056 1305 Item
3086 1250 3222 1324 (cap.
3249 1254 3315 1308 35
3343 1253 3401 1326 ‘).

2278 1339 2600 1411 Magnoperc
2644 1347 2822 1395 autem
2857 1342 2928 1396 ab
2952 1343 3202 1399 omnibus
3231 1347 3502 1401 cavendum
3524 1358 3616 1412 est,
3653 1367 3699 1404 ne

2207 1438 2302 1485 aut
2342 1430 2399 1484 in
2436 1431 2688 1499 pistrino,
2732 1438 2827 1486 aut
2868 1433 2923 1487 in
2956 1448 3272 1504 quacunque
3305 1453 3533 1493 manuum
3558 1457 3698 1510 opera-

2209 1523 2355 1576 tione
2384 1522 2580 1593 aliquis
2608 1521 2837 1578 fratrum
2863 1525 3039 1596 pigre,
3078 1535 3133 1581 et
3161 1543 3262 1583 non
3288 1529 3418 1583 inter
3442 1532 3612 1601 primos
3631 1549 3697 1587 oc-

2208 1621 2417 1667 currat.

2619 1702 2645 1775 ς
2676 1701 2790 1758 XV.
2821 1734 2893 1743 —
2930 1703 3067 1759 Item
3096 1706 3231 1778 (cap.
3258 1709 3365 1780 55).

522 1799 860 1863 monasterii,
884 1799 975 1869 qui
1001 1799 1130 1854 huic
1158 1799 1305 1867 operi
1330 1797 1494 1853 fuerit
1516 1799 1813 1870 delegatus,
1835 1808 2108 1867 occurret,
2138 1782 2186 1841 Β
2283 1792 2315 1834 θ
2339 1793 2472 1849 Nam
2516 1795 2822 1850 adhortatio
2863 1795 3147 1852 laborandi
3193 1814 3309 1869 qua:
3351 1801 3580 1856 hactenus
3612 1818 3700 1856 cum

523 1896 579 1943 et
608 1887 953 1958 respondebit
980 1889 1053 1951 ei,
1084 1904 1255 1958 eoque
1285 1896 1505 1943 utentur
1532 1891 1740 1944 nuntio.
1768 1890 1793 1929 δ
1820 1887 1880 1944 Si
1909 1889 2112 1959 ianitor

522 1990 709 2030 coram
739 1992 845 2031 non
876 1976 1057 2041 fuerit,
1090 1979 1106 2017 ί
1133 1977 1459 2046 Przepositus
1487 1979 1695 2044 domus,
1721 1978 1805 2033 vel
1841 1980 2002 2047 alius,
2024 1983 2111 2037 cui

525 2067 629 2122 hoc
654 2065 812 2122 fuerit
844 2066 1166 2137 iniunctum,
1195 2068 1607 2124 occurrentibus
1638 2071 2003 2139 respondebit.

953 2163 979 2234 §
1016 2162 1105 2216 IX.
1136 2194 1206 2202 —
1241 2162 1374 2216 Item
1409 2160 1546 2234 (cap.
1577 2161 1687 2234 60).

603 2253 951 2326 iOperantes
997 2254 1131 2310 nihil
1183 2255 1474 2324 loquantur
1523 2254 1820 2321 szeculare;
1877 2255 1970 2311 sed
2020 2264 2112 2311 aut

529 2348 555 2387 ιι
598 2347 1005 2403 meditabuntnr
1056 2363 1119 2403 ea
1173 2363 1293 2419 quae
1341 2354 1526 2403 saneta
1578 2356 1742 2413 sunt,
1810 2356 1905 2403 aut
1964 2357 2113 2405 certe

528 2438 782 2495 silebunt.

592 2543 615 2569 '
934 2530 961 2603 §
993 2531 1061 2586 X.
1092 2561 1162 2572 —
1199 2530 1333 2585 Item
1366 2532 1505 2602 (cap.
1536 2529 1605 2585 62
1634 2528 1699 2601 ι).

601 2620 846 2692 Operans
870 2638 979 2678 non
1005 2622 1216 2678 sedebit
1239 2622 1355 2676 sine
1384 2620 1603 2689 majoris
1630 2622 1855 2693 imperio

960 2714 988 2787 ᾗ
1018 2713 1108 2769 X1.
1138 2744 1208 2754 —
1246 2712 1376 2767 Item
1409 2711 1548 2785 (cap.
1576 2712 1687 2783 62).

599 2814 641 2845 ω
665 2802 776 2861 Nec
802 2805 923 2876 plus
947 2806 1127 2876 operis
1156 2805 1351 2860 fratres
1379 2805 1771 2875 compellantur
1800 2805 1999 2872 facere,
2018 2808 2114 2864 sed

529 2899 842 2955 moderatus
883 2897 1039 2955 labor
1077 2913 1267 2953 omnes
1312 2897 1378 2951 ad
1423 2911 1558 2965 opus
1595 2904 1873 2966 provocet.
1923 2895 2114 2968 Sitque

466 2992 475 2999 '
529 2988 676 3044 inter
700 3003 807 3045 eos
832 3002 935 3058 pax
983 2995 1039 3043 et
1080 2987 1366 3043 concordia
1391 3027 1406 3053 ,
1454 2995 1511 3041 et
1551 2987 1782 3044 libenter
1821 2987 2115 3060 majoribus

529 3081 889 3150 subiiciantur
915 3079 1166 3135 sedentes
1183 3119 1199 3144 ,
1239 3086 1296 3135 et
1322 3079 1659 3136 ambulantes
1676 3119 1693 3145 ,
1730 3095 1796 3136 ac
1824 3088 2031 3137 stantes
2058 3083 2112 3137 in

2214 1893 2367 1941 tanto
2405 1893 2835 1956 temperamento
2885 1902 2916 1940 a
2953 1888 3114 1943 nobis
3146 1889 3385 1944 cbaritati
3415 1901 3579 1946 vestae
3608 1894 3701 1947 insi-

2212 1985 2376 2032 nuata
2403 1987 2518 2043 est,
2549 1988 2572 2014 ν
2596 1979 2662 2033 ab
2694 1979 2785 2033 illa
2828 1980 3126 2048 apostolica
3161 1980 3295 2035 beati
3336 1981 3470 2036 Pauli
3509 1985 3701 2038 instantia

2212 2075 2424 2122 tantum
2447 2069 2623 2137 tepida
2645 2076 2731 2124 est
2749 2076 2805 2123 et
2823 2069 3076 2133 remissa,
3100 2081 3352 2139 quantum
3370 2079 3443 2126 est
3465 2072 3700 2126 differentia

2212 2173 2600 2229 personarum;
2637 2174 2762 2215 cum
2790 2158 2880 2215 ille
2910 2175 3009 2215 nos
3036 2157 3228 2228 iubeat
3251 2160 3493 2216 hactenus
3514 2161 3704 2215 manibus

2211 2250 2462 2306 laborare
2479 2292 2494 2316 ,
2537 2258 2597 2305 ut
2625 2252 2926 2306 habeamus
2955 2252 3103 2307 unde
3131 2252 3360 2307 tribuere
3385 2252 3613 2321 possimus
3635 2267 3702 2305 ne-

2211 2344 2524 2399 cessitatem
2559 2343 2889 2413 patientibus
2919 2343 3083 2414 (Eph.
3112 2346 3221 2413 tv):
3261 2359 3353 2397 nos
3388 2344 3608 2400 diximus.
3639 2357 3702 2405 ut,

2211 2435 2297 2489 vel
2323 2435 2463 2504 quod
2489 2434 2645 2489 nobis
2668 2434 2918 2499 subiciat,
2943 2434 3267 2490 laboremus.
3298 2435 3379 2490 Ille
3398 2434 3700 2503 dicitscipsum

2214 2528 2267 2583 in
2297 2526 2439 2581 fame
2467 2534 2523 2581 et
2552 2526 2676 2591 siti,
2718 2527 2774 2580 in
2805 2525 3005 2597 frigore
3037 2535 3095 2581 et
3118 2527 3375 2589 nuditate,
3404 2532 3541 2579 nocte
3563 2532 3608 2578 et
3626 2523 3701 2581 die.

2217 2616 2330 2673 suis
2355 2617 2608 2673 manibus
2633 2616 2930 2681 laborasse,
2959 2625 3021 2671 nt
3051 2618 3176 2682 sibi,
3202 2625 3255 2673 et
3275 2617 3361 2687 qui
3386 2631 3496 2672 cum
3518 2631 3572 2670 eo
3592 2623 3703 2669 erant

2214 2708 2527 2763 necessaria
2565 2723 2671 2764 non
2708 2708 2961 2764 deessent
2986 2707 3075 2777 (ΙΙ
3103 2706 3224 2763 Cor.
3252 2724 3334 2773 xi;
3364 2708 3468 2761 Act.
3494 2704 3593 2773 xx),
3628 2703 3702 2758 Nos

2213 2815 2244 2855 e
2272 2808 2463 2855 contra
2499 2799 2733 2869 duplicia
2771 2799 3037 2855 habentes
3081 2801 3136 2856 in
3173 2800 3365 2855 nostris
3397 2799 3558 2853 usibus
3581 2796 3702 2851 resti-

2216 2896 2421 2954 menta,
2450 2896 2505 2942 et
2532 2887 2913 2953 calciamenta,
2942 2897 3000 2943 et
3025 2889 3318 2960 quotidiani
3341 2891 3498 2944 victus
3518 2888 3572 2941 de
3590 2885 3703 2939 donis

2215 2977 2313 3034 Dei
2341 2978 2410 3034 ad
2438 2979 2776 3035 saturitatem
2805 2980 3181 3050 plenissimum
3215 2988 3529 3053 apparatum,
3564 2979 3702 3034 horu-

2216 3085 2339 3125 mur
2364 3078 2426 3124 ut
2450 3069 2620 3124 otium
2647 3083 2754 3123 non
2780 3069 2975 3124 ametis
2993 3109 3009 3135 ,
3052 3071 3147 3126 sed
3171 3085 3267 3141 per
3292 3071 3536 3126 sincerum
3562 3066 3703 3120 unani-

530 3171 721 3226 ordine
768 3183 905 3234 suo,
960 3178 1017 3224 et
1068 3169 1300 3224 invicem
1349 3169 1417 3223 de
1464 3169 1771 3225 humilitate
1816 3180 2109 3227 certantes.
2142 3153 2187 3215 C
2219 3160 2427 3215 milalis
2460 3175 2789 3217 consensum
2827 3161 3231 3232 "numinisque,
3278 3169 3336 3215 ιιι
3370 3158 3614 3230 ρΐτὲνίιιειν
3648 3156 3704 3209 δίε

530 3274 560 3302 τι
585 3262 641 3318 Si
670 3261 798 3332 quid
826 3267 1110 3333 peccaturo
1140 3259 1306 3315 fuerit
1324 3300 1338 3318 .
1365 3259 1558 3315 Patres
1587 3262 1905 3317 monasterii
1932 3278 2116 3318 emcn-

532 3356 661 3412 dare
684 3362 968 3424 poterunt,
997 3361 1054 3409 et
1079 3353 1408 3417 constituere
1431 3353 1560 3423 quid
1586 3355 1740 3424 sequi
1767 3362 1792 3390 °
1812 3355 2062 3411 debeant.

582 3447 610 3519 §
640 3445 755 3500 XII.
784 3475 857 3486 —
893 3445 972 3500 Ex
1010 3444 1231 3500 Recuu
1267 3459 1456 3499 smcn
1495 3444 1695 3499 Basun
1728 3443 1864 3516 (cap.
1893 3444 1963 3498 5-1
1989 3445 2057 3515 r).

603 3536 869 3608 Interrog.
919 3536 1073 3593 Unde
1102 3551 1231 3606 ergo
1260 3542 1485 3605 vagatur
1511 3551 1663 3591 mens
1689 3544 1902 3598 nostra,
1937 3547 1991 3591 et
2023 3553 2114 3592 ce-

532 3629 1095 3696 gitationes-diversa:
1142 3628 1438 3683 ascendunt
1485 3615 1550 3682 iii
1585 3629 1747 3683 corda
1791 3637 1973 3684 nostra
2003 3670 2018 3694 ,
2061 3640 2117 3684 et

532 3720 802 3790 quomodo
828 3721 932 3776 hoc
957 3735 1246 3791 possumus
1271 3718 1579 3784 emendare,
1606 3728 1711 3773 etc.

680 3811 707 3884 §
741 3811 877 3867 Xlll.
909 3842 980 3852 —
1016 3813 1094 3866 Ex
1133 3812 1353 3868 REGULA
1390 3809 1660 3865 Srernam
1695 3811 1831 3882 (cap.
1864 3812 1971 3884 11).

603 3912 631 3953 (ι
655 3899 889 3958 AZstatis
918 3910 1156 3973 tempore
1192 3902 1325 3957 nulli
1356 3901 1519 3956 liceat
1545 3901 1801 3967 meridie,
1834 3894 2030 3972 praeter
2061 3905 2114 3960 in

604 4070 629 4099 ι
663 4057 780 4112 Dies
806 4057 900 4111 illa
929 4066 1247 4112 transeatur.
1266 4056 1324 4111 In
1351 4056 1471 4110 cod.
1498 4053 1659 4109 Corb.
1691 4062 1747 4110 et
1788 4055 1928 4125 apud
1962 4055 2118 4111 Sina-

533 4128 779 4236 ragdum,
801 4128 911 4180 dies
934 4136 1222 4180 memorata
1245 4126 1589 4195 transigatur.

670 4196 727 4236 Si
757 4198 959 4236 sianum
1002 4196 1183 4236 [intum
1215 4195 1383 4236 fuas-it,
1441 4203 1546 4236 pip-

668 4196 727 4250 Si
755 4198 981 4267 sigrium
1002 4196 1185 4267 datam
1212 4195 1389 4267 fuerit,
1420 4194 1548 4250 etc.
1593 4194 1784 4251 Exstat
1827 4197 1879 4251 in
1912 4196 2117 4267 Regula

534 4281 737 4321 excusa
768 4265 825 4319 S.
858 4265 1157 4328 Pachomii,
1185 4275 1290 4319 art.
1319 4265 1409 4319 35.

606 4348 628 4375 ε
665 4334 987 4406 Prwpositus
1012 4334 1219 4406 domus.
1274 4333 1330 4388 In
1359 4335 1560 4403 Regula
1590 4350 1790 4390 excusa
1828 4336 1980 4390 deest
2021 4352 2118 4391 vo-

534 4404 796 4461 cabulum
833 4404 1040 4460 domus.
1088 4404 1196 4460 Sed
1244 4413 1389 4459 recte
1429 4405 1688 4474 positum,
1722 4416 1776 4460 et
1832 4406 2118 4473 legendum

535 4474 741 4546 Prioris
770 4476 973 4538 domus,
1008 4483 1068 4530 ut
1096 4490 1161 4529 ex
1193 4476 1436 4545 sequenti
1464 4476 1691 4530 articulo
1718 4484 1885 4546 patet.

605 4546 629 4585 ά
662 4544 841 4600 Pater.
875 4546 930 4600 Id
952 4554 1037 4601 est
1055 4546 1242 4599 abbas.

609 4616 791 4696 curvari
815 4614 1207 4696 interrogabant
1236 4631 1338 4696 quo
1366 4616 1581 4696 nudant.
1618 4616 1783 4696 Recta
1824 4615 2111 4696 institutio,

536 4696 595 4740 nt
622 4685 867 4755 discipuli
898 4686 1011 4739 suis
1038 4685 1342 4754 praepositis
1367 4686 1584 4756 dempta
1625 4688 1772 4741 omni
1800 4687 2115 4742 curiositate

533 4758 925 4825 obtemperent.

610 4825 629 4865 τ
662 4824 901 4897 Cumque
920 4824 1173 4897 universae
1195 4825 1398 4880 domus.
1417 4826 1543 4881 Haec
1565 4825 1729 4880 verba
1752 4835 1807 4881 et
1832 4827 2113 4897 sequentia

532 4912 704 4966 usque
744 4894 815 4967 ait
849 4894 1558 4967 illa,nonﬂloquentur,non
1587 4904 1807 4951 exstant
1828 4898 1880 4950 in
1912 4894 2112 4967 Regula

533 4965 732 5022 excusa
763 4965 822 5021 S.
850 4966 1153 5030 Pachomii,
1182 4965 1284 5020 art.
1316 4966 1406 5032 35,
1431 4966 1557 5022 licet
1601 4968 1848 5036 quaedam
1878 4965 2116 5022 sint'im-

535 5046 762 5091 ιιιιιιίιιιι.

609 5109 636 5147 ⁸
662 5106 894 5161 Ianitor.
922 5107 981 5161 In
1016 5106 1221 5177 Regula
1259 5104 1316 5160 S.
1342 5105 1620 5162 Pachomii
1657 5120 1853 5162 excusa
1895 5104 2115 5175 legitur,

533 5180 871 5247 propositus;
894 5177 1051 5231 male.

606 5245 720 5303 “Si
734 5248 939 5317 janitor
959 5263 1138 5301 coram
1162 5263 1263 5301 non
1299 5246 1480 5315 fuerit.
1503 5245 1629 5301 Haec
1651 5261 1823 5315 usque
1850 5245 1918 5300 ad
1953 5245 2113 5300 ﬁnem

536 5317 745 5372 articuli
777 5334 882 5372 non
908 5325 1124 5372 exstant
1153 5317 1207 5370 in
1232 5317 1437 5387 [tegula
1463 5332 1683 5387 excusa.

616 5390 628 5426 ί
663 5387 987 5457 Prmpositus
1012 5386 1217 5440 domas.
1248 5386 1325 5441 De
1367 5401 1473 5457 qua
1502 5394 1585 5442 est
1611 5386 1701 5441 ille
1739 5401 1898 5455 quem
1934 5392 2113 5440 extra-

537 5469 668 5526 neas
684 5457 895 5526 alloqui
926 5457 1092 5524 cupit.

609 5524 620 5571 i
667 5524 1108 5597 Operaatesaihit
1142 5525 1444 5597 loquantur,
1467 5532 1572 5580 etc.
1598 5524 1724 5579 Hine
1747 5525 1926 5597 videre
1945 5533 2028 5578 est
2056 5524 2108 5579 in

540 5589 737 5699 [tegula
765 5593 823 5646 S.
857 5595 1131 5648 Pachumii
1153 5589 1373 5657 eicusa,
1402 5597 1591 5650 eodem
1624 5611 1744 5661 cap.
1770 5595 1860 5650 55.

669 5660 1055 5699 fundilnhnnmr
1102 5664 1154 5699 Ι;Ι
1190 5674 1271 5699 nec
1323 5665 1611 5699 Innnnnhu-
1670 5664 1745 5699 Ila
1788 5679 1860 5699 cm

666 5660 1073 5733 Meditabuntur.
1102 5664 1155 5715 Id
1190 5674 1292 5733 est,
1323 5665 1629 5733 loquentur.
1670 5660 1749 5717 lta
1788 5679 1979 5720 sensus
2014 5679 2109 5733 po-

534 5732 693 5781 stu'al
713 5729 872 5789 ,uuia
899 5730 1177 5792 sequitur:
1203 5732 1306 5784 Aut
1335 5729 1470 5785 ce'rte
1506 5732 1748 5787 silebant.
1860 5747 1881 5755 ’

2218 3251 2445 3307 laboret.
2494 3251 2588 3306 llle
2621 3252 2915 3320 prmeepit:
2950 3250 3057 3317 Qui
3096 3268 3197 3306 non
3229 3251 3445 3314 laborat,
3484 3265 3570 3302 non
3597 3264 3703 3300 mane

2216 3343 2369 3398 ducet
2399 3341 2487 3417 (II
2518 3342 2697 3399 Thess.
2729 3342 2832 3414 ιιι).
2870 3344 2940 3399 Et
2969 3360 3071 3400 nos
3106 3343 3430 3415 fragilitatem
3456 3348 3646 3396 nostram
3665 3337 3702 3391 in

2216 3436 2372 3491 vobis
2400 3443 2693 3505 pensantes
2716 3435 2845 3489 nulli
2871 3444 3138 3501 vestrum,
3167 3435 3254 3505 qui
3282 3435 3516 3488 hactenus
3538 3426 3700 3484 subdola

2216 3536 2267 3581 et
2312 3527 2520 3581 lubrica
2546 3527 2823 3582 voluntate
2856 3526 3108 3583 laborare
3137 3527 3357 3582 feliciter
3380 3522 3633 3583 distulistis,
3656 3519 3701 3573 de

2218 3617 2545 3673 necessariis
2584 3618 2746 3672 rebus
2784 3633 2812 3671 a
2847 3617 3089 3672 fidelium
3130 3616 3346 3671 fratrum
3370 3613 3571 3670 1rordine
3593 3608 3702 3678 quil-

2217 3724 2381 3778 quam
2408 3709 2796 3774 subtraximus,
2821 3710 3098 3779 patienter
3118 3712 3368 3767 hactenus
3393 3708 3646 3763 tolerantes,
3662 3706 3700 3752 ul

2218 3814 2324 3852 non
2354 3799 2704 3854 vinceremur
2731 3816 2762 3854 a
2789 3799 2953 3865 malo,
2991 3802 3090 3857 sed
3130 3810 3187 3856 ut
3213 3802 3521 3856 vineeremns
3557 3793 3700 3849 malum

2219 3887 2272 3941 in
2304 3888 2463 3943 bono.
2896 3884 2901 3889 ’

2294 4038 2310 4078 ι
2339 4039 2538 4095 Eodem
2564 4042 2813 4096 articulo.

2289 4122 2327 4150 ω
2356 4111 2466 4165 Nec
2520 4111 2637 4181 plus
2691 4114 2858 4183 operis
2928 4112 3120 4182 fratres
3180 4109 3521 4183 compellantur
3560 4107 3699 4183 [acere

2217 4179 2386 4252 Supp.
2409 4174 2564 4254 quain
2589 4174 2732 4254 vires
2748 4174 2938 4237 eorum.
2953 4183 3090 4252 ferre
3114 4174 3323 4254 possint.
3352 4179 3453 4233 Hoc
3479 4174 3700 4254 capitulum

2218 4241 2393 4323 exstat
2413 4241 2469 4305 in
2496 4252 2676 4322 regula
2700 4268 2921 4316 excusa,
2944 4241 3138 4323 partim
3161 4264 3259 4308 art.
3282 4254 3389 4323 100,
3411 4241 3697 4323 partium}?!-

2290 4331 2319 4358 ιι
2345 4320 2403 4398 Si
2440 4314 2585 4398 quia“
2599 4331 2868 4398 peccatnm
2893 4314 3072 4392 fuerit.
3119 4325 3220 4398 [lie
3241 4314 3425 4398 incipit
3454 4327 3543 4398 art.
3569 4314 3642 4398 101
3665 4314 3700 4398 io

2220 4391 2425 4460 Regula
2438 4389 2505 4464 _S.
2528 4389 2807 4464 Pachomii
2830 4389 3029 4448 excusa
3057 4412 3070 4447 :
3096 4395 3182 4448 ubi
3208 4389 3388 4464 legitur
3413 4406 3426 4444 :
3446 4389 3499 4444 Si
3515 4389 3607 4458 quis
3623 4397 3705 4453 ρετ·

2220 4473 2395 4515 catum
2421 4462 2619 4532 fecerit.

2141 4504 2193 4564 Ῑ)
2217 4504 2672 4605 Ῐ“ὀ”ὃέἱ›ὶῖἶιὲἱζίη
2697 4534 2885 4605 eadem
2909 4534 3111 4605 Regula
3133 4548 3319 4590 excusa
3340 4527 3532 4601 legitur,
3548 4524 3695 4585 debeat.

2209 4601 2361 4672 iuxta
2386 4604 2718 4673 superiorem
2749 4601 3055 4659 lectionem.

2289 4684 2315 4722 ιτ
2343 4672 2474 4745 Vide
2508 4690 2671 4744 supra
2692 4689 2809 4744 cap.
2834 4674 2926 4738 23,
2954 4674 2981 4745 §
3004 4674 3056 4729 4.

2287 4754 2314 4793 tt
2342 4730 2589 4814 {Estatis'
2621 4730 2866 4814 tempore,
2911 4730 3015 4799 hic.
3046 4745 3166 4800 Haec
3197 4743 3443 4798 habentur
3469 4739 3513 4791 in
3550 4730 3696 4804 Regula

2218 4830 2321 4869 ms.
2341 4812 2491 4887 Pauli
2524 4812 2891 4887 et‘Stephani,
2912 4831 3029 4887 cap.
3056 4817 3144 4870 Ξι).

2298 4895 2317 4922 τ
2345 4884 2427 4937 Ad
2457 4884 2657 4939 nubila.
2687 4885 2741 4939 ld
2763 4894 2867 4948 est,
2898 4884 2998 4940 sub
3026 4887 3134 4946 dio,
3158 4884 3254 4940 sub
3280 4897 3391 4935 axe.

2295 4967 2317 4993 ³
2344 4956 2513 5027 Area'.
2533 4956 2674 5027 Area
2695 4964 2778 5011 est
2799 4944 2949 5010 locus
2974 4944 3218 5027 agricola:
3240 4963 3347 5027 arte
3368 4951 3520 5027 factus
3536 4944 3590 5027 ad
3608 4955 3694 5027 ριρτ

2224 5025 2502 5097 terendum
2528 5026 2789 5097 triticum.
2814 5026 2947 5081 Vide
2961 5015 3235 5097 Virgilium
3260 5022 3516 5097 l_ib._primo
3531 5015 3694 5097 georg

2221 5094 2572 5195 Columflla‘m
2596 5095 2690 5151 lib.
2729 5112 2792 5161 ιι,
2829 5111 2947 5165 cap.
2973 5085 3142 5161 20,Vet
3178 5094 3233 5149 S.
3264 5085 3499 5195 Isidor?!
3530 5085 3602 5139 lib.
3634 5091 3693 5134 ιι.

2222 5181 2339 5234 cap.
2367 5165 2453 5230 15,
2481 5163 2629 5236 Orig.
2894 5163 2910 5165 “
3434 5163 3483 5195 ’

2296 5237 2311 5270 ‘
2340 5235 2473 5305 Cap.
2504 5236 2575 5291 35
2600 5236 2841 5305 eiusdem
2867 5235 3083 5305 Regula:
3103 5234 3221 5289 cod.
3251 5233 3386 5305 Flor.
3522 5294 3533 5305 .

2286 5318 2315 5346 ιι
2344 5290 2501 5389 {vina
2531 5290 2830 5389 «aliquant»
2853 5290 3150 5389 φαιόςαξεειε,
3190 5313 3291 5359 etc.
3317 5304 3485 5389 Εεειειι
3521 5294 3564 5348 in
3597 5290 3690 5352 Bes-

2216 5393 2318 5432 ms.
2354 5370 2503 5429 Pauli
2525 5383 2581 5430 et
2608 5375 2867 5447 Stephani
2905 5376 3025 5431 cod.
3058 5376 3352 5444 Flor.,cap.
3373 5370 3452 5426 51.

2288 5457 2311 5485 ν
2340 5447 2416 5500 Ab
2442 5445 2535 5499 illa
2580 5448 2867 5517 apostolica
2922 5446 3057 5501 beati
3087 5443 3237 5517 Pauli
3266 5440 3505 5517 instantia.
3544 5431 3691 5517 itif}:

2213 5534 2324 5587 pne
2352 5518 2439 5570 illa
2463 5506 2623 5571 Pauli
2657 5517 2937 5581 instantia,
2960 5531 3057 5573 seu
3083 5513 3368 5587 vehementi
3393 5506 3691 5564 adhortatione

2214 5586 2319 5658 qua
2342 5602 2438 5659 nos
2460 5588 2711 5659 hortatur
2732 5596 2787 5642 et
2816 5597 2973 5659 urget
2996 5588 3061 5642 ad
3084 5586 3310 5640 laborem
3334 5588 3579 5659 manuum:

2288 5632 2319 5699 ί
2339 5632 2414 5711 itii
2438 5632 2807 5713 o-rditie.w0rdo
2819 5632 3082 5712 "1.851060
3110 5665 3193 5709 est
3227 5653 3360 5723 quod
3382 5640 3607 5705 ordinario
3622 5632 3688 5687 da-

2217 5736 2303 5783 tur
2327 5743 2420 5782 seu
2446 5728 2511 5781 ad
2535 5727 2755 5787 victum,
2780 5741 2873 5783 seu
2898 5729 2962 5783 ad
3001 5725 3265 5782 vestitum.
