3948 6182
178 376 288 432 “85

389 488 418 560 ᾗ
454 486 593 542 XVI.
621 513 692 525 —
729 483 864 539 Item
898 481 1128 554 ejusdem
1168 488 1303 552 (cap.
1334 480 1444 550 58).

231 598 252 625 α
276 583 375 637 iloc
401 581 635 637 scientes
660 577 876 641 fratres,
904 578 933 617 ι»
955 577 1081 647 quia
1106 577 1315 630 otiosus
1340 588 1569 643 corpore
1597 587 1713 625 mo-

172 676 347 750 pachus
381 680 561 727 mente
610 686 643 725 a
691 669 926 725 sordidis
970 667 1389 739 cogitationibus
1435 677 1712 733 nunquam

175 763 337 833 poterit
365 776 482 817 esse
509 759 736 825 otiosus,
765 769 788 798 ο
814 759 1027 813 dicente
1055 757 1381 812 Salomone:
1414 754 1481 809 In
1509 752 1715 807 deside-

170 855 249 908 rtis
272 861 337 907 est
365 852 529 905 omnis
559 849 789 912 otiosus;
835 857 892 904 et
929 848 1126 902 iterum
1153 865 1168 902 :
1194 846 1221 887 (ι
1245 845 1418 900 Multa
1444 842 1587 899 mala
1615 858 1712 897 ea:-

170 943 336 1012 cogitat
372 941 609 996 otiositas
639 957 656 995 :
681 940 894 1011 abiecto
937 954 1069 1010 ergo
1114 954 1145 993 a
1189 952 1248 994 se
1296 937 1388 1007 qui
1432 936 1714 1004 hucusque

170 1033 277 1088 talis
297 1033 388 1086 fuit
405 1032 507 1087 hoc
527 1032 679 1097 vitio,
701 1039 983 1102 promptus
1002 1029 1069 1085 ad
1090 1044 1252 1085 omne
1279 1043 1415 1098 opus
1437 1034 1710 1091 occurrat,

167 1123 277 1193 quia
308 1124 558 1193 scriptum
597 1132 683 1177 est
724 1141 737 1176 :
789 1121 913 1175 Non
958 1122 1133 1176 oderis
1171 1138 1326 1191 opera
1363 1118 1628 1173 laboriosa
1664 1125 1713 1171 et

169 1216 531 1269 rusticationem
580 1216 644 1269 ab
690 1213 961 1267 Altissimo
1008 1223 1235 1267 creatam
1271 1213 1461 1283 (Eccli.
1485 1210 1605 1281 vn).
1640 1209 1713 1265 Ut

165 1307 372 1360 donante
399 1306 625 1361 Domino
650 1306 717 1359 de
743 1305 978 1375 prepriis
1005 1304 1281 1359 laboribus
1310 1312 1365 1358 et
1392 1304 1554 1358 rebus
1579 1317 1714 1372 quo-

164 1397 359 1451 tidianis
382 1404 433 1449 et
453 1396 775 1450 necessariis
803 1395 1171 1458 abundemus;
1207 1403 1263 1449 et
1288 1394 1375 1448 his
1398 1409 1533 1463 quos
1560 1407 1715 1447 amor

162 1484 396 1554 spiritalis
420 1484 486 1538 ad
514 1484 816 1540 visitandos
841 1500 942 1540 nos
971 1484 1194 1549 invitat,
1222 1484 1491 1554 possimus
1518 1498 1714 1538 conve-

160 1576 310 1631 nienti
335 1577 702 1631 mediocritate
729 1592 1036 1643 occurrere,
1065 1587 1160 1631 aut
1186 1592 1324 1646 quos
1351 1576 1530 1646 gravis
1556 1585 1713 1646 urget

161 1667 429 1723 necessitas
454 1669 637 1723 debito
664 1668 966 1724 ministerio
990 1670 1268 1725 valeamus
1297 1671 1363 1725 de
1388 1669 1607 1740 proprio
1634 1669 1712 1723 la-

159 1761 276 1816 bore
299 1762 496 1816 servire
521 1778 534 1815 :
566 1764 690 1831 quia
714 1762 998 1817 Dominum
1020 1763 1438 1832 Redemptorem
1464 1770 1708 1816 nostrum

1085 366 1479 425 CONCORDIA
1516 361 1974 421 REGULARUM.
2011 392 2081 403 —
2121 359 2272 416 CAP.
2313 358 2417 414 LV.

1736 479 1786 539 Α
1813 475 1927 529 rius
1956 472 2069 528 fuit.
2110 471 2387 541 Siquidem
2425 478 2480 524 et
2508 467 2703 523 Petrus
2735 469 2985 539 princeps
3027 469 3391 538 apostolorum

3254 353 3388 408 1186

1814 563 2101 635 piscatoris
2128 561 2296 633 gessit
2327 558 2565 616 ofﬁcium
2593 599 2609 625 ,
2640 567 2696 614 et
2729 574 2917 614 omnes
2942 560 3172 629 apostoli
3201 575 3395 632 corpo-

1818 656 1932 711 rale
1957 670 2095 725 opus
2121 652 2413 716 faciebant,
2462 649 2604 705 unde
2645 652 2815 705 vitam
2843 652 3086 720 corporis
3116 661 3392 708 sustenta-

1815 750 1965 804 bant.
1998 735 2059 800 Si
2087 746 2249 815 igitur
2272 751 2432 797 tantae
2458 742 2798 796 auctoritatis
2842 742 3090 797 homines
3117 742 3393 798 laboribus

1812 845 1868 892 et
1891 836 2170 905 operibus,
2200 834 2366 887 etiam
2411 831 2703 887 rusticanis
2753 828 3135 895 inservieruut,
3186 844 3392 902 quanto

1815 926 1990 996 magis
2018 923 2291 989 monachi,
2321 921 2518 991 quibus
2550 928 2765 991 oportet
2790 936 2897 975 non
2925 921 3096 976 solum
3127 922 3254 976 vita:
3282 935 3396 976 sua:

1812 1016 2120 1072 necessaria
2174 1013 2410 1085 propriis
2453 1013 2705 1067 manibus
2748 1013 3005 1068 exhibere
3036 1053 3052 1074 .
3090 1014 3185 1069 sed
3229 1015 3394 1069 etiam

1812 1106 2164 1178 indigentiam
2194 1103 2426 1158 aliorum
2452 1102 2730 1157 laboribus
2759 1103 2872 1157 suis
2895 1101 3139 1157 reficere.
3184 1102 3286 1170 Qui
3315 1104 3398 1158 vi-

1813 1198 1964 1253 ribus
1988 1196 2233 1268 corporis
2261 1204 2317 1251 et
2342 1195 2651 1266 integritate
2674 1194 2865 1250 salutis
2889 1196 3229 1262 consistunt,
3267 1196 3315 1251 si
3339 1197 3396 1250 in

1811 1302 1978 1357 Opere
2007 1287 2197 1341 ostiosi
2229 1293 2358 1340 sunt
2386 1325 2402 1349 ,
2434 1285 2724 1354 dupliciter
2770 1300 3002 1354 peccare
3050 1294 3353 1341 noscuntur
3379 1305 3392 1341 :

1812 1379 1938 1448 quia
1969 1394 2076 1433 non
2105 1377 2279 1433 solum
2310 1391 2418 1431 non
2468 1376 2742 1441 laborant,
2790 1377 2887 1431 sed
2932 1378 3097 1431 etiam
3152 1377 3287 1433 alios
3319 1379 3399 1433 vi-

1815 1471 1967 1533 tiant,
2003 1479 2058 1525 et
2105 1470 2172 1524 ad
2218 1468 2577 1523 imitationem
2625 1482 2777 1522 suam
2808 1468 3060 1523 invitant.
3102 1468 3395 1540 Propterea

1810 1559 1954 1614 enim
1980 1558 2250 1629 quisquei
2295 1558 2364 1613 ad
2399 1558 2571 1614 Deum
2612 1559 2966 1624 convertitur,
2998 1567 3059 1614 ut
3101 1561 3153 1615 ei
3208 1563 3397 1617 deser-

1811 1649 1965 1703 viens
1987 1648 2192 1703 laboris
2212 1648 2412 1703 habeat
2429 1664 2639 1714 curam,
2666 1664 2773 1703 non
2802 1658 2861 1703 ut
2882 1650 2996 1704 otio
3017 1652 3231 1707 deditus
3252 1653 3399 1708 iner-

1812 1739 1887 1794 tia
1898 1740 2228 1811 pigritiaque
2241 1749 2517 1809 pascatur.
2532 1738 2634 1807 Qui
2656 1741 2735 1794 sic
2746 1740 2932 1796 volunt
2945 1756 3140 1797 vacare
3152 1742 3394 1810 lectioni,

156 1854 338 1907 beatius
373 1868 480 1906 esse
516 1852 645 1906 dare
676 1869 835 1923 quam
865 1854 1098 1924 accipere
1127 1852 1264 1924 (Act.
1294 1852 1350 1923 κ)
1383 1861 1593 1907 certum
1625 1860 1710 1906 est
1740 1834 1783 1893 Β
1811 1842 1870 1885 ιη
1892 1846 2004 1924 PO"
2026 1840 2339 1924 ορςτρῃων.
2375 1832 2489 1924 ipsi,
2505 1832 2724 1924 lectioni
2757 1842 3109 1924 contumaces
3132 1836 3397 1903 existunt,

159 1956 181 1983 ο
203 1946 523 2014 praecepisse.

218 2038 244 2109 §
276 2037 426 2092 XVII.
458 2068 528 2079 —-
566 2039 641 2093 Ex
680 2038 899 2094 Recens
936 2054 1123 2094 SANC‘I'I
1162 2037 1358 2093 Ismeni
1391 2037 1531 2108 (cap.
1562 2037 1637 2109 7).

225 2131 553 2187 ‘ilouachus
598 2147 813 2201 semper
847 2139 1103 2200 operetur
1147 2129 1396 2183 manibus
1440 2127 1588 2192 suis;
1638 2127 1710 2180 ita

151 2234 208 2279 ut
242 2225 559 2294 quibuslibet
587 2224 751 2279 variis
786 2222 1038 2293 opiﬁcum
1081 2221 1291 2276 artibus
1332 2219 1713 2289 laboribusque

148 2316 378 2369 studium
426 2330 582 2370 suum
618 2314 924 2384 impendat,
972 2327 1203 2380 sequens
1232 2310 1538 2379 loquentem
1567 2307 1711 2376 Apo-

145 2406 336 2460 stolum
356 2445 372 2469 ,
411 2404 502 2472 qui
545 2404 714 2458 dicit:
750 2402 932 2472 Neque
961 2418 1147 2472 panem
1177 2400 1341 2469 gratis
1371 2398 1713 2452 manducavi-

144 2508 299 2550 mus:
329 2496 415 2548 sed
441 2496 495 2548 in
524 2488 722 2557 labore,
766 2503 813 2547 ct
856 2492 1163 2562 fatigatione
1191 2499 1341 2544 nocte
1374 2499 1422 2543 et
1453 2489 1537 2541 die
1570 2487 1715 2541 labo-

142 2595 314 2638 rantes
343 2584 424 2654 (11
459 2583 638 2638 Thess.
669 2582 776 2654 tu).
828 2583 895 2636 Et
924 2583 1120 2636 iterum
1148 2599 1161 2634 :
1196 2579 1300 2645 Qui
1328 2596 1431 2633 non
1458 2577 1566 2633 vult
1592 2595 1713 2649 ope-

141 2675 275 2737 rari,
298 2691 397 2728 non
426 2675 704 2729 manducet
726 2672 938 2744 (Ibid.).
971 2671 1079 2727 Per
1102 2671 1273 2727 otium
1300 2670 1445 2724 enim
1476 2668 1714 2723 libidinis

139 2779 195 2822 et
227 2768 507 2821 noxiarum
532 2766 924 2838 cogitationum
956 2763 1288 2819 nutrimenta
1318 2771 1711 2828 concrescunt;

138 2876 238 2931 per
265 2858 464 2913 laboris
489 2872 622 2912 vero
659 2856 978 2911 exercitium
1009 2855 1143 2909 vitia
1185 2853 1543 2908 nihilominus
1599 2851 1713 2907 ela—

136 2952 355 3004 buntur.
395 2947 745 3017 Nequaquam
772 2947 929 3001 debet
954 2945 1232 3016 dedignari
1274 2944 1573 2999 monachus
1596 2958 1717 2998 ver-

136 3040 247 3095 sari
295 3040 347 3094 in
388 3054 550 3109 opere
597 3037 778 3108 aliquo
819 3036 1132 3091 monasterii
1175 3035 1359 3091 usibus
1386 3034 1712 3090 necessario.

136 3134 165 3172 ε
196 3129 326 3184 Nam
352 3138 407 3185 et
428 3129 752 3199 patriai-clue
791 3144 980 3198 greges
1023 3137 1328 3197 paverunt;
1356 3127 1385 3167 ιι
1411 3125 1712 3198 philosophi

1812 1922 1938 1992 quia
1970 1937 2079 1977 non
2108 1922 2315 1977 faciunt
2349 1923 2493 1991 quod
2522 1923 2595 1976 ibi
2620 1922 2826 1992 legunt.
2856 1923 2935 1978 Ibi
2959 1926 3105 1979 enim
3133 1928 3397 1997 scriptum

1811 2022 1896 2070 est
1920 2031 1933 2067 :
1960 2012 2251 2084 Operantcs
2280 2029 2433 2066 suum
2456 2028 2645 2083 panem
2671 2014 3007 2068 manducent.
3044 2016 3113 2071 Et
3156 2017 3393 2075 iterum:

1811 2103 1924 2176 Ipsi
1944 2105 2083 2159 enim
2099 2105 2265 2169 scitis,
2286 2103 2546 2175 quomodo
2595 2113 2829 2174 oporteat
2862 2105 3062 2160 imitari
3098 2124 3191 2162 nos
3228 2121 3246 2159 :
3275 2110 3401 2179 quia

1813 2212 1917 2250 non
1962 2195 2181 2265 inquieti
2238 2195 2438 2264 fuimus
2483 2193 2625 2263 apud
2675 2210 2763 2248 vos
2791 2235 2806 2260 ,
2857 2211 3019 2267 neque
3063 2214 3250 2267 panem
3278 2216 3396 2270 gra-

1812 2286 1880 2341 tis
1909 2287 1974 2339 ab
2009 2285 2187 2352 aliquo
2223 2286 2659 2341 manducaoimus
2682 2326 2697 2352 ,
2777 2285 2869 2340 sed
2912 2288 2969 2341 in
3004 2287 3182 2343 labore
3225 2301 3273 2344 et
3310 2292 3399 2361 fa—

1812 2378 2062 2447 tigatione
2105 2378 2189 2431 die
2234 2386 2284 2430 et
2320 2386 2468 2431 nocte
2502 2386 2773 2446 operantes
2802 2418 2816 2441 ,
2874 2394 2938 2432 ne
2976 2396 3129 2450 quem
3174 2393 3397 2438 oestrum

1812 2482 2150 2537 gravaremus
2181 2464 2267 2538 (ΙΙ
2297 2464 2477 2519 Thess.
2507 2463 2610 2535 tu).
2639 2464 2741 2531 Qui
2760 2480 2859 2535 per
2880 2466 3249 2523 inﬁrmitatem
3280 2486 3402 2524 cor-

1815 2557 1961 2627 poris
1990 2557 2204 2627 operari
2237 2573 2344 2613 non
2375 2566 2621 2629 possunt,
2655 2559 2944 2615 humanius
2972 2561 3400 2635 clementiusque

1815 2649 2080 2703 tractandi
2111 2658 2273 2715 sunt;
2309 2650 2336 2690 ιι
2366 2665 2466 2705 nec
2493 2657 2684 2705 contra
2718 2665 2813 2707 eos
2841 2654 3289 2709 murmurandum
3318 2664 3404 2711 est

1816 2740 1885 2794 ah
1910 2739 1993 2795 eis
2019 2740 2110 2810 qui
2139 2741 2287 2795 vires
2313 2740 2591 2796 Iahorandi
2616 2742 2839 2808 habent,
2875 2743 2969 2798 sed
2997 2744 3169 2815 magis
3198 2759 3397 2801 consu-

1816 2831 2035 2886 lendum
2059 2837 2143 2885 est
2164 2830 2246 2886 eis
2271 2845 2409 2901 quos
2435 2831 2614 2886 sciunt
2636 2846 2864 2903 corpore
2890 2833 3152 2891 inﬁrmos.
3175 2835 3281 2908 Ipsi
3305 2853 3402 2893 au-

1816 2929 1926 2977 tem
1960 2922 2054 2993 qui
2091 2937 2198 2976 non
2233 2930 2496 2995 possunt,
2540 2938 2633 2978 eos
2676 2923 2769 2993 qui
2812 2923 3063 2979 laborant
3091 2935 3146 2981 et
3174 2936 3405 2998 possunt

1818 3017 2072 3073 meliores
2106 3016 2209 3072 sibi
2250 3016 2627 3087 felicioresque
2664 3016 2956 3073 fateantur.
2989 3019 3091 3088 Qui
3120 3036 3252 3078 vero
3290 3023 3407 3079 lau-

1819 3109 2011 3180 guidus
2033 3118 2136 3173 est,
2154 3116 2211 3163 et
2231 3107 2474 3165 laborem
2497 3124 2721 3179 cperam
2752 3111 3113 3181 corporalium
3138 3115 3407 3171 sustinere

129 3222 367 3291 gentiles
391 3194 606 3275 sutores
635 3228 691 3274 et
717 3194 954 3274 sartores
982 3194 1229 3284 fuerunt;
1273 3194 1470 3287 Joseph
1489 3194 1667 3287 justus
1696 3260 1712 3285 ,

1821 3212 1925 3253 non
1962 3206 2156 3268 potest,
2195 3197 2585 3253 consulendum
2615 3206 2700 3253 est
2729 3198 2828 3263 illi,
2865 3209 2922 3255 et
2964 3201 3085 3271 ejus
3113 3202 3401 3262 inﬁrmitas

127 3314 217 3366 cui
256 3314 417 3383 Virgo
452 3313 614 3366 Maria
662 3311 986 3381 desponsata
1032 3310 1262 3374 exstitit,
1301 3312 1315 3351 ί
1356 3311 1507 3365 faber
1552 3310 1718 3364 ferra-

203 3482 228 3508 ε
266 3466 384 3521 Hoc
406 3468 627 3521 scientes
648 3466 859 3534 fratres,
882 3476 987 3520 etc.
1011 3465 1141 3521 Ilaec
1158 3464 1430 3520 habentur
1452 3466 1504 3519 in
1526 3466 1716 3519 eadem

124 3538 266 3607 Reg.
285 3554 403 3607 Arus.
429 3537 550 3607 cod.
578 3536 745 3600 Flor.,
777 3551 895 3603 cap.
925 3535 1013 3589 55.

202 3602 241 3645 ὶῖ
266 3604 406 3677 Quia
432 3606 651 3677 otiosus
663 3602 878 3677 corpore
904 3605 1209 3677 monac/ms,
1231 3611 1333 3677 etc.
1363 3605 1422 3659 Ι).
1453 3602 1718 3677 Ilierony-

119 3691 252 3731 mus
277 3676 333 3729 in
356 3676 516 3745 epist.
534 3677 601 3729 ad
622 3674 901 3729 Rusticum
920 3676 983 3728 de
1001 3674 1210 3727 vivendi
1239 3675 1484 3745 format}
1510 3674 1719 3745 Texan-

117 3755 216 3799 tur
243 3755 304 3798 et
329 3743 441 3798 lina
464 3745 740 3815 capiendis
766 3745 1033 3815 piscibus;
1066 3744 1376 3815 scribantur
1418 3743 1556 3806 libri,
1584 3753 1641 3797 ut
1666 3751 1720 3797 et

119 3830 330 3883 inaniis
356 3813 614 3884 operetur
634 3815 833 3878 cibum,
858 3822 913 3868 et
932 3814 1147 3884 animus
1168 3813 1397 3884 lectione
1423 3821 1715 3868 saturetur.

115 3885 191 3938 In
215 3882 501 3938 desideriis
522 3894 595 3937 est
617 3884 784 3938 omnis
810 3884 1024 3937 otiosus.
1046 3882 1424 3954 Egypliorum
1452 3892 1720 3954 monaste-

114 3956 201 4007 ria
230 3954 385 4007 hunc.
424 3970 630 4008 morem
661 3961 863 4017 tenent,
889 3962 949 4007 ut
986 3953 1190 4006 nullum
1218 3953 1422 4021 absque
1446 3954 1626 4021 operis
1647 3953 1720 4005 la-

111 4026 258 4078 tore
293 4024 621 4093 suscipiant,
651 4039 756 4078 non
787 4032 894 4077 tam
945 4032 1163 4093 propter
1201 4023 1379 4077 victus
1426 4025 1720 4093 necessita-

110 4104 257 4174 tem,
289 4090 465 4175 quani
486 4094 925 4175 propteranimte
945 4090 1177 4175 salutem
1193 4110 1223 4175 ἐ
1250 4109 1317 4175 ne
1336 4100 1566 4175 vagetur
1594 4090 1718 4175 per-

106 4162 359 4234 niciosis
403 4162 820 4234 cogitationibus
868 4179 1041 4227 meus,
1088 4170 1143 4217 et
1191 4162 1363 4218 instar
1399 4162 1720 4218 fornicantis

106 4232 648 4288 Hierusalem‘omni
671 4235 973 4287 transeunti
999 4234 1259 4288 divaricet
1282 4234 1445 4303 pedes
1480 4248 1623 4288 suos.
1656 4254 1675 4285 ι

190 4314 214 4341 ο
246 4303 476 4358 Dicente
504 4302 814 4359 Salomone:
832 4303 898 4357 In
922 4304 1195 4357 desideriis
1214 4302 1291 4357 est
1309 4305 1476 4358 omnis
1496 4305 1714 4357 otiosus.

100 4372 270 4428 Loco
296 4374 473 4427 citato
496 4375 636 4445 hanc
672 4376 992 4429 sententiam
1040 4373 1244 4443 profert
1278 4374 1333 4429 S.
1362 4375 1717 4445 Hieronymus

98 4445 379 4499 auctoris
397 4444 611 4498 nomine
625 4458 935 4513 suppresso,
956 4459 1117 4513 quam
1135 4460 1305 4513 neque
1324 4445 1377 4498 in
1406 4445 1711 4513 Salomone,

96 4528 306 4581 neque
336 4514 397 4566 in
440 4522 546 4567 tota
577 4512 854 4583 Scriptura
886 4512 1190 4583 repereris:
1220 4512 1310 4567 est
1338 4523 1514 4566 tamen
1554 4512 1710 4566 Prov.

96 4599 232 4643 xm,
268 4583 377 4645 25,
401 4584 527 4650 quid
550 4583 725 4637 simile
754 4602 765 4635 :
796 4583 1065 4636 Desideria
1094 4584 1333 4635 occidunt
1360 4585 1587 4651 pigrum.
1607 4592 1713 4636 etc.

179 4652 209 4691 ιι
256 4651 448 4705 Multa
493 4652 633 4705 mala
686 4654 943 4721 excogitat
987 4652 1241 4706 otiositas.
1286 4653 1617 4705 Ecclesiasti.
1667 4667 1715 4705 c.

88 4739 248 4787 xxx,
282 4722 384 4775 ubi
418 4722 470 4775 in
498 4723 766 4775 centmuui
792 4723 1042 4776 versione
1082 4722 1160 4774 sic
1188 4723 1416 4775 habetur
1447 4738 1460 4772 :
1493 4721 1723 4774 Muttum

87 4795 256 4846 enim
284 4790 562 4844 malitiam
606 4791 786 4845 docuit
812 4792 1068 4845 otiositas.
1100 4789 1196 4843 Cui
1224 4792 1512 4859 respondet
1541 4799 1721 4845 textus

84 4862 378 4917 Graecus.

176 4944 204 4967 ε’
237 4929 603 4999 Prrecepissc.
632 4930 687 4984 Id
720 4938 823 4995 est,
846 4930 1249 4999 praemonuisse.

177 5002 200 5038 τ
244 4999 565 5070 Monachus
595 5016 796 5070 semper
819 5013 1078 5066 operetur,
1097 5010 1202 5056 etc.
1227 5000 1416 5055 Exstat
1442 5001 1495 5055 in
1512 4999 1716 5070 Regula

79 5084 327 5139 excusa
364 5068 428 5122 S.
457 5067 671 5132 Isidori,
703 5067 823 5139 cap.
854 5070 908 5123 5.

172 5144 202 5179 ὃ
246 5137 419 5211 Nam
462 5149 510 5211 et
549 5137 885 5211 patriarcha,
921 5149 1023 5195 etc.
1058 5140 1207 5195 Hanc
1244 5147 1411 5194 totam
1440 5140 1718 5211 periodum

77 5209 407 5281 usquead
443 5209 531 5264 illa
552 5209 756 5281 verba:
792 5209 895 5274 Qui
934 5212 1129 5264 uiribus
1160 5214 1413 5281 corporis,
1436 5209 1547 5281 etc.
1592 5209 1719 5265 Pro-

77 5282 208 5334 fert
273 5278 507 5349 Haymo
554 5279 1007 5335 Halberstatensis
1055 5281 1146 5335 lib.
1196 5278 1347 5336 tt'de
1406 5280 1715 5344 Varietate,

71 5350 329 5472 “12.1%
338 5418 587 5489 gentiles
613 5418 922 5489 puilosoplti.
951 5419 1136 5486 Qualis
1159 5420 1257 5473 fuit
1285 5416 1509 5489 Hippias
1539 5419 1719 5489 sophi-

67 5501 197 5551 sta,
235 5488 354 5557 qui
390 5488 572 5561 Pisam
606 5488 825 5561 veniens
853 5500 1125 5543 certamen
1154 5488 1487 5561 Olympicum
1510 5488 1719 5559 speeta-

69 5571 287 5620 turns,
322 5558 526 5613 omnia
551 5574 646 5613 sua
668 5560 987 5613 vestimenta
1008 5561 1199 5620 quibus
1220 5558 1334 5613 tum
1362 5558 1579 5613 indutus
1600 5566 1720 5613 erat

60 5630 192 5700 sibi
232 5638 582 5700 consuerat,
605 5637 664 5700 ut
689 5630 877 5700 scribit
902 5628 1155 5700 Apuleius
1179 5630 1271 5683 lib.
1296 5645 1335 5682 ιι
1356 5628 1715 5700 Eloridorum.

61 5698 305 5752 Simon
334 5696 701 5768 Atheniensis
723 5696 1069 5768 philosophus
1090 5701 1351 5754 coriarius
1372 5698 1506 5763 fuit;
1542 5698 1721 5754 Mene-

58 5770 308 5823 demus
364 5767 702 5822 Bretriensis
750 5769 1089 5828 tabernacula
1136 5768 1403 5836 faciebat,
1453 5778 1510 5824 ut
1566 5772 1720 5825 docet

1743 4551 1794 4609 D

1820 3285 2167 3353 temperanda
2189 3292 2292 3340 est.
2322 3285 2424 3351 Qui
2446 3300 2575 3340 vero
2598 3286 2717 3342 sani
2744 3295 2890 3354 sunt,
2911 3296 2966 3343 et
2988 3288 3201 3358 fallunt,
3216 3293 3406 3362 procul

1820 3460 2083 3528 Diogenes
2120 3457 2369 3513 Laertius
2398 3458 2489 3512 lib.
2534 3473 2608 3522 tt,
2652 3467 2707 3513 et
2748 3459 3049 3532 Hesychius
3093 3464 3319 3525 Iliustris
3347 3472 3402 3526 in

1820 3530 2150 3585 Menedemo.

1872 3544 2150 3583 euenemo.

1897 3601 1912 3639 i
1950 3596 2129 3667 Faber
2168 3596 2442 3666 ferrarius.
2487 3597 2925 3655 Controvertitur
2968 3603 3114 3659 inter
3156 3608 3407 3667 doctores

1819 3671 1889 3741 de
1928 3676 2045 3741 arte
2066 3666 2143 3741 _S.
2170 3667 2388 3741 Iosephi
2423 3667 2595 3741 beatae
2626 3668 2862 3741 Virginis
2891 3674 3097 3740 sponsi,
3135 3676 3256 3733 aliis
3279 3666 3405 3738 eum

1820 3738 1989 3794 fuisse
2006 3736 2222 3812 fabrum
2262 3736 2569 3812 ferrarium,
2603 3736 2966 3812 aliis'fabruin
2996 3736 3284 3812 lignarium
3313 3736 3407 3805 as;

1819 3808 2141 3866 serentibus.
2174 3807 2381 3881 IIaymo
2408 3806 2860 3881 Halherstatcusis
2887 3825 3006 3881 cap.
3036 3806 3206 3871 citato
3229 3818 3287 3874 S.
3311 3820 3407 3877 Isi-

1819 3881 1937 3960 dori
1976 3878 2304 3960 sententiain
2344 3879 2631 3960 sequitur,
2668 3878 2908 3960 ejusdem
2934 3878 3120 3950 verba,
3153 3896 3213 3960 ut
3243 3906 3407 3960 supra

1820 3949 2144 4031 notavimus,
2169 3946 2473 4031 prpfecens.
2505 3946 2561 4001 In
2592 3946 2880 4031 Evangelii)
2909 3946 3180 4031 communi
3221 3968 3276 4014 et
3308 3946 3407 4031 ‘3...

1820 4018 1990 4103 net-ali
2032 4016 2770 4103 vocabulo-dicitur'rtzraf,
2803 4020 2854 4074 id
2883 4031 2989 4088 est,
3019 4024 3191 4103 faber.
3236 4016 3408 4103 Hesy-

1821 4090 1976 4170 chius
1999 4106 2027 4170 :_
2052 4089 2236 4170 fixi-a3?
2256 4092 2361 4170 πᾶἑ
2394 4091 2659 4170 τεχνίτης,
2700 4091 2752 4144 id
2787 4099 2901 4170 est,
2948 4096 3126 4151 omnis
3169 4089 3366 4155 artifex‘
3389 4120 3403 4170 ;

1819 4160 1954 4225 sive,
1974 4166 2035 4212 ul.
2058 4157 2295 4239 lpqttittt!
2317 4156 2534 4239 Suiiias,
2555 4163 2743 4215 τεκτων
2763 4164 2924 4239 κᾳνός
2942 4170 3206 4239 ῖεχνίτης,
3227 4170 3279 4226 id
3301 4156 3403 4239 est;

1820 4227 2361 4300 cmumunisartifes.
2402 4227 2606 4284 Tamen
2632 4234 2849 4300 proprie
2888 4227 3151 4291 tribuitur
3164 4227 3280 4295 hoc
3310 4227 3407 4298 no;

1820 4316 1941 4378 men
1967 4298 2121 4378 fabro
2149 4298 2398 4378 Iignario,
2430 4306 2490 4352 ut
2516 4298 2672 4378 docet
2706 4298 3081 4378 Moschopuius
3120 4323 3241 4378 cap.
3276 4312 3301 4365 I
3335 4313 3404 4369 de

1821 4370 2076 4455 Schetiis
2102 4370 2306 4455 Tinam-
2323 4374 2710 4455 ZrEc-rsx'uirnc.
2731 4371 2885 4453 ἰδὶως
2905 4370 2958 4429 δέ
2983 4370 3216 4455 τξζτονεέ
3238 4380 3406 4455 λέγον-

1818 4463 1904 4495 ται
1925 4442 1971 4494 oi
1989 4440 2267 4521 Euloup'yoi.
2284 4439 2344 4521 _I-d
2369 4447 2476 4521 est,
2501 4439 2710 4521 ἐὲξιςωξ,
2733 4444 3153 4521 omnis-artifex.
3177 4439 3403 4521 Proprie

1821 4525 1951 4591 vero
1991 4509 2217 4570 τέκτοίιές
2262 4510 2519 4591 dicuntur
2554 4510 2690 4591 fabri
2731 4509 2965 4591 lignarii.
3017 4513 3160 4591 Idem
3208 4509 3405 4577 doéem

1820 4580 2024 4661 Glossag
2047 4590 2297 4633 veteres:
2336 4578 2717 4661 rémmv,_faber
2746 4578 3024 4661 tignarius,
3055 4584 3205 4661 faber
3232 4588 3404 4661 ligna-

1821 4653 1950 4702 rius.
1983 4649 2057 4702 Ex
2084 4664 2193 4718 quo
2220 4664 2326 4701 non
2354 4649 2623 4703 immerito
2649 4651 2921 4705 communi
2944 4649 3208 4712 sententia
3230 4649 3406 4717 [εἰ-ιω·

1825 4719 1891 4810 IS.
1912 4719 2203 4810 Josgplptm
2236 4718 2399 4810 fpisse
2434 4718 2983 4810 fahrt‘im‘lig'narium,
3025 4725 3111 4779 cui
3142 4729 3400 4810 astipula-

1824 4790 1971 4868 latur
1996 4790 2054 4843 S.
2093 4788 2339 4868 Leander
2361 4803 2484 4868 cap.
2526 4789 2600 4868 M_
2634 4789 2703 4843 de
2744 4789 3086 4868 Institutione
3131 4788 3401 4868 virginum

1823 4860 2010 4939 hac‘in
2037 4874 2095 4913 re
2122 4859 2277 4939 fratri
2307 4857 2512 4939 Isidoro
2533 4860 2883 4939 adversatus:
2915 4879 2934 4911 r
2970 4861 3076 4917 Sed
3104 4873 3158 4919 et
3181 4857 3400 4939 Ioseph,

1822 4930 1909 4983 cui
1930 4928 2106 4984 fuerat
2132 4928 2475 4998 desponsata,
2507 4944 2628 4983 cum
2659 4939 2803 4998 esset
2823 4929 3037 4998 justus,
3074 4943 3194 4989 erat
3222 4928 3402 4996 tanien

1824 5008 1879 5053 et
1903 4995 2509 5078 pauper,_it_a'ut__vitam
2548 4995 2898 5078 et‘vestit'pm
2928 4995 3160 5059 artiﬁcio
3196 5022 3408 5078 quare.

1826 5079 1929 5139 ret,
1960 5068 2107 5125 certe
2135 5068 2287 5122 faber
2310 5068 2568 5139 liguarius
2604 5069 2770 5124 fuisse
2796 5070 3012 5137 legitur.

1900 5138 1914 5188 i
1954 5140 2036 5213 Ad
2067 5140 2234 5193 Deum
2265 5138 2599 5213 convertitur.
2629 5139 2753 5213 [Iace
2783 5143 2968 5208 verba,
3004 5143 3075 5196 ad
3097 5142 3287 5213 Deum,
3321 5164 3407 5205 re-

1825 5209 2097 5288 dundant,
2131 5223 2243 5288 _uec
2272 5216 2396 5288 sunt
2427 5208 2479 5262 in
2506 5209 2730 5288 Regula
2749 5227 2984 5288 excusa._
3010 5208 3283 5288 Namqui'
3312 5235 3407 5274 γε-

1824 5279 2046 5354 niebant
2080 5280 2145 5335 ad
2171 5280 2572 5345 monachatum,
2596 5280 2913 5336 dicebantur
2941 5279 3257 5354 simpliciter
3280 5305 3403 5347 con-

1823 5352 1980 5404 verti.

1896 5422 1923 5459 ¹ι
1958 5421 2070 5474 Nec
2097 5429 2278 5475 contra
2307 5420 2743 5474 murmurandum
2762 5430 2858 5475 est.
2892 5422 3025 5479 Vide
3051 5423 3109 5479 S.
3142 5425 3400 5485 Basiliam

1825 5504 1946 5559 cap.
1976 5491 2492 5571 52_Monast_icarum
2528 5489 3084 5571 Institutionutu._5cd
3115 5496 3169 5552 in
3199 5497 3403 5571 Regula

1820 5574 2020 5614 excusa
2048 5563 2164 5616 haec
2191 5561 2351 5615 verba
2380 5576 2551 5630 usque
2584 5563 2649 5615 ad
2677 5562 2779 5616 ista
2806 5580 2818 5616 :
2860 5561 2965 5629 Qui
3002 5582 3120 5621 vero
3139 5569 3257 5622 sani
3280 5561 3402 5624 iant

1819 5641 1867 5682 ct
1895 5630 2109 5712 fallunt,
2144 5645 2248 5685 non
2278 5639 2521 5697 exstant,
2553 5631 2646 5687 sed
2672 5646 2739 5687 ex
2772 5634 2874 5689 hoc
2900 5636 3086 5693 codice
3107 5639 3401 5712 supplenda

1818 5710 1963 5755 sunt.
