3948 6182
609 367 744 424 1187

1595 354 1653 411 S.
1693 354 2051 410 BENEDICTI
2098 352 2385 407 ABBATIS
2423 352 2832 409 ANIANENSIS

3602 368 3692 428 “88

606 480 769 537 dubio
795 476 1005 535 dolendi
1028 483 1190 544 atque
1215 470 1431 542 lugendi
1459 478 1621 525 sunt:
1647 469 1774 539 quia
1798 484 1902 525 non
1925 482 2171 538 corpore,
2202 470 2254 530 Α
2277 464 2531 520 borantes
2575 465 2719 520 Patri
2763 467 2881 521 sine
2922 468 3319 526 murmuratione
3349 474 3697 545 obtemperabant.

606 575 700 631 sed
729 572 889 644 (quod
917 566 1069 639 pejus
1097 565 1201 637 est)
1229 575 1408 619 mente
1433 563 1619 632 mgroti
1649 570 1793 627 sunt,
1823 561 2039 630 quique,
2072 561 2176 614 etsi

604 661 853 719 humanis
877 658 1048 713 oculis
1074 655 1319 711 convinci
1348 669 1451 708 non
1492 660 1752 722 possunt,
1801 651 1965 705 Deum
1998 660 2176 705 tamen

604 767 712 806 non
741 749 949 803 fallunt.
999 747 1155 801 Tales
1202 746 1363 814 igitur
1393 743 1600 798 ferendi
1646 750 1800 806 sunt,
1840 742 1883 796 si
1917 741 2178 811 aegritudo

605 838 774 903 latet;
815 845 909 891 aut
943 834 1330 905 distringendi,
1376 832 1422 886 si
1466 831 1672 884 sanitas
1718 837 1883 899 patet.
1932 828 2177 883 Monachi

605 938 913 999 operantes,
941 940 967 968 ιι
993 924 1242 980 meditari
1275 931 1364 977 aut
1392 922 1622 992 psallere
1649 920 1866 985 debent,
1898 928 1957 974 ut
1982 920 2180 975 carmi-

605 1024 692 1076 nis
716 1022 973 1088 verbique
998 1018 1091 1071 Dei
1128 1014 1486 1070 delectatione
1517 1011 1862 1066 consolentur
1895 1010 2069 1081 ipsum
2096 1010 2174 1063 la-

604 1109 811 1163 borem.
845 1108 873 1146 ι)
906 1107 964 1161 Si
1005 1106 1149 1160 enim
1192 1103 1477 1157 saeculares
1504 1101 1727 1169 opiﬁces
1762 1100 1904 1154 inter
1932 1100 2077 1169 ipsos
2103 1099 2181 1152 la-

607 1198 769 1251 bores
815 1210 1035 1251 suorum
1076 1208 1299 1263 operum
1342 1190 1605 1244 amatoria
1637 1189 1919 1257 turpiaque
1961 1197 2181 1242 cantare

606 1303 712 1343 non
742 1288 1027 1350 desinunt,
1073 1294 1235 1352 atque
1276 1284 1351 1336 ita
1378 1282 1566 1335 horam
1596 1295 1746 1333 suam
1777 1279 1830 1331 in
1859 1277 2104 1331 cautibus
2127 1285 2183 1332 et

606 1375 804 1429 fabulis
824 1374 1121 1445 implicant,
1136 1381 1198 1425 ut
1216 1371 1284 1425 ab
1303 1384 1467 1439 opere
1488 1383 1681 1422 manus
1703 1383 1807 1421 non
1831 1367 2183 1420 substrabant

606 1472 808 1534 quanto
833 1464 1001 1533 magis
1029 1477 1216 1517 servus
1244 1459 1442 1515 Christi
1472 1459 1552 1513 sic
1580 1457 1830 1511 manibus
1857 1457 2068 1525 operari
2090 1457 2182 1511 de—

603 1556 716 1619 bet,
743 1564 802 1610 ut
838 1570 1049 1624 semper
1071 1553 1283 1607 laudem
1310 1551 1405 1605 Dei
1446 1552 1498 1604 in
1528 1565 1621 1604 ore
1652 1551 1879 1612 habeat,
1914 1558 1970 1604 et
1999 1549 2181 1620 lingua

603 1642 721 1713 ejus
755 1643 974 1714 psalmis
1019 1651 1181 1711 atque
1209 1641 1427 1711 hymnis
1473 1639 1751 1694 inserviat.
1801 1638 2178 1694 Laborandum

603 1749 688 1793 est
709 1752 838 1805 ergo
859 1749 1106 1805 corpore,
1131 1733 1295 1787 animi
1328 1732 1432 1785 lixa
1455 1732 1508 1786 in
1532 1731 1700 1785 Deum
1724 1731 2052 1795 intentione;
2077 1730 2180 1785 sic-

604 1843 711 1897 que
754 1840 946 1880 mauus
992 1825 1047 1877 in
1092 1836 1254 1891 opere
1280 1820 1602 1889 implicanda
1630 1828 1744 1884 est,
1787 1829 1846 1872 ut
1890 1834 2044 1873 mens
2072 1834 2176 1872 non

605 1924 881 1971 avertatur
906 1929 937 1967 a
964 1914 1095 1967 Deo.
1126 1911 1367 1980 Propriis
1392 1917 1573 1963 autem
1612 1907 1942 1978 temporibus
1970 1917 2184 1977 oportet

604 2004 815 2076 Operari
845 2001 1188 2064 monachum,
1227 2008 1282 2055 et
1322 1998 1557 2067 propriis
1595 1997 1829 2059 orationi
1854 1997 2181 2066 lectionique

606 2097 939 2151 incumbere.
965 2092 1136 2146 Horas
1160 2091 1303 2144 enim
1330 2090 1490 2144 debet
1508 2088 1709 2143 habere
1735 2087 2031 2143 monachus
2059 2103 2184 2142 oon-

607 2203 790 2259 gruas,
816 2192 865 2240 et
912 2184 978 2239 ad
1015 2182 1224 2254 singula
1246 2179 1422 2235 ollicia
1451 2180 1752 2250 deputatas.
1783 2179 1975 2235 Partes
2000 2188 2181 2234 autem

609 2285 909 2344 temporum
948 2273 1063 2328 suis
1098 2271 1401 2340 quibusque
1420 2270 1672 2340 operibus
1701 2270 1879 2323 taliter
1916 2270 2179 2339 deputan-

608 2372 716 2419 tur.
755 2362 968 2418 AEstate
996 2362 1137 2415 enim
1178 2376 1210 2414 a
1252 2374 1411 2414 mane
1439 2373 1608 2427 usque
1640 2357 1707 2411 ad
1742 2358 1929 2412 horam
1961 2358 2180 2413 tertiam

607 2453 855 2508 laborare
879 2459 1121 2521 oportet;
1153 2465 1184 2504 a
1220 2450 1378 2504 tertia
1402 2464 1532 2503 vero
1569 2463 1739 2518 usque
1776 2449 1845 2503 ad
1872 2456 2081 2503 sextam
2106 2447 2184 2503 le‘

608 2542 774 2599 ctioni
802 2557 1025 2607 vacare;
1051 2541 1248 2596 dehinc
1284 2554 1453 2608 usque
1479 2538 1546 2593 ad
1574 2554 1772 2594 nonam
1810 2538 2179 2608 requiescere;

606 2642 729 2703 post
766 2648 962 2687 nonam
1006 2640 1183 2686 autem
1228 2646 1401 2699 usque
1443 2630 1512 2684 ad
1560 2636 1772 2699 tempus
1812 2629 2180 2698 vespertinum

607 2725 801 2781 iterum
833 2724 1063 2793 operari.
1097 2720 1216 2777 Alio
1245 2731 1425 2777 autem
1455 2730 1717 2791 tempore,
1752 2721 1807 2775 id
1835 2729 1940 2786 est,
1968 2722 2176 2786 hieme,

607 2823 886 2878 autumno,
911 2814 1023 2868 sive
1050 2828 1214 2867 verno
1238 2829 1267 2866 a
1295 2826 1453 2867 mane
1480 2826 1647 2880 usque
1671 2812 1738 2866 ad
1766 2811 1983 2866 tertiam
2000 2810 2178 2882 legent-

605 2902 774 2967 dum;
814 2910 935 2970 post
961 2901 1379 2956 celebrationem
1429 2898 1627 2954 Tertiae
1665 2914 1837 2968 usque
1874 2899 1941 2954 ad
1982 2913 2178 2954 nonam

606 2992 958 3048 laborandum
984 2998 1097 3057 est;
1132 2998 1255 3060 post
1282 2990 1631 3045 refectionem
1667 3006 1823 3046 nonae
1848 3001 1941 3046 aut
1969 2991 2181 3062 operari

606 3090 822 3151 oportet
862 3089 955 3135 aut
998 3080 1178 3150 legere
1206 3088 1300 3135 aut
1328 3096 1462 3136 sono
1490 3083 1637 3136 vocis
1677 3081 1877 3151 aliquid
1906 3084 2175 3138 meditari.

609 3184 632 3211 ε
652 3173 991 3241 Qumcnnque
1016 3179 1195 3226 autem
1210 3180 1504 3240 operantur
1520 3173 1766 3228 monachi
1794 3174 2042 3230 manibus
2068 3174 2183 3229 suis

604 3263 899 3333 Praeposito
927 3260 1203 3317 deferant:
1232 3262 1562 3332 Prtepositus
1595 3270 1775 3318 autem
1805 3265 2034 3334 principi
2064 3280 2181 3319 mo-

605 3355 925 3417 nachorum,
953 3352 1192 3420 nihilque
1231 3352 1412 3422 operis
1456 3353 1598 3423 apud
1644 3351 1842 3409 fratres
1881 3363 2181 3422 remaneat,

606 3462 674 3501 ne
696 3444 1071 3500 sollicitudinis
1101 3459 1233 3499 cura
1265 3451 1500 3499 mentem
1526 3445 1594 3500 ab
1620 3445 1918 3501 intentione
1944 3455 2185 3501 contem-

606 3536 861 3607 plationis
907 3542 1134 3591 avertat.
1176 3534 1373 3591 Hortos
1406 3535 1637 3603 olerum,
1667 3537 1754 3592 vel
1783 3546 2073 3608 apparatus
2101 3540 2183 3594 ci-

605 3631 798 3684 bornm
828 3628 1059 3698 propriis
1080 3627 1182 3683 sibi
1210 3629 1457 3684 manibus
1480 3627 1677 3683 fratres
1697 3638 2008 3684 exerceant.
2033 3629 2185 3685 Edi-

609 3721 852 3776 liciorum
902 3729 1082 3775 autem
1135 3721 1467 3776 constructio
1513 3728 1569 3775 et
1614 3720 1789 3775 cultus
1832 3735 2085 3791 agrorum
2116 3721 2183 3775 ad

606 3825 742 3879 opus
767 3825 1047 3865 servorum
1067 3810 1433 3879 pertinebunt.
1459 3808 1651 3865 Nullus
1675 3815 1973 3868 monachus
1998 3826 2184 3866 amore

607 3902 803 3971 privati
829 3901 1010 3973 operis
1036 3900 1305 3972 illigetur;
1339 3902 1432 3957 sed
1466 3916 1654 3957 omnes
1697 3902 1752 3956 in
1784 3917 2066 3958 commune
2102 3904 2180 3958 la-

681 4087 706 4113 ιι
732 4071 978 4126 Meditari
1016 4082 1064 4126 et
1105 4071 1326 4142 psallere
1357 4072 1559 4127 debent.
1603 4073 1671 4128 Ut
1699 4072 1853 4127 labor
1891 4073 1962 4127 sit
2001 4088 2183 4127 rerum

608 4143 909 4198 divinarum
939 4142 1282 4196 meditatione
1304 4141 1490 4207 levior,
1517 4158 1615 4197 nec
1641 4157 1814 4204 mens,
1842 4143 1968 4196 dum
1989 4158 2184 4211 corpus

609 4221 889 4291 Operatur,_
917 4218 1131 4292 maneat
1153 4211 1347 4292 otiosa.
1387 4210 1540 4294 Quod
1560 4228 1699 4294 sane
1733 4212 2027 4294 contingit,
2059 4210 2181 4266 eum

610 4280 720 4338 tota
743 4281 893 4351 Operi
923 4280 1277 4351 immergitur,
1308 4290 1402 4351 aut
1433 4280 1575 4351 aliud
1601 4296 1783 4349 agens,
1813 4280 2068 4351 vanisque
2093 4298 2184 4337 co-

646 4349 1257 4422 itationibus_indulgens
1278 4349 1438 4422 aDeo
1461 4350 1719 4422 distracta
1748 4351 1956 4422 longius
1981 4349 2178 4407 avolat.

647 4369 957 4406 nationibus
979 4369 1257 4422 Indulgens
1278 4369 1310 4403 a
1330 4369 1438 4404 ueo
1461 4369 1719 4406 (JIStl'aCta
1748 4369 1833 4406 ιοιι
1875 4369 1956 4404 tus
1981 4369 2178 4407 avolat.

608 4369 750 4476 Fdem
780 4420 844 4490 de
869 4420 1101 4489 antiquis
1128 4420 1408 4490 monachis
1434 4418 1601 4474 refert
1627 4420 1742 4490 ipse
1766 4369 2002 4475 lsitglorus
2024 4422 2115 4476 lib.
2142 4438 2179 4477 ιι

2280 554 2524 609 Monachi
2551 556 2854 624 praepositis
2880 556 2993 610 suis
3021 557 3132 613 sine
3159 558 3255 613 ulla
3278 567 3617 623 murmuratione
3634 573 3699 626 oli-

2279 654 2583 714 temperare
2605 645 2821 710 debent,
2847 662 2913 701 ne
2935 646 3074 701 forte
3092 661 3152 702 ea
3176 653 3410 706 sententia
3432 668 3618 724 pereant,
3634 677 3707 730 qua

2276 735 2556 805 perierunt
2580 735 2635 789 bi
2661 735 2753 804 qui
2782 736 2836 789 in
2864 736 3079 791 deserto
3100 753 3524 798 murmurarean
3546 746 3589 801 Si
3608 750 3705 803 enim

2279 827 2386 882 illis
2410 826 2650 895 parvulis
2687 828 2864 882 adhuc
2903 828 2959 881 in
2999 827 3115 898 lege
3150 837 3201 883 et
3236 832 3431 888 rudibus
3462 851 3710 908 nequaquam

2279 916 2541 970 indultum
2570 924 2654 970 est
2673 955 2687 981 ,
2736 924 2939 986 quanto
2966 917 3137 985 magis
3170 917 3247 972 his
3271 921 3350 988 qui
3376 921 3644 989 perfectionis
3661 928 3712 983 Ie-

2280 1020 2399 1075 gem
2425 1015 2784 1075 perceperunt
2808 1022 2915 1061 non
2943 1016 3149 1076 parcet,
3176 1010 3220 1063 si
3244 1010 3356 1064 talia
3379 1016 3608 1082 gesserint.

2303 1115 2533 1186 §XVlll.
2569 1147 2639 1156 —
2669 1116 2749 1171 Ex
2794 1117 3013 1257 ΒερυῖοΑ
3027 1133 3230 1260 pug;er
3268 1120 3525 1180 Faucruosr
3552 1141 3713 1182 rrtscort

2995 1205 3026 1240 a
3066 1228 3080 1240 .
3169 1229 3182 1242 .

2964 1204 3080 1257 cap.
3109 1204 3182 1257 ο).

2348 1274 2375 1315 ά
2409 1276 2467 1330 1η
2495 1278 2769 1345 operando
2796 1277 2914 1333 haec
2943 1279 3081 1334 ratio
3117 1291 3447 1337 conservetur.
3473 1300 3492 1322 ι
3515 1285 3649 1340 Verbo
3664 1292 3716 1344 vel

2279 1374 2485 1431 aestate,
2513 1366 2653 1421 dicta
2676 1365 2857 1420 Prima
2881 1379 3309 1425 commoueantur
3330 1373 3491 1427 decani
3518 1389 3543 1427 a
3571 1390 3715 1443 prapo-

2280 1454 2384 1508 sito
2411 1470 2508 1509 suo
2538 1455 2698 1524 quale
2724 1472 2860 1525 opus
2895 1457 3127 1515 debeant
3158 1474 3418 1515 exercere:
3446 1472 3576 1532 atque
3594 1464 3647 1518 illi
3668 1482 3723 1520 re.

2280 1542 2455 1614 liquos
2480 1544 2696 1600 fratres.
2732 1545 2868 1600 Tum
2894 1547 3110 1602 demum
3138 1548 3255 1605 dato
3281 1551 3433 1619 signo,
3461 1554 3722 1624 sumptisler-

2282 1633 2541 1688 ramentis
2575 1645 2971 1707 congregemur
2999 1637 3054 1692 in
3094 1653 3281 1704 unum,
3307 1639 3522 1711 factaque
3551 1646 3724 1699 oratione

2280 1732 2505 1794 pergent
2536 1723 2555 1762 τ
2586 1726 2878 1781 recitantes
2920 1726 2986 1781 ad
3032 1742 3167 1798 opus
3192 1745 3350 1800 usque
3383 1733 3440 1785 ad
3480 1732 3627 1788 horam
3655 1735 3723 1788 diei

2208 1810 2253 1868 B
2283 1812 2496 1866 tertiam
2521 1828 2535 1866 :
2568 1822 3008 1886 revertentesque
3033 1820 3103 1874 ad
3128 1820 3409 1887 ecclesiam,
3431 1823 3727 1894 Tertiaqueee-

2281 1900 2508 1966 lebrata,
2554 1903 2849 1960 residentes
2894 1907 3008 1962 suis
3052 1908 3183 1965 locis
3226 1912 3448 1966 studeant
3475 1912 3643 1969 lectioni
3676 1914 3726 1967 vel

2281 1992 2530 2047 orationi.
2563 1994 2761 2049 Verum
2787 1996 2832 2050 si
2860 2012 2997 2067 opus
3019 1999 3125 2054 tale
3150 2008 3248 2066 est,
3273 2001 3402 2070 quod
3424 2019 3515 2058 non
3542 2005 3729 2059 intermit-

2282 2094 2443 2151 tatur,
2467 2087 2519 2141 in
2547 2103 2711 2158 Opere
2737 2090 2853 2160 ipso
2880 2092 3063 2147 Tertia
3094 2094 3313 2160 dicatur,
3333 2105 3383 2151 et
3403 2097 3473 2151 sic
3492 2098 3515 2137 ⁸
3535 2095 3730 2150 recitando

2282 2185 2624 2232 revertantur
2653 2179 2681 2219 ιι
2712 2181 2780 2234 ad
2804 2181 3016 2249 cellam,
3056 2192 3115 2239 et
3142 2187 3159 2224 ί
3187 2194 3520 2240 consummata
3542 2185 3732 2246 oratione,

2283 2265 2297 2316 Ι
2335 2267 2640 2337 ablutisque
2667 2272 2911 2326 manibus
2944 2272 2971 2312 ι
2997 2274 3275 2331 confestim
3310 2276 3371 2330 ad
3400 2276 3633 2332 ecclesiam
3652 2289 3733 2329 con-

2280 2359 2515 2414 veniant.
2562 2361 2631 2415 Et
2668 2362 2713 2416 si
2753 2361 3104 2421 reﬁciendum
3133 2367 3199 2422 ad
3229 2373 3419 2422 sextam
3451 2374 3546 2433 est,
3581 2372 3735 2435 peracto

2280 2449 2456 2508 oilicio
2483 2452 2662 2508 Sexta:
2679 2494 2694 2519 ,
2722 2455 2790 2510 ab
2818 2456 3069 2513 oratione
3093 2469 3310 2530 pergant
3332 2460 3393 2514 ad
3419 2473 3619 2521 mensas;
3648 2455 3737 2510 reie-

2281 2540 2462 2609 ctique
2507 2555 2775 2612 congrue,
2822 2543 3020 2599 iterum
3069 2544 3208 2600 facta
3249 2547 3489 2610 oratione,
3517 2544 3736 2614 quiescant.

2284 2627 2486 2684 Deinde
2506 2629 2774 2686 celebrata
2790 2631 2976 2698 Nona,
3002 2635 3050 2690 si
3079 2650 3291 2691 necesse
3314 2644 3392 2690 est
3413 2628 3739 2690 revertantursd

2283 2732 2435 2789 opus,
2459 2734 2738 2789 quousque
2768 2718 2786 2759 1
2809 2722 2878 2777 ad
2904 2722 3232 2780 duodecimae
3255 2723 3465 2780 ofﬁcium
3488 2720 3738 2778 «inveniant.

2281 2821 2322 2848 ω
2340 2808 2434 2866 Sin
2478 2821 2684 2878 autem,
2712 2815 3010 2870 residentes
3049 2818 3200 2872 taciti
3228 2833 3317 2887 per
3347 2815 3540 2871 cellulas
3571 2828 3689 2873 suas.
3708 2808 3745 2863 hi

2282 2914 2510 2969 quorum
2540 2901 2652 2971 jam
2679 2910 2808 2957 actas
2829 2903 3073 2972 perlecta
3110 2914 3222 2970 est,
3252 2914 3305 2961 et
3326 2903 3608 2960 conscientia
3629 2914 3741 2970 pun.

2281 2990 2609 3045 meditemur
2632 2991 2842 3061 eloquia
2866 2993 3107 3064 Domini,
3134 2996 3218 3052 vel
3242 3010 3370 3066 opus
3391 2993 3624 3064 quodlibet
3651 2990 3746 3043 intra

2283 3079 2528 3134 cellulam
2551 3081 2848 3149 injunctum
2873 3095 3192 3143 exercentes
3214 3100 3458 3156 nusquam
3481 3094 3673 3154 prorsus,
3689 3090 3747 3130 εἰ·

2209 3147 2253 3209 C
2285 3178 2439 3241 cepta
2466 3147 2626 3226 causa
2658 3174 3021 3242 necessitatis,
3048 3177 3279 3233 audeant
3297 3147 3541 3247 progredi,
3574 3171 3652 3226 nisi
3672 3167 3750 3221 iue-

2282 3260 2392 3314 rint
2434 3277 2464 3315 a
2510 3263 2723 3318 seniore
2760 3266 3040 3335 praecepti.
3072 3266 3318 3322 Juniores
3342 3279 3469 3320 vero.
3493 3276 3642 3318 coram
3672 3257 3748 3311 suis

2284 3353 2582 3408 residentes
2608 3354 2844 3421 decanis,
2876 3356 3129 3424 lectioni,
3175 3358 3256 3414 vel
3297 3354 3566 3413 recitationi
3586 3354 3750 3409 vacent;

2282 3458 2384 3499 nec
2429 3460 2488 3500 se
2531 3445 2831 3502 inconsqu
2860 3451 3079 3506 seniore
3099 3452 3280 3521 iunior
3312 3467 3340 3505 a
3367 3465 3455 3505 sua
3491 3446 3750 3503 auferatsetr

2282 3537 2458 3603 sione,
2485 3547 2577 3592 aut
2606 3538 2671 3593 ad
2696 3539 2916 3596 alterius
2942 3542 3140 3598 decani
3177 3544 3345 3598 locum
3378 3541 3550 3596 audeat
3567 3544 3750 3607 pergere!

2282 3626 2375 3681 sed
2406 3635 2515 3681 tam
2543 3627 2597 3682 in
2627 3630 2866 3685 sessione
2891 3646 3054 3700 quam
3089 3633 3256 3688 etiam
3289 3632 3340 3686 in
3371 3628 3636 3700 operatione
3660 3634 3753 3675 sem.

2281 3728 2379 3784 l)er
2400 3713 2590 3771 decani
2619 3732 2651 3770 3
2677 3718 2898 3773 decania
2932 3729 3215 3792 segregata
3250 3719 3545 3775 consistant.
3576 3710 3753 3767 lunion's

2283 3806 2479 3875 quippe
2502 3822 2627 3862 suos
2653 3806 2856 3878 iugiter
2890 3810 3131 3865 decanus
3174 3810 3263 3865 ille
3290 3813 3619 3864 commoneat,
3651 3815 3698 3852 ne
3720 3796 3753 3847 in

2283 3894 2518 3965 aliquam
2548 3897 2925 3967 negligentiam
2954 3900 3209 3955 decidant
3233 3914 3247 3965 ;
3288 3898 3379 3953 sed
3412 3897 3539 3949 viros
3564 3883 3754 3960 spiritales

2351 4072 2378 4112 ἀ
2410 4071 2478 4127 1η
2502 4071 2783 4142 operando,
2815 4079 2920 4126 etc.
2950 4072 3078 4127 Hmc
3108 4072 3346 4141 reperire
3370 4078 3447 4142 est
3481 4068 3529 4120 in
3561 4064 3666 4142 lies.
3687 4070 3754 4110 ms.

2285 4143 2345 4199 S.
2378 4133 2660 4216 Fructuosi
2681 4133 3082 4216 _episcopi_c0d._
3108 4133 3312 4216 (Ιιῖειεε.2
3338 4138 3457 4216 eod.
3488 4133 3600 4216 c.

2358 4224 2381 4251 ε
2419 4210 2584 4265 Verno
2612 4211 2689 4265 vel
2712 4209 2910 4265 testate.
2936 4212 3212 4267 Particula
3234 4211 3308 4265 vel
3336 4210 3419 4264 bic
3438 4209 3634 4261 sumitur
3649 4209 3759 4265 copu-

2284 4282 2462 4356 lative,
2492 4281 2631 4356 sicut
2657 4280 2800 4356 infra
2827 4282 2930 4356 hoc
2957 4282 3217 4356 capitulo.
3313 4350 3324 4356 _
3391 4347 3403 4356 _

2362 4353 2379 4391 τ
2413 4337 2724 4404 Recitantes.
2754 4350 2999 4406 Psalmos
3024 4337 3284 4407 Videlicet
3310 4350 3364 4403 in
3391 4347 3499 4419 ipso
3531 4337 3761 4419 itinera":

2285 4438 2352 4476 ex
2379 4420 2520 4476 infra
2548 4421 2705 4475 dictis
2734 4420 2937 4475 clarum
2969 4429 3053 4476 est
3081 4440 3095 4475 :
3135 4422 3219 4476 Ad
3247 4414 3546 4488 apera'cum
3579 4414 3760 4488 tyrant"

609 4492 675 4545 de
703 4489 805 4545 Oli‘.
834 4486 1016 4555 Eccl.,'
1035 4506 1153 4560 cap.
1186 4490 1283 4544 15:
1314 4509 1332 4540 ‹
1366 4489 1578 4544 Canunt
1603 4486 1782 4545 autem
1810 4489 2047 4560 psalmos
2067 4506 2179 4545 ma-
2204 4496 2257 4555 D
2280 4502 2421 4555 sunt,
2446 4489 2732 4543 orationem
2763 4490 2957 4560 facturi
2980 4492 3201 4545 invicem
3224 4486 3542 4560 conveniant;
3563 4486 3762 4560 quf‘:

608 4562 766 4615 nibus
795 4569 1101 4627 operantes,
1124 4568 1180 4613 et
1201 4560 1374 4628 ipsum
1401 4560 1641 4615 laborem
1676 4560 1856 4615 divino
1880 4561 2180 4616 celeumate

606 4629 972 4700 consolantur.
1028 4628 1274 4700 iULocus
1302 4638 1547 4698 sumptus
1570 4639 1653 4684 est
1687 4645 1751 4685 ex
1792 4631 1855 4700 D.
1896 4630 2180 4700 Augustini

607 4699 744 4754 libro
769 4699 835 4753 de
863 4697 1035 4767 Opere
1058 4697 1456 4762 Monacborum,
1482 4714 1600 4768 cap.
1630 4700 1723 4755 l7:
1756 4717 1776 4751 ‹
1806 4697 2026 4768 Cantica
2050 4715 2181 4757 vero

607 4770 785 4824 divina
816 4775 1039 4840 cantare
1058 4769 1221 4840 etiam
1262 4769 1510 4840 manibus
1544 4767 1830 4840 cperantes
1866 4767 2024 4824 facile
2051 4785 2179 4840 pos-

607 4847 749 4902 sunt,
780 4847 834 4893 et
864 4837 1037 4905 ipsum
1065 4837 1300 4892 laborem
1323 4838 1504 4892 divino
1523 4837 1818 4893 celeumate
1844 4837 2131 4895 consolari.
2154 4861 2174 4894 ι

607 4908 855 4964 Celenma
879 4916 962 4962 est
982 4924 1083 4963 vox
1110 4916 1477 4978 nautarumse
1492 4908 1645 4978 ipsos
1664 4908 1730 4962 ad
1750 4924 1887 4978 opus
1906 4911 2179 4965 nauticum

607 4977 1027 5050 adhortantium.
1050 4978 1195 5050 Idem
1215 4975 1654 5050 locusprofertur
1675 4975 2037 5050 abllaymone
2058 4979 2184 5034 Hal-

607 5048 932 5103 berstateusi
963 5046 1057 5102 lib.
1089 5062 1129 5102 n
1150 5048 1231 5117 Ade
1257 5046 1549 5111 Varietate,
1588 5063 1705 5117 cap.
1735 5048 1824 5102 50.

679 5119 706 5159 ιι
731 5117 953 5188 εἱλεηὶηι
997 5115 1273 5188 simulares
1308 5117 1561 5188 opiﬁces,
1585 5115 1690 5172 etc.
1734 5117 1908 5173 Locus
1936 5127 2181 5188 sumptus

679 5134 706 5159 υ
731 5134 787 5172 δι
817 5134 953 5171 enim
997 5134 1273 5171 δίκαιαι-εδ
1308 5134 1337 5169 o
1374 5134 1515 5186 uices
1537 5158 1551 5179 ,
1585 5134 1690 5172 etc.
1734 5134 1908 5173 Locus
1936 5134 2175 5188 sumptus

608 5203 673 5242 ex
700 5188 764 5241 D.
780 5185 1078 5257 Augustino
1100 5186 1193 5240 lib.
1220 5188 1293 5257 de
1317 5134 1491 5256 (ξρετε
1512 5185 1917 5250 Monacborum,
1934 5203 2052 5257 cap.
2086 5190 2175 5242 l7:

615 5276 633 5307 ι
667 5259 748 5311 An
778 5255 1333 5327 ignoramusopiﬁces
1362 5257 1557 5327 quibus
1590 5258 1837 5312 cantibus
1865 5266 1920 5327 et
1950 5255 2183 5325 plerum-

647 5342 714 5381 ue
765 5325 925 5380 etiam
973 5325 1392 5396 turpitudinibus
1443 5325 1825 5380 theatricarum
1875 5326 2178 5380 fabularum

609 5343 814 5451 donent
838 5394 1001 5450 corda
1028 5404 1085 5451 et
1110 5395 1320 5451 linauas
1343 5411 1487 5451 suas.
1529 5412 1650 5450 cum
1696 5412 1885 5450 manus
1923 5397 1990 5449 ab
2018 5410 2178 5451 onere

647 5405 814 5451 onent
838 5394 1001 5450 corda
1028 5394 1085 5451 ei.
1110 5395 1320 5465 linguas
1343 5411 1487 5459 suas,
1529 5412 1650 5450 cum
1696 5412 1885 5450 manus
1923 5397 1990 5449 ab
2018 5410 2181 5465 opere

609 5481 715 5537 non
751 5466 1024 5519 recedant.
1067 5485 1087 5518 ι
1127 5464 1381 5521 Refertur
1424 5466 1587 5520 etiam
1629 5466 1698 5520 ab
1744 5465 2017 5537 llayrnone
2055 5464 2181 5520 loco

613 5535 797 5588 citato.

683 5613 705 5641 ο
747 5603 1076 5673 Qutt’crmque
1104 5614 1279 5658 autem
1305 5613 1607 5673 operantur,
1638 5613 1743 5658 etc.
1774 5605 1916 5658 Idem
1943 5603 2181 5659 Isidorus

683 5620 705 5641 α
747 5620 1076 5723 υυωσιιηᾶαε
1104 5620 1279 5658 autem
1305 5620 1607 5673 operantur,
1638 5620 1743 5658 etc.
1777 5620 1916 5658 Idem
1944 5620 2171 5659 lSlthl‘tlS

611 5670 704 5749 lib.
746 5688 781 5723 ιι
804 5670 891 5749 με
925 5673 1075 5749 0__tc.
1105 5673 1399 5749 eccl._cap‘._
1436 5673 1889 5749 15._Qn_id_simile
1926 5674 2083 5728 habet
2118 5674 2171 5730 S.

619 5739 940 5805 Augustinus
970 5741 1059 5792 lib.
1092 5756 1129 5793 ιι
1157 5741 1222 5793 de
1252 5739 1484 5794 Moribus
1514 5742 1781 5796 Ecclesiae.

2280 4548 2421 4633 pleta
2456 4561 2667 4633 incipiat
2709 4548 3017 4633 pfrrpositus
3056 4562 3356 4631 psalmum,
3396 4568 3441 4611 et
3466 4556 3535 4608 sic
3567 4548 3761 4603 recitauit!

2278 4629 2495 4703 pergant
2521 4629 2589 4682 ad
2624 4629 2997 4699 operationem.

2356 4705 2381 4742 ε
2408 4699 2714 4753 Recitando.
2753 4698 2993 4754 Psalmos

2349 4772 2380 4811 ιι
2404 4771 2485 4823 Ad
2514 4768 2718 4823 cellam.
2750 4769 2805 4823 ld
2834 4778 2939 4834 est,
2978 4769 3044 4823 ad
3086 4768 3509 4824 monasterium:
3543 4758 3760 4834 quiat?“

2281 4842 2564 4909 diebantur
2593 4838 2738 4893 foras
2759 4839 2826 4893 ad
2851 4833 3005 4909 opus.
3037 4838 3177 4909 Vide
3207 4837 3453 4909 superius
3474 4833 3695 4909 annotati:

2357 4887 2788 4964 i"b‘.‘.;.;'...;;.;.:.1;
2797 4887 3069 4963 ἱῖἆὶῖἇιὶεζ
3090 4887 3303 4973 ista:
3312 4887 3544 4962 absoluto
3563 4893 3714 4970 palm
3726 4887 3759 4934 ει

2281 4980 2505 5036 collecta
2534 4978 2598 5032 ad
2628 4977 2789 5034 ﬁnem
2812 4979 3011 5047 operis.
3046 4990 3049 4993 '

2354 5032 2381 5100 id
2394 5032 2986 5119 Xblutisqueimanibus.
3000 5048 3134 5115 Quae
3154 5047 3441 5103 sordidata:
3457 5044 3594 5097 erant
3611 5032 3761 5105 ρωμετ

2350 5135 2433 5173 us.

2278 5135 2380 5277 ῗριι
2410 5186 2695 5268 confestim
2720 5186 2789 5240 ad
2811 5186 3079 5269 ecclesiam
3109 5187 3442 5277 conveniant.
3466 5161 3763 5277 Sexagﬁfﬁ

2278 5235 2795 5323 δι-θιιῖίίξῖίιὶἰὲῖὲιῖιῖι
2813 5235 3414 5311 amata-anteisset
3433 5263 3571 5322 opus.
3588 5235 3748 5323 ditem:

2280 5328 2519 5383 Tertiam
2549 5327 2601 5379 in
2644 5326 2758 5395 ipso
2786 5327 2964 5394 operis
2996 5326 3119 5380 loco
3146 5343 3161 5391 ;
3200 5335 3257 5380 et
3294 5325 3630 5380 consummato

2280 5398 2528 5451 redibant
2555 5396 2733 5449 Sexta:
2756 5412 2971 5449 cursum
2999 5396 3202 5449 acturi.
3635 5449 3645 5459 ,

2358 5466 2376 5504 1
2407 5466 2488 5518 Ad
2531 5464 2851 5518 duodecima:
2882 5466 3127 5535 oﬁcium.
3161 5465 3218 5519 Id
3245 5472 3362 5528 est,
3395 5460 3457 5535 ad
3489 5454 3770 5535 Sinni!“

2280 5537 2572 5607 spertinatn
2590 5575 2605 5597 ,
2643 5550 2763 5607 quae
2787 5520 3274 5590 horauduodecima
3290 5575 3306 5597 ,
3335 5520 3545 5588 cadente
3579 5520 3668 5577 sole
3688 5523 3773 5578 339'

2280 5604 2441 5662 batur
2466 5604 2782 5671 antiquitus,
2810 5612 2869 5656 ut
2899 5618 3059 5673 supra
3088 5612 3340 5659 notatum
3368 5609 3465 5656 est.

2350 5657 2503 5729 έπῖςὶη
2532 5657 2724 5729 auiam.
2756 5657 3124 5744 Nempe'nihil
3168 5657 3434 5742 superest,
3466 5663 3592 5738 quod
3613 5657 3775 5714 necesse

2279 5748 2342 5800 sit
2377 5759 2554 5813 agere.

3864 492 3871 715 ί
