  <div class='ocr_page' id='page_1' title='image "/cluster/home/n/w/nwhite01/storage/ocr_20150623/103/hvd.32044054759691/596.png"; bbox 0 0 3948 6182; ppageno 0'>
   <div class='ocr_carea' id='block_1_1' title="bbox 1308 118 1355 137">
    <p class='ocr_par' dir='ltr' id='par_1_1' title="bbox 1308 118 1355 137">
     <span class='ocr_line' id='line_1_1' title="bbox 1308 118 1355 137; baseline 0 -4"><span class='ocrx_word' id='word_1_1' title='bbox 1308 118 1355 137; x_wconf 66' lang='grc' dir='ltr'><strong>..ρ</strong></span> 
     </span>
    </p>
   </div>
   <div class='ocr_carea' id='block_1_2' title="bbox 182 362 305 415">
    <p class='ocr_par' dir='ltr' id='par_1_2' title="bbox 182 362 305 415">
     <span class='ocr_line' id='line_1_2' title="bbox 182 362 305 415; baseline -0.016 0"><span class='ocrx_word' id='word_1_2' title='bbox 182 362 305 415; x_wconf 67' lang='grc' dir='ltr'><strong>119ιῦ</strong></span> 
     </span>
    </p>
   </div>
   <div class='ocr_carea' id='block_1_3' title="bbox 1123 316 2458 410">
    <p class='ocr_par' dir='ltr' id='par_1_3' title="bbox 1123 316 2458 410">
     <span class='ocr_line' id='line_1_3' title="bbox 1123 316 2458 410; baseline -0.004 0"><span class='ocrx_word' id='word_1_3' title='bbox 1123 352 1509 410; x_wconf 81' lang='lat' dir='ltr'><strong>CONCORDIA</strong></span> <span class='ocrx_word' id='word_1_4' title='bbox 1552 350 2009 408; x_wconf 79' lang='lat' dir='ltr'><strong>REGULARUM.</strong></span> <span class='ocrx_word' id='word_1_5' title='bbox 2046 380 2111 390; x_wconf 86' lang='lat'><strong>—</strong></span> <span class='ocrx_word' id='word_1_6' title='bbox 2150 350 2303 406; x_wconf 68' lang='lat' dir='ltr'><strong>cae.</strong></span> <span class='ocrx_word' id='word_1_7' title='bbox 2346 316 2458 409; x_wconf 68' lang='lat' dir='ltr'><strong>LV.</strong></span> 
     </span>
    </p>
   </div>
   <div class='ocr_carea' id='block_1_4' title="bbox 3288 353 3425 406">
    <p class='ocr_par' dir='ltr' id='par_1_4' title="bbox 3288 353 3425 406">
     <span class='ocr_line' id='line_1_4' title="bbox 3288 353 3425 406; baseline 0 0"><span class='ocrx_word' id='word_1_8' title='bbox 3288 353 3425 406; x_wconf 76' lang='lat'><strong>“90</strong></span> 
     </span>
    </p>
   </div>
   <div class='ocr_carea' id='block_1_5' title="bbox 179 466 3424 540">
    <p class='ocr_par' dir='ltr' id='par_1_5' title="bbox 179 466 3424 540">
     <span class='ocr_line' id='line_1_5' title="bbox 179 466 3424 540; baseline -0.003 -8"><span class='ocrx_word' id='word_1_9' title='bbox 179 493 226 533; x_wconf 76' lang='grc' dir='ltr'><strong>(ιι</strong></span> <span class='ocrx_word' id='word_1_10' title='bbox 251 482 465 530; x_wconf 84' lang='lat' dir='ltr'><strong>sanctos</strong></span> <span class='ocrx_word' id='word_1_11' title='bbox 500 471 605 526; x_wconf 81' lang='lat' dir='ltr'><strong>illis</strong></span> <span class='ocrx_word' id='word_1_12' title='bbox 631 484 842 540; x_wconf 85' lang='lat' dir='ltr'><strong>semper</strong></span> <span class='ocrx_word' id='word_1_13' title='bbox 868 470 920 523; x_wconf 91' lang='lat' dir='ltr'><strong>in</strong></span> <span class='ocrx_word' id='word_1_14' title='bbox 954 469 1199 538; x_wconf 81' lang='lat' dir='ltr'><strong>exemplo</strong></span> <span class='ocrx_word' id='word_1_15' title='bbox 1235 469 1504 538; x_wconf 81' lang='lat' dir='ltr'><strong>proferat;</strong></span> <span class='ocrx_word' id='word_1_16' title='bbox 1547 477 1605 522; x_wconf 92' lang='lat' dir='ltr'><strong>ut</strong></span> <span class='ocrx_word' id='word_1_17' title='bbox 1632 469 1747 523; x_wconf 89' lang='lat' dir='ltr'><strong>illo-</strong></span> <span class='ocrx_word' id='word_1_18' title='bbox 1774 472 1822 530; x_wconf 85' lang='grc' dir='ltr'>Λ</span> <span class='ocrx_word' id='word_1_19' title='bbox 1850 468 2122 521; x_wconf 84' lang='lat' dir='ltr'><strong>redactam</strong></span> <span class='ocrx_word' id='word_1_20' title='bbox 2149 467 2202 520; x_wconf 90' lang='lat' dir='ltr'><strong>in</strong></span> <span class='ocrx_word' id='word_1_21' title='bbox 2231 467 2530 537; x_wconf 79' lang='lat' dir='ltr'><strong>manipulos</strong></span> <span class='ocrx_word' id='word_1_22' title='bbox 2552 476 2786 538; x_wconf 78' lang='lat' dir='ltr'><strong>segetem</strong></span> <span class='ocrx_word' id='word_1_23' title='bbox 2814 466 3157 537; x_wconf 83' lang='lat' dir='ltr'><strong>ignejubaris</strong></span> <span class='ocrx_word' id='word_1_24' title='bbox 3178 466 3424 523; x_wconf 84' lang='lat' dir='ltr'><strong>ﬂammas</strong></span> 
     </span>
    </p>
   </div>
   <div class='ocr_carea' id='block_1_6' title="bbox 179 558 1745 631">
    <p class='ocr_par' dir='ltr' id='par_1_6' title="bbox 179 558 1745 631">
     <span class='ocr_line' id='line_1_6' title="bbox 179 558 1745 631; baseline -0.005 -11"><span class='ocrx_word' id='word_1_25' title='bbox 179 582 288 620; x_wconf 77' lang='lat' dir='ltr'><strong>nun</strong></span> <span class='ocrx_word' id='word_1_26' title='bbox 336 561 790 631; x_wconf 91' lang='lat' dir='ltr'><strong>contemplatione</strong></span> <span class='ocrx_word' id='word_1_27' title='bbox 831 561 1047 616; x_wconf 84' lang='lat' dir='ltr'><strong>assidua</strong></span> <span class='ocrx_word' id='word_1_28' title='bbox 1090 562 1158 614; x_wconf 90' lang='lat' dir='ltr'><strong>ad</strong></span> <span class='ocrx_word' id='word_1_29' title='bbox 1189 560 1411 614; x_wconf 84' lang='lat' dir='ltr'><strong>meliora</strong></span> <span class='ocrx_word' id='word_1_30' title='bbox 1440 558 1745 628; x_wconf 82' lang='lat' dir='ltr'><strong>proﬁciant.</strong></span> 
     </span>
    </p>
   </div>
   <div class='ocr_carea' id='block_1_7' title="bbox 181 646 1748 724">
    <p class='ocr_par' dir='ltr' id='par_1_7' title="bbox 181 646 1748 724">
     <span class='ocr_line' id='line_1_7' title="bbox 181 646 1748 724; baseline -0.006 -14"><span class='ocrx_word' id='word_1_31' title='bbox 181 653 425 710; x_wconf 74' lang='lat' dir='ltr'><strong>Autumni</strong></span> <span class='ocrx_word' id='word_1_32' title='bbox 451 651 532 705; x_wconf 88' lang='lat' dir='ltr'><strong>vel</strong></span> <span class='ocrx_word' id='word_1_33' title='bbox 557 650 752 704; x_wconf 86' lang='lat' dir='ltr'><strong>hiemis</strong></span> <span class='ocrx_word' id='word_1_34' title='bbox 774 660 1013 721; x_wconf 88' lang='lat' dir='ltr'><strong>tempore</strong></span> <span class='ocrx_word' id='word_1_35' title='bbox 1032 662 1203 717; x_wconf 91' lang='lat' dir='ltr'><strong>usque</strong></span> <span class='ocrx_word' id='word_1_36' title='bbox 1228 647 1294 701; x_wconf 92' lang='lat' dir='ltr'><strong>ad</strong></span> <span class='ocrx_word' id='word_1_37' title='bbox 1317 647 1531 701; x_wconf 84' lang='lat' dir='ltr'><strong>tertiam</strong></span> <span class='ocrx_word' id='word_1_38' title='bbox 1550 646 1748 724; x_wconf 84' lang='lat' dir='ltr'><strong>legant,</strong></span> 
     </span>
    </p>
   </div>
   <div class='ocr_carea' id='block_1_8' title="bbox 182 734 1753 817">
    <p class='ocr_par' dir='ltr' id='par_1_8' title="bbox 182 734 1753 817">
     <span class='ocr_line' id='line_1_8' title="bbox 182 734 1753 817; baseline -0.009 -16"><span class='ocrx_word' id='word_1_39' title='bbox 182 762 341 817; x_wconf 85' lang='lat' dir='ltr'><strong>usque</strong></span> <span class='ocrx_word' id='word_1_40' title='bbox 371 744 438 798; x_wconf 90' lang='lat' dir='ltr'><strong>ad</strong></span> <span class='ocrx_word' id='word_1_41' title='bbox 471 757 664 797; x_wconf 86' lang='lat' dir='ltr'><strong>nonam</strong></span> <span class='ocrx_word' id='word_1_42' title='bbox 692 749 1011 810; x_wconf 81' lang='lat' dir='ltr'><strong>operentur,</strong></span> <span class='ocrx_word' id='word_1_43' title='bbox 1055 739 1101 792; x_wconf 88' lang='lat' dir='ltr'><strong>si</strong></span> <span class='ocrx_word' id='word_1_44' title='bbox 1143 749 1324 791; x_wconf 90' lang='lat' dir='ltr'><strong>tamen</strong></span> <span class='ocrx_word' id='word_1_45' title='bbox 1358 744 1441 790; x_wconf 91' lang='lat' dir='ltr'><strong>est</strong></span> <span class='ocrx_word' id='word_1_46' title='bbox 1473 734 1753 805; x_wconf 85' lang='lat' dir='ltr'><strong>quodlibet</strong></span> 
     </span>
    </p>
   </div>
   <div class='ocr_carea' id='block_1_9' title="bbox 181 824 1751 905">
    <p class='ocr_par' dir='ltr' id='par_1_9' title="bbox 181 824 1751 905">
     <span class='ocr_line' id='line_1_9' title="bbox 181 824 1751 905; baseline -0.007 -16"><span class='ocrx_word' id='word_1_47' title='bbox 181 850 329 905; x_wconf 89' lang='lat' dir='ltr'><strong>opus,</strong></span> <span class='ocrx_word' id='word_1_48' title='bbox 362 833 505 902; x_wconf 91' lang='lat' dir='ltr'><strong>quod</strong></span> <span class='ocrx_word' id='word_1_49' title='bbox 551 830 661 885; x_wconf 87' lang='lat' dir='ltr'><strong>liat.</strong></span> <span class='ocrx_word' id='word_1_50' title='bbox 705 828 833 884; x_wconf 86' lang='lat' dir='ltr'><strong>Post</strong></span> <span class='ocrx_word' id='word_1_51' title='bbox 874 842 1071 881; x_wconf 91' lang='lat' dir='ltr'><strong>nonam</strong></span> <span class='ocrx_word' id='word_1_52' title='bbox 1101 827 1298 880; x_wconf 89' lang='lat' dir='ltr'><strong>iterum</strong></span> <span class='ocrx_word' id='word_1_53' title='bbox 1327 840 1499 894; x_wconf 91' lang='lat' dir='ltr'><strong>usque</strong></span> <span class='ocrx_word' id='word_1_54' title='bbox 1527 824 1594 878; x_wconf 91' lang='lat' dir='ltr'><strong>ad</strong></span> <span class='ocrx_word' id='word_1_55' title='bbox 1621 825 1751 879; x_wconf 90' lang='lat' dir='ltr'><strong>duo-</strong></span> 
     </span>
    </p>
   </div>
   <div class='ocr_carea' id='block_1_10' title="bbox 181 915 1749 993">
    <p class='ocr_par' dir='ltr' id='par_1_10' title="bbox 181 915 1749 993">
     <span class='ocr_line' id='line_1_10' title="bbox 181 915 1749 993; baseline -0.008 -11"><span class='ocrx_word' id='word_1_56' title='bbox 181 927 435 982; x_wconf 85' lang='lat' dir='ltr'><strong>decimam</strong></span> <span class='ocrx_word' id='word_1_57' title='bbox 465 924 676 993; x_wconf 87' lang='lat' dir='ltr'><strong>legant;</strong></span> <span class='ocrx_word' id='word_1_58' title='bbox 702 936 731 974; x_wconf 92' lang='lat' dir='ltr'><strong>a</strong></span> <span class='ocrx_word' id='word_1_59' title='bbox 761 919 1076 974; x_wconf 89' lang='lat' dir='ltr'><strong>duodecima</strong></span> <span class='ocrx_word' id='word_1_60' title='bbox 1099 917 1466 973; x_wconf 54' lang='lat' dir='ltr'><strong>meditemur!l</strong></span> <span class='ocrx_word' id='word_1_61' title='bbox 1490 930 1659 985; x_wconf 89' lang='lat' dir='ltr'><strong>usque</strong></span> <span class='ocrx_word' id='word_1_62' title='bbox 1682 915 1749 970; x_wconf 87' lang='lat' dir='ltr'><strong>ad</strong></span> 
     </span>
    </p>
   </div>
   <div class='ocr_carea' id='block_1_11' title="bbox 182 1007 1751 1087">
    <p class='ocr_par' dir='ltr' id='par_1_11' title="bbox 182 1007 1751 1087">
     <span class='ocr_line' id='line_1_11' title="bbox 182 1007 1751 1087; baseline -0.006 -18"><span class='ocrx_word' id='word_1_63' title='bbox 182 1029 477 1087; x_wconf 78' lang='lat' dir='ltr'><strong>vesperam.</strong></span> <span class='ocrx_word' id='word_1_64' title='bbox 509 1012 589 1067; x_wconf 83' lang='lat' dir='ltr'><strong>Ad</strong></span> <span class='ocrx_word' id='word_1_65' title='bbox 620 1025 782 1082; x_wconf 81' lang='lat' dir='ltr'><strong>opera</strong></span> <span class='ocrx_word' id='word_1_66' title='bbox 812 1026 933 1065; x_wconf 90' lang='lat' dir='ltr'><strong>cum</strong></span> <span class='ocrx_word' id='word_1_67' title='bbox 964 1009 1234 1081; x_wconf 89' lang='lat' dir='ltr'><strong>egressuri</strong></span> <span class='ocrx_word' id='word_1_68' title='bbox 1282 1015 1406 1063; x_wconf 90' lang='lat' dir='ltr'><strong>sunt</strong></span> <span class='ocrx_word' id='word_1_69' title='bbox 1449 1007 1751 1062; x_wconf 89' lang='lat' dir='ltr'><strong>orationem</strong></span> 
     </span>
    </p>
   </div>
   <div class='ocr_carea' id='block_1_12' title="bbox 185 1099 1754 1170">
    <p class='ocr_par' dir='ltr' id='par_1_12' title="bbox 185 1099 1754 1170">
     <span class='ocr_line' id='line_1_12' title="bbox 185 1099 1754 1170; baseline -0.006 -8"><span class='ocrx_word' id='word_1_70' title='bbox 185 1107 369 1162; x_wconf 81' lang='lat' dir='ltr'><strong>facturi</strong></span> <span class='ocrx_word' id='word_1_71' title='bbox 397 1105 625 1160; x_wconf 86' lang='lat' dir='ltr'><strong>invicem</strong></span> <span class='ocrx_word' id='word_1_72' title='bbox 665 1101 1024 1157; x_wconf 88' lang='lat' dir='ltr'><strong>conveniant:</strong></span> <span class='ocrx_word' id='word_1_73' title='bbox 1066 1116 1171 1170; x_wconf 89' lang='lat' dir='ltr'><strong>qua</strong></span> <span class='ocrx_word' id='word_1_74' title='bbox 1209 1100 1495 1169; x_wconf 89' lang='lat' dir='ltr'><strong>completa,</strong></span> <span class='ocrx_word' id='word_1_75' title='bbox 1532 1099 1754 1170; x_wconf 82' lang='lat' dir='ltr'><strong>incipiat</strong></span> 
     </span>
    </p>
   </div>
   <div class='ocr_carea' id='block_1_13' title="bbox 184 1189 1754 1268">
    <p class='ocr_par' dir='ltr' id='par_1_13' title="bbox 184 1189 1754 1268">
     <span class='ocr_line' id='line_1_13' title="bbox 184 1189 1754 1268; baseline -0.004 -17"><span class='ocrx_word' id='word_1_76' title='bbox 184 1197 493 1268; x_wconf 68' lang='lat' dir='ltr'><strong>praepositus</strong></span> <span class='ocrx_word' id='word_1_77' title='bbox 529 1194 826 1264; x_wconf 85' lang='lat' dir='ltr'><strong>psalmum,</strong></span> <span class='ocrx_word' id='word_1_78' title='bbox 872 1200 927 1247; x_wconf 87' lang='lat' dir='ltr'><strong>et</strong></span> <span class='ocrx_word' id='word_1_79' title='bbox 968 1193 1048 1246; x_wconf 91' lang='lat' dir='ltr'><strong>sic</strong></span> <span class='ocrx_word' id='word_1_80' title='bbox 1085 1194 1378 1247; x_wconf 82' lang='lat' dir='ltr'><strong>recitantes</strong></span> <span class='ocrx_word' id='word_1_81' title='bbox 1414 1198 1642 1262; x_wconf 82' lang='lat' dir='ltr'><strong>pergant</strong></span> <span class='ocrx_word' id='word_1_82' title='bbox 1685 1189 1754 1244; x_wconf 90' lang='lat' dir='ltr'><strong>ad</strong></span> 
     </span>
    </p>
   </div>
   <div class='ocr_carea' id='block_1_14' title="bbox 184 1280 1754 1355">
    <p class='ocr_par' dir='ltr' id='par_1_14' title="bbox 184 1280 1754 1355">
     <span class='ocr_line' id='line_1_14' title="bbox 184 1280 1754 1355; baseline -0.004 -13"><span class='ocrx_word' id='word_1_83' title='bbox 184 1286 561 1355; x_wconf 86' lang='lat' dir='ltr'><strong>operationem.</strong></span> <span class='ocrx_word' id='word_1_84' title='bbox 589 1283 722 1337; x_wconf 89' lang='lat' dir='ltr'><strong>Cum</strong></span> <span class='ocrx_word' id='word_1_85' title='bbox 751 1290 1078 1351; x_wconf 85' lang='lat' dir='ltr'><strong>operantur,</strong></span> <span class='ocrx_word' id='word_1_86' title='bbox 1124 1296 1231 1335; x_wconf 92' lang='lat' dir='ltr'><strong>non</strong></span> <span class='ocrx_word' id='word_1_87' title='bbox 1277 1280 1421 1335; x_wconf 90' lang='lat' dir='ltr'><strong>inter</strong></span> <span class='ocrx_word' id='word_1_88' title='bbox 1452 1295 1511 1336; x_wconf 87' lang='lat' dir='ltr'><strong>se</strong></span> <span class='ocrx_word' id='word_1_89' title='bbox 1543 1280 1754 1336; x_wconf 78' lang='lat' dir='ltr'><strong>fabulas</strong></span> 
     </span>
    </p>
   </div>
   <div class='ocr_carea' id='block_1_15' title="bbox 183 1374 1756 1443">
    <p class='ocr_par' dir='ltr' id='par_1_15' title="bbox 183 1374 1756 1443">
     <span class='ocr_line' id='line_1_15' title="bbox 183 1374 1756 1443; baseline -0.003 -11"><span class='ocrx_word' id='word_1_90' title='bbox 183 1378 262 1433; x_wconf 85' lang='lat' dir='ltr'><strong>vel</strong></span> <span class='ocrx_word' id='word_1_91' title='bbox 289 1377 581 1432; x_wconf 87' lang='lat' dir='ltr'><strong>cachinnos</strong></span> <span class='ocrx_word' id='word_1_92' title='bbox 611 1381 916 1438; x_wconf 88' lang='lat' dir='ltr'><strong>conserant,</strong></span> <span class='ocrx_word' id='word_1_93' title='bbox 947 1375 1064 1429; x_wconf 83' lang='lat' dir='ltr'><strong>sive</strong></span> <span class='ocrx_word' id='word_1_94' title='bbox 1100 1374 1473 1439; x_wconf 81' lang='lat' dir='ltr'><strong>luxurientur;</strong></span> <span class='ocrx_word' id='word_1_95' title='bbox 1507 1374 1602 1429; x_wconf 91' lang='lat' dir='ltr'><strong>sed</strong></span> <span class='ocrx_word' id='word_1_96' title='bbox 1626 1390 1756 1443; x_wconf 89' lang='lat' dir='ltr'><strong>ope-</strong></span> 
     </span>
    </p>
   </div>
   <div class='ocr_carea' id='block_1_16' title="bbox 185 1468 1752 1538">
    <p class='ocr_par' dir='ltr' id='par_1_16' title="bbox 185 1468 1752 1538">
     <span class='ocr_line' id='line_1_16' title="bbox 185 1468 1752 1538; baseline 0 -15"><span class='ocrx_word' id='word_1_97' title='bbox 185 1478 361 1523; x_wconf 88' lang='lat' dir='ltr'><strong>rantes</strong></span> <span class='ocrx_word' id='word_1_98' title='bbox 403 1469 545 1522; x_wconf 87' lang='lat' dir='ltr'><strong>intra</strong></span> <span class='ocrx_word' id='word_1_99' title='bbox 594 1482 653 1522; x_wconf 91' lang='lat' dir='ltr'><strong>se</strong></span> <span class='ocrx_word' id='word_1_100' title='bbox 691 1468 922 1522; x_wconf 88' lang='lat' dir='ltr'><strong>recitent</strong></span> <span class='ocrx_word' id='word_1_101' title='bbox 945 1468 1116 1533; x_wconf 90' lang='lat' dir='ltr'><strong>taciti,</strong></span> <span class='ocrx_word' id='word_1_102' title='bbox 1153 1477 1246 1522; x_wconf 91' lang='lat' dir='ltr'><strong>aut</strong></span> <span class='ocrx_word' id='word_1_103' title='bbox 1275 1468 1506 1538; x_wconf 89' lang='lat' dir='ltr'><strong>psallant</strong></span> <span class='ocrx_word' id='word_1_104' title='bbox 1533 1468 1752 1537; x_wconf 86' lang='lat' dir='ltr'><strong>aliquid,</strong></span> 
     </span>
    </p>
   </div>
   <div class='ocr_carea' id='block_1_17' title="bbox 185 1557 1301 1626">
    <p class='ocr_par' dir='ltr' id='par_1_17' title="bbox 185 1557 1301 1626">
     <span class='ocr_line' id='line_1_17' title="bbox 185 1557 1301 1626; baseline 0.001 -13"><span class='ocrx_word' id='word_1_105' title='bbox 185 1566 274 1613; x_wconf 84' lang='lat' dir='ltr'><strong>aut</strong></span> <span class='ocrx_word' id='word_1_106' title='bbox 294 1559 526 1613; x_wconf 85' lang='lat' dir='ltr'><strong>recitent</strong></span> <span class='ocrx_word' id='word_1_107' title='bbox 543 1557 765 1626; x_wconf 88' lang='lat' dir='ltr'><strong>pariter,</strong></span> <span class='ocrx_word' id='word_1_108' title='bbox 793 1567 887 1612; x_wconf 89' lang='lat' dir='ltr'><strong>aut</strong></span> <span class='ocrx_word' id='word_1_109' title='bbox 910 1567 1059 1612; x_wconf 91' lang='lat' dir='ltr'><strong>certe</strong></span> <span class='ocrx_word' id='word_1_110' title='bbox 1084 1558 1301 1614; x_wconf 87' lang='lat' dir='ltr'><strong>sileant.</strong></span> 
     </span>
    </p>
   </div>
   <div class='ocr_carea' id='block_1_18' title="bbox 235 1649 1703 1723">
    <p class='ocr_par' dir='ltr' id='par_1_18' title="bbox 235 1649 1703 1723">
     <span class='ocr_line' id='line_1_18' title="bbox 235 1649 1703 1723; baseline -0.001 -18"><span class='ocrx_word' id='word_1_111' title='bbox 235 1652 260 1721; x_wconf 84' lang='lat'>§</span> <span class='ocrx_word' id='word_1_112' title='bbox 284 1650 422 1705; x_wconf 80' lang='lat' dir='ltr'><strong>XIX.</strong></span> <span class='ocrx_word' id='word_1_113' title='bbox 452 1680 523 1690; x_wconf 95' lang='lat'><strong>—</strong></span> <span class='ocrx_word' id='word_1_114' title='bbox 546 1649 624 1704; x_wconf 87' lang='lat' dir='ltr'><strong>Ex</strong></span> <span class='ocrx_word' id='word_1_115' title='bbox 653 1650 872 1705; x_wconf 61' lang='grc' dir='ltr'><strong>[ἱερου</strong></span> <span class='ocrx_word' id='word_1_116' title='bbox 897 1664 1087 1705; x_wconf 74' lang='lat' dir='ltr'><strong>SANCTI</strong></span> <span class='ocrx_word' id='word_1_117' title='bbox 1118 1650 1390 1706; x_wconf 76' lang='lat' dir='ltr'><strong>Fenaeou</strong></span> <span class='ocrx_word' id='word_1_118' title='bbox 1420 1651 1557 1723; x_wconf 80' lang='lat' dir='ltr'><strong>(cap.</strong></span> <span class='ocrx_word' id='word_1_119' title='bbox 1588 1650 1703 1723; x_wconf 72' lang='lat'><strong>26).</strong></span> 
     </span>
    </p>
   </div>
   <div class='ocr_carea' id='block_1_19' title="bbox 254 1738 1757 1808">
    <p class='ocr_par' dir='ltr' id='par_1_19' title="bbox 254 1738 1757 1808">
     <span class='ocr_line' id='line_1_19' title="bbox 254 1738 1757 1808; baseline -0.001 -14"><span class='ocrx_word' id='word_1_120' title='bbox 254 1739 281 1777; x_wconf 73' lang='grc' dir='ltr'>δ</span> <span class='ocrx_word' id='word_1_121' title='bbox 317 1738 383 1794; x_wconf 88' lang='lat' dir='ltr'><strong>Ut</strong></span> <span class='ocrx_word' id='word_1_122' title='bbox 420 1751 589 1807; x_wconf 87' lang='lat' dir='ltr'><strong>usque</strong></span> <span class='ocrx_word' id='word_1_123' title='bbox 612 1738 680 1791; x_wconf 92' lang='lat' dir='ltr'><strong>ad</strong></span> <span class='ocrx_word' id='word_1_124' title='bbox 709 1738 898 1792; x_wconf 87' lang='lat' dir='ltr'><strong>horam</strong></span> <span class='ocrx_word' id='word_1_125' title='bbox 928 1738 1032 1793; x_wconf 89' lang='lat' dir='ltr'><strong>diei</strong></span> <span class='ocrx_word' id='word_1_126' title='bbox 1082 1740 1297 1794; x_wconf 81' lang='lat' dir='ltr'><strong>tertiam</strong></span> <span class='ocrx_word' id='word_1_127' title='bbox 1332 1740 1479 1793; x_wconf 92' lang='lat' dir='ltr'><strong>omni</strong></span> <span class='ocrx_word' id='word_1_128' title='bbox 1517 1748 1757 1808; x_wconf 87' lang='lat' dir='ltr'><strong>tempore</strong></span> 
     </span>
    </p>
   </div>
   <div class='ocr_carea' id='block_1_20' title="bbox 1852 556 3429 626">
    <p class='ocr_par' dir='ltr' id='par_1_20' title="bbox 1852 556 3429 626">
     <span class='ocr_line' id='line_1_20' title="bbox 1852 556 3429 626; baseline 0 -15"><span class='ocrx_word' id='word_1_129' title='bbox 1852 574 1971 612; x_wconf 90' lang='lat' dir='ltr'><strong>cum</strong></span> <span class='ocrx_word' id='word_1_130' title='bbox 2004 556 2266 611; x_wconf 80' lang='lat' dir='ltr'><strong>fructibus</strong></span> <span class='ocrx_word' id='word_1_131' title='bbox 2308 572 2607 611; x_wconf 88' lang='lat' dir='ltr'><strong>messuram</strong></span> <span class='ocrx_word' id='word_1_132' title='bbox 2638 556 2753 624; x_wconf 87' lang='lat' dir='ltr'><strong>ejus</strong></span> <span class='ocrx_word' id='word_1_133' title='bbox 2792 560 3045 613; x_wconf 85' lang='lat' dir='ltr'><strong>evaserit.</strong></span> <span class='ocrx_word' id='word_1_134' title='bbox 3086 557 3199 614; x_wconf 86' lang='lat' dir='ltr'><strong>Hoc</strong></span> <span class='ocrx_word' id='word_1_135' title='bbox 3227 573 3355 626; x_wconf 79' lang='lat' dir='ltr'><strong>ergo</strong></span> <span class='ocrx_word' id='word_1_136' title='bbox 3382 559 3429 612; x_wconf 89' lang='lat' dir='ltr'><strong>si</strong></span> 
     </span>
    </p>
   </div>
   <div class='ocr_carea' id='block_1_21' title="bbox 1853 646 3431 721">
    <p class='ocr_par' dir='ltr' id='par_1_21' title="bbox 1853 646 3431 721">
     <span class='ocr_line' id='line_1_21' title="bbox 1853 646 3431 721; baseline 0.003 -20"><span class='ocrx_word' id='word_1_137' title='bbox 1853 646 2016 701; x_wconf 89' lang='lat' dir='ltr'><strong>etiam</strong></span> <span class='ocrx_word' id='word_1_138' title='bbox 2048 663 2077 700; x_wconf 88' lang='lat' dir='ltr'><strong>a</strong></span> <span class='ocrx_word' id='word_1_139' title='bbox 2112 648 2409 713; x_wconf 84' lang='lat' dir='ltr'><strong>monachis,</strong></span> <span class='ocrx_word' id='word_1_140' title='bbox 2442 649 2533 717; x_wconf 88' lang='lat' dir='ltr'><strong>qui</strong></span> <span class='ocrx_word' id='word_1_141' title='bbox 2572 650 2720 718; x_wconf 81' lang='lat' dir='ltr'><strong>Operi</strong></span> <span class='ocrx_word' id='word_1_142' title='bbox 2751 650 3038 717; x_wconf 91' lang='lat' dir='ltr'><strong>insistunt,</strong></span> <span class='ocrx_word' id='word_1_143' title='bbox 3085 660 3146 705; x_wconf 92' lang='lat' dir='ltr'><strong>ut</strong></span> <span class='ocrx_word' id='word_1_144' title='bbox 3187 654 3431 721; x_wconf 87' lang='lat' dir='ltr'><strong>superius</strong></span> 
     </span>
    </p>
   </div>
   <div class='ocr_carea' id='block_1_22' title="bbox 1853 732 3429 813">
    <p class='ocr_par' dir='ltr' id='par_1_22' title="bbox 1853 732 3429 813">
     <span class='ocr_line' id='line_1_22' title="bbox 1853 732 3429 813; baseline 0.002 -20"><span class='ocrx_word' id='word_1_145' title='bbox 1853 738 2111 802; x_wconf 77' lang='lat' dir='ltr'><strong>diximus,</strong></span> <span class='ocrx_word' id='word_1_146' title='bbox 2144 739 2304 794; x_wconf 83' lang='lat' dir='ltr'><strong>fuerit</strong></span> <span class='ocrx_word' id='word_1_147' title='bbox 2333 732 2698 805; x_wconf 89' lang='lat' dir='ltr'><strong>observatum,</strong></span> <span class='ocrx_word' id='word_1_148' title='bbox 2726 756 2832 796; x_wconf 90' lang='lat' dir='ltr'><strong>non</strong></span> <span class='ocrx_word' id='word_1_149' title='bbox 2869 753 3026 798; x_wconf 89' lang='lat' dir='ltr'><strong>erunt</strong></span> <span class='ocrx_word' id='word_1_150' title='bbox 3049 744 3429 813; x_wconf 87' lang='lat' dir='ltr'><strong>pronuntiandi</strong></span> 
     </span>
    </p>
   </div>
   <div class='ocr_carea' id='block_1_23' title="bbox 1854 830 3289 902">
    <p class='ocr_par' dir='ltr' id='par_1_23' title="bbox 1854 830 3289 902">
     <span class='ocr_line' id='line_1_23' title="bbox 1854 830 3289 902; baseline 0.003 -18"><span class='ocrx_word' id='word_1_151' title='bbox 1854 844 1953 898; x_wconf 87' lang='lat' dir='ltr'><strong>pro</strong></span> <span class='ocrx_word' id='word_1_152' title='bbox 1986 840 2008 868; x_wconf 75' lang='grc' dir='ltr'>ε</span> <span class='ocrx_word' id='word_1_153' title='bbox 2041 831 2360 900; x_wconf 89' lang='lat' dir='ltr'><strong>compendio</strong></span> <span class='ocrx_word' id='word_1_154' title='bbox 2383 832 2563 899; x_wconf 88' lang='lat' dir='ltr'><strong>operis</strong></span> <span class='ocrx_word' id='word_1_155' title='bbox 2598 830 2813 902; x_wconf 65' lang='lat' dir='ltr'><strong>Regulae</strong></span> <span class='ocrx_word' id='word_1_156' title='bbox 2842 840 3289 902; x_wconf 81' lang='lat' dir='ltr'><strong>transgressores.</strong></span> 
     </span>
    </p>
   </div>
   <div class='ocr_carea' id='block_1_24' title="bbox 2262 920 2997 991">
    <p class='ocr_par' dir='ltr' id='par_1_24' title="bbox 2262 920 2997 991">
     <span class='ocr_line' id='line_1_24' title="bbox 2262 920 2997 991; baseline -0.001 -15"><span class='ocrx_word' id='word_1_157' title='bbox 2262 921 2289 991; x_wconf 65' lang='grc' dir='ltr'><strong>,ξ</strong></span> <span class='ocrx_word' id='word_1_158' title='bbox 2318 921 2435 976; x_wconf 75' lang='lat' dir='ltr'><strong>XX.</strong></span> <span class='ocrx_word' id='word_1_159' title='bbox 2462 950 2534 961; x_wconf 89' lang='grc'><strong>--</strong></span> <span class='ocrx_word' id='word_1_160' title='bbox 2554 920 2689 975; x_wconf 82' lang='lat' dir='ltr'><strong>Item</strong></span> <span class='ocrx_word' id='word_1_161' title='bbox 2717 921 2854 991; x_wconf 85' lang='lat' dir='ltr'><strong>(cap.</strong></span> <span class='ocrx_word' id='word_1_162' title='bbox 2885 923 2997 991; x_wconf 75' lang='grc'><strong>28).</strong></span> 
     </span>
    </p>
   </div>
   <div class='ocr_carea' id='block_1_25' title="bbox 1926 1010 3425 1080">
    <p class='ocr_par' dir='ltr' id='par_1_25' title="bbox 1926 1010 3425 1080">
     <span class='ocr_line' id='line_1_25' title="bbox 1926 1010 3425 1080; baseline 0.003 -17"><span class='ocrx_word' id='word_1_163' title='bbox 1926 1010 2242 1066; x_wconf 87' lang='lat' dir='ltr'><strong>Monachum</strong></span> <span class='ocrx_word' id='word_1_164' title='bbox 2287 1011 2494 1080; x_wconf 84' lang='lat' dir='ltr'><strong>absque</strong></span> <span class='ocrx_word' id='word_1_165' title='bbox 2531 1012 2696 1066; x_wconf 88' lang='lat' dir='ltr'><strong>certis</strong></span> <span class='ocrx_word' id='word_1_166' title='bbox 2725 1011 3173 1077; x_wconf 76' lang='lat' dir='ltr'><strong>solemnitatibus,</strong></span> <span class='ocrx_word' id='word_1_167' title='bbox 3199 1015 3285 1067; x_wconf 85' lang='lat' dir='ltr'><strong>vel</strong></span> <span class='ocrx_word' id='word_1_168' title='bbox 3313 1030 3425 1068; x_wconf 76' lang='lat' dir='ltr'><strong>ma-</strong></span> 
     </span>
    </p>
   </div>
   <div class='ocr_carea' id='block_1_26' title="bbox 1857 1101 3432 1172">
    <p class='ocr_par' dir='ltr' id='par_1_26' title="bbox 1857 1101 3432 1172">
     <span class='ocr_line' id='line_1_26' title="bbox 1857 1101 3432 1172; baseline 0.003 -17"><span class='ocrx_word' id='word_1_169' title='bbox 1857 1101 2049 1156; x_wconf 81' lang='lat' dir='ltr'><strong>nifesta</strong></span> <span class='ocrx_word' id='word_1_170' title='bbox 2068 1101 2389 1170; x_wconf 80' lang='lat' dir='ltr'><strong>:egritudiue</strong></span> <span class='ocrx_word' id='word_1_171' title='bbox 2407 1101 2547 1156; x_wconf 89' lang='lat' dir='ltr'><strong>diem</strong></span> <span class='ocrx_word' id='word_1_172' title='bbox 2569 1101 2685 1156; x_wconf 89' lang='lat' dir='ltr'><strong>sine</strong></span> <span class='ocrx_word' id='word_1_173' title='bbox 2710 1103 3023 1170; x_wconf 87' lang='lat' dir='ltr'><strong>operatione</strong></span> <span class='ocrx_word' id='word_1_174' title='bbox 3049 1104 3432 1172; x_wconf 87' lang='lat' dir='ltr'><strong>trausigentem</strong></span> 
     </span>
    </p>
   </div>
   <div class='ocr_carea' id='block_1_27' title="bbox 1858 1191 3435 1262">
    <p class='ocr_par' dir='ltr' id='par_1_27' title="bbox 1858 1191 3435 1262">
     <span class='ocr_line' id='line_1_27' title="bbox 1858 1191 3435 1262; baseline 0.002 -17"><span class='ocrx_word' id='word_1_175' title='bbox 1858 1207 1888 1245; x_wconf 92' lang='lat' dir='ltr'><strong>a</strong></span> <span class='ocrx_word' id='word_1_176' title='bbox 1917 1191 2163 1246; x_wconf 83' lang='lat' dir='ltr'><strong>convivio</strong></span> <span class='ocrx_word' id='word_1_177' title='bbox 2203 1191 2543 1245; x_wconf 83' lang='lat' dir='ltr'><strong>decernimus</strong></span> <span class='ocrx_word' id='word_1_178' title='bbox 2586 1192 2978 1247; x_wconf 82' lang='lat' dir='ltr'><strong>excludendum</strong></span> <span class='ocrx_word' id='word_1_179' title='bbox 3017 1193 3240 1262; x_wconf 88' lang='lat' dir='ltr'><strong>jubente</strong></span> <span class='ocrx_word' id='word_1_180' title='bbox 3279 1194 3435 1248; x_wconf 88' lang='lat' dir='ltr'><strong>beato</strong></span> 
     </span>
    </p>
   </div>
   <div class='ocr_carea' id='block_1_28' title="bbox 1856 1276 3433 1351">
    <p class='ocr_par' dir='ltr' id='par_1_28' title="bbox 1856 1276 3433 1351">
     <span class='ocr_line' id='line_1_28' title="bbox 1856 1276 3433 1351; baseline 0.001 -16"><span class='ocrx_word' id='word_1_181' title='bbox 1856 1279 2142 1350; x_wconf 81' lang='lat' dir='ltr'><strong>Apostolo:</strong></span> <span class='ocrx_word' id='word_1_182' title='bbox 2175 1276 2195 1317; x_wconf 69' lang='grc' dir='ltr'><strong><em>ἲ</em></strong></span> <span class='ocrx_word' id='word_1_183' title='bbox 2220 1278 2322 1344; x_wconf 80' lang='lat' dir='ltr'><strong>Qui</strong></span> <span class='ocrx_word' id='word_1_184' title='bbox 2348 1296 2450 1332; x_wconf 86' lang='lat' dir='ltr'><strong>non</strong></span> <span class='ocrx_word' id='word_1_185' title='bbox 2479 1279 2705 1344; x_wconf 81' lang='lat' dir='ltr'><strong>laborat,</strong></span> <span class='ocrx_word' id='word_1_186' title='bbox 2729 1297 2831 1334; x_wconf 86' lang='lat' dir='ltr'><strong>non</strong></span> <span class='ocrx_word' id='word_1_187' title='bbox 2852 1282 3127 1335; x_wconf 81' lang='lat' dir='ltr'><strong>manducet</strong></span> <span class='ocrx_word' id='word_1_188' title='bbox 3142 1281 3231 1351; x_wconf 86' lang='grc' dir='ltr'><strong>(ΙΙ</strong></span> <span class='ocrx_word' id='word_1_189' title='bbox 3254 1281 3433 1336; x_wconf 78' lang='lat' dir='ltr'><strong>Thess.</strong></span> 
     </span>
    </p>
   </div>
   <div class='ocr_carea' id='block_1_29' title="bbox 1858 1369 3438 1443">
    <p class='ocr_par' dir='ltr' id='par_1_29' title="bbox 1858 1369 3438 1443">
     <span class='ocr_line' id='line_1_29' title="bbox 1858 1369 3438 1443; baseline 0.001 -19"><span class='ocrx_word' id='word_1_190' title='bbox 1858 1369 1963 1440; x_wconf 83' lang='lat' dir='ltr'><strong>ut).</strong></span> <span class='ocrx_word' id='word_1_191' title='bbox 1998 1369 2291 1424; x_wconf 90' lang='lat' dir='ltr'><strong>Sccuturas</strong></span> <span class='ocrx_word' id='word_1_192' title='bbox 2333 1377 2512 1424; x_wconf 90' lang='lat' dir='ltr'><strong>tamen</strong></span> <span class='ocrx_word' id='word_1_193' title='bbox 2541 1370 2914 1443; x_wconf 84' lang='lat' dir='ltr'><strong>excusationes</strong></span> <span class='ocrx_word' id='word_1_194' title='bbox 2952 1371 3217 1427; x_wconf 81' lang='lat' dir='ltr'><strong>inutilium</strong></span> <span class='ocrx_word' id='word_1_195' title='bbox 3245 1374 3438 1442; x_wconf 60' lang='lat' dir='ltr'><strong>praevi-</strong></span> 
     </span>
    </p>
   </div>
   <div class='ocr_carea' id='block_1_30' title="bbox 1858 1459 3438 1529">
    <p class='ocr_par' dir='ltr' id='par_1_30' title="bbox 1858 1459 3438 1529">
     <span class='ocr_line' id='line_1_30' title="bbox 1858 1459 3438 1529; baseline 0 -15"><span class='ocrx_word' id='word_1_196' title='bbox 1858 1460 2066 1523; x_wconf 87' lang='lat' dir='ltr'><strong>demus,</strong></span> <span class='ocrx_word' id='word_1_197' title='bbox 2100 1466 2154 1514; x_wconf 92' lang='lat' dir='ltr'><strong>et</strong></span> <span class='ocrx_word' id='word_1_198' title='bbox 2179 1467 2463 1529; x_wconf 87' lang='lat' dir='ltr'><strong>propterea</strong></span> <span class='ocrx_word' id='word_1_199' title='bbox 2495 1459 2711 1513; x_wconf 89' lang='lat' dir='ltr'><strong>modum</strong></span> <span class='ocrx_word' id='word_1_200' title='bbox 2738 1460 2988 1528; x_wconf 90' lang='lat' dir='ltr'><strong>ponimus</strong></span> <span class='ocrx_word' id='word_1_201' title='bbox 3016 1461 3224 1516; x_wconf 89' lang='lat' dir='ltr'><strong>otiosis.</strong></span> <span class='ocrx_word' id='word_1_202' title='bbox 3253 1461 3438 1516; x_wconf 89' lang='lat' dir='ltr'><strong>Dictu-</strong></span> 
     </span>
    </p>
   </div>
   <div class='ocr_carea' id='block_1_31' title="bbox 1859 1548 3434 1621">
    <p class='ocr_par' dir='ltr' id='par_1_31' title="bbox 1859 1548 3434 1621">
     <span class='ocr_line' id='line_1_31' title="bbox 1859 1548 3434 1621; baseline 0.002 -17"><span class='ocrx_word' id='word_1_203' title='bbox 1859 1565 1950 1604; x_wconf 89' lang='lat' dir='ltr'><strong>rus</strong></span> <span class='ocrx_word' id='word_1_204' title='bbox 1974 1557 2057 1604; x_wconf 89' lang='lat' dir='ltr'><strong>est</strong></span> <span class='ocrx_word' id='word_1_205' title='bbox 2084 1549 2226 1602; x_wconf 88' lang='lat' dir='ltr'><strong>enim</strong></span> <span class='ocrx_word' id='word_1_206' title='bbox 2255 1564 2393 1602; x_wconf 88' lang='lat' dir='ltr'><strong>unus</strong></span> <span class='ocrx_word' id='word_1_207' title='bbox 2419 1564 2483 1603; x_wconf 82' lang='lat' dir='ltr'><strong>ex</strong></span> <span class='ocrx_word' id='word_1_208' title='bbox 2507 1548 2706 1604; x_wconf 88' lang='lat' dir='ltr'><strong>talibus</strong></span> <span class='ocrx_word' id='word_1_209' title='bbox 2732 1566 2744 1601; x_wconf 93' lang='lat'><strong>:</strong></span> <span class='ocrx_word' id='word_1_210' title='bbox 2786 1549 2898 1620; x_wconf 88' lang='lat' dir='ltr'><strong>Ego</strong></span> <span class='ocrx_word' id='word_1_211' title='bbox 2932 1566 3037 1604; x_wconf 92' lang='lat' dir='ltr'><strong>non</strong></span> <span class='ocrx_word' id='word_1_212' title='bbox 3066 1567 3286 1621; x_wconf 91' lang='lat' dir='ltr'><strong>possum</strong></span> <span class='ocrx_word' id='word_1_213' title='bbox 3311 1566 3434 1621; x_wconf 89' lang='lat' dir='ltr'><strong>ope—</strong></span> 
     </span>
    </p>
   </div>
   <div class='ocr_carea' id='block_1_32' title="bbox 1859 1637 3436 1710">
    <p class='ocr_par' dir='ltr' id='par_1_32' title="bbox 1859 1637 3436 1710">
     <span class='ocr_line' id='line_1_32' title="bbox 1859 1637 3436 1710; baseline 0.003 -16"><span class='ocrx_word' id='word_1_214' title='bbox 1859 1641 1991 1704; x_wconf 87' lang='lat' dir='ltr'><strong>rari,</strong></span> <span class='ocrx_word' id='word_1_215' title='bbox 2021 1640 2147 1710; x_wconf 86' lang='lat' dir='ltr'><strong>quia</strong></span> <span class='ocrx_word' id='word_1_216' title='bbox 2178 1639 2378 1694; x_wconf 82' lang='lat' dir='ltr'><strong>amisso</strong></span> <span class='ocrx_word' id='word_1_217' title='bbox 2407 1639 2598 1694; x_wconf 90' lang='lat' dir='ltr'><strong>robore</strong></span> <span class='ocrx_word' id='word_1_218' title='bbox 2635 1637 2936 1708; x_wconf 77' lang='lat' dir='ltr'><strong>iuventutis</strong></span> <span class='ocrx_word' id='word_1_219' title='bbox 2973 1657 3092 1697; x_wconf 90' lang='lat' dir='ltr'><strong>sum</strong></span> <span class='ocrx_word' id='word_1_220' title='bbox 3140 1645 3209 1697; x_wconf 90' lang='lat' dir='ltr'><strong>ad</strong></span> <span class='ocrx_word' id='word_1_221' title='bbox 3254 1644 3436 1698; x_wconf 90' lang='lat' dir='ltr'><strong>omnia</strong></span> 
     </span>
    </p>
   </div>
   <div class='ocr_carea' id='block_1_33' title="bbox 1858 1729 3437 1803">
    <p class='ocr_par' dir='ltr' id='par_1_33' title="bbox 1858 1729 3437 1803">
     <span class='ocr_line' id='line_1_33' title="bbox 1858 1729 3437 1803; baseline 0.002 -18"><span class='ocrx_word' id='word_1_222' title='bbox 1858 1745 2021 1786; x_wconf 89' lang='lat' dir='ltr'><strong>senex</strong></span> <span class='ocrx_word' id='word_1_223' title='bbox 2050 1730 2333 1785; x_wconf 89' lang='lat' dir='ltr'><strong>invalidus.</strong></span> <span class='ocrx_word' id='word_1_224' title='bbox 2356 1729 2537 1785; x_wconf 90' lang='lat' dir='ltr'><strong>Alius:</strong></span> <span class='ocrx_word' id='word_1_225' title='bbox 2570 1729 2753 1799; x_wconf 89' lang='lat' dir='ltr'><strong>Neque</strong></span> <span class='ocrx_word' id='word_1_226' title='bbox 2780 1747 2880 1802; x_wconf 92' lang='lat' dir='ltr'><strong>ego</strong></span> <span class='ocrx_word' id='word_1_227' title='bbox 2900 1746 3137 1802; x_wconf 91' lang='lat' dir='ltr'><strong>possum,</strong></span> <span class='ocrx_word' id='word_1_228' title='bbox 3166 1734 3294 1803; x_wconf 85' lang='lat' dir='ltr'><strong>quia</strong></span> <span class='ocrx_word' id='word_1_229' title='bbox 3317 1749 3437 1789; x_wconf 90' lang='lat' dir='ltr'><strong>sum</strong></span> 
     </span>
    </p>
   </div>
   <div class='ocr_carea' id='block_1_34' title="bbox 186 1818 3437 1901">
    <p class='ocr_par' dir='ltr' id='par_1_34' title="bbox 186 1818 3437 1901">
     <span class='ocr_line' id='line_1_34' title="bbox 186 1818 3437 1901; baseline 0.002 -29"><span class='ocrx_word' id='word_1_230' title='bbox 186 1831 394 1885; x_wconf 61' lang='lat' dir='ltr'><strong>lectioni</strong></span> <span class='ocrx_word' id='word_1_231' title='bbox 424 1829 716 1885; x_wconf 76' lang='lat' dir='ltr'><strong>monachus</strong></span> <span class='ocrx_word' id='word_1_232' title='bbox 747 1839 855 1884; x_wconf 65' lang='lat' dir='ltr'><strong>tam</strong></span> <span class='ocrx_word' id='word_1_233' title='bbox 877 1832 1059 1885; x_wconf 72' lang='lat' dir='ltr'><strong>senior</strong></span> <span class='ocrx_word' id='word_1_234' title='bbox 1076 1847 1241 1901; x_wconf 75' lang='lat' dir='ltr'><strong>quam</strong></span> <span class='ocrx_word' id='word_1_235' title='bbox 1267 1840 1543 1887; x_wconf 68' lang='lat' dir='ltr'><strong>extremus</strong></span> <span class='ocrx_word' id='word_1_236' title='bbox 1563 1847 1759 1887; x_wconf 74' lang='lat' dir='ltr'><strong>vacare</strong></span> <span class='ocrx_word' id='word_1_237' title='bbox 1785 1835 1833 1893; x_wconf 78' lang='grc' dir='ltr'>Β</span> <span class='ocrx_word' id='word_1_238' title='bbox 1861 1820 2171 1875; x_wconf 83' lang='lat' dir='ltr'><strong>inﬁrmitate</strong></span> <span class='ocrx_word' id='word_1_239' title='bbox 2210 1818 2322 1887; x_wconf 87' lang='lat' dir='ltr'><strong>jam</strong></span> <span class='ocrx_word' id='word_1_240' title='bbox 2367 1820 2589 1876; x_wconf 84' lang='lat' dir='ltr'><strong>fractus.</strong></span> <span class='ocrx_word' id='word_1_241' title='bbox 2644 1822 2895 1877; x_wconf 88' lang='lat' dir='ltr'><strong>Dicturus</strong></span> <span class='ocrx_word' id='word_1_242' title='bbox 2932 1823 3096 1878; x_wconf 89' lang='lat' dir='ltr'><strong>etiam</strong></span> <span class='ocrx_word' id='word_1_243' title='bbox 3132 1825 3326 1880; x_wconf 88' lang='lat' dir='ltr'><strong>tertius</strong></span> <span class='ocrx_word' id='word_1_244' title='bbox 3367 1826 3437 1895; x_wconf 74' lang='grc' dir='ltr'><strong>(εἰ</strong></span> 
     </span>
    </p>
   </div>
   <div class='ocr_carea' id='block_1_35' title="bbox 186 1923 1759 1995">
    <p class='ocr_par' dir='ltr' id='par_1_35' title="bbox 186 1923 1759 1995">
     <span class='ocr_line' id='line_1_35' title="bbox 186 1923 1759 1995; baseline 0.002 -20"><span class='ocrx_word' id='word_1_245' title='bbox 186 1932 452 1995; x_wconf 62' lang='lat' dir='ltr'><strong>procuret.</strong></span> <span class='ocrx_word' id='word_1_246' title='bbox 487 1923 554 1978; x_wconf 84' lang='lat' dir='ltr'><strong>Et</strong></span> <span class='ocrx_word' id='word_1_247' title='bbox 595 1924 674 1979; x_wconf 91' lang='lat' dir='ltr'><strong>sic</strong></span> <span class='ocrx_word' id='word_1_248' title='bbox 702 1924 919 1978; x_wconf 90' lang='lat' dir='ltr'><strong>demum</strong></span> <span class='ocrx_word' id='word_1_249' title='bbox 961 1924 1014 1978; x_wconf 89' lang='lat' dir='ltr'><strong>iu</strong></span> <span class='ocrx_word' id='word_1_250' title='bbox 1042 1924 1248 1993; x_wconf 84' lang='lat' dir='ltr'><strong>reliqua</strong></span> <span class='ocrx_word' id='word_1_251' title='bbox 1275 1933 1429 1995; x_wconf 90' lang='lat' dir='ltr'><strong>parte</strong></span> <span class='ocrx_word' id='word_1_252' title='bbox 1461 1925 1564 1980; x_wconf 91' lang='lat' dir='ltr'><strong>diei</strong></span> <span class='ocrx_word' id='word_1_253' title='bbox 1596 1926 1759 1995; x_wconf 88' lang='lat' dir='ltr'><strong>depu-</strong></span> 
     </span>
    </p>
   </div>
   <div class='ocr_carea' id='block_1_36' title="bbox 190 2015 1758 2087">
    <p class='ocr_par' dir='ltr' id='par_1_36' title="bbox 190 2015 1758 2087">
     <span class='ocr_line' id='line_1_36' title="bbox 190 2015 1758 2087; baseline 0.001 -19"><span class='ocrx_word' id='word_1_254' title='bbox 190 2016 280 2068; x_wconf 89' lang='lat' dir='ltr'><strong>tati</strong></span> <span class='ocrx_word' id='word_1_255' title='bbox 322 2015 501 2081; x_wconf 86' lang='lat' dir='ltr'><strong>operis</strong></span> <span class='ocrx_word' id='word_1_256' title='bbox 545 2030 674 2069; x_wconf 91' lang='lat' dir='ltr'><strong>cura</strong></span> <span class='ocrx_word' id='word_1_257' title='bbox 721 2015 978 2070; x_wconf 87' lang='lat' dir='ltr'><strong>succedat</strong></span> <span class='ocrx_word' id='word_1_258' title='bbox 1017 2024 1216 2085; x_wconf 69' lang='lat' dir='ltr'><strong>prmter</strong></span> <span class='ocrx_word' id='word_1_259' title='bbox 1252 2025 1486 2087; x_wconf 63' lang='lat' dir='ltr'><strong>aegrotos</strong></span> <span class='ocrx_word' id='word_1_260' title='bbox 1518 2024 1758 2081; x_wconf 90' lang='lat' dir='ltr'><strong>tantum,</strong></span> 
     </span>
    </p>
   </div>
   <div class='ocr_carea' id='block_1_37' title="bbox 189 2103 1762 2175">
    <p class='ocr_par' dir='ltr' id='par_1_37' title="bbox 189 2103 1762 2175">
     <span class='ocr_line' id='line_1_37' title="bbox 189 2103 1762 2175; baseline 0.001 -19"><span class='ocrx_word' id='word_1_261' title='bbox 189 2105 381 2173; x_wconf 87' lang='lat' dir='ltr'><strong>quibus</strong></span> <span class='ocrx_word' id='word_1_262' title='bbox 417 2103 617 2172; x_wconf 87' lang='lat' dir='ltr'><strong>imponi</strong></span> <span class='ocrx_word' id='word_1_263' title='bbox 663 2103 766 2158; x_wconf 91' lang='lat' dir='ltr'><strong>hoc</strong></span> <span class='ocrx_word' id='word_1_264' title='bbox 809 2120 968 2174; x_wconf 87' lang='lat' dir='ltr'><strong>supra</strong></span> <span class='ocrx_word' id='word_1_265' title='bbox 1002 2106 1278 2175; x_wconf 87' lang='lat' dir='ltr'><strong>propriam</strong></span> <span class='ocrx_word' id='word_1_266' title='bbox 1312 2105 1646 2160; x_wconf 83' lang='lat' dir='ltr'><strong>voluntatem</strong></span> <span class='ocrx_word' id='word_1_267' title='bbox 1677 2105 1762 2160; x_wconf 87' lang='lat' dir='ltr'><strong>vel</strong></span> 
     </span>
    </p>
   </div>
   <div class='ocr_carea' id='block_1_38' title="bbox 186 2190 1759 2263">
    <p class='ocr_par' dir='ltr' id='par_1_38' title="bbox 186 2190 1759 2263">
     <span class='ocr_line' id='line_1_38' title="bbox 186 2190 1759 2263; baseline 0.003 -20"><span class='ocrx_word' id='word_1_268' title='bbox 186 2191 364 2260; x_wconf 85' lang='lat' dir='ltr'><strong>potius</strong></span> <span class='ocrx_word' id='word_1_269' title='bbox 387 2190 641 2244; x_wconf 83' lang='lat' dir='ltr'><strong>virtutem</strong></span> <span class='ocrx_word' id='word_1_270' title='bbox 681 2192 983 2247; x_wconf 88' lang='lat' dir='ltr'><strong>communis</strong></span> <span class='ocrx_word' id='word_1_271' title='bbox 1013 2191 1298 2248; x_wconf 69' lang='lat' dir='ltr'><strong>infirmitas</strong></span> <span class='ocrx_word' id='word_1_272' title='bbox 1333 2208 1439 2249; x_wconf 90' lang='lat' dir='ltr'><strong>non</strong></span> <span class='ocrx_word' id='word_1_273' title='bbox 1478 2195 1759 2263; x_wconf 88' lang='lat' dir='ltr'><strong>permittit.</strong></span> 
     </span>
    </p>
   </div>
   <div class='ocr_carea' id='block_1_39' title="bbox 188 2279 1765 2353">
    <p class='ocr_par' dir='ltr' id='par_1_39' title="bbox 188 2279 1765 2353">
     <span class='ocr_line' id='line_1_39' title="bbox 188 2279 1765 2353; baseline 0.004 -20"><span class='ocrx_word' id='word_1_274' title='bbox 188 2280 321 2334; x_wconf 86' lang='lat' dir='ltr'><strong>Nam</strong></span> <span class='ocrx_word' id='word_1_275' title='bbox 351 2290 403 2334; x_wconf 91' lang='lat' dir='ltr'><strong>et</strong></span> <span class='ocrx_word' id='word_1_276' title='bbox 439 2279 493 2336; x_wconf 93' lang='lat' dir='ltr'><strong>hi</strong></span> <span class='ocrx_word' id='word_1_277' title='bbox 523 2280 718 2350; x_wconf 85' lang='lat' dir='ltr'><strong>quibus</strong></span> <span class='ocrx_word' id='word_1_278' title='bbox 747 2279 1017 2336; x_wconf 86' lang='lat' dir='ltr'><strong>fructuum</strong></span> <span class='ocrx_word' id='word_1_279' title='bbox 1061 2282 1479 2350; x_wconf 80' lang='lat' dir='ltr'><strong>colligendorum</strong></span> <span class='ocrx_word' id='word_1_280' title='bbox 1520 2290 1765 2353; x_wconf 87' lang='lat' dir='ltr'><strong>tempore</strong></span> 
     </span>
    </p>
   </div>
   <div class='ocr_carea' id='block_1_40' title="bbox 189 2368 1764 2439">
    <p class='ocr_par' dir='ltr' id='par_1_40' title="bbox 189 2368 1764 2439">
     <span class='ocr_line' id='line_1_40' title="bbox 189 2368 1764 2439; baseline 0.003 -18"><span class='ocrx_word' id='word_1_281' title='bbox 189 2368 352 2423; x_wconf 74' lang='lat' dir='ltr'><strong>fuerit</strong></span> <span class='ocrx_word' id='word_1_282' title='bbox 376 2370 443 2421; x_wconf 89' lang='lat' dir='ltr'><strong>ab</strong></span> <span class='ocrx_word' id='word_1_283' title='bbox 480 2369 672 2423; x_wconf 78' lang='lat' dir='ltr'><strong>abbate</strong></span> <span class='ocrx_word' id='word_1_284' title='bbox 701 2369 1045 2439; x_wconf 85' lang='lat' dir='ltr'><strong>imperatum,</strong></span> <span class='ocrx_word' id='word_1_285' title='bbox 1089 2378 1146 2425; x_wconf 90' lang='lat' dir='ltr'><strong>ut</strong></span> <span class='ocrx_word' id='word_1_286' title='bbox 1180 2372 1458 2427; x_wconf 89' lang='lat' dir='ltr'><strong>matutinis</strong></span> <span class='ocrx_word' id='word_1_287' title='bbox 1488 2372 1637 2427; x_wconf 91' lang='lat' dir='ltr'><strong>horis</strong></span> <span class='ocrx_word' id='word_1_288' title='bbox 1661 2370 1764 2426; x_wconf 92' lang='lat' dir='ltr'><strong>ali-</strong></span> 
     </span>
    </p>
   </div>
   <div class='ocr_carea' id='block_1_41' title="bbox 187 2459 1762 2531">
    <p class='ocr_par' dir='ltr' id='par_1_41' title="bbox 187 2459 1762 2531">
     <span class='ocr_line' id='line_1_41' title="bbox 187 2459 1762 2531; baseline 0.003 -19"><span class='ocrx_word' id='word_1_289' title='bbox 187 2461 317 2529; x_wconf 88' lang='lat' dir='ltr'><strong>quid</strong></span> <span class='ocrx_word' id='word_1_290' title='bbox 347 2461 428 2514; x_wconf 86' lang='lat' dir='ltr'><strong>vel</strong></span> <span class='ocrx_word' id='word_1_291' title='bbox 458 2459 657 2515; x_wconf 90' lang='lat' dir='ltr'><strong>laboris</strong></span> <span class='ocrx_word' id='word_1_292' title='bbox 684 2470 994 2525; x_wconf 85' lang='lat' dir='ltr'><strong>exerceant,</strong></span> <span class='ocrx_word' id='word_1_293' title='bbox 1021 2462 1122 2516; x_wconf 90' lang='lat' dir='ltr'><strong>hac</strong></span> <span class='ocrx_word' id='word_1_294' title='bbox 1140 2462 1259 2531; x_wconf 83' lang='lat' dir='ltr'><strong>lege</strong></span> <span class='ocrx_word' id='word_1_295' title='bbox 1279 2477 1384 2516; x_wconf 91' lang='lat' dir='ltr'><strong>non</strong></span> <span class='ocrx_word' id='word_1_296' title='bbox 1407 2463 1762 2528; x_wconf 88' lang='lat' dir='ltr'><strong>tenebuntur;</strong></span> 
     </span>
    </p>
   </div>
   <div class='ocr_carea' id='block_1_42' title="bbox 188 2552 1768 2625">
    <p class='ocr_par' dir='ltr' id='par_1_42' title="bbox 188 2552 1768 2625">
     <span class='ocr_line' id='line_1_42' title="bbox 188 2552 1768 2625; baseline 0.001 -18"><span class='ocrx_word' id='word_1_297' title='bbox 188 2568 365 2622; x_wconf 89' lang='lat' dir='ltr'><strong>neque</strong></span> <span class='ocrx_word' id='word_1_298' title='bbox 395 2552 520 2607; x_wconf 90' lang='lat' dir='ltr'><strong>huic</strong></span> <span class='ocrx_word' id='word_1_299' title='bbox 549 2553 846 2609; x_wconf 78' lang='lat' dir='ltr'><strong>deﬁnitioni</strong></span> <span class='ocrx_word' id='word_1_300' title='bbox 885 2556 1216 2625; x_wconf 86' lang='lat' dir='ltr'><strong>putabuntur</strong></span> <span class='ocrx_word' id='word_1_301' title='bbox 1248 2554 1525 2610; x_wconf 85' lang='lat' dir='ltr'><strong>exstitisse</strong></span> <span class='ocrx_word' id='word_1_302' title='bbox 1556 2562 1768 2609; x_wconf 88' lang='lat' dir='ltr'><strong>contra-</strong></span> 
     </span>
    </p>
   </div>
   <div class='ocr_carea' id='block_1_43' title="bbox 190 2646 1761 2717">
    <p class='ocr_par' dir='ltr' id='par_1_43' title="bbox 190 2646 1761 2717">
     <span class='ocr_line' id='line_1_43' title="bbox 190 2646 1761 2717; baseline -0.002 -16"><span class='ocrx_word' id='word_1_303' title='bbox 190 2647 282 2711; x_wconf 90' lang='lat' dir='ltr'><strong>rii,</strong></span> <span class='ocrx_word' id='word_1_304' title='bbox 312 2660 433 2700; x_wconf 89' lang='lat' dir='ltr'><strong>cum</strong></span> <span class='ocrx_word' id='word_1_305' title='bbox 465 2647 722 2717; x_wconf 84' lang='lat' dir='ltr'><strong>imperata</strong></span> <span class='ocrx_word' id='word_1_306' title='bbox 752 2647 852 2701; x_wconf 88' lang='lat' dir='ltr'><strong>sibi</strong></span> <span class='ocrx_word' id='word_1_307' title='bbox 882 2646 1130 2701; x_wconf 87' lang='lat' dir='ltr'><strong>utilitatis</strong></span> <span class='ocrx_word' id='word_1_308' title='bbox 1165 2660 1327 2700; x_wconf 87' lang='lat' dir='ltr'><strong>causa</strong></span> <span class='ocrx_word' id='word_1_309' title='bbox 1358 2646 1761 2716; x_wconf 84' lang='lat' dir='ltr'><strong>compleverint.</strong></span> 
     </span>
    </p>
   </div>
   <div class='ocr_carea' id='block_1_44' title="bbox 186 2726 1767 2807">
    <p class='ocr_par' dir='ltr' id='par_1_44' title="bbox 186 2726 1767 2807">
     <span class='ocr_line' id='line_1_44' title="bbox 186 2726 1767 2807; baseline -0.001 -16"><span class='ocrx_word' id='word_1_310' title='bbox 186 2736 401 2791; x_wconf 81' lang='lat' dir='ltr'><strong>Etenim</strong></span> <span class='ocrx_word' id='word_1_311' title='bbox 424 2738 590 2791; x_wconf 90' lang='lat' dir='ltr'><strong>moris</strong></span> <span class='ocrx_word' id='word_1_312' title='bbox 611 2726 692 2791; x_wconf 79' lang='lat' dir='ltr'><strong>est</strong></span> <span class='ocrx_word' id='word_1_313' title='bbox 714 2736 1158 2807; x_wconf 85' lang='lat' dir='ltr'><strong>agricolis,utvix</strong></span> <span class='ocrx_word' id='word_1_314' title='bbox 1184 2735 1393 2791; x_wconf 88' lang='lat' dir='ltr'><strong>reddito</strong></span> <span class='ocrx_word' id='word_1_315' title='bbox 1416 2735 1590 2789; x_wconf 91' lang='lat' dir='ltr'><strong>adhuc</strong></span> <span class='ocrx_word' id='word_1_316' title='bbox 1610 2749 1767 2789; x_wconf 88' lang='lat' dir='ltr'><strong>mane</strong></span> 
     </span>
    </p>
   </div>
   <div class='ocr_carea' id='block_1_45' title="bbox 190 2825 1767 2881">
    <p class='ocr_par' dir='ltr' id='par_1_45' title="bbox 190 2825 1767 2881">
     <span class='ocr_line' id='line_1_45' title="bbox 190 2825 1767 2881; baseline -0.002 0"><span class='ocrx_word' id='word_1_317' title='bbox 190 2827 345 2881; x_wconf 78' lang='lat' dir='ltr'><strong>arida</strong></span> <span class='ocrx_word' id='word_1_318' title='bbox 382 2826 646 2880; x_wconf 81' lang='lat' dir='ltr'><strong>frumenta</strong></span> <span class='ocrx_word' id='word_1_319' title='bbox 688 2842 794 2880; x_wconf 88' lang='lat' dir='ltr'><strong>non</strong></span> <span class='ocrx_word' id='word_1_320' title='bbox 821 2827 922 2880; x_wconf 89' lang='lat' dir='ltr'><strong>nisi</strong></span> <span class='ocrx_word' id='word_1_321' title='bbox 954 2827 1180 2881; x_wconf 89' lang='lat' dir='ltr'><strong>deciduo</strong></span> <span class='ocrx_word' id='word_1_322' title='bbox 1217 2826 1429 2880; x_wconf 89' lang='lat' dir='ltr'><strong>madida</strong></span> <span class='ocrx_word' id='word_1_323' title='bbox 1469 2825 1609 2879; x_wconf 80' lang='lat' dir='ltr'><strong>facta</strong></span> <span class='ocrx_word' id='word_1_324' title='bbox 1646 2840 1767 2879; x_wconf 90' lang='lat' dir='ltr'><strong>rore</strong></span> 
     </span>
    </p>
   </div>
   <div class='ocr_carea' id='block_1_46' title="bbox 189 2915 1769 2987">
    <p class='ocr_par' dir='ltr' id='par_1_46' title="bbox 189 2915 1769 2987">
     <span class='ocr_line' id='line_1_46' title="bbox 189 2915 1769 2987; baseline 0.001 -17"><span class='ocrx_word' id='word_1_325' title='bbox 189 2916 494 2980; x_wconf 85' lang='lat' dir='ltr'><strong>succidant,</strong></span> <span class='ocrx_word' id='word_1_326' title='bbox 523 2924 582 2969; x_wconf 90' lang='lat' dir='ltr'><strong>ut</strong></span> <span class='ocrx_word' id='word_1_327' title='bbox 608 2916 781 2971; x_wconf 66' lang='lat' dir='ltr'><strong>laetam</strong></span> <span class='ocrx_word' id='word_1_328' title='bbox 811 2917 989 2971; x_wconf 90' lang='lat' dir='ltr'><strong>minus</strong></span> <span class='ocrx_word' id='word_1_329' title='bbox 1029 2925 1264 2987; x_wconf 78' lang='lat' dir='ltr'><strong>segetem</strong></span> <span class='ocrx_word' id='word_1_330' title='bbox 1309 2915 1518 2971; x_wconf 81' lang='lat' dir='ltr'><strong>facilius</strong></span> <span class='ocrx_word' id='word_1_331' title='bbox 1547 2916 1769 2971; x_wconf 80' lang='lat' dir='ltr'><strong>fervori-</strong></span> 
     </span>
    </p>
   </div>
   <div class='ocr_carea' id='block_1_47' title="bbox 188 3007 1765 3077">
    <p class='ocr_par' dir='ltr' id='par_1_47' title="bbox 188 3007 1765 3077">
     <span class='ocr_line' id='line_1_47' title="bbox 188 3007 1765 3077; baseline 0.001 -16"><span class='ocrx_word' id='word_1_332' title='bbox 188 3007 294 3062; x_wconf 89' lang='lat' dir='ltr'><strong>bus</strong></span> <span class='ocrx_word' id='word_1_333' title='bbox 316 3007 710 3062; x_wconf 87' lang='lat' dir='ltr'><strong>insecutoribus</strong></span> <span class='ocrx_word' id='word_1_334' title='bbox 731 3007 983 3077; x_wconf 89' lang='lat' dir='ltr'><strong>eripiant,</strong></span> <span class='ocrx_word' id='word_1_335' title='bbox 1001 3009 1126 3061; x_wconf 91' lang='lat' dir='ltr'><strong>dum</strong></span> <span class='ocrx_word' id='word_1_336' title='bbox 1149 3008 1201 3061; x_wconf 91' lang='lat' dir='ltr'><strong>in</strong></span> <span class='ocrx_word' id='word_1_337' title='bbox 1223 3007 1443 3062; x_wconf 79' lang='lat' dir='ltr'><strong>exordio</strong></span> <span class='ocrx_word' id='word_1_338' title='bbox 1459 3007 1561 3061; x_wconf 90' lang='lat' dir='ltr'><strong>diei</strong></span> <span class='ocrx_word' id='word_1_339' title='bbox 1584 3008 1765 3063; x_wconf 84' lang='lat' dir='ltr'><strong>blandi</strong></span> 
     </span>
    </p>
   </div>
   <div class='ocr_carea' id='block_1_48' title="bbox 188 3091 1768 3162">
    <p class='ocr_par' dir='ltr' id='par_1_48' title="bbox 188 3091 1768 3162">
     <span class='ocr_line' id='line_1_48' title="bbox 188 3091 1768 3162; baseline 0 -14"><span class='ocrx_word' id='word_1_340' title='bbox 188 3092 339 3148; x_wconf 82' lang='lat' dir='ltr'><strong>aeris</strong></span> <span class='ocrx_word' id='word_1_341' title='bbox 366 3100 788 3161; x_wconf 83' lang='lat' dir='ltr'><strong>temperamenta</strong></span> <span class='ocrx_word' id='word_1_342' title='bbox 824 3092 1150 3147; x_wconf 88' lang='lat' dir='ltr'><strong>custodiunt.</strong></span> <span class='ocrx_word' id='word_1_343' title='bbox 1178 3103 1201 3131; x_wconf 77' lang='grc' dir='ltr'><strong>ο</strong></span> <span class='ocrx_word' id='word_1_344' title='bbox 1232 3091 1385 3162; x_wconf 73' lang='lat' dir='ltr'><strong>Szepe</strong></span> <span class='ocrx_word' id='word_1_345' title='bbox 1413 3093 1556 3147; x_wconf 90' lang='lat' dir='ltr'><strong>enim</strong></span> <span class='ocrx_word' id='word_1_346' title='bbox 1592 3108 1658 3147; x_wconf 83' lang='lat' dir='ltr'><strong>ex</strong></span> <span class='ocrx_word' id='word_1_347' title='bbox 1690 3094 1768 3148; x_wconf 90' lang='lat' dir='ltr'><strong>in-</strong></span> 
     </span>
    </p>
   </div>
   <div class='ocr_carea' id='block_1_49' title="bbox 1859 1908 3443 1985">
    <p class='ocr_par' dir='ltr' id='par_1_49' title="bbox 1859 1908 3443 1985">
     <span class='ocr_line' id='line_1_49' title="bbox 1859 1908 3443 1985; baseline 0.004 -22"><span class='ocrx_word' id='word_1_348' title='bbox 1859 1909 2098 1980; x_wconf 90' lang='lat' dir='ltr'><strong>potuerit</strong></span> <span class='ocrx_word' id='word_1_349' title='bbox 2128 1908 2415 1979; x_wconf 87' lang='lat' dir='ltr'><strong>inveniri):</strong></span> <span class='ocrx_word' id='word_1_350' title='bbox 2451 1909 2568 1964; x_wconf 83' lang='lat' dir='ltr'><strong>Non</strong></span> <span class='ocrx_word' id='word_1_351' title='bbox 2606 1926 2825 1980; x_wconf 91' lang='lat' dir='ltr'><strong>possum</strong></span> <span class='ocrx_word' id='word_1_352' title='bbox 2851 1914 3014 1967; x_wconf 89' lang='lat' dir='ltr'><strong>etiam</strong></span> <span class='ocrx_word' id='word_1_353' title='bbox 3045 1930 3173 1984; x_wconf 83' lang='lat' dir='ltr'><strong>ego,</strong></span> <span class='ocrx_word' id='word_1_354' title='bbox 3208 1916 3332 1985; x_wconf 85' lang='lat' dir='ltr'><strong>quia</strong></span> <span class='ocrx_word' id='word_1_355' title='bbox 3365 1917 3443 1971; x_wconf 92' lang='lat' dir='ltr'><strong>la-</strong></span> 
     </span>
    </p>
   </div>
   <div class='ocr_carea' id='block_1_50' title="bbox 1860 1999 3441 2076">
    <p class='ocr_par' dir='ltr' id='par_1_50' title="bbox 1860 1999 3441 2076">
     <span class='ocr_line' id='line_1_50' title="bbox 1860 1999 3441 2076; baseline 0.005 -23"><span class='ocrx_word' id='word_1_356' title='bbox 1860 2000 2053 2054; x_wconf 89' lang='lat' dir='ltr'><strong>borum</strong></span> <span class='ocrx_word' id='word_1_357' title='bbox 2078 2014 2164 2053; x_wconf 91' lang='lat' dir='ltr'><strong>me</strong></span> <span class='ocrx_word' id='word_1_358' title='bbox 2207 1999 2496 2054; x_wconf 86' lang='lat' dir='ltr'><strong>assiduitas</strong></span> <span class='ocrx_word' id='word_1_359' title='bbox 2537 2001 2821 2067; x_wconf 54' lang='lat' dir='ltr'><strong>contrivit,</strong></span> <span class='ocrx_word' id='word_1_360' title='bbox 2868 2003 3122 2058; x_wconf 89' lang='lat' dir='ltr'><strong>itinerum</strong></span> <span class='ocrx_word' id='word_1_361' title='bbox 3166 2005 3441 2076; x_wconf 80' lang='lat' dir='ltr'><strong>longitudo</strong></span> 
     </span>
    </p>
   </div>
   <div class='ocr_carea' id='block_1_51' title="bbox 1862 2086 3442 2157">
    <p class='ocr_par' dir='ltr' id='par_1_51' title="bbox 1862 2086 3442 2157">
     <span class='ocr_line' id='line_1_51' title="bbox 1862 2086 3442 2157; baseline 0.006 -15"><span class='ocrx_word' id='word_1_362' title='bbox 1862 2088 2156 2157; x_wconf 87' lang='lat' dir='ltr'><strong>quassavit,</strong></span> <span class='ocrx_word' id='word_1_363' title='bbox 2171 2086 2541 2143; x_wconf 81' lang='lat' dir='ltr'><strong>fortitudinem</strong></span> <span class='ocrx_word' id='word_1_364' title='bbox 2565 2090 2698 2145; x_wconf 90' lang='lat' dir='ltr'><strong>mihi</strong></span> <span class='ocrx_word' id='word_1_365' title='bbox 2721 2091 2945 2146; x_wconf 89' lang='lat' dir='ltr'><strong>abstulit</strong></span> <span class='ocrx_word' id='word_1_366' title='bbox 2966 2094 3270 2151; x_wconf 90' lang='lat' dir='ltr'><strong>sollicitudo</strong></span> <span class='ocrx_word' id='word_1_367' title='bbox 3292 2112 3442 2151; x_wconf 88' lang='lat' dir='ltr'><strong>com-</strong></span> 
     </span>
    </p>
   </div>
   <div class='ocr_carea' id='block_1_52' title="bbox 1862 2179 3443 2259">
    <p class='ocr_par' dir='ltr' id='par_1_52' title="bbox 1862 2179 3443 2259">
     <span class='ocr_line' id='line_1_52' title="bbox 1862 2179 3443 2259; baseline 0.008 -26"><span class='ocrx_word' id='word_1_368' title='bbox 1862 2179 2050 2243; x_wconf 88' lang='lat' dir='ltr'><strong>missa,</strong></span> <span class='ocrx_word' id='word_1_369' title='bbox 2079 2179 2333 2234; x_wconf 85' lang='lat' dir='ltr'><strong>virtutem</strong></span> <span class='ocrx_word' id='word_1_370' title='bbox 2383 2195 2558 2235; x_wconf 88' lang='lat' dir='ltr'><strong>meam</strong></span> <span class='ocrx_word' id='word_1_371' title='bbox 2593 2183 2734 2237; x_wconf 88' lang='lat' dir='ltr'><strong>actio</strong></span> <span class='ocrx_word' id='word_1_372' title='bbox 2776 2184 3095 2254; x_wconf 84' lang='lat' dir='ltr'><strong>exspoliavit</strong></span> <span class='ocrx_word' id='word_1_373' title='bbox 3143 2188 3443 2259; x_wconf 87' lang='lat' dir='ltr'><strong>imposita?</strong></span> 
     </span>
    </p>
   </div>
   <div class='ocr_carea' id='block_1_53' title="bbox 1865 2268 3444 2339">
    <p class='ocr_par' dir='ltr' id='par_1_53' title="bbox 1865 2268 3444 2339">
     <span class='ocr_line' id='line_1_53' title="bbox 1865 2268 3444 2339; baseline 0.008 -14"><span class='ocrx_word' id='word_1_374' title='bbox 1865 2268 1973 2325; x_wconf 85' lang='lat' dir='ltr'><strong>Sed</strong></span> <span class='ocrx_word' id='word_1_375' title='bbox 2021 2269 2104 2323; x_wconf 91' lang='lat' dir='ltr'><strong>his</strong></span> <span class='ocrx_word' id='word_1_376' title='bbox 2151 2270 2305 2339; x_wconf 91' lang='lat' dir='ltr'><strong>quasi</strong></span> <span class='ocrx_word' id='word_1_377' title='bbox 2355 2272 2664 2327; x_wconf 89' lang='lat' dir='ltr'><strong>contrarius</strong></span> <span class='ocrx_word' id='word_1_378' title='bbox 2712 2288 2891 2329; x_wconf 89' lang='lat' dir='ltr'><strong>sermo</strong></span> <span class='ocrx_word' id='word_1_379' title='bbox 2934 2278 3159 2334; x_wconf 88' lang='lat' dir='ltr'><strong>rationis</strong></span> <span class='ocrx_word' id='word_1_380' title='bbox 3192 2291 3444 2337; x_wconf 90' lang='lat' dir='ltr'><strong>occurrat</strong></span> 
     </span>
    </p>
   </div>
   <div class='ocr_carea' id='block_1_54' title="bbox 1864 2362 3448 2435">
    <p class='ocr_par' dir='ltr' id='par_1_54' title="bbox 1864 2362 3448 2435">
     <span class='ocr_line' id='line_1_54' title="bbox 1864 2362 3448 2435; baseline 0.01 -20"><span class='ocrx_word' id='word_1_381' title='bbox 1864 2362 2148 2417; x_wconf 89' lang='lat' dir='ltr'><strong>revincens</strong></span> <span class='ocrx_word' id='word_1_382' title='bbox 2172 2375 2267 2417; x_wconf 89' lang='lat' dir='ltr'><strong>eos</strong></span> <span class='ocrx_word' id='word_1_383' title='bbox 2305 2372 2360 2417; x_wconf 92' lang='lat' dir='ltr'><strong>et</strong></span> <span class='ocrx_word' id='word_1_384' title='bbox 2389 2362 2571 2417; x_wconf 89' lang='lat' dir='ltr'><strong>dicat:</strong></span> <span class='ocrx_word' id='word_1_385' title='bbox 2614 2364 2686 2420; x_wconf 89' lang='lat' dir='ltr'><strong>Ut</strong></span> <span class='ocrx_word' id='word_1_386' title='bbox 2724 2366 2846 2435; x_wconf 89' lang='lat' dir='ltr'><strong>quis</strong></span> <span class='ocrx_word' id='word_1_387' title='bbox 2881 2383 2987 2422; x_wconf 92' lang='lat' dir='ltr'><strong>non</strong></span> <span class='ocrx_word' id='word_1_388' title='bbox 3021 2370 3162 2426; x_wconf 90' lang='lat' dir='ltr'><strong>valet</strong></span> <span class='ocrx_word' id='word_1_389' title='bbox 3196 2373 3448 2431; x_wconf 86' lang='lat' dir='ltr'><strong>insistere</strong></span> 
     </span>
    </p>
   </div>
   <div class='ocr_carea' id='block_1_55' title="bbox 1865 2454 3447 2535">
    <p class='ocr_par' dir='ltr' id='par_1_55' title="bbox 1865 2454 3447 2535">
     <span class='ocr_line' id='line_1_55' title="bbox 1865 2454 3447 2535; baseline 0.007 -27"><span class='ocrx_word' id='word_1_390' title='bbox 1865 2454 2047 2523; x_wconf 90' lang='lat' dir='ltr'><strong>operi,</strong></span> <span class='ocrx_word' id='word_1_391' title='bbox 2097 2454 2187 2509; x_wconf 89' lang='lat' dir='ltr'><strong>det</strong></span> <span class='ocrx_word' id='word_1_392' title='bbox 2230 2455 2533 2525; x_wconf 88' lang='lat' dir='ltr'><strong>promptius</strong></span> <span class='ocrx_word' id='word_1_393' title='bbox 2577 2471 2797 2527; x_wconf 84' lang='lat' dir='ltr'><strong>Operam</strong></span> <span class='ocrx_word' id='word_1_394' title='bbox 2840 2459 3092 2516; x_wconf 88' lang='lat' dir='ltr'><strong>lectioni:</strong></span> <span class='ocrx_word' id='word_1_395' title='bbox 3139 2463 3447 2535; x_wconf 87' lang='lat' dir='ltr'><strong>quicunque</strong></span> 
     </span>
    </p>
   </div>
   <div class='ocr_carea' id='block_1_56' title="bbox 1866 2544 3445 2617">
    <p class='ocr_par' dir='ltr' id='par_1_56' title="bbox 1866 2544 3445 2617">
     <span class='ocr_line' id='line_1_56' title="bbox 1866 2544 3445 2617; baseline 0.004 -17"><span class='ocrx_word' id='word_1_396' title='bbox 1866 2560 2054 2617; x_wconf 81' lang='lat' dir='ltr'><strong>agrum</strong></span> <span class='ocrx_word' id='word_1_397' title='bbox 2084 2560 2188 2599; x_wconf 92' lang='lat' dir='ltr'><strong>non</strong></span> <span class='ocrx_word' id='word_1_398' title='bbox 2220 2544 2449 2610; x_wconf 86' lang='lat' dir='ltr'><strong>excolit,</strong></span> <span class='ocrx_word' id='word_1_399' title='bbox 2482 2546 2652 2601; x_wconf 87' lang='lat' dir='ltr'><strong>Deum</strong></span> <span class='ocrx_word' id='word_1_400' title='bbox 2691 2548 2975 2617; x_wconf 89' lang='lat' dir='ltr'><strong>dupliciter</strong></span> <span class='ocrx_word' id='word_1_401' title='bbox 3002 2550 3178 2616; x_wconf 89' lang='lat' dir='ltr'><strong>colat;</strong></span> <span class='ocrx_word' id='word_1_402' title='bbox 3218 2559 3274 2607; x_wconf 88' lang='lat' dir='ltr'><strong>et</strong></span> <span class='ocrx_word' id='word_1_403' title='bbox 3302 2552 3445 2607; x_wconf 92' lang='lat' dir='ltr'><strong>inter</strong></span> 
     </span>
    </p>
   </div>
   <div class='ocr_carea' id='block_1_57' title="bbox 1865 2636 3443 2712">
    <p class='ocr_par' dir='ltr' id='par_1_57' title="bbox 1865 2636 3443 2712">
     <span class='ocr_line' id='line_1_57' title="bbox 1865 2636 3443 2712; baseline 0.004 -21"><span class='ocrx_word' id='word_1_404' title='bbox 1865 2636 2103 2705; x_wconf 90' lang='lat' dir='ltr'><strong>reliquas</strong></span> <span class='ocrx_word' id='word_1_405' title='bbox 2134 2637 2296 2691; x_wconf 89' lang='lat' dir='ltr'><strong>etiam</strong></span> <span class='ocrx_word' id='word_1_406' title='bbox 2325 2637 2466 2692; x_wconf 90' lang='lat' dir='ltr'><strong>hanc</strong></span> <span class='ocrx_word' id='word_1_407' title='bbox 2496 2646 2703 2706; x_wconf 67' lang='lat' dir='ltr'><strong>quaerat</strong></span> <span class='ocrx_word' id='word_1_408' title='bbox 2736 2648 2927 2704; x_wconf 89' lang='lat' dir='ltr'><strong>artem,</strong></span> <span class='ocrx_word' id='word_1_409' title='bbox 2961 2649 3017 2694; x_wconf 91' lang='lat' dir='ltr'><strong>ut</strong></span> <span class='ocrx_word' id='word_1_410' title='bbox 3046 2642 3295 2710; x_wconf 78' lang='lat' dir='ltr'><strong>paginam</strong></span> <span class='ocrx_word' id='word_1_411' title='bbox 3326 2642 3443 2712; x_wconf 89' lang='lat' dir='ltr'><strong>pin-</strong></span> 
     </span>
    </p>
   </div>
   <div class='ocr_carea' id='block_1_58' title="bbox 1866 2726 3447 2802">
    <p class='ocr_par' dir='ltr' id='par_1_58' title="bbox 1866 2726 3447 2802">
     <span class='ocr_line' id='line_1_58' title="bbox 1866 2726 3447 2802; baseline 0.006 -24"><span class='ocrx_word' id='word_1_412' title='bbox 1866 2734 1956 2796; x_wconf 87' lang='lat' dir='ltr'><strong>gat</strong></span> <span class='ocrx_word' id='word_1_413' title='bbox 1983 2726 2171 2795; x_wconf 84' lang='lat' dir='ltr'><strong>digito,</strong></span> <span class='ocrx_word' id='word_1_414' title='bbox 2211 2726 2302 2795; x_wconf 89' lang='lat' dir='ltr'><strong>qui</strong></span> <span class='ocrx_word' id='word_1_415' title='bbox 2332 2734 2535 2780; x_wconf 90' lang='lat' dir='ltr'><strong>terram</strong></span> <span class='ocrx_word' id='word_1_416' title='bbox 2582 2743 2688 2782; x_wconf 91' lang='lat' dir='ltr'><strong>non</strong></span> <span class='ocrx_word' id='word_1_417' title='bbox 2717 2731 3018 2798; x_wconf 66' lang='lat' dir='ltr'><strong>praescribit</strong></span> <span class='ocrx_word' id='word_1_418' title='bbox 3059 2740 3271 2797; x_wconf 89' lang='lat' dir='ltr'><strong>aratro;</strong></span> <span class='ocrx_word' id='word_1_419' title='bbox 3319 2734 3447 2802; x_wconf 87' lang='lat' dir='ltr'><strong>quia</strong></span> 
     </span>
    </p>
   </div>
   <div class='ocr_carea' id='block_1_59' title="bbox 1865 2817 3444 2889">
    <p class='ocr_par' dir='ltr' id='par_1_59' title="bbox 1865 2817 3444 2889">
     <span class='ocr_line' id='line_1_59' title="bbox 1865 2817 3444 2889; baseline 0.004 -18"><span class='ocrx_word' id='word_1_420' title='bbox 1865 2817 1990 2887; x_wconf 90' lang='lat' dir='ltr'><strong>qui,</strong></span> <span class='ocrx_word' id='word_1_421' title='bbox 2038 2825 2099 2871; x_wconf 87' lang='lat' dir='ltr'><strong>ut</strong></span> <span class='ocrx_word' id='word_1_422' title='bbox 2123 2832 2285 2887; x_wconf 91' lang='lat' dir='ltr'><strong>supra</strong></span> <span class='ocrx_word' id='word_1_423' title='bbox 2331 2817 2594 2885; x_wconf 85' lang='lat' dir='ltr'><strong>diximus,</strong></span> <span class='ocrx_word' id='word_1_424' title='bbox 2624 2819 3005 2889; x_wconf 86' lang='lat' dir='ltr'><strong>agriculturam</strong></span> <span class='ocrx_word' id='word_1_425' title='bbox 3036 2836 3323 2878; x_wconf 59' lang='lat' dir='ltr'><strong>exercere“</strong></span> <span class='ocrx_word' id='word_1_426' title='bbox 3336 2838 3444 2878; x_wconf 91' lang='lat' dir='ltr'><strong>non</strong></span> 
     </span>
    </p>
   </div>
   <div class='ocr_carea' id='block_1_60' title="bbox 1865 2906 3444 2982">
    <p class='ocr_par' dir='ltr' id='par_1_60' title="bbox 1865 2906 3444 2982">
     <span class='ocr_line' id='line_1_60' title="bbox 1865 2906 3444 2982; baseline 0.004 -21"><span class='ocrx_word' id='word_1_427' title='bbox 1865 2906 2027 2972; x_wconf 88' lang='lat' dir='ltr'><strong>valet,</strong></span> <span class='ocrx_word' id='word_1_428' title='bbox 2056 2906 2250 2977; x_wconf 82' lang='lat' dir='ltr'><strong>legere,</strong></span> <span class='ocrx_word' id='word_1_429' title='bbox 2285 2908 2313 2947; x_wconf 74' lang='grc'><strong><em>⁸</em></strong></span> <span class='ocrx_word' id='word_1_430' title='bbox 2337 2908 2591 2970; x_wconf 73' lang='lat' dir='ltr'><strong>scribere,</strong></span> <span class='ocrx_word' id='word_1_431' title='bbox 2623 2907 2766 2977; x_wconf 90' lang='lat' dir='ltr'><strong>quod</strong></span> <span class='ocrx_word' id='word_1_432' title='bbox 2800 2917 2880 2963; x_wconf 89' lang='lat' dir='ltr'><strong>est</strong></span> <span class='ocrx_word' id='word_1_433' title='bbox 2906 2910 3235 2979; x_wconf 71' lang='lat' dir='ltr'><strong>prmcipuum</strong></span> <span class='ocrx_word' id='word_1_434' title='bbox 3273 2927 3409 2982; x_wconf 92' lang='lat' dir='ltr'><strong>opus</strong></span> <span class='ocrx_word' id='word_1_435' title='bbox 3429 2953 3444 2979; x_wconf 87' lang='lat'><strong>,</strong></span> 
     </span>
    </p>
   </div>
   <div class='ocr_carea' id='block_1_61' title="bbox 1864 2998 3449 3071">
    <p class='ocr_par' dir='ltr' id='par_1_61' title="bbox 1864 2998 3449 3071">
     <span class='ocr_line' id='line_1_61' title="bbox 1864 2998 3449 3071; baseline 0.004 -19"><span class='ocrx_word' id='word_1_436' title='bbox 1864 2999 2094 3069; x_wconf 88' lang='lat' dir='ltr'><strong>piscium</strong></span> <span class='ocrx_word' id='word_1_437' title='bbox 2132 2998 2293 3054; x_wconf 89' lang='lat' dir='ltr'><strong>etiam</strong></span> <span class='ocrx_word' id='word_1_438' title='bbox 2328 2999 2614 3068; x_wconf 87' lang='lat' dir='ltr'><strong>providere</strong></span> <span class='ocrx_word' id='word_1_439' title='bbox 2641 3008 2939 3070; x_wconf 90' lang='lat' dir='ltr'><strong>capturam,</strong></span> <span class='ocrx_word' id='word_1_440' title='bbox 2970 3002 2998 3042; x_wconf 76' lang='grc' dir='ltr'><strong>ιι</strong></span> <span class='ocrx_word' id='word_1_441' title='bbox 3030 3010 3309 3071; x_wconf 83' lang='lat' dir='ltr'><strong>retexere,</strong></span> <span class='ocrx_word' id='word_1_442' title='bbox 3339 3004 3449 3060; x_wconf 87' lang='lat' dir='ltr'><strong>eal-</strong></span> 
     </span>
    </p>
   </div>
   <div class='ocr_carea' id='block_1_62' title="bbox 1868 3082 3447 3164">
    <p class='ocr_par' dir='ltr' id='par_1_62' title="bbox 1868 3082 3447 3164">
     <span class='ocr_line' id='line_1_62' title="bbox 1868 3082 3447 3164; baseline 0.006 -21"><span class='ocrx_word' id='word_1_443' title='bbox 1868 3082 2143 3144; x_wconf 87' lang='lat' dir='ltr'><strong>ceamenta</strong></span> <span class='ocrx_word' id='word_1_444' title='bbox 2175 3086 2434 3144; x_wconf 79' lang='lat' dir='ltr'><strong>fratribus</strong></span> <span class='ocrx_word' id='word_1_445' title='bbox 2462 3103 2789 3159; x_wconf 71' lang='lat' dir='ltr'><strong>praeparare,</strong></span> <span class='ocrx_word' id='word_1_446' title='bbox 2829 3091 2914 3147; x_wconf 88' lang='lat' dir='ltr'><strong>vel</strong></span> <span class='ocrx_word' id='word_1_447' title='bbox 2942 3091 3183 3163; x_wconf 92' lang='lat' dir='ltr'><strong>reliqua,</strong></span> <span class='ocrx_word' id='word_1_448' title='bbox 3215 3110 3335 3164; x_wconf 68' lang='lat' dir='ltr'><strong>qua:</strong></span> <span class='ocrx_word' id='word_1_449' title='bbox 3367 3096 3447 3152; x_wconf 87' lang='lat' dir='ltr'><strong>si-</strong></span> 
     </span>
    </p>
   </div>
   <div class='ocr_carea' id='block_1_63' title="bbox 190 3177 3451 3256">
    <p class='ocr_par' dir='ltr' id='par_1_63' title="bbox 190 3177 3451 3256">
     <span class='ocr_line' id='line_1_63' title="bbox 190 3177 3451 3256; baseline 0.004 -26"><span class='ocrx_word' id='word_1_450' title='bbox 190 3183 400 3238; x_wconf 73' lang='lat' dir='ltr'><strong>dustria</strong></span> <span class='ocrx_word' id='word_1_451' title='bbox 430 3181 630 3237; x_wconf 72' lang='lat' dir='ltr'><strong>factum</strong></span> <span class='ocrx_word' id='word_1_452' title='bbox 660 3182 774 3237; x_wconf 86' lang='lat' dir='ltr'><strong>scio</strong></span> <span class='ocrx_word' id='word_1_453' title='bbox 798 3223 813 3247; x_wconf 87' lang='lat'><strong>,</strong></span> <span class='ocrx_word' id='word_1_454' title='bbox 862 3190 923 3238; x_wconf 73' lang='lat' dir='ltr'><strong>ut</strong></span> <span class='ocrx_word' id='word_1_455' title='bbox 955 3186 982 3222; x_wconf 74' lang='grc' dir='ltr'><strong>ά</strong></span> <span class='ocrx_word' id='word_1_456' title='bbox 1017 3184 1174 3239; x_wconf 80' lang='lat' dir='ltr'><strong>dubia</strong></span> <span class='ocrx_word' id='word_1_457' title='bbox 1213 3184 1388 3239; x_wconf 85' lang='lat' dir='ltr'><strong>adhuc</strong></span> <span class='ocrx_word' id='word_1_458' title='bbox 1428 3183 1550 3239; x_wconf 79' lang='lat' dir='ltr'><strong>luce</strong></span> <span class='ocrx_word' id='word_1_459' title='bbox 1591 3187 1769 3256; x_wconf 75' lang='lat' dir='ltr'><strong>prius-</strong></span> <span class='ocrx_word' id='word_1_460' title='bbox 1796 3190 1838 3251; x_wconf 70' lang='grc' dir='ltr'><strong>ς</strong></span> <span class='ocrx_word' id='word_1_461' title='bbox 1871 3180 2016 3234; x_wconf 89' lang='lat' dir='ltr'><strong>milia</strong></span> <span class='ocrx_word' id='word_1_462' title='bbox 2064 3187 2217 3242; x_wconf 79' lang='lat' dir='ltr'><strong>stmt,</strong></span> <span class='ocrx_word' id='word_1_463' title='bbox 2270 3177 2453 3235; x_wconf 77' lang='lat' dir='ltr'><strong>facere</strong></span> <span class='ocrx_word' id='word_1_464' title='bbox 2494 3188 2657 3251; x_wconf 90' lang='lat' dir='ltr'><strong>atque</strong></span> <span class='ocrx_word' id='word_1_465' title='bbox 2695 3180 2920 3251; x_wconf 89' lang='lat' dir='ltr'><strong>implere</strong></span> <span class='ocrx_word' id='word_1_466' title='bbox 2946 3190 3146 3253; x_wconf 82' lang='lat' dir='ltr'><strong>potest.</strong></span> <span class='ocrx_word' id='word_1_467' title='bbox 3191 3184 3451 3256; x_wconf 85' lang='lat' dir='ltr'><strong>Quisquis</strong></span> 
     </span>
    </p>
   </div>
   <div class='ocr_carea' id='block_1_64' title="bbox 190 3275 1769 3345">
    <p class='ocr_par' dir='ltr' id='par_1_64' title="bbox 190 3275 1769 3345">
     <span class='ocr_line' id='line_1_64' title="bbox 190 3275 1769 3345; baseline 0.001 -15"><span class='ocrx_word' id='word_1_468' title='bbox 190 3292 378 3345; x_wconf 82' lang='lat' dir='ltr'><strong>quam,</strong></span> <span class='ocrx_word' id='word_1_469' title='bbox 397 3285 458 3332; x_wconf 91' lang='lat' dir='ltr'><strong>ut</strong></span> <span class='ocrx_word' id='word_1_470' title='bbox 485 3277 664 3332; x_wconf 88' lang='lat' dir='ltr'><strong>dicere</strong></span> <span class='ocrx_word' id='word_1_471' title='bbox 683 3290 989 3345; x_wconf 88' lang='lat' dir='ltr'><strong>possumus,</strong></span> <span class='ocrx_word' id='word_1_472' title='bbox 1005 3275 1135 3331; x_wconf 87' lang='lat' dir='ltr'><strong>orbe</strong></span> <span class='ocrx_word' id='word_1_473' title='bbox 1153 3275 1282 3332; x_wconf 82' lang='lat' dir='ltr'><strong>solis</strong></span> <span class='ocrx_word' id='word_1_474' title='bbox 1301 3276 1549 3332; x_wconf 84' lang='lat' dir='ltr'><strong>ardorem</strong></span> <span class='ocrx_word' id='word_1_475' title='bbox 1575 3276 1769 3333; x_wconf 86' lang='lat' dir='ltr'><strong>biberit</strong></span> 
     </span>
    </p>
   </div>
   <div class='ocr_carea' id='block_1_65' title="bbox 268 3442 1773 3516">
    <p class='ocr_par' dir='ltr' id='par_1_65' title="bbox 268 3442 1773 3516">
     <span class='ocr_line' id='line_1_65' title="bbox 268 3442 1773 3516; baseline 0.002 -18"><span class='ocrx_word' id='word_1_476' title='bbox 268 3458 293 3486; x_wconf 80' lang='grc' dir='ltr'><strong><em>ιι</em></strong></span> <span class='ocrx_word' id='word_1_477' title='bbox 320 3442 493 3516; x_wconf 70' lang='lat' dir='ltr'><strong>Usque</strong></span> <span class='ocrx_word' id='word_1_478' title='bbox 511 3443 587 3516; x_wconf 75' lang='lat' dir='ltr'><strong>ad</strong></span> <span class='ocrx_word' id='word_1_479' title='bbox 616 3461 898 3516; x_wconf 77' lang='lat' dir='ltr'><strong>vesperam.</strong></span> <span class='ocrx_word' id='word_1_480' title='bbox 929 3446 1041 3501; x_wconf 86' lang='lat' dir='ltr'><strong>Iloc</strong></span> <span class='ocrx_word' id='word_1_481' title='bbox 1069 3445 1190 3502; x_wconf 90' lang='lat' dir='ltr'><strong>loco</strong></span> <span class='ocrx_word' id='word_1_482' title='bbox 1215 3447 1448 3503; x_wconf 87' lang='lat' dir='ltr'><strong>sumitur</strong></span> <span class='ocrx_word' id='word_1_483' title='bbox 1473 3445 1636 3501; x_wconf 90' lang='lat' dir='ltr'><strong>latius</strong></span> <span class='ocrx_word' id='word_1_484' title='bbox 1678 3462 1773 3501; x_wconf 85' lang='lat' dir='ltr'><strong>ve-</strong></span> 
     </span>
    </p>
   </div>
   <div class='ocr_carea' id='block_1_66' title="bbox 190 3514 1774 3585">
    <p class='ocr_par' dir='ltr' id='par_1_66' title="bbox 190 3514 1774 3585">
     <span class='ocr_line' id='line_1_66' title="bbox 190 3514 1774 3585; baseline 0.002 -16"><span class='ocrx_word' id='word_1_485' title='bbox 190 3530 354 3585; x_wconf 87' lang='lat' dir='ltr'><strong>spera</strong></span> <span class='ocrx_word' id='word_1_486' title='bbox 382 3514 481 3584; x_wconf 84' lang='lat' dir='ltr'><strong>pro</strong></span> <span class='ocrx_word' id='word_1_487' title='bbox 508 3514 625 3585; x_wconf 83' lang='lat' dir='ltr'><strong>ipso</strong></span> <span class='ocrx_word' id='word_1_488' title='bbox 650 3514 823 3569; x_wconf 86' lang='lat' dir='ltr'><strong>noctis</strong></span> <span class='ocrx_word' id='word_1_489' title='bbox 864 3516 1014 3569; x_wconf 92' lang='lat' dir='ltr'><strong>initio</strong></span> <span class='ocrx_word' id='word_1_490' title='bbox 1038 3535 1049 3569; x_wconf 92' lang='lat'><strong>:</strong></span> <span class='ocrx_word' id='word_1_491' title='bbox 1089 3532 1210 3571; x_wconf 90' lang='lat' dir='ltr'><strong>cum</strong></span> <span class='ocrx_word' id='word_1_492' title='bbox 1251 3518 1386 3570; x_wconf 88' lang='lat' dir='ltr'><strong>alias</strong></span> <span class='ocrx_word' id='word_1_493' title='bbox 1416 3517 1558 3570; x_wconf 84' lang='lat' dir='ltr'><strong>idem</strong></span> <span class='ocrx_word' id='word_1_494' title='bbox 1583 3517 1655 3571; x_wconf 86' lang='lat' dir='ltr'><strong>sit</strong></span> <span class='ocrx_word' id='word_1_495' title='bbox 1683 3533 1774 3572; x_wconf 83' lang='lat' dir='ltr'><strong>ve-</strong></span> 
     </span>
    </p>
   </div>
   <div class='ocr_carea' id='block_1_67' title="bbox 189 3585 1475 3656">
    <p class='ocr_par' dir='ltr' id='par_1_67' title="bbox 189 3585 1475 3656">
     <span class='ocr_line' id='line_1_67' title="bbox 189 3585 1475 3656; baseline 0.001 -18"><span class='ocrx_word' id='word_1_496' title='bbox 189 3599 450 3656; x_wconf 74' lang='lat' dir='ltr'><strong>speraac</strong></span> <span class='ocrx_word' id='word_1_497' title='bbox 474 3585 807 3656; x_wconf 84' lang='lat' dir='ltr'><strong>duodecima,</strong></span> <span class='ocrx_word' id='word_1_498' title='bbox 840 3597 897 3638; x_wconf 91' lang='lat' dir='ltr'><strong>ut</strong></span> <span class='ocrx_word' id='word_1_499' title='bbox 928 3600 1090 3655; x_wconf 85' lang='lat' dir='ltr'><strong>supra</strong></span> <span class='ocrx_word' id='word_1_500' title='bbox 1126 3585 1285 3640; x_wconf 89' lang='lat' dir='ltr'><strong>dictis</strong></span> <span class='ocrx_word' id='word_1_501' title='bbox 1309 3596 1475 3656; x_wconf 87' lang='lat' dir='ltr'><strong>patet.</strong></span> 
     </span>
    </p>
   </div>
   <div class='ocr_carea' id='block_1_68' title="bbox 274 3652 1775 3726">
    <p class='ocr_par' dir='ltr' id='par_1_68' title="bbox 274 3652 1775 3726">
     <span class='ocr_line' id='line_1_68' title="bbox 274 3652 1775 3726; baseline 0.003 -19"><span class='ocrx_word' id='word_1_502' title='bbox 274 3655 317 3726; x_wconf 11' lang='grc' dir='ltr'><strong>δέ</strong></span> <span class='ocrx_word' id='word_1_503' title='bbox 334 3652 400 3726; x_wconf 81' lang='lat' dir='ltr'><strong>Ut</strong></span> <span class='ocrx_word' id='word_1_504' title='bbox 428 3670 588 3726; x_wconf 47' lang='lat' dir='ltr'><strong>usque</strong></span> <span class='ocrx_word' id='word_1_505' title='bbox 610 3654 887 3726; x_wconf 10' lang='lat' dir='ltr'><strong>adi/torum</strong></span> <span class='ocrx_word' id='word_1_506' title='bbox 910 3652 1013 3726; x_wconf 75' lang='lat' dir='ltr'><strong>diei</strong></span> <span class='ocrx_word' id='word_1_507' title='bbox 1045 3655 1250 3726; x_wconf 76' lang='lat' dir='ltr'><strong>tertiam</strong></span> <span class='ocrx_word' id='word_1_508' title='bbox 1268 3695 1282 3719; x_wconf 91' lang='lat'><strong>,</strong></span> <span class='ocrx_word' id='word_1_509' title='bbox 1309 3652 1414 3710; x_wconf 81' lang='lat' dir='ltr'><strong>etc.</strong></span> <span class='ocrx_word' id='word_1_510' title='bbox 1444 3655 1647 3726; x_wconf 85' lang='lat' dir='ltr'><strong>Regula</strong></span> <span class='ocrx_word' id='word_1_511' title='bbox 1674 3655 1775 3711; x_wconf 84' lang='lat' dir='ltr'><strong>Te-</strong></span> 
     </span>
    </p>
   </div>
   <div class='ocr_carea' id='block_1_69' title="bbox 195 3723 1775 3795">
    <p class='ocr_par' dir='ltr' id='par_1_69' title="bbox 195 3723 1775 3795">
     <span class='ocr_line' id='line_1_69' title="bbox 195 3723 1775 3795; baseline 0.001 -17"><span class='ocrx_word' id='word_1_512' title='bbox 195 3724 383 3789; x_wconf 84' lang='lat' dir='ltr'><strong>tradii,</strong></span> <span class='ocrx_word' id='word_1_513' title='bbox 414 3723 509 3795; x_wconf 81' lang='lat' dir='ltr'><strong>seu</strong></span> <span class='ocrx_word' id='word_1_514' title='bbox 537 3724 754 3782; x_wconf 85' lang='lat' dir='ltr'><strong>Teridii.</strong></span> <span class='ocrx_word' id='word_1_515' title='bbox 786 3740 904 3794; x_wconf 87' lang='lat' dir='ltr'><strong>cap.</strong></span> <span class='ocrx_word' id='word_1_516' title='bbox 934 3724 967 3776; x_wconf 70' lang='grc'><strong>4</strong></span> <span class='ocrx_word' id='word_1_517' title='bbox 988 3745 1001 3778; x_wconf 87' lang='grc'>;</span> <span class='ocrx_word' id='word_1_518' title='bbox 1026 3744 1044 3776; x_wconf 74' lang='grc' dir='ltr'>ί</span> <span class='ocrx_word' id='word_1_519' title='bbox 1066 3723 1226 3779; x_wconf 87' lang='lat' dir='ltr'><strong>Omni</strong></span> <span class='ocrx_word' id='word_1_520' title='bbox 1255 3734 1491 3795; x_wconf 88' lang='lat' dir='ltr'><strong>tempore</strong></span> <span class='ocrx_word' id='word_1_521' title='bbox 1518 3723 1687 3794; x_wconf 80' lang='lat' dir='ltr'><strong>usque</strong></span> <span class='ocrx_word' id='word_1_522' title='bbox 1708 3727 1775 3780; x_wconf 89' lang='lat' dir='ltr'><strong>ad</strong></span> 
     </span>
    </p>
   </div>
   <div class='ocr_carea' id='block_1_70' title="bbox 194 3793 1773 3864">
    <p class='ocr_par' dir='ltr' id='par_1_70' title="bbox 194 3793 1773 3864">
     <span class='ocr_line' id='line_1_70' title="bbox 194 3793 1773 3864; baseline 0.002 -18"><span class='ocrx_word' id='word_1_523' title='bbox 194 3794 422 3864; x_wconf 80' lang='lat' dir='ltr'><strong>tertiam</strong></span> <span class='ocrx_word' id='word_1_524' title='bbox 468 3793 695 3864; x_wconf 80' lang='lat' dir='ltr'><strong>legant:</strong></span> <span class='ocrx_word' id='word_1_525' title='bbox 720 3803 841 3862; x_wconf 89' lang='lat' dir='ltr'><strong>post</strong></span> <span class='ocrx_word' id='word_1_526' title='bbox 882 3799 1094 3848; x_wconf 84' lang='lat' dir='ltr'><strong>tertiam</strong></span> <span class='ocrx_word' id='word_1_527' title='bbox 1135 3793 1501 3864; x_wconf 81' lang='lat' dir='ltr'><strong>unusquisque</strong></span> <span class='ocrx_word' id='word_1_528' title='bbox 1548 3793 1651 3853; x_wconf 52' lang='lat' dir='ltr'><strong>sibi</strong></span> <span class='ocrx_word' id='word_1_529' title='bbox 1689 3796 1773 3849; x_wconf 87' lang='lat' dir='ltr'><strong>in-</strong></span> 
     </span>
    </p>
   </div>
   <div class='ocr_carea' id='block_1_71' title="bbox 191 3863 838 3933">
    <p class='ocr_par' dir='ltr' id='par_1_71' title="bbox 191 3863 838 3933">
     <span class='ocr_line' id='line_1_71' title="bbox 191 3863 838 3933; baseline -0.002 -18"><span class='ocrx_word' id='word_1_530' title='bbox 191 3863 383 3933; x_wconf 77' lang='lat' dir='ltr'><strong>iuncta</strong></span> <span class='ocrx_word' id='word_1_531' title='bbox 407 3863 569 3932; x_wconf 78' lang='lat' dir='ltr'><strong>opera</strong></span> <span class='ocrx_word' id='word_1_532' title='bbox 602 3863 779 3916; x_wconf 72' lang='lat' dir='ltr'><strong>faciat.</strong></span> <span class='ocrx_word' id='word_1_533' title='bbox 820 3882 838 3914; x_wconf 69' lang='grc' dir='ltr'><strong><em>ι</em></strong></span> 
     </span>
    </p>
   </div>
   <div class='ocr_carea' id='block_1_72' title="bbox 279 3931 1778 4005">
    <p class='ocr_par' dir='ltr' id='par_1_72' title="bbox 279 3931 1778 4005">
     <span class='ocr_line' id='line_1_72' title="bbox 279 3931 1778 4005; baseline 0.003 -20"><span class='ocrx_word' id='word_1_534' title='bbox 279 3944 298 4005; x_wconf 54' lang='grc' dir='ltr'>ξ</span> <span class='ocrx_word' id='word_1_535' title='bbox 333 3931 479 4001; x_wconf 69' lang='lat' dir='ltr'><strong>Strpe</strong></span> <span class='ocrx_word' id='word_1_536' title='bbox 505 3934 688 4005; x_wconf 76' lang='lat' dir='ltr'><strong>etenim</strong></span> <span class='ocrx_word' id='word_1_537' title='bbox 718 3949 781 3986; x_wconf 77' lang='lat' dir='ltr'><strong>ea:</strong></span> <span class='ocrx_word' id='word_1_538' title='bbox 810 3932 1233 4005; x_wconf 64' lang='lat' dir='ltr'><strong>industria,ctc.</strong></span> <span class='ocrx_word' id='word_1_539' title='bbox 1279 3933 1454 4005; x_wconf 89' lang='lat' dir='ltr'><strong>Locus</strong></span> <span class='ocrx_word' id='word_1_540' title='bbox 1494 3943 1778 4005; x_wconf 89' lang='lat' dir='ltr'><strong>corruptus</strong></span> 
     </span>
    </p>
   </div>
   <div class='ocr_carea' id='block_1_73' title="bbox 192 4002 1778 4072">
    <p class='ocr_par' dir='ltr' id='par_1_73' title="bbox 192 4002 1778 4072">
     <span class='ocr_line' id='line_1_73' title="bbox 192 4002 1778 4072; baseline 0.001 -16"><span class='ocrx_word' id='word_1_541' title='bbox 192 4011 257 4056; x_wconf 85' lang='lat' dir='ltr'><strong>et</strong></span> <span class='ocrx_word' id='word_1_542' title='bbox 287 4003 358 4055; x_wconf 85' lang='lat' dir='ltr'><strong>ita</strong></span> <span class='ocrx_word' id='word_1_543' title='bbox 381 4003 746 4072; x_wconf 83' lang='lat' dir='ltr'><strong>emendandus</strong></span> <span class='ocrx_word' id='word_1_544' title='bbox 770 4020 783 4054; x_wconf 92' lang='lat'><strong>:</strong></span> <span class='ocrx_word' id='word_1_545' title='bbox 815 4002 963 4072; x_wconf 71' lang='lat' dir='ltr'><strong>Stepe</strong></span> <span class='ocrx_word' id='word_1_546' title='bbox 986 4004 1172 4055; x_wconf 81' lang='lat' dir='ltr'><strong>etenim</strong></span> <span class='ocrx_word' id='word_1_547' title='bbox 1199 4020 1263 4056; x_wconf 77' lang='lat' dir='ltr'><strong>ea:</strong></span> <span class='ocrx_word' id='word_1_548' title='bbox 1288 4004 1550 4057; x_wconf 78' lang='lat' dir='ltr'><strong>industria</strong></span> <span class='ocrx_word' id='word_1_549' title='bbox 1581 4002 1778 4072; x_wconf 60' lang='lat' dir='ltr'><strong>factum</strong></span> 
     </span>
    </p>
   </div>
   <div class='ocr_carea' id='block_1_74' title="bbox 192 4071 1781 4144">
    <p class='ocr_par' dir='ltr' id='par_1_74' title="bbox 192 4071 1781 4144">
     <span class='ocr_line' id='line_1_74' title="bbox 192 4071 1781 4144; baseline 0.003 -20"><span class='ocrx_word' id='word_1_550' title='bbox 192 4072 312 4125; x_wconf 76' lang='lat' dir='ltr'><strong>scio</strong></span> <span class='ocrx_word' id='word_1_551' title='bbox 330 4111 344 4135; x_wconf 95' lang='lat'><strong>,</strong></span> <span class='ocrx_word' id='word_1_552' title='bbox 372 4080 428 4123; x_wconf 80' lang='lat' dir='ltr'><strong>ut</strong></span> <span class='ocrx_word' id='word_1_553' title='bbox 457 4071 613 4144; x_wconf 70' lang='lat' dir='ltr'><strong>dubia</strong></span> <span class='ocrx_word' id='word_1_554' title='bbox 644 4072 814 4144; x_wconf 64' lang='lat' dir='ltr'><strong>adimo</strong></span> <span class='ocrx_word' id='word_1_555' title='bbox 841 4071 983 4144; x_wconf 72' lang='lat' dir='ltr'><strong>luce,</strong></span> <span class='ocrx_word' id='word_1_556' title='bbox 1013 4073 1344 4144; x_wconf 68' lang='lat' dir='ltr'><strong>priusquam,</strong></span> <span class='ocrx_word' id='word_1_557' title='bbox 1369 4083 1439 4144; x_wconf 15' lang='lat' dir='ltr'><strong>rut</strong></span> <span class='ocrx_word' id='word_1_558' title='bbox 1466 4073 1637 4128; x_wconf 82' lang='lat' dir='ltr'><strong>dicere</strong></span> <span class='ocrx_word' id='word_1_559' title='bbox 1661 4092 1781 4144; x_wconf 65' lang='grc' dir='ltr'><strong>ροι-</strong></span> 
     </span>
    </p>
   </div>
   <div class='ocr_carea' id='block_1_75' title="bbox 194 4140 1781 4206">
    <p class='ocr_par' dir='ltr' id='par_1_75' title="bbox 194 4140 1781 4206">
     <span class='ocr_line' id='line_1_75' title="bbox 194 4140 1781 4206; baseline 0.001 -11"><span class='ocrx_word' id='word_1_560' title='bbox 194 4157 387 4195; x_wconf 68' lang='lat' dir='ltr'><strong>suum:</strong></span> <span class='ocrx_word' id='word_1_561' title='bbox 407 4181 421 4203; x_wconf 92' lang='lat'><strong>,</strong></span> <span class='ocrx_word' id='word_1_562' title='bbox 453 4140 592 4193; x_wconf 71' lang='lat' dir='ltr'><strong>orbis</strong></span> <span class='ocrx_word' id='word_1_563' title='bbox 621 4140 744 4194; x_wconf 79' lang='lat' dir='ltr'><strong>solis</strong></span> <span class='ocrx_word' id='word_1_564' title='bbox 776 4141 1016 4194; x_wconf 87' lang='lat' dir='ltr'><strong>ardorem</strong></span> <span class='ocrx_word' id='word_1_565' title='bbox 1056 4140 1259 4206; x_wconf 72' lang='lat' dir='ltr'><strong>biberit,</strong></span> <span class='ocrx_word' id='word_1_566' title='bbox 1287 4143 1497 4196; x_wconf 81' lang='lat' dir='ltr'><strong>redacta</strong></span> <span class='ocrx_word' id='word_1_567' title='bbox 1528 4144 1583 4197; x_wconf 82' lang='lat' dir='ltr'><strong>in</strong></span> <span class='ocrx_word' id='word_1_568' title='bbox 1610 4140 1781 4198; x_wconf 69' lang='lat' dir='ltr'><strong>niani-</strong></span> 
     </span>
    </p>
   </div>
   <div class='ocr_carea' id='block_1_76' title="bbox 196 4210 1780 4282">
    <p class='ocr_par' dir='ltr' id='par_1_76' title="bbox 196 4210 1780 4282">
     <span class='ocr_line' id='line_1_76' title="bbox 196 4210 1780 4282; baseline 0.003 -19"><span class='ocrx_word' id='word_1_569' title='bbox 196 4210 359 4282; x_wconf 81' lang='lat' dir='ltr'><strong>puloa</strong></span> <span class='ocrx_word' id='word_1_570' title='bbox 380 4218 544 4281; x_wconf 74' lang='lat' dir='ltr'><strong>segete</strong></span> <span class='ocrx_word' id='word_1_571' title='bbox 566 4211 742 4280; x_wconf 75' lang='lat' dir='ltr'><strong>igneas</strong></span> <span class='ocrx_word' id='word_1_572' title='bbox 754 4210 963 4282; x_wconf 71' lang='lat' dir='ltr'><strong>jubaris</strong></span> <span class='ocrx_word' id='word_1_573' title='bbox 988 4212 1231 4282; x_wconf 76' lang='lat' dir='ltr'><strong>ﬂammas</strong></span> <span class='ocrx_word' id='word_1_574' title='bbox 1253 4229 1367 4265; x_wconf 84' lang='lat' dir='ltr'><strong>cum</strong></span> <span class='ocrx_word' id='word_1_575' title='bbox 1390 4212 1646 4282; x_wconf 80' lang='lat' dir='ltr'><strong>fructibus</strong></span> <span class='ocrx_word' id='word_1_576' title='bbox 1666 4215 1780 4282; x_wconf 78' lang='lat' dir='ltr'><strong>ejus</strong></span> 
     </span>
    </p>
   </div>
   <div class='ocr_carea' id='block_1_77' title="bbox 198 4279 1783 4353">
    <p class='ocr_par' dir='ltr' id='par_1_77' title="bbox 198 4279 1783 4353">
     <span class='ocr_line' id='line_1_77' title="bbox 198 4279 1783 4353; baseline 0 -18"><span class='ocrx_word' id='word_1_577' title='bbox 198 4279 449 4353; x_wconf 67' lang='lat' dir='ltr'><strong>mersura</strong></span> <span class='ocrx_word' id='word_1_578' title='bbox 468 4282 717 4343; x_wconf 79' lang='lat' dir='ltr'><strong>evaserit,</strong></span> <span class='ocrx_word' id='word_1_579' title='bbox 746 4279 921 4353; x_wconf 48' lang='lat' dir='ltr'><strong>tibiae</strong></span> <span class='ocrx_word' id='word_1_580' title='bbox 948 4279 1086 4353; x_wconf 67' lang='lat' dir='ltr'><strong>orbis</strong></span> <span class='ocrx_word' id='word_1_581' title='bbox 1105 4321 1118 4341; x_wconf 95' lang='lat'><strong>,</strong></span> <span class='ocrx_word' id='word_1_582' title='bbox 1147 4290 1231 4353; x_wconf 84' lang='lat' dir='ltr'><strong>est</strong></span> <span class='ocrx_word' id='word_1_583' title='bbox 1257 4279 1422 4346; x_wconf 80' lang='lat' dir='ltr'><strong>terra,</strong></span> <span class='ocrx_word' id='word_1_584' title='bbox 1458 4291 1512 4336; x_wconf 91' lang='lat' dir='ltr'><strong>et</strong></span> <span class='ocrx_word' id='word_1_585' title='bbox 1542 4286 1599 4339; x_wconf 83' lang='grc' dir='ltr'><strong>τὸ</strong></span> <span class='ocrx_word' id='word_1_586' title='bbox 1619 4279 1783 4353; x_wconf 78' lang='lat' dir='ltr'><strong>julm—</strong></span> 
     </span>
    </p>
   </div>
   <div class='ocr_carea' id='block_1_78' title="bbox 198 4348 1782 4423">
    <p class='ocr_par' dir='ltr' id='par_1_78' title="bbox 198 4348 1782 4423">
     <span class='ocr_line' id='line_1_78' title="bbox 198 4348 1782 4423; baseline 0.003 -21"><span class='ocrx_word' id='word_1_587' title='bbox 198 4351 308 4414; x_wconf 80' lang='lat' dir='ltr'><strong>ria,</strong></span> <span class='ocrx_word' id='word_1_588' title='bbox 339 4351 505 4423; x_wconf 83' lang='lat' dir='ltr'><strong>solis;</strong></span> <span class='ocrx_word' id='word_1_589' title='bbox 539 4364 644 4403; x_wconf 90' lang='lat' dir='ltr'><strong>non</strong></span> <span class='ocrx_word' id='word_1_590' title='bbox 678 4351 821 4423; x_wconf 80' lang='lat' dir='ltr'><strong>enim</strong></span> <span class='ocrx_word' id='word_1_591' title='bbox 842 4348 1003 4417; x_wconf 87' lang='lat' dir='ltr'><strong>jubar</strong></span> <span class='ocrx_word' id='word_1_592' title='bbox 1034 4349 1135 4404; x_wconf 89' lang='lat' dir='ltr'><strong>hoc</strong></span> <span class='ocrx_word' id='word_1_593' title='bbox 1165 4351 1281 4406; x_wconf 92' lang='lat' dir='ltr'><strong>loco</strong></span> <span class='ocrx_word' id='word_1_594' title='bbox 1311 4353 1543 4406; x_wconf 91' lang='lat' dir='ltr'><strong>sumitur</strong></span> <span class='ocrx_word' id='word_1_595' title='bbox 1565 4348 1664 4423; x_wconf 72' lang='lat' dir='ltr'><strong>pro</strong></span> <span class='ocrx_word' id='word_1_596' title='bbox 1689 4370 1782 4407; x_wconf 83' lang='lat' dir='ltr'><strong>au-</strong></span> 
     </span>
    </p>
   </div>
   <div class='ocr_carea' id='block_1_79' title="bbox 199 4419 746 4488">
    <p class='ocr_par' dir='ltr' id='par_1_79' title="bbox 199 4419 746 4488">
     <span class='ocr_line' id='line_1_79' title="bbox 199 4419 746 4488; baseline -0.002 -14"><span class='ocrx_word' id='word_1_597' title='bbox 199 4434 359 4483; x_wconf 80' lang='lat' dir='ltr'><strong>rora,</strong></span> <span class='ocrx_word' id='word_1_598' title='bbox 386 4420 478 4472; x_wconf 89' lang='lat' dir='ltr'><strong>sed</strong></span> <span class='ocrx_word' id='word_1_599' title='bbox 500 4434 597 4488; x_wconf 92' lang='lat' dir='ltr'><strong>pro</strong></span> <span class='ocrx_word' id='word_1_600' title='bbox 617 4419 746 4473; x_wconf 90' lang='lat' dir='ltr'><strong>sole.</strong></span> 
     </span>
    </p>
   </div>
   <div class='ocr_carea' id='block_1_80' title="bbox 279 4488 1777 4556">
    <p class='ocr_par' dir='ltr' id='par_1_80' title="bbox 279 4488 1777 4556">
     <span class='ocr_line' id='line_1_80' title="bbox 279 4488 1777 4556; baseline 0.002 -15"><span class='ocrx_word' id='word_1_601' title='bbox 279 4488 304 4527; x_wconf 81' lang='grc' dir='ltr'><strong>ι¹</strong></span> <span class='ocrx_word' id='word_1_602' title='bbox 337 4489 508 4541; x_wconf 79' lang='lat' dir='ltr'><strong>llubia</strong></span> <span class='ocrx_word' id='word_1_603' title='bbox 537 4489 708 4542; x_wconf 80' lang='lat' dir='ltr'><strong>adhuc</strong></span> <span class='ocrx_word' id='word_1_604' title='bbox 733 4488 867 4543; x_wconf 80' lang='lat' dir='ltr'><strong>luce.</strong></span> <span class='ocrx_word' id='word_1_605' title='bbox 912 4489 1084 4543; x_wconf 86' lang='lat' dir='ltr'><strong>Dubia</strong></span> <span class='ocrx_word' id='word_1_606' title='bbox 1114 4488 1203 4543; x_wconf 87' lang='lat' dir='ltr'><strong>lux</strong></span> <span class='ocrx_word' id='word_1_607' title='bbox 1231 4500 1314 4544; x_wconf 90' lang='lat' dir='ltr'><strong>est</strong></span> <span class='ocrx_word' id='word_1_608' title='bbox 1344 4491 1636 4546; x_wconf 87' lang='lat' dir='ltr'><strong>diluculum</strong></span> <span class='ocrx_word' id='word_1_609' title='bbox 1657 4533 1671 4556; x_wconf 92' lang='lat'><strong>,</strong></span> <span class='ocrx_word' id='word_1_610' title='bbox 1705 4492 1777 4545; x_wconf 91' lang='lat' dir='ltr'><strong>ita</strong></span> 
     </span>
    </p>
   </div>
   <div class='ocr_carea' id='block_1_81' title="bbox 197 4558 1287 4630">
    <p class='ocr_par' dir='ltr' id='par_1_81' title="bbox 197 4558 1287 4630">
     <span class='ocr_line' id='line_1_81' title="bbox 197 4558 1287 4630; baseline 0 -17"><span class='ocrx_word' id='word_1_611' title='bbox 197 4559 349 4628; x_wconf 86' lang='lat' dir='ltr'><strong>apud</strong></span> <span class='ocrx_word' id='word_1_612' title='bbox 383 4558 641 4626; x_wconf 83' lang='lat' dir='ltr'><strong>tragicum</strong></span> <span class='ocrx_word' id='word_1_613' title='bbox 666 4559 719 4611; x_wconf 92' lang='lat' dir='ltr'><strong>in</strong></span> <span class='ocrx_word' id='word_1_614' title='bbox 750 4558 1055 4630; x_wconf 84' lang='lat' dir='ltr'><strong>Hippolyto,</strong></span> <span class='ocrx_word' id='word_1_615' title='bbox 1084 4568 1188 4613; x_wconf 87' lang='lat' dir='ltr'><strong>act.</strong></span> <span class='ocrx_word' id='word_1_616' title='bbox 1229 4561 1248 4613; x_wconf 87' lang='lat' dir='ltr'><strong>l</strong></span> <span class='ocrx_word' id='word_1_617' title='bbox 1275 4579 1287 4613; x_wconf 90' lang='lat'><strong>:</strong></span> 
     </span>
    </p>
   </div>
   <div class='ocr_carea' id='block_1_82' title="bbox 340 4649 1100 4700">
    <p class='ocr_par' dir='ltr' id='par_1_82' title="bbox 340 4649 1100 4700">
     <span class='ocr_line' id='line_1_82' title="bbox 340 4649 1100 4700; baseline 0.003 -3"><span class='ocrx_word' id='word_1_618' title='bbox 340 4649 460 4698; x_wconf 86' lang='lat' dir='ltr'><strong>Dum</strong></span> <span class='ocrx_word' id='word_1_619' title='bbox 492 4650 637 4698; x_wconf 83' lang='lat' dir='ltr'><strong>dubia</strong></span> <span class='ocrx_word' id='word_1_620' title='bbox 663 4650 744 4699; x_wconf 85' lang='lat' dir='ltr'><strong>lux</strong></span> <span class='ocrx_word' id='word_1_621' title='bbox 771 4659 965 4700; x_wconf 64' lang='grc' dir='ltr'><strong>θείω...</strong></span> <span class='ocrx_word' id='word_1_622' title='bbox 1097 4671 1100 4675; x_wconf 73' lang='lat'><strong><em>~</em></strong></span> 
     </span>
    </p>
   </div>
   <div class='ocr_carea' id='block_1_83' title="bbox 198 4731 1019 4803">
    <p class='ocr_par' dir='ltr' id='par_1_83' title="bbox 198 4731 1019 4803">
     <span class='ocr_line' id='line_1_83' title="bbox 198 4731 1019 4803; baseline -0.004 -14"><span class='ocrx_word' id='word_1_623' title='bbox 198 4736 305 4789; x_wconf 86' lang='lat' dir='ltr'><strong>Sic</strong></span> <span class='ocrx_word' id='word_1_624' title='bbox 327 4734 521 4789; x_wconf 86' lang='lat' dir='ltr'><strong>dubius</strong></span> <span class='ocrx_word' id='word_1_625' title='bbox 548 4734 663 4788; x_wconf 90' lang='lat' dir='ltr'><strong>dies</strong></span> <span class='ocrx_word' id='word_1_626' title='bbox 690 4734 743 4787; x_wconf 93' lang='lat' dir='ltr'><strong>in</strong></span> <span class='ocrx_word' id='word_1_627' title='bbox 773 4731 979 4803; x_wconf 77' lang='grc' dir='ltr'><strong>ΟΕᾱὶρο</strong></span> <span class='ocrx_word' id='word_1_628' title='bbox 1004 4747 1019 4786; x_wconf 92' lang='lat'><strong>:</strong></span> 
     </span>
    </p>
   </div>
   <div class='ocr_carea' id='block_1_84' title="bbox 341 4822 1341 4886">
    <p class='ocr_par' dir='ltr' id='par_1_84' title="bbox 341 4822 1341 4886">
     <span class='ocr_line' id='line_1_84' title="bbox 341 4822 1341 4886; baseline -0.005 -11"><span class='ocrx_word' id='word_1_629' title='bbox 341 4826 465 4875; x_wconf 88' lang='lat' dir='ltr'><strong>Dum</strong></span> <span class='ocrx_word' id='word_1_630' title='bbox 487 4832 630 4875; x_wconf 87' lang='lat' dir='ltr'><strong>nocte</strong></span> <span class='ocrx_word' id='word_1_631' title='bbox 657 4824 792 4886; x_wconf 79' lang='lat' dir='ltr'><strong>pulsa</strong></span> <span class='ocrx_word' id='word_1_632' title='bbox 815 4825 993 4874; x_wconf 86' lang='lat' dir='ltr'><strong>dubius</strong></span> <span class='ocrx_word' id='word_1_633' title='bbox 1017 4822 1195 4873; x_wconf 72' lang='lat' dir='ltr'><strong>ell&#39;ulsit</strong></span> <span class='ocrx_word' id='word_1_634' title='bbox 1215 4822 1341 4872; x_wconf 87' lang='lat' dir='ltr'><strong>dies.</strong></span> 
     </span>
    </p>
   </div>
   <div class='ocr_carea' id='block_1_85' title="bbox 193 4904 1790 4978">
    <p class='ocr_par' dir='ltr' id='par_1_85' title="bbox 193 4904 1790 4978">
     <span class='ocr_line' id='line_1_85' title="bbox 193 4904 1790 4978; baseline -0.003 -14"><span class='ocrx_word' id='word_1_635' title='bbox 193 4910 418 4971; x_wconf 76' lang='lat' dir='ltr'><strong>Gneee,</strong></span> <span class='ocrx_word' id='word_1_636' title='bbox 445 4907 691 4978; x_wconf 60' lang='grc' dir='ltr'><strong>λνκὸτρως.</strong></span> <span class='ocrx_word' id='word_1_637' title='bbox 725 4906 958 4960; x_wconf 84' lang='lat' dir='ltr'><strong>Homero</strong></span> <span class='ocrx_word' id='word_1_638' title='bbox 988 4904 1150 4978; x_wconf 88' lang='lat' dir='ltr'><strong>lliade</strong></span> <span class='ocrx_word' id='word_1_639' title='bbox 1170 4919 1279 4957; x_wconf 81' lang='lat' dir='ltr'><strong>vu:</strong></span> <span class='ocrx_word' id='word_1_640' title='bbox 1313 4904 1561 4976; x_wconf 76' lang='grc' dir='ltr'><strong>ἀμφιλύκη</strong></span> <span class='ocrx_word' id='word_1_641' title='bbox 1582 4906 1691 4969; x_wconf 77' lang='grc' dir='ltr'><strong>νύξ.</strong></span> <span class='ocrx_word' id='word_1_642' title='bbox 1719 4910 1790 4961; x_wconf 84' lang='grc' dir='ltr'><strong>Τὸ</strong></span> 
     </span>
    </p>
   </div>
   <div class='ocr_carea' id='block_1_86' title="bbox 195 4975 1785 5052">
    <p class='ocr_par' dir='ltr' id='par_1_86' title="bbox 195 4975 1785 5052">
     <span class='ocr_line' id='line_1_86' title="bbox 195 4975 1785 5052; baseline -0.003 -20"><span class='ocrx_word' id='word_1_643' title='bbox 195 4979 437 5052; x_wconf 61' lang='lat' dir='ltr'><strong>pet-{xcv</strong></span> <span class='ocrx_word' id='word_1_644' title='bbox 461 4975 674 5052; x_wconf 63' lang='lat' dir='ltr'><strong>uxoreo;</strong></span> <span class='ocrx_word' id='word_1_645' title='bbox 709 4981 795 5030; x_wconf 80' lang='grc' dir='ltr'><strong>καὶ</strong></span> <span class='ocrx_word' id='word_1_646' title='bbox 817 4978 980 5052; x_wconf 66' lang='grc' dir='ltr'><strong>φωτὸς</strong></span> <span class='ocrx_word' id='word_1_647' title='bbox 1007 4975 1106 5029; x_wconf 82' lang='grc' dir='ltr'><strong>ἀπὸ</strong></span> <span class='ocrx_word' id='word_1_648' title='bbox 1128 4975 1415 5052; x_wconf 67' lang='grc' dir='ltr'><strong>μεταοξιορᾶς</strong></span> <span class='ocrx_word' id='word_1_649' title='bbox 1451 4983 1551 5029; x_wconf 83' lang='grc' dir='ltr'><strong>τῶν</strong></span> <span class='ocrx_word' id='word_1_650' title='bbox 1588 4983 1785 5052; x_wconf 72' lang='grc' dir='ltr'><strong>τριχῶν</strong></span> 
     </span>
    </p>
   </div>
   <div class='ocr_carea' id='block_1_87' title="bbox 196 5031 1784 5114">
    <p class='ocr_par' dir='ltr' id='par_1_87' title="bbox 196 5031 1784 5114">
     <span class='ocr_line' id='line_1_87' title="bbox 196 5031 1784 5114; baseline -0.004 -10"><span class='ocrx_word' id='word_1_651' title='bbox 196 5031 545 5111; x_wconf 39' lang='lat' dir='ltr'><strong>animi»,</strong></span> <span class='ocrx_word' id='word_1_652' title='bbox 587 5031 665 5101; x_wconf 35' lang='lat' dir='ltr'><strong>id-</strong></span> <span class='ocrx_word' id='word_1_653' title='bbox 685 5054 788 5108; x_wconf 89' lang='lat' dir='ltr'><strong>est,</strong></span> <span class='ocrx_word' id='word_1_654' title='bbox 826 5031 1100 5114; x_wconf 73' lang='lat' dir='ltr'><strong>particeps</strong></span> <span class='ocrx_word' id='word_1_655' title='bbox 1128 5031 1490 5098; x_wconf 39' lang='lat' dir='ltr'><strong>&#39;tene&#39;brar&#39;um</strong></span> <span class='ocrx_word' id='word_1_656' title='bbox 1534 5052 1588 5097; x_wconf 91' lang='lat' dir='ltr'><strong>et</strong></span> <span class='ocrx_word' id='word_1_657' title='bbox 1618 5031 1784 5110; x_wconf 64' lang='lat' dir='ltr'><strong>lueis,</strong></span> 
     </span>
    </p>
   </div>
   <div class='ocr_carea' id='block_1_88' title="bbox 202 5112 1788 5195">
    <p class='ocr_par' dir='ltr' id='par_1_88' title="bbox 202 5112 1788 5195">
     <span class='ocr_line' id='line_1_88' title="bbox 202 5112 1788 5195; baseline -0.003 -23"><span class='ocrx_word' id='word_1_658' title='bbox 202 5118 566 5195; x_wconf 73' lang='lat' dir='ltr'><strong>translatione</strong></span> <span class='ocrx_word' id='word_1_659' title='bbox 607 5112 896 5195; x_wconf 47' lang='lat' dir='ltr'><strong>sumptam</strong></span> <span class='ocrx_word' id='word_1_660' title='bbox 935 5114 1057 5195; x_wconf 80' lang='lat' dir='ltr'><strong>pilis</strong></span> <span class='ocrx_word' id='word_1_661' title='bbox 1091 5112 1569 5195; x_wconf 40' lang='lat' dir='ltr'><strong>luporumz‘inquit</strong></span> <span class='ocrx_word' id='word_1_662' title='bbox 1600 5123 1788 5195; x_wconf 61' lang='lat' dir='ltr'><strong>auctor</strong></span> 
     </span>
    </p>
   </div>
   <div class='ocr_carea' id='block_1_89' title="bbox 197 5183 1789 5255">
    <p class='ocr_par' dir='ltr' id='par_1_89' title="bbox 197 5183 1789 5255">
     <span class='ocr_line' id='line_1_89' title="bbox 197 5183 1789 5255; baseline -0.003 -13"><span class='ocrx_word' id='word_1_663' title='bbox 197 5188 413 5242; x_wconf 75' lang='lat' dir='ltr'><strong>veteris</strong></span> <span class='ocrx_word' id='word_1_664' title='bbox 444 5183 789 5255; x_wconf 79' lang='lat' dir='ltr'><strong>Etymologici</strong></span> <span class='ocrx_word' id='word_1_665' title='bbox 814 5200 828 5250; x_wconf 88' lang='lat'><strong>;</strong></span> <span class='ocrx_word' id='word_1_666' title='bbox 860 5183 1100 5255; x_wconf 32' lang='lat' dir='ltr'><strong>quiaLut</strong></span> <span class='ocrx_word' id='word_1_667' title='bbox 1119 5183 1313 5255; x_wconf 81' lang='lat' dir='ltr'><strong>scribit</strong></span> <span class='ocrx_word' id='word_1_668' title='bbox 1339 5184 1640 5255; x_wconf 82' lang='lat' dir='ltr'><strong>Demetrius</strong></span> <span class='ocrx_word' id='word_1_669' title='bbox 1670 5184 1789 5255; x_wconf 70' lang='lat' dir='ltr'><strong>Tri-</strong></span> 
     </span>
    </p>
   </div>
   <div class='ocr_carea' id='block_1_90' title="bbox 200 5245 1790 5322">
    <p class='ocr_par' dir='ltr' id='par_1_90' title="bbox 200 5245 1790 5322">
     <span class='ocr_line' id='line_1_90' title="bbox 200 5245 1790 5322; baseline -0.003 -11"><span class='ocrx_word' id='word_1_670' title='bbox 200 5258 413 5312; x_wconf 80' lang='lat' dir='ltr'><strong>eliuius</strong></span> <span class='ocrx_word' id='word_1_671' title='bbox 436 5258 488 5310; x_wconf 91' lang='lat' dir='ltr'><strong>in</strong></span> <span class='ocrx_word' id='word_1_672' title='bbox 511 5245 777 5309; x_wconf 66' lang='lat' dir='ltr'><strong>Electram</strong></span> <span class='ocrx_word' id='word_1_673' title='bbox 803 5245 1208 5322; x_wconf 80' lang='lat' dir='ltr'><strong>Sophoclis,lux</strong></span> <span class='ocrx_word' id='word_1_674' title='bbox 1229 5252 1372 5307; x_wconf 89' lang='lat' dir='ltr'><strong>circa</strong></span> <span class='ocrx_word' id='word_1_675' title='bbox 1390 5252 1599 5307; x_wconf 90' lang='lat' dir='ltr'><strong>initium</strong></span> <span class='ocrx_word' id='word_1_676' title='bbox 1626 5253 1790 5308; x_wconf 89' lang='lat' dir='ltr'><strong>habet</strong></span> 
     </span>
    </p>
   </div>
   <div class='ocr_carea' id='block_1_91' title="bbox 203 5324 1789 5396">
    <p class='ocr_par' dir='ltr' id='par_1_91' title="bbox 203 5324 1789 5396">
     <span class='ocr_line' id='line_1_91' title="bbox 203 5324 1789 5396; baseline -0.004 -14"><span class='ocrx_word' id='word_1_677' title='bbox 203 5328 328 5396; x_wconf 83' lang='lat' dir='ltr'><strong>lupi</strong></span> <span class='ocrx_word' id='word_1_678' title='bbox 351 5327 623 5396; x_wconf 84' lang='lat' dir='ltr'><strong>colorem:</strong></span> <span class='ocrx_word' id='word_1_679' title='bbox 657 5325 738 5379; x_wconf 84' lang='lat' dir='ltr'><strong>vel</strong></span> <span class='ocrx_word' id='word_1_680' title='bbox 784 5324 908 5393; x_wconf 87' lang='lat' dir='ltr'><strong>quia</strong></span> <span class='ocrx_word' id='word_1_681' title='bbox 955 5324 1275 5396; x_wconf 84' lang='lat' dir='ltr'><strong>intempesta</strong></span> <span class='ocrx_word' id='word_1_682' title='bbox 1321 5332 1479 5396; x_wconf 78' lang='lat' dir='ltr'><strong>nocte</strong></span> <span class='ocrx_word' id='word_1_683' title='bbox 1511 5338 1789 5396; x_wconf 55' lang='lat' dir='ltr'><strong>nunquam</strong></span> 
     </span>
    </p>
   </div>
   <div class='ocr_carea' id='block_1_92' title="bbox 206 5392 1791 5467">
    <p class='ocr_par' dir='ltr' id='par_1_92' title="bbox 206 5392 1791 5467">
     <span class='ocr_line' id='line_1_92' title="bbox 206 5392 1791 5467; baseline -0.002 -16"><span class='ocrx_word' id='word_1_684' title='bbox 206 5392 380 5467; x_wconf 78' lang='lat' dir='ltr'><strong>lupus</strong></span> <span class='ocrx_word' id='word_1_685' title='bbox 401 5392 883 5467; x_wconf 24' lang='lat' dir='ltr'><strong>oculorumuusura</strong></span> <span class='ocrx_word' id='word_1_686' title='bbox 927 5401 1095 5467; x_wconf 69' lang='lat' dir='ltr'><strong>caret.</strong></span> <span class='ocrx_word' id='word_1_687' title='bbox 1126 5392 1268 5467; x_wconf 71' lang='lat' dir='ltr'><strong>idem</strong></span> <span class='ocrx_word' id='word_1_688' title='bbox 1309 5393 1500 5467; x_wconf 83' lang='lat' dir='ltr'><strong>scribit</strong></span> <span class='ocrx_word' id='word_1_689' title='bbox 1543 5392 1791 5467; x_wconf 44' lang='lat' dir='ltr'><strong>Albanus</strong></span> 
     </span>
    </p>
   </div>
   <div class='ocr_carea' id='block_1_93' title="bbox 208 5461 1797 5533">
    <p class='ocr_par' dir='ltr' id='par_1_93' title="bbox 208 5461 1797 5533">
     <span class='ocr_line' id='line_1_93' title="bbox 208 5461 1797 5533; baseline -0.003 -12"><span class='ocrx_word' id='word_1_690' title='bbox 208 5461 316 5521; x_wconf 74' lang='lat' dir='ltr'><strong>liﬁ.</strong></span> <span class='ocrx_word' id='word_1_691' title='bbox 350 5482 383 5519; x_wconf 67' lang='grc' dir='ltr'>ι</span> <span class='ocrx_word' id='word_1_692' title='bbox 406 5467 473 5520; x_wconf 91' lang='lat' dir='ltr'><strong>de</strong></span> <span class='ocrx_word' id='word_1_693' title='bbox 495 5464 837 5527; x_wconf 86' lang='lat' dir='ltr'><strong>animalibus,</strong></span> <span class='ocrx_word' id='word_1_694' title='bbox 864 5478 982 5533; x_wconf 89' lang='lat' dir='ltr'><strong>cap.</strong></span> <span class='ocrx_word' id='word_1_695' title='bbox 1006 5461 1321 5533; x_wconf 17' lang='lat' dir='ltr'><strong>20,7dieitu_r</strong></span> <span class='ocrx_word' id='word_1_696' title='bbox 1340 5469 1395 5533; x_wconf 85' lang='lat' dir='ltr'><strong>et</strong></span> <span class='ocrx_word' id='word_1_697' title='bbox 1419 5462 1561 5533; x_wconf 70' lang='grc' dir='ltr'><strong>λύιςη.</strong></span> <span class='ocrx_word' id='word_1_698' title='bbox 1595 5463 1797 5518; x_wconf 81' lang='lat' dir='ltr'><strong>Macro-</strong></span> 
     </span>
    </p>
   </div>
   <div class='ocr_carea' id='block_1_94' title="bbox 210 5530 1793 5601">
    <p class='ocr_par' dir='ltr' id='par_1_94' title="bbox 210 5530 1793 5601">
     <span class='ocr_line' id='line_1_94' title="bbox 210 5530 1793 5601; baseline -0.002 -12"><span class='ocrx_word' id='word_1_699' title='bbox 210 5537 343 5590; x_wconf 78' lang='lat' dir='ltr'><strong>bills</strong></span> <span class='ocrx_word' id='word_1_700' title='bbox 372 5534 467 5590; x_wconf 87' lang='lat' dir='ltr'><strong>lib.</strong></span> <span class='ocrx_word' id='word_1_701' title='bbox 498 5550 515 5589; x_wconf 85' lang='grc' dir='ltr'><strong>ι</strong></span> <span class='ocrx_word' id='word_1_702' title='bbox 545 5533 852 5596; x_wconf 88' lang='lat' dir='ltr'><strong>Saturnal.,</strong></span> <span class='ocrx_word' id='word_1_703' title='bbox 902 5530 1020 5601; x_wconf 74' lang='lat' dir='ltr'><strong>cap.</strong></span> <span class='ocrx_word' id='word_1_704' title='bbox 1053 5532 1158 5585; x_wconf 85' lang='lat' dir='ltr'><strong>l7:</strong></span> <span class='ocrx_word' id='word_1_705' title='bbox 1209 5548 1227 5580; x_wconf 75' lang='grc' dir='ltr'><strong><em>ι</em></strong></span> <span class='ocrx_word' id='word_1_706' title='bbox 1271 5530 1441 5587; x_wconf 86' lang='lat' dir='ltr'><strong>Prisci</strong></span> <span class='ocrx_word' id='word_1_707' title='bbox 1484 5531 1793 5588; x_wconf 67' lang='lat' dir='ltr'><strong>Graecorum</strong></span> 
     </span>
    </p>
   </div>
   <div class='ocr_carea' id='block_1_95' title="bbox 211 5601 1796 5675">
    <p class='ocr_par' dir='ltr' id='par_1_95' title="bbox 211 5601 1796 5675">
     <span class='ocr_line' id='line_1_95' title="bbox 211 5601 1796 5675; baseline -0.001 -16"><span class='ocrx_word' id='word_1_708' title='bbox 211 5605 453 5675; x_wconf 84' lang='lat' dir='ltr'><strong>primam</strong></span> <span class='ocrx_word' id='word_1_709' title='bbox 482 5603 654 5660; x_wconf 87' lang='lat' dir='ltr'><strong>lucem</strong></span> <span class='ocrx_word' id='word_1_710' title='bbox 693 5619 812 5673; x_wconf 61' lang='lat' dir='ltr'><strong>quae</strong></span> <span class='ocrx_word' id='word_1_711' title='bbox 845 5602 1102 5675; x_wconf 68' lang='lat' dir='ltr'><strong>praecedit</strong></span> <span class='ocrx_word' id='word_1_712' title='bbox 1130 5601 1347 5675; x_wconf 85' lang='lat' dir='ltr'><strong>primos</strong></span> <span class='ocrx_word' id='word_1_713' title='bbox 1388 5604 1796 5675; x_wconf 48' lang='lat' dir='ltr'><strong>exortusjdxm</strong></span> 
     </span>
    </p>
   </div>
   <div class='ocr_carea' id='block_1_96' title="bbox 216 5672 1797 5745">
    <p class='ocr_par' dir='ltr' id='par_1_96' title="bbox 216 5672 1797 5745">
     <span class='ocr_line' id='line_1_96' title="bbox 216 5672 1797 5745; baseline -0.002 -17"><span class='ocrx_word' id='word_1_714' title='bbox 216 5672 645 5745; x_wconf 73' lang='lat' dir='ltr'><strong>appellaverunt</strong></span> <span class='ocrx_word' id='word_1_715' title='bbox 660 5672 758 5729; x_wconf 63' lang='grc' dir='ltr'><strong>ἆτὲό</strong></span> <span class='ocrx_word' id='word_1_716' title='bbox 777 5680 865 5728; x_wconf 81' lang='grc' dir='ltr'><strong>τοῦ</strong></span> <span class='ocrx_word' id='word_1_717' title='bbox 888 5673 1063 5745; x_wconf 55' lang='lat' dir='ltr'><strong>Auzea,</strong></span> <span class='ocrx_word' id='word_1_718' title='bbox 1091 5672 1140 5725; x_wconf 91' lang='lat' dir='ltr'><strong>id</strong></span> <span class='ocrx_word' id='word_1_719' title='bbox 1161 5679 1239 5726; x_wconf 90' lang='lat' dir='ltr'><strong>est</strong></span> <span class='ocrx_word' id='word_1_720' title='bbox 1265 5678 1506 5741; x_wconf 90' lang='lat' dir='ltr'><strong>tempore</strong></span> <span class='ocrx_word' id='word_1_721' title='bbox 1529 5672 1797 5745; x_wconf 84' lang='lat' dir='ltr'><strong>hodieque</strong></span> 
     </span>
    </p>
   </div>
   <div class='ocr_carea' id='block_1_97' title="bbox 218 5742 1797 5816">
    <p class='ocr_par' dir='ltr' id='par_1_97' title="bbox 218 5742 1797 5816">
     <span class='ocr_line' id='line_1_97' title="bbox 218 5742 1797 5816; baseline -0.001 -18"><span class='ocrx_word' id='word_1_722' title='bbox 218 5742 486 5816; x_wconf 51' lang='lat' dir='ltr'><strong>licophos</strong></span> <span class='ocrx_word' id='word_1_723' title='bbox 506 5744 821 5799; x_wconf 88' lang='lat' dir='ltr'><strong>nominant:</strong></span> <span class='ocrx_word' id='word_1_724' title='bbox 861 5742 956 5797; x_wconf 89' lang='lat' dir='ltr'><strong>sed</strong></span> <span class='ocrx_word' id='word_1_725' title='bbox 986 5742 1132 5797; x_wconf 92' lang='lat' dir='ltr'><strong>locus</strong></span> <span class='ocrx_word' id='word_1_726' title='bbox 1167 5751 1472 5813; x_wconf 87' lang='lat' dir='ltr'><strong>corruptus,</strong></span> <span class='ocrx_word' id='word_1_727' title='bbox 1502 5750 1554 5795; x_wconf 90' lang='lat' dir='ltr'><strong>et</strong></span> <span class='ocrx_word' id='word_1_728' title='bbox 1580 5758 1709 5813; x_wconf 89' lang='lat' dir='ltr'><strong>pro,</strong></span> <span class='ocrx_word' id='word_1_729' title='bbox 1742 5743 1797 5796; x_wconf 80' lang='lat' dir='ltr'><strong>id</strong></span> 
     </span>
    </p>
   </div>
   <div class='ocr_carea' id='block_1_98' title="bbox 1870 3268 3450 3347">
    <p class='ocr_par' dir='ltr' id='par_1_98' title="bbox 1870 3268 3450 3347">
     <span class='ocr_line' id='line_1_98' title="bbox 1870 3268 3450 3347; baseline 0.007 -25"><span class='ocrx_word' id='word_1_730' title='bbox 1870 3282 1998 3335; x_wconf 82' lang='lat' dir='ltr'><strong>ergo</strong></span> <span class='ocrx_word' id='word_1_731' title='bbox 2028 3283 2093 3323; x_wconf 86' lang='lat' dir='ltr'><strong>ex</strong></span> <span class='ocrx_word' id='word_1_732' title='bbox 2138 3268 2223 3324; x_wconf 90' lang='lat' dir='ltr'><strong>bis</strong></span> <span class='ocrx_word' id='word_1_733' title='bbox 2266 3270 2518 3325; x_wconf 89' lang='lat' dir='ltr'><strong>omnibus</strong></span> <span class='ocrx_word' id='word_1_734' title='bbox 2561 3285 2668 3325; x_wconf 91' lang='lat' dir='ltr'><strong>non</strong></span> <span class='ocrx_word' id='word_1_735' title='bbox 2712 3270 2964 3343; x_wconf 70' lang='lat' dir='ltr'><strong>elegerit,</strong></span> <span class='ocrx_word' id='word_1_736' title='bbox 3011 3288 3118 3344; x_wconf 91' lang='lat' dir='ltr'><strong>quo</strong></span> <span class='ocrx_word' id='word_1_737' title='bbox 3157 3287 3450 3347; x_wconf 87' lang='lat' dir='ltr'><strong>occupetur</strong></span> 
     </span>
    </p>
   </div>
   <div class='ocr_carea' id='block_1_99' title="bbox 1870 3448 3162 3524">
    <p class='ocr_par' dir='ltr' id='par_1_99' title="bbox 1870 3448 3162 3524">
     <span class='ocr_line' id='line_1_99' title="bbox 1870 3448 3162 3524; baseline 0.006 -20"><span class='ocrx_word' id='word_1_738' title='bbox 1870 3459 1944 3505; x_wconf 73' lang='lat' dir='ltr'><strong>est</strong></span> <span class='ocrx_word' id='word_1_739' title='bbox 1972 3459 2217 3524; x_wconf 54' lang='lat' dir='ltr'><strong>tempore,</strong></span> <span class='ocrx_word' id='word_1_740' title='bbox 2245 3448 2380 3524; x_wconf 71' lang='lat' dir='ltr'><strong>lege,</strong></span> <span class='ocrx_word' id='word_1_741' title='bbox 2399 3450 2459 3524; x_wconf 72' lang='lat' dir='ltr'><strong>id</strong></span> <span class='ocrx_word' id='word_1_742' title='bbox 2488 3452 2731 3524; x_wconf 65' lang='lat' dir='ltr'><strong>temporis</strong></span> <span class='ocrx_word' id='word_1_743' title='bbox 2760 3452 3032 3524; x_wconf 79' lang='lat' dir='ltr'><strong>hodieque,</strong></span> <span class='ocrx_word' id='word_1_744' title='bbox 3057 3464 3162 3512; x_wconf 90' lang='lat' dir='ltr'><strong>etc.</strong></span> 
     </span>
    </p>
   </div>
   <div class='ocr_carea' id='block_1_100' title="bbox 1946 3518 3453 3595">
    <p class='ocr_par' dir='ltr' id='par_1_100' title="bbox 1946 3518 3453 3595">
     <span class='ocr_line' id='line_1_100' title="bbox 1946 3518 3453 3595; baseline 0.011 -24"><span class='ocrx_word' id='word_1_745' title='bbox 1946 3530 1970 3595; x_wconf 62' lang='grc' dir='ltr'><strong><em>ς</em></strong></span> <span class='ocrx_word' id='word_1_746' title='bbox 2000 3518 2336 3595; x_wconf 63' lang='lat' dir='ltr'><strong>Compendio,</strong></span> <span class='ocrx_word' id='word_1_747' title='bbox 2362 3520 2414 3595; x_wconf 73' lang='lat' dir='ltr'><strong>id</strong></span> <span class='ocrx_word' id='word_1_748' title='bbox 2444 3527 2560 3595; x_wconf 84' lang='lat' dir='ltr'><strong>est,_</strong></span> <span class='ocrx_word' id='word_1_749' title='bbox 2579 3518 2826 3577; x_wconf 87' lang='lat' dir='ltr'><strong>utilitate.</strong></span> <span class='ocrx_word' id='word_1_750' title='bbox 2856 3518 3243 3595; x_wconf 58' lang='lat' dir='ltr'><strong>S._&#39;Cyprianus</strong></span> <span class='ocrx_word' id='word_1_751' title='bbox 3262 3527 3355 3585; x_wconf 90' lang='lat' dir='ltr'><strong>lib.</strong></span> <span class='ocrx_word' id='word_1_752' title='bbox 3383 3533 3453 3587; x_wconf 88' lang='lat' dir='ltr'><strong>de</strong></span> 
     </span>
    </p>
   </div>
   <div class='ocr_carea' id='block_1_101' title="bbox 1872 3587 3456 3671">
    <p class='ocr_par' dir='ltr' id='par_1_101' title="bbox 1872 3587 3456 3671">
     <span class='ocr_line' id='line_1_101' title="bbox 1872 3587 3456 3671; baseline 0.007 -28"><span class='ocrx_word' id='word_1_753' title='bbox 1872 3588 2079 3671; x_wconf 65' lang='lat' dir='ltr'><strong>Zeloet</strong></span> <span class='ocrx_word' id='word_1_754' title='bbox 2103 3587 2295 3642; x_wconf 87' lang='lat' dir='ltr'><strong>Livore</strong></span> <span class='ocrx_word' id='word_1_755' title='bbox 2322 3607 2335 3641; x_wconf 93' lang='lat'><strong>:</strong></span> <span class='ocrx_word' id='word_1_756' title='bbox 2371 3588 2709 3671; x_wconf 62' lang='lat' dir='ltr'><strong>Ut__aniniam</strong></span> <span class='ocrx_word' id='word_1_757' title='bbox 2741 3587 3215 3671; x_wconf 60' lang='lat' dir='ltr'><strong>pecunia&#39;éapiat,</strong></span> <span class='ocrx_word' id='word_1_758' title='bbox 3253 3600 3456 3671; x_wconf 81' lang='lat' dir='ltr'><strong>ingerit</strong></span> 
     </span>
    </p>
   </div>
   <div class='ocr_carea' id='block_1_102' title="bbox 1871 3657 3400 3736">
    <p class='ocr_par' dir='ltr' id='par_1_102' title="bbox 1871 3657 3400 3736">
     <span class='ocr_line' id='line_1_102' title="bbox 1871 3657 3400 3736; baseline 0.009 -26"><span class='ocrx_word' id='word_1_759' title='bbox 1871 3657 2171 3736; x_wconf 67' lang='lat' dir='ltr'><strong>perniciosa</strong></span> <span class='ocrx_word' id='word_1_760' title='bbox 2196 3659 2533 3736; x_wconf 77' lang='lat' dir='ltr'><strong>compendia.</strong></span> <span class='ocrx_word' id='word_1_761' title='bbox 2560 3657 2904 3736; x_wconf 73' lang='lat' dir='ltr'><strong>Contrarium</strong></span> <span class='ocrx_word' id='word_1_762' title='bbox 2933 3674 3014 3717; x_wconf 91' lang='lat' dir='ltr'><strong>est</strong></span> <span class='ocrx_word' id='word_1_763' title='bbox 3044 3657 3400 3736; x_wconf 72' lang='lat' dir='ltr'><strong>dispendium.</strong></span> 
     </span>
    </p>
   </div>
   <div class='ocr_carea' id='block_1_103' title="bbox 1948 3725 3446 3794">
    <p class='ocr_par' dir='ltr' id='par_1_103' title="bbox 1948 3725 3446 3794">
     <span class='ocr_line' id='line_1_103' title="bbox 1948 3725 3446 3794; baseline 0.012 -17"><span class='ocrx_word' id='word_1_764' title='bbox 1948 3726 1969 3766; x_wconf 70' lang='grc' dir='ltr'>ί</span> <span class='ocrx_word' id='word_1_765' title='bbox 2014 3725 2117 3791; x_wconf 81' lang='lat' dir='ltr'><strong>Qui</strong></span> <span class='ocrx_word' id='word_1_766' title='bbox 2138 3743 2241 3781; x_wconf 82' lang='lat' dir='ltr'><strong>non</strong></span> <span class='ocrx_word' id='word_1_767' title='bbox 2281 3725 2504 3791; x_wconf 68' lang='lat' dir='ltr'><strong>laborat,</strong></span> <span class='ocrx_word' id='word_1_768' title='bbox 2554 3745 2657 3783; x_wconf 80' lang='lat' dir='ltr'><strong>non</strong></span> <span class='ocrx_word' id='word_1_769' title='bbox 2704 3732 3001 3789; x_wconf 73' lang='lat' dir='ltr'><strong>manducet.</strong></span> <span class='ocrx_word' id='word_1_770' title='bbox 3048 3725 3318 3794; x_wconf 57' lang='lat' dir='ltr'><strong>lta&#39;etiam</strong></span> <span class='ocrx_word' id='word_1_771' title='bbox 3366 3742 3446 3794; x_wconf 89' lang='lat' dir='ltr'><strong>ci-</strong></span> 
     </span>
    </p>
   </div>
   <div class='ocr_carea' id='block_1_104' title="bbox 1874 3794 3449 3875">
    <p class='ocr_par' dir='ltr' id='par_1_104' title="bbox 1874 3794 3449 3875">
     <span class='ocr_line' id='line_1_104' title="bbox 1874 3794 3449 3875; baseline 0.01 -24"><span class='ocrx_word' id='word_1_772' title='bbox 1874 3805 2022 3875; x_wconf 79' lang='lat' dir='ltr'><strong>tatur</strong></span> <span class='ocrx_word' id='word_1_773' title='bbox 2044 3796 2191 3851; x_wconf 91' lang='lat' dir='ltr'><strong>locus</strong></span> <span class='ocrx_word' id='word_1_774' title='bbox 2218 3796 2269 3850; x_wconf 92' lang='lat' dir='ltr'><strong>in</strong></span> <span class='ocrx_word' id='word_1_775' title='bbox 2300 3794 2502 3875; x_wconf 82' lang='lat' dir='ltr'><strong>Regula</strong></span> <span class='ocrx_word' id='word_1_776' title='bbox 2534 3798 2684 3851; x_wconf 90' lang='lat' dir='ltr'><strong>Pauli</strong></span> <span class='ocrx_word' id='word_1_777' title='bbox 2708 3808 2762 3854; x_wconf 88' lang='lat' dir='ltr'><strong>et</strong></span> <span class='ocrx_word' id='word_1_778' title='bbox 2789 3799 3045 3875; x_wconf 71' lang='lat' dir='ltr'><strong>Stephani</strong></span> <span class='ocrx_word' id='word_1_779' title='bbox 3076 3821 3193 3875; x_wconf 87' lang='lat' dir='ltr'><strong>cap.</strong></span> <span class='ocrx_word' id='word_1_780' title='bbox 3229 3810 3318 3875; x_wconf 67' lang='grc'><strong>54,</strong></span> <span class='ocrx_word' id='word_1_781' title='bbox 3352 3813 3449 3867; x_wconf 92' lang='lat' dir='ltr'><strong>sed</strong></span> 
     </span>
    </p>
   </div>
   <div class='ocr_carea' id='block_1_105' title="bbox 1873 3867 3450 3937">
    <p class='ocr_par' dir='ltr' id='par_1_105' title="bbox 1873 3867 3450 3937">
     <span class='ocr_line' id='line_1_105' title="bbox 1873 3867 3450 3937; baseline 0.009 -16"><span class='ocrx_word' id='word_1_782' title='bbox 1873 3867 2055 3937; x_wconf 87' lang='lat' dir='ltr'><strong>potius</strong></span> <span class='ocrx_word' id='word_1_783' title='bbox 2080 3880 2146 3919; x_wconf 87' lang='lat' dir='ltr'><strong>ex</strong></span> <span class='ocrx_word' id='word_1_784' title='bbox 2188 3868 2469 3937; x_wconf 71' lang='lat' dir='ltr'><strong>illeilltil&#39;ltl,</strong></span> <span class='ocrx_word' id='word_1_785' title='bbox 2501 3882 2662 3935; x_wconf 88' lang='lat' dir='ltr'><strong>quam</strong></span> <span class='ocrx_word' id='word_1_786' title='bbox 2711 3883 2772 3922; x_wconf 82' lang='lat' dir='ltr'><strong>ex</strong></span> <span class='ocrx_word' id='word_1_787' title='bbox 2820 3867 3045 3926; x_wconf 56' lang='lat' dir='ltr'><strong>codice:</strong></span> <span class='ocrx_word' id='word_1_788' title='bbox 3079 3867 3202 3929; x_wconf 57' lang='lat' dir='ltr'><strong>na&#39;m</strong></span> <span class='ocrx_word' id='word_1_789' title='bbox 3242 3867 3450 3935; x_wconf 66' lang='lat' dir='ltr'><strong>iuver-</strong></span> 
     </span>
    </p>
   </div>
   <div class='ocr_carea' id='block_1_106' title="bbox 1879 3935 3453 4019">
    <p class='ocr_par' dir='ltr' id='par_1_106' title="bbox 1879 3935 3453 4019">
     <span class='ocr_line' id='line_1_106' title="bbox 1879 3935 3453 4019; baseline 0.01 -30"><span class='ocrx_word' id='word_1_790' title='bbox 1879 3935 2351 4019; x_wconf 43' lang='lat' dir='ltr'><strong>‘s‘ioneco‘mmuni,</strong></span> <span class='ocrx_word' id='word_1_791' title='bbox 2402 3952 2521 4019; x_wconf 68' lang='lat' dir='ltr'><strong>qum</strong></span> <span class='ocrx_word' id='word_1_792' title='bbox 2562 3939 2728 4017; x_wconf 75' lang='lat' dir='ltr'><strong>textui</strong></span> <span class='ocrx_word' id='word_1_793' title='bbox 2761 3938 2947 4019; x_wconf 49' lang='lat' dir='ltr'><strong>Graeco</strong></span> <span class='ocrx_word' id='word_1_794' title='bbox 2969 3944 3194 4019; x_wconf 78' lang='lat' dir='ltr'><strong>omnino</strong></span> <span class='ocrx_word' id='word_1_795' title='bbox 3224 3963 3453 4019; x_wconf 88' lang='lat' dir='ltr'><strong>respon-</strong></span> 
     </span>
    </p>
   </div>
   <div class='ocr_carea' id='block_1_107' title="bbox 1877 4004 3437 4130">
    <p class='ocr_par' dir='ltr' id='par_1_107' title="bbox 1877 4004 3437 4130">
     <span class='ocr_line' id='line_1_107' title="bbox 1877 4004 3437 4130; baseline 0.01 -72"><span class='ocrx_word' id='word_1_796' title='bbox 1877 4008 1986 4130; x_wconf 53' lang='lat' dir='ltr'><strong>rdlet,</strong></span> <span class='ocrx_word' id='word_1_797' title='bbox 2011 4006 2094 4128; x_wconf 51' lang='lat' dir='ltr'><strong>lita</strong></span> <span class='ocrx_word' id='word_1_798' title='bbox 2121 4004 2378 4059; x_wconf 83' lang='lat' dir='ltr'><strong>habetur:</strong></span> <span class='ocrx_word' id='word_1_799' title='bbox 2399 4007 2458 4059; x_wconf 84' lang='lat' dir='ltr'><strong>Si</strong></span> <span class='ocrx_word' id='word_1_800' title='bbox 2482 4007 2599 4077; x_wconf 78' lang='lat' dir='ltr'><strong>quis</strong></span> <span class='ocrx_word' id='word_1_801' title='bbox 2625 4024 2727 4062; x_wconf 82' lang='lat' dir='ltr'><strong>non</strong></span> <span class='ocrx_word' id='word_1_802' title='bbox 2750 4012 2855 4063; x_wconf 78' lang='lat' dir='ltr'><strong>vult</strong></span> <span class='ocrx_word' id='word_1_803' title='bbox 2880 4015 3109 4082; x_wconf 81' lang='lat' dir='ltr'><strong>operari,</strong></span> <span class='ocrx_word' id='word_1_804' title='bbox 3138 4031 3243 4070; x_wconf 83' lang='lat' dir='ltr'><strong>non</strong></span> <span class='ocrx_word' id='word_1_805' title='bbox 3287 4004 3437 4073; x_wconf 49' lang='lat' dir='ltr'><strong>altan-</strong></span> 
     </span>
     <span class='ocr_line' id='line_1_108' title="bbox 1918 4092 2052 4129; baseline -0.015 0"><span class='ocrx_word' id='word_1_806' title='bbox 1918 4092 2009 4129; x_wconf 85' lang='lat' dir='ltr'><strong>uce</strong></span> <span class='ocrx_word' id='word_1_807' title='bbox 2037 4113 2052 4127; x_wconf 95' lang='lat'><strong>.</strong></span> 
     </span>
    </p>
   </div>
   <div class='ocr_carea' id='block_1_108' title="bbox 1918 4085 2052 4129">
    <p class='ocr_par' dir='ltr' id='par_1_108' title="bbox 1918 4085 2052 4129">
     <span class='ocr_line' id='line_1_109' title="bbox 1918 4085 2052 4129; baseline -0.015 0"><span class='ocrx_word' id='word_1_808' title='bbox 1918 4085 2052 4129; x_wconf 85' lang='lat' dir='ltr'><strong>ucet.</strong></span> 
     </span>
    </p>
   </div>
   <div class='ocr_carea' id='block_1_109' title="bbox 1955 4143 3456 4225">
    <p class='ocr_par' dir='ltr' id='par_1_109' title="bbox 1955 4143 3456 4225">
     <span class='ocr_line' id='line_1_110' title="bbox 1955 4143 3456 4225; baseline 0.013 -31"><span class='ocrx_word' id='word_1_809' title='bbox 1955 4147 1980 4225; x_wconf 54' lang='grc' dir='ltr'><strong><em>ξ</em></strong></span> <span class='ocrx_word' id='word_1_810' title='bbox 2020 4143 2276 4225; x_wconf 54' lang='lat' dir='ltr'><strong>Scribere,</strong></span> <span class='ocrx_word' id='word_1_811' title='bbox 2309 4145 2447 4215; x_wconf 81' lang='lat' dir='ltr'><strong>quod</strong></span> <span class='ocrx_word' id='word_1_812' title='bbox 2467 4157 2540 4225; x_wconf 60' lang='lat' dir='ltr'><strong>est</strong></span> <span class='ocrx_word' id='word_1_813' title='bbox 2566 4147 2893 4225; x_wconf 61' lang='lat' dir='ltr'><strong>pra’cipuunt</strong></span> <span class='ocrx_word' id='word_1_814' title='bbox 2908 4168 3056 4225; x_wconf 68' lang='lat' dir='ltr'><strong>opus.</strong></span> <span class='ocrx_word' id='word_1_815' title='bbox 3080 4153 3371 4225; x_wconf 79' lang='lat' dir='ltr'><strong>Antiquum</strong></span> <span class='ocrx_word' id='word_1_816' title='bbox 3399 4167 3456 4214; x_wconf 88' lang='lat' dir='ltr'><strong>et</strong></span> 
     </span>
    </p>
   </div>
   <div class='ocr_carea' id='block_1_110' title="bbox 1878 4214 3445 4287">
    <p class='ocr_par' dir='ltr' id='par_1_110' title="bbox 1878 4214 3445 4287">
     <span class='ocr_line' id='line_1_111' title="bbox 1878 4214 3445 4287; baseline 0.009 -19"><span class='ocrx_word' id='word_1_817' title='bbox 1878 4214 2293 4287; x_wconf 74' lang='lat' dir='ltr'><strong>usitatissimum</strong></span> <span class='ocrx_word' id='word_1_818' title='bbox 2310 4214 2698 4287; x_wconf 74' lang='lat' dir='ltr'><strong>monachOrum</strong></span> <span class='ocrx_word' id='word_1_819' title='bbox 2719 4214 2854 4287; x_wconf 88' lang='lat' dir='ltr'><strong>opus</strong></span> <span class='ocrx_word' id='word_1_820' title='bbox 2873 4214 2974 4274; x_wconf 84' lang='lat' dir='ltr'><strong>luit</strong></span> <span class='ocrx_word' id='word_1_821' title='bbox 2994 4221 3159 4277; x_wconf 87' lang='lat' dir='ltr'><strong>libros</strong></span> <span class='ocrx_word' id='word_1_822' title='bbox 3181 4214 3445 4282; x_wconf 77' lang='lat' dir='ltr'><strong>scribere.</strong></span> 
     </span>
    </p>
   </div>
   <div class='ocr_carea' id='block_1_111' title="bbox 1883 4283 3447 4364">
    <p class='ocr_par' dir='ltr' id='par_1_111' title="bbox 1883 4283 3447 4364">
     <span class='ocr_line' id='line_1_112' title="bbox 1883 4283 3447 4364; baseline 0.008 -26"><span class='ocrx_word' id='word_1_823' title='bbox 1883 4283 2128 4339; x_wconf 85' lang='lat' dir='ltr'><strong>Monaehi</strong></span> <span class='ocrx_word' id='word_1_824' title='bbox 2142 4283 2342 4364; x_wconf 81' lang='lat' dir='ltr'><strong>_S_ancti</strong></span> <span class='ocrx_word' id='word_1_825' title='bbox 2370 4284 2581 4364; x_wconf 75' lang='lat' dir='ltr'><strong>Martini</strong></span> <span class='ocrx_word' id='word_1_826' title='bbox 2605 4283 2856 4364; x_wconf 74' lang='lat' dir='ltr'><strong>Juni&#39;ores</strong></span> <span class='ocrx_word' id='word_1_827' title='bbox 2877 4290 3145 4364; x_wconf 10' lang='lat' dir='ltr'><strong>librorum?</strong></span> <span class='ocrx_word' id='word_1_828' title='bbox 3164 4296 3447 4364; x_wconf 91' lang='lat' dir='ltr'><strong>scriptioni</strong></span> 
     </span>
    </p>
   </div>
   <div class='ocr_carea' id='block_1_112' title="bbox 1880 4355 3452 4424">
    <p class='ocr_par' dir='ltr' id='par_1_112' title="bbox 1880 4355 3452 4424">
     <span class='ocr_line' id='line_1_113' title="bbox 1880 4355 3452 4424; baseline 0.008 -15"><span class='ocrx_word' id='word_1_829' title='bbox 1880 4369 2097 4424; x_wconf 89' lang='lat' dir='ltr'><strong>operam</strong></span> <span class='ocrx_word' id='word_1_830' title='bbox 2120 4355 2335 4424; x_wconf 79' lang='lat' dir='ltr'><strong>dabant,</strong></span> <span class='ocrx_word' id='word_1_831' title='bbox 2382 4357 2763 4424; x_wconf 79' lang='lat' dir='ltr'><strong>grandioribus</strong></span> <span class='ocrx_word' id='word_1_832' title='bbox 2798 4361 3242 4424; x_wconf 85' lang='lat' dir='ltr'><strong>contemplationi</strong></span> <span class='ocrx_word' id='word_1_833' title='bbox 3269 4355 3452 4422; x_wconf 72' lang='lat' dir='ltr'><strong>rerum</strong></span> 
     </span>
    </p>
   </div>
   <div class='ocr_carea' id='block_1_113' title="bbox 1881 4423 3450 4503">
    <p class='ocr_par' dir='ltr' id='par_1_113' title="bbox 1881 4423 3450 4503">
     <span class='ocr_line' id='line_1_114' title="bbox 1881 4423 3450 4503; baseline 0.007 -26"><span class='ocrx_word' id='word_1_834' title='bbox 1881 4423 2186 4503; x_wconf 73' lang='lat' dir='ltr'><strong>divinarum</strong></span> <span class='ocrx_word' id='word_1_835' title='bbox 2216 4423 2668 4503; x_wconf 60' lang='lat' dir='ltr'><strong>incumbentibus,</strong></span> <span class='ocrx_word' id='word_1_836' title='bbox 2730 4437 2795 4503; x_wconf 62' lang='lat' dir='ltr'><strong>ut</strong></span> <span class='ocrx_word' id='word_1_837' title='bbox 2813 4428 2977 4483; x_wconf 84' lang='lat' dir='ltr'><strong>refert</strong></span> <span class='ocrx_word' id='word_1_838' title='bbox 3004 4423 3234 4503; x_wconf 66' lang='lat' dir='ltr'><strong>Severus</strong></span> <span class='ocrx_word' id='word_1_839' title='bbox 3269 4432 3450 4503; x_wconf 84' lang='lat' dir='ltr'><strong>Sulpi-</strong></span> 
     </span>
    </p>
   </div>
   <div class='ocr_carea' id='block_1_114' title="bbox 1883 4491 3450 4564">
    <p class='ocr_par' dir='ltr' id='par_1_114' title="bbox 1883 4491 3450 4564">
     <span class='ocr_line' id='line_1_115' title="bbox 1883 4491 3450 4564; baseline 0.009 -17"><span class='ocrx_word' id='word_1_840' title='bbox 1883 4494 1991 4547; x_wconf 91' lang='lat' dir='ltr'><strong>tius</strong></span> <span class='ocrx_word' id='word_1_841' title='bbox 2014 4494 2068 4546; x_wconf 90' lang='lat' dir='ltr'><strong>in</strong></span> <span class='ocrx_word' id='word_1_842' title='bbox 2092 4491 2208 4559; x_wconf 90' lang='lat' dir='ltr'><strong>ejus</strong></span> <span class='ocrx_word' id='word_1_843' title='bbox 2232 4493 2373 4564; x_wconf 82' lang='lat' dir='ltr'><strong>Vita.</strong></span> <span class='ocrx_word' id='word_1_844' title='bbox 2406 4493 2462 4547; x_wconf 92' lang='lat' dir='ltr'><strong>S.</strong></span> <span class='ocrx_word' id='word_1_845' title='bbox 2493 4495 2740 4564; x_wconf 71' lang='lat' dir='ltr'><strong>Ephrzem</strong></span> <span class='ocrx_word' id='word_1_846' title='bbox 2760 4496 3033 4553; x_wconf 78' lang='lat' dir='ltr'><strong>Par-.enesi</strong></span> <span class='ocrx_word' id='word_1_847' title='bbox 3058 4499 3127 4552; x_wconf 70' lang='grc'><strong>47</strong></span> <span class='ocrx_word' id='word_1_848' title='bbox 3156 4491 3450 4561; x_wconf 74' lang='lat' dir='ltr'><strong>recensens</strong></span> 
     </span>
    </p>
   </div>
   <div class='ocr_carea' id='block_1_115' title="bbox 1807 4536 3452 4643">
    <p class='ocr_par' dir='ltr' id='par_1_115' title="bbox 1807 4536 3452 4643">
     <span class='ocr_line' id='line_1_116' title="bbox 1807 4536 3452 4643; baseline 0.007 -27"><span class='ocrx_word' id='word_1_849' title='bbox 1807 4536 1858 4594; x_wconf 79' lang='lat' dir='ltr'><strong>D</strong></span> <span class='ocrx_word' id='word_1_850' title='bbox 1884 4578 2045 4643; x_wconf 65' lang='lat' dir='ltr'><strong>opera</strong></span> <span class='ocrx_word' id='word_1_851' title='bbox 2078 4536 2458 4643; x_wconf 36' lang='lat' dir='ltr'><strong>mdona‘ch&#39;qrum</strong></span> <span class='ocrx_word' id='word_1_852' title='bbox 2492 4536 2607 4617; x_wconf 48' lang='lat' dir='ltr'><strong>huic</strong></span> <span class='ocrx_word' id='word_1_853' title='bbox 2629 4536 2706 4643; x_wconf 67' lang='lat' dir='ltr'><strong>ait</strong></span> <span class='ocrx_word' id='word_1_854' title='bbox 2760 4536 2794 4616; x_wconf 67' lang='grc'><strong>⁸‹</strong></span> <span class='ocrx_word' id='word_1_855' title='bbox 2805 4536 3452 4643; x_wconf 54' lang='grc' dir='ltr'><strong>ᾞὶίὲῖῗιῖέὲιῖιῖἒᾶῖιῖἓῖ</strong></span> 
     </span>
    </p>
   </div>
   <div class='ocr_carea' id='block_1_116' title="bbox 1886 4630 3454 4704">
    <p class='ocr_par' dir='ltr' id='par_1_116' title="bbox 1886 4630 3454 4704">
     <span class='ocr_line' id='line_1_117' title="bbox 1886 4630 3454 4704; baseline 0.006 -17"><span class='ocrx_word' id='word_1_856' title='bbox 1886 4630 2096 4704; x_wconf 81' lang='lat' dir='ltr'><strong>seribis.</strong></span> <span class='ocrx_word' id='word_1_857' title='bbox 2146 4649 2182 4704; x_wconf 23' lang='grc' dir='ltr'><strong>»Α</strong></span> <span class='ocrx_word' id='word_1_858' title='bbox 2206 4630 2649 4704; x_wconf 80' lang='lat' dir='ltr'><strong>S._Hieronymus</strong></span> <span class='ocrx_word' id='word_1_859' title='bbox 2681 4634 2732 4687; x_wconf 89' lang='lat' dir='ltr'><strong>in</strong></span> <span class='ocrx_word' id='word_1_860' title='bbox 2760 4636 2915 4704; x_wconf 91' lang='lat' dir='ltr'><strong>epist.</strong></span> <span class='ocrx_word' id='word_1_861' title='bbox 2940 4639 3007 4691; x_wconf 89' lang='lat' dir='ltr'><strong>ad</strong></span> <span class='ocrx_word' id='word_1_862' title='bbox 3035 4630 3315 4696; x_wconf 67' lang='lat' dir='ltr'><strong>Rusticum</strong></span> <span class='ocrx_word' id='word_1_863' title='bbox 3340 4659 3454 4697; x_wconf 89' lang='lat' dir='ltr'><strong>mo-</strong></span> 
     </span>
    </p>
   </div>
   <div class='ocr_carea' id='block_1_117' title="bbox 1887 4699 3457 4771">
    <p class='ocr_par' dir='ltr' id='par_1_117' title="bbox 1887 4699 3457 4771">
     <span class='ocr_line' id='line_1_118' title="bbox 1887 4699 3457 4771; baseline 0.006 -16"><span class='ocrx_word' id='word_1_864' title='bbox 1887 4699 2220 4771; x_wconf 28' lang='lat' dir='ltr'><strong>nachum‘de</strong></span> <span class='ocrx_word' id='word_1_865' title='bbox 2234 4701 2463 4771; x_wconf 10' lang='lat' dir='ltr'><strong>rvivendi</strong></span> <span class='ocrx_word' id='word_1_866' title='bbox 2486 4699 2658 4756; x_wconf 81' lang='lat' dir='ltr'><strong>forma</strong></span> <span class='ocrx_word' id='word_1_867' title='bbox 2684 4703 2733 4757; x_wconf 86' lang='lat' dir='ltr'><strong>ei</strong></span> <span class='ocrx_word' id='word_1_868' title='bbox 2775 4699 2986 4771; x_wconf 82' lang='lat' dir='ltr'><strong>suadet,</strong></span> <span class='ocrx_word' id='word_1_869' title='bbox 3027 4717 3087 4761; x_wconf 91' lang='lat' dir='ltr'><strong>ut</strong></span> <span class='ocrx_word' id='word_1_870' title='bbox 3107 4708 3272 4765; x_wconf 90' lang='lat' dir='ltr'><strong>libros</strong></span> <span class='ocrx_word' id='word_1_871' title='bbox 3318 4714 3457 4766; x_wconf 77' lang='lat' dir='ltr'><strong>srri-</strong></span> 
     </span>
    </p>
   </div>
   <div class='ocr_carea' id='block_1_118' title="bbox 1887 4768 3452 4847">
    <p class='ocr_par' dir='ltr' id='par_1_118' title="bbox 1887 4768 3452 4847">
     <span class='ocr_line' id='line_1_119' title="bbox 1887 4768 3452 4847; baseline 0.008 -23"><span class='ocrx_word' id='word_1_872' title='bbox 1887 4772 1976 4847; x_wconf 81' lang='lat' dir='ltr'><strong>bat</strong></span> <span class='ocrx_word' id='word_1_873' title='bbox 2007 4788 2020 4823; x_wconf 92' lang='lat'><strong>:</strong></span> <span class='ocrx_word' id='word_1_874' title='bbox 2058 4788 2076 4821; x_wconf 72' lang='grc' dir='ltr'>ι</span> <span class='ocrx_word' id='word_1_875' title='bbox 2108 4768 2426 4847; x_wconf 64' lang='grc' dir='ltr'><strong>δεῖ-ξὶιειηῑψ·</strong></span> <span class='ocrx_word' id='word_1_876' title='bbox 2454 4770 2596 4847; x_wconf 78' lang='lat' dir='ltr'><strong>libri,</strong></span> <span class='ocrx_word' id='word_1_877' title='bbox 2650 4780 2707 4825; x_wconf 86' lang='lat' dir='ltr'><strong>ut</strong></span> <span class='ocrx_word' id='word_1_878' title='bbox 2736 4782 2792 4828; x_wconf 92' lang='lat' dir='ltr'><strong>et</strong></span> <span class='ocrx_word' id='word_1_879' title='bbox 2824 4768 3029 4847; x_wconf 61' lang='lat' dir='ltr'><strong>manus</strong></span> <span class='ocrx_word' id='word_1_880' title='bbox 3046 4789 3343 4847; x_wconf 89' lang='lat' dir='ltr'><strong>operentur</strong></span> <span class='ocrx_word' id='word_1_881' title='bbox 3375 4783 3452 4836; x_wconf 86' lang='lat' dir='ltr'><strong>ci—</strong></span> 
     </span>
    </p>
   </div>
   <div class='ocr_carea' id='block_1_119' title="bbox 1886 4838 3454 4916">
    <p class='ocr_par' dir='ltr' id='par_1_119' title="bbox 1886 4838 3454 4916">
     <span class='ocr_line' id='line_1_120' title="bbox 1886 4838 3454 4916; baseline 0.009 -23"><span class='ocrx_word' id='word_1_882' title='bbox 1886 4840 2034 4916; x_wconf 74' lang='lat' dir='ltr'><strong>bum,</strong></span> <span class='ocrx_word' id='word_1_883' title='bbox 2059 4846 2114 4916; x_wconf 79' lang='lat' dir='ltr'><strong>et</strong></span> <span class='ocrx_word' id='word_1_884' title='bbox 2141 4838 2354 4893; x_wconf 88' lang='lat' dir='ltr'><strong>animus</strong></span> <span class='ocrx_word' id='word_1_885' title='bbox 2380 4838 2925 4916; x_wconf 59' lang='lat' dir='ltr'><strong>lectionesaturetur.</strong></span> <span class='ocrx_word' id='word_1_886' title='bbox 2961 4865 2980 4897; x_wconf 73' lang='grc' dir='ltr'><strong><em>ι</em></strong></span> <span class='ocrx_word' id='word_1_887' title='bbox 3012 4838 3454 4916; x_wconf 73' lang='lat' dir='ltr'><strong>Evagriuslibros</strong></span> 
     </span>
    </p>
   </div>
   <div class='ocr_carea' id='block_1_120' title="bbox 1889 4908 3452 4987">
    <p class='ocr_par' dir='ltr' id='par_1_120' title="bbox 1889 4908 3452 4987">
     <span class='ocr_line' id='line_1_121' title="bbox 1889 4908 3452 4987; baseline 0.01 -27"><span class='ocrx_word' id='word_1_888' title='bbox 1889 4909 2182 4987; x_wconf 58' lang='lat' dir='ltr'><strong>scribebat,</strong></span> <span class='ocrx_word' id='word_1_889' title='bbox 2230 4915 2289 4987; x_wconf 81' lang='lat' dir='ltr'><strong>ut</strong></span> <span class='ocrx_word' id='word_1_890' title='bbox 2318 4908 2490 4987; x_wconf 74' lang='lat' dir='ltr'><strong>refert</strong></span> <span class='ocrx_word' id='word_1_891' title='bbox 2515 4909 2876 4987; x_wconf 67' lang='lat' dir='ltr'><strong>Palladiusin</strong></span> <span class='ocrx_word' id='word_1_892' title='bbox 2901 4908 3160 4987; x_wconf 55' lang='lat' dir='ltr'><strong>Lalisiaea</strong></span> <span class='ocrx_word' id='word_1_893' title='bbox 3197 4933 3317 4987; x_wconf 90' lang='lat' dir='ltr'><strong>cap.</strong></span> <span class='ocrx_word' id='word_1_894' title='bbox 3362 4921 3452 4976; x_wconf 87' lang='lat'><strong>86.</strong></span> 
     </span>
    </p>
   </div>
   <div class='ocr_carea' id='block_1_121' title="bbox 1892 4976 3456 5055">
    <p class='ocr_par' dir='ltr' id='par_1_121' title="bbox 1892 4976 3456 5055">
     <span class='ocr_line' id='line_1_122' title="bbox 1892 4976 3456 5055; baseline 0.009 -25"><span class='ocrx_word' id='word_1_895' title='bbox 2000 4976 2368 5033; x_wconf 75' lang='lat' dir='ltr'><strong>Theudoricus</strong></span> <span class='ocrx_word' id='word_1_896' title='bbox 2405 4980 2572 5055; x_wconf 80' lang='lat' dir='ltr'><strong>abbas</strong></span> <span class='ocrx_word' id='word_1_897' title='bbox 2630 4978 2687 5033; x_wconf 93' lang='lat' dir='ltr'><strong>S.</strong></span> <span class='ocrx_word' id='word_1_898' title='bbox 2722 4980 2934 5055; x_wconf 77' lang='lat' dir='ltr'><strong>Martini</strong></span> <span class='ocrx_word' id='word_1_899' title='bbox 2987 4976 3280 5055; x_wconf 60' lang='lat' dir='ltr'><strong>Sagiensis&#39;</strong></span> <span class='ocrx_word' id='word_1_900' title='bbox 3305 5004 3456 5043; x_wconf 87' lang='lat' dir='ltr'><strong>eam-</strong></span> 
     </span>
    </p>
   </div>
   <div class='ocr_carea' id='block_1_122' title="bbox 1890 5049 3456 5117">
    <p class='ocr_par' dir='ltr' id='par_1_122' title="bbox 1890 5049 3456 5117">
     <span class='ocr_line' id='line_1_123' title="bbox 1890 5049 3456 5117; baseline 0.008 -15"><span class='ocrx_word' id='word_1_901' title='bbox 1890 5049 2012 5102; x_wconf 89' lang='lat' dir='ltr'><strong>dem</strong></span> <span class='ocrx_word' id='word_1_902' title='bbox 2041 5062 2261 5117; x_wconf 89' lang='lat' dir='ltr'><strong>operam</strong></span> <span class='ocrx_word' id='word_1_903' title='bbox 2314 5050 2565 5113; x_wconf 88' lang='lat' dir='ltr'><strong>navabat,</strong></span> <span class='ocrx_word' id='word_1_904' title='bbox 2610 5059 2669 5103; x_wconf 92' lang='lat' dir='ltr'><strong>ut</strong></span> <span class='ocrx_word' id='word_1_905' title='bbox 2702 5065 2731 5104; x_wconf 89' lang='lat' dir='ltr'><strong>a</strong></span> <span class='ocrx_word' id='word_1_906' title='bbox 2759 5052 2912 5107; x_wconf 89' lang='lat' dir='ltr'><strong>nobis</strong></span> <span class='ocrx_word' id='word_1_907' title='bbox 2972 5049 3215 5110; x_wconf 73' lang='lat' dir='ltr'><strong>notatum</strong></span> <span class='ocrx_word' id='word_1_908' title='bbox 3263 5056 3365 5113; x_wconf 80' lang='lat' dir='ltr'><strong>fuit</strong></span> <span class='ocrx_word' id='word_1_909' title='bbox 3400 5060 3456 5114; x_wconf 91' lang='lat' dir='ltr'><strong>in</strong></span> 
     </span>
    </p>
   </div>
   <div class='ocr_carea' id='block_1_123' title="bbox 1890 5117 3455 5194">
    <p class='ocr_par' dir='ltr' id='par_1_123' title="bbox 1890 5117 3455 5194">
     <span class='ocr_line' id='line_1_124' title="bbox 1890 5117 3455 5194; baseline 0.008 -23"><span class='ocrx_word' id='word_1_910' title='bbox 1890 5117 2359 5171; x_wconf 84' lang='lat' dir='ltr'><strong>observationibus</strong></span> <span class='ocrx_word' id='word_1_911' title='bbox 2383 5119 2449 5194; x_wconf 81' lang='lat' dir='ltr'><strong>ad</strong></span> <span class='ocrx_word' id='word_1_912' title='bbox 2472 5127 2733 5194; x_wconf 58' lang='lat' dir='ltr'><strong>postrum</strong></span> <span class='ocrx_word' id='word_1_913' title='bbox 2765 5120 3221 5194; x_wconf 83' lang='lat' dir='ltr'><strong>Martyrologium.</strong></span> <span class='ocrx_word' id='word_1_914' title='bbox 3268 5126 3374 5182; x_wconf 89' lang='lat' dir='ltr'><strong>Sed</strong></span> <span class='ocrx_word' id='word_1_915' title='bbox 3402 5130 3455 5184; x_wconf 89' lang='lat' dir='ltr'><strong>id</strong></span> 
     </span>
    </p>
   </div>
   <div class='ocr_carea' id='block_1_124' title="bbox 1893 5188 3458 5254">
    <p class='ocr_par' dir='ltr' id='par_1_124' title="bbox 1893 5188 3458 5254">
     <span class='ocr_line' id='line_1_125' title="bbox 1893 5188 3458 5254; baseline 0.008 -14"><span class='ocrx_word' id='word_1_916' title='bbox 1893 5195 2159 5241; x_wconf 86' lang='lat' dir='ltr'><strong>testantur</strong></span> <span class='ocrx_word' id='word_1_917' title='bbox 2198 5193 2409 5241; x_wconf 87' lang='lat' dir='ltr'><strong>veteres</strong></span> <span class='ocrx_word' id='word_1_918' title='bbox 2432 5188 2772 5245; x_wconf 71' lang='lat' dir='ltr'><strong>bibliotheca:</strong></span> <span class='ocrx_word' id='word_1_919' title='bbox 2797 5188 3246 5249; x_wconf 70' lang='lat' dir='ltr'><strong>monasteriorum</strong></span> <span class='ocrx_word' id='word_1_920' title='bbox 3274 5199 3458 5254; x_wconf 90' lang='lat' dir='ltr'><strong>multis</strong></span> 
     </span>
    </p>
   </div>
   <div class='ocr_carea' id='block_1_125' title="bbox 1893 5256 3531 5332">
    <p class='ocr_par' dir='ltr' id='par_1_125' title="bbox 1893 5256 3531 5332">
     <span class='ocr_line' id='line_1_126' title="bbox 1893 5256 3531 5332; baseline 0.008 -21"><span class='ocrx_word' id='word_1_921' title='bbox 1893 5256 2337 5332; x_wconf 48' lang='lat' dir='ltr'><strong>codicibusmss.</strong></span> <span class='ocrx_word' id='word_1_922' title='bbox 2389 5258 2564 5332; x_wconf 82' lang='lat' dir='ltr'><strong>adhuc</strong></span> <span class='ocrx_word' id='word_1_923' title='bbox 2607 5258 2816 5332; x_wconf 65' lang='lat' dir='ltr'><strong>refertae</strong></span> <span class='ocrx_word' id='word_1_924' title='bbox 2838 5261 2892 5315; x_wconf 90' lang='lat' dir='ltr'><strong>in</strong></span> <span class='ocrx_word' id='word_1_925' title='bbox 2930 5264 3125 5332; x_wconf 89' lang='lat' dir='ltr'><strong>quibus</strong></span> <span class='ocrx_word' id='word_1_926' title='bbox 3151 5266 3458 5324; x_wconf 88' lang='lat' dir='ltr'><strong>scribendis</strong></span> <span class='ocrx_word' id='word_1_927' title='bbox 3508 5274 3531 5287; x_wconf 77' lang='lat'><strong>‘</strong></span> 
     </span>
    </p>
   </div>
   <div class='ocr_carea' id='block_1_126' title="bbox 1895 5327 3460 5399">
    <p class='ocr_par' dir='ltr' id='par_1_126' title="bbox 1895 5327 3460 5399">
     <span class='ocr_line' id='line_1_127' title="bbox 1895 5327 3460 5399; baseline 0.008 -19"><span class='ocrx_word' id='word_1_928' title='bbox 1895 5327 2493 5399; x_wconf 24' lang='lat' dir='ltr'><strong>monachikdesudantes</strong></span> <span class='ocrx_word' id='word_1_929' title='bbox 2518 5328 2815 5399; x_wconf 55' lang='lat' dir='ltr'><strong>doctrinam</strong></span> <span class='ocrx_word' id='word_1_930' title='bbox 2844 5327 3145 5399; x_wconf 76' lang='lat' dir='ltr'><strong>posteritati</strong></span> <span class='ocrx_word' id='word_1_931' title='bbox 3168 5350 3460 5392; x_wconf 84' lang='lat' dir='ltr'><strong>conserva-</strong></span> 
     </span>
    </p>
   </div>
   <div class='ocr_carea' id='block_1_127' title="bbox 1895 5394 3463 5463">
    <p class='ocr_par' dir='ltr' id='par_1_127' title="bbox 1895 5394 3463 5463">
     <span class='ocr_line' id='line_1_128' title="bbox 1895 5394 3463 5463; baseline 0.009 -14"><span class='ocrx_word' id='word_1_932' title='bbox 1895 5405 2106 5449; x_wconf 84' lang='lat' dir='ltr'><strong>verunt.</strong></span> <span class='ocrx_word' id='word_1_933' title='bbox 2142 5394 2248 5449; x_wconf 90' lang='lat' dir='ltr'><strong>Sed</strong></span> <span class='ocrx_word' id='word_1_934' title='bbox 2282 5396 2347 5450; x_wconf 91' lang='lat' dir='ltr'><strong>de</strong></span> <span class='ocrx_word' id='word_1_935' title='bbox 2372 5397 2458 5450; x_wconf 90' lang='lat' dir='ltr'><strong>his</strong></span> <span class='ocrx_word' id='word_1_936' title='bbox 2484 5398 2604 5452; x_wconf 83' lang='lat' dir='ltr'><strong>vide</strong></span> <span class='ocrx_word' id='word_1_937' title='bbox 2641 5394 2977 5456; x_wconf 78' lang='lat' dir='ltr'><strong>Trithenium</strong></span> <span class='ocrx_word' id='word_1_938' title='bbox 3013 5402 3136 5459; x_wconf 91' lang='lat' dir='ltr'><strong>libr.</strong></span> <span class='ocrx_word' id='word_1_939' title='bbox 3182 5406 3248 5461; x_wconf 91' lang='lat' dir='ltr'><strong>de</strong></span> <span class='ocrx_word' id='word_1_940' title='bbox 3278 5403 3463 5463; x_wconf 86' lang='lat' dir='ltr'><strong>Laude</strong></span> 
     </span>
    </p>
   </div>
   <div class='ocr_carea' id='block_1_128' title="bbox 1899 5464 2859 5538">
    <p class='ocr_par' dir='ltr' id='par_1_128' title="bbox 1899 5464 2859 5538">
     <span class='ocr_line' id='line_1_129' title="bbox 1899 5464 2859 5538; baseline 0.005 -20"><span class='ocrx_word' id='word_1_941' title='bbox 1899 5464 2231 5538; x_wconf 58' lang='lat' dir='ltr'><strong>Scriptorum</strong></span> <span class='ocrx_word' id='word_1_942' title='bbox 2265 5466 2611 5538; x_wconf 73' lang='lat' dir='ltr'><strong>Manualium,</strong></span> <span class='ocrx_word' id='word_1_943' title='bbox 2650 5483 2769 5538; x_wconf 85' lang='lat' dir='ltr'><strong>cap.</strong></span> <span class='ocrx_word' id='word_1_944' title='bbox 2806 5468 2859 5523; x_wconf 88' lang='lat'><strong>5.</strong></span> 
     </span>
    </p>
   </div>
   <div class='ocr_carea' id='block_1_129' title="bbox 1967 5533 3459 5606">
    <p class='ocr_par' dir='ltr' id='par_1_129' title="bbox 1967 5533 3459 5606">
     <span class='ocr_line' id='line_1_130' title="bbox 1967 5533 3459 5606; baseline 0.01 -20"><span class='ocrx_word' id='word_1_945' title='bbox 1967 5536 1997 5575; x_wconf 76' lang='grc' dir='ltr'>ιι</span> <span class='ocrx_word' id='word_1_946' title='bbox 2021 5533 2297 5606; x_wconf 55' lang='grc' dir='ltr'><strong>ίΒειεπενε.</strong></span> <span class='ocrx_word' id='word_1_947' title='bbox 2352 5535 2494 5606; x_wconf 86' lang='lat' dir='ltr'><strong>Lege</strong></span> <span class='ocrx_word' id='word_1_948' title='bbox 2526 5556 2539 5591; x_wconf 93' lang='lat'><strong>:</strong></span> <span class='ocrx_word' id='word_1_949' title='bbox 2581 5533 2928 5605; x_wconf 57' lang='lat' dir='ltr'><strong>Rete&#39;texere,</strong></span> <span class='ocrx_word' id='word_1_950' title='bbox 2972 5550 3031 5596; x_wconf 90' lang='lat' dir='ltr'><strong>ut</strong></span> <span class='ocrx_word' id='word_1_951' title='bbox 3070 5542 3123 5596; x_wconf 91' lang='lat' dir='ltr'><strong>in</strong></span> <span class='ocrx_word' id='word_1_952' title='bbox 3155 5545 3275 5600; x_wconf 89' lang='lat' dir='ltr'><strong>cod.</strong></span> <span class='ocrx_word' id='word_1_953' title='bbox 3298 5544 3459 5601; x_wconf 77' lang='lat' dir='ltr'><strong>Vind.</strong></span> 
     </span>
    </p>
   </div>
   <div class='ocr_carea' id='block_1_130' title="bbox 1897 5605 3458 5729">
    <p class='ocr_par' dir='ltr' id='par_1_130' title="bbox 1897 5605 3458 5729">
     <span class='ocr_line' id='line_1_131' title="bbox 1897 5605 3458 5729; baseline 0.008 -72"><span class='ocrx_word' id='word_1_954' title='bbox 1897 5605 2041 5729; x_wconf 45' lang='lat' dir='ltr'><strong>«ﬁlum!</strong></span> <span class='ocrx_word' id='word_1_955' title='bbox 2094 5619 2229 5673; x_wconf 88' lang='lat' dir='ltr'><strong>opus</strong></span> <span class='ocrx_word' id='word_1_956' title='bbox 2283 5605 2448 5659; x_wconf 85' lang='lat' dir='ltr'><strong>etiam</strong></span> <span class='ocrx_word' id='word_1_957' title='bbox 2509 5606 2737 5677; x_wconf 73' lang='lat' dir='ltr'><strong>iniungit</strong></span> <span class='ocrx_word' id='word_1_958' title='bbox 2792 5613 3055 5667; x_wconf 82' lang='lat' dir='ltr'><strong>monacho</strong></span> <span class='ocrx_word' id='word_1_959' title='bbox 3118 5611 3339 5671; x_wconf 81' lang='lat' dir='ltr'><strong>Rustico</strong></span> <span class='ocrx_word' id='word_1_960' title='bbox 3399 5614 3458 5670; x_wconf 89' lang='lat' dir='ltr'><strong>S.</strong></span> 
     </span>
     <span class='ocr_line' id='line_1_132' title="bbox 1950 5675 3458 5729; baseline 0.001 -1"><span class='ocrx_word' id='word_1_961' title='bbox 1950 5675 2257 5729; x_wconf 85' lang='lat' dir='ltr'><strong>ieronvmus</strong></span> <span class='ocrx_word' id='word_1_962' title='bbox 2282 5676 2507 5729; x_wconf 83' lang='lat' dir='ltr'><strong>enistola</strong></span> <span class='ocrx_word' id='word_1_963' title='bbox 2538 5679 2700 5729; x_wconf 86' lang='lat' dir='ltr'><strong>citata</strong></span> <span class='ocrx_word' id='word_1_964' title='bbox 2734 5694 2748 5729; x_wconf 89' lang='lat'><strong>:</strong></span> <span class='ocrx_word' id='word_1_965' title='bbox 2778 5698 2797 5729; x_wconf 73' lang='grc' dir='ltr'>ί</span> <span class='ocrx_word' id='word_1_966' title='bbox 2828 5680 3100 5729; x_wconf 70' lang='lat' dir='ltr'><strong>Texantur</strong></span> <span class='ocrx_word' id='word_1_967' title='bbox 3133 5693 3187 5729; x_wconf 73' lang='lat' dir='ltr'><strong>et</strong></span> <span class='ocrx_word' id='word_1_968' title='bbox 3226 5684 3330 5729; x_wconf 75' lang='lat' dir='ltr'><strong>lina</strong></span> <span class='ocrx_word' id='word_1_969' title='bbox 3367 5700 3458 5729; x_wconf 74' lang='lat' dir='ltr'><strong>ca-</strong></span> 
     </span>
    </p>
   </div>
   <div class='ocr_carea' id='block_1_131' title="bbox 1950 5676 3462 5744">
    <p class='ocr_par' dir='ltr' id='par_1_131' title="bbox 1950 5676 3462 5744">
     <span class='ocr_line' id='line_1_133' title="bbox 1950 5676 3462 5744; baseline 0.007 -16"><span class='ocrx_word' id='word_1_970' title='bbox 1950 5676 2257 5744; x_wconf 86' lang='lat' dir='ltr'><strong>ieronymus</strong></span> <span class='ocrx_word' id='word_1_971' title='bbox 2282 5676 2507 5744; x_wconf 83' lang='lat' dir='ltr'><strong>epistola</strong></span> <span class='ocrx_word' id='word_1_972' title='bbox 2538 5676 2700 5732; x_wconf 80' lang='lat' dir='ltr'><strong>citata</strong></span> <span class='ocrx_word' id='word_1_973' title='bbox 2734 5694 2748 5733; x_wconf 90' lang='lat'><strong>:</strong></span> <span class='ocrx_word' id='word_1_974' title='bbox 2778 5698 2797 5730; x_wconf 74' lang='grc' dir='ltr'>ί</span> <span class='ocrx_word' id='word_1_975' title='bbox 2828 5680 3100 5739; x_wconf 76' lang='lat' dir='ltr'><strong>Texantur</strong></span> <span class='ocrx_word' id='word_1_976' title='bbox 3133 5693 3187 5739; x_wconf 88' lang='lat' dir='ltr'><strong>et</strong></span> <span class='ocrx_word' id='word_1_977' title='bbox 3224 5684 3332 5740; x_wconf 88' lang='lat' dir='ltr'><strong>lina</strong></span> <span class='ocrx_word' id='word_1_978' title='bbox 3367 5700 3462 5741; x_wconf 87' lang='lat' dir='ltr'><strong>ca-</strong></span> 
     </span>
    </p>
   </div>
   <div class='ocr_carea' id='block_1_132' title="bbox 1898 5744 2443 5814">
    <p class='ocr_par' dir='ltr' id='par_1_132' title="bbox 1898 5744 2443 5814">
     <span class='ocr_line' id='line_1_134' title="bbox 1898 5744 2443 5814; baseline -0.002 -16"><span class='ocrx_word' id='word_1_979' title='bbox 1898 5745 2108 5814; x_wconf 90' lang='lat' dir='ltr'><strong>piendis</strong></span> <span class='ocrx_word' id='word_1_980' title='bbox 2133 5744 2385 5814; x_wconf 87' lang='lat' dir='ltr'><strong>piscibus.</strong></span> <span class='ocrx_word' id='word_1_981' title='bbox 2426 5766 2443 5797; x_wconf 73' lang='grc' dir='ltr'><strong><em>ι</em></strong></span> 
     </span>
    </p>
   </div>
  </div>
