3948 6182
298 336 436 390 1193
1271 332 1652 390 CONCORDIA
1694 335 2146 392 REGULARUM.
2184 368 2252 379 -—
2292 338 2442 393 CAP.
2486 339 2591 407 LV.
3410 340 3555 403 “9t

289 446 627 521 expedienda
651 458 771 516 qute
795 452 1043 515 suscepta
1074 444 1288 499 fuerant
1323 456 1686 503 revertantur.
1708 460 1732 486 α
1762 446 1870 501 Nec
1898 453 1943 509 Α
1972 448 2123 518 Operi
2152 463 2411 505 manuum
2437 447 2794 507 insistendum
2820 460 2925 516 est,
2956 460 3017 507 ut
3054 454 3300 511 lectionis
3343 455 3549 516 fructus

289 538 647 598 collocatione
692 550 1144 606 quarumcunqne
1182 534 1485 590 fabularum
1526 536 1869 591 saecularium
1971 554 2078 595 non
2104 540 2405 605 omittatur,
2437 543 2530 597 sed
2568 550 2771 598 statuto
2800 551 3040 613 tempore
3080 548 3231 616 operi
3271 548 3431 604 detur
3465 552 3551 605 in-

289 637 642 700 occupentur,
674 626 779 681 nisi
802 625 1030 683 fortasse
1055 628 1171 682 haec
1191 626 1436 697 proferat
1464 642 1645 683 sermo
1667 627 1868 683 relato-

289 722 390 781 ris,
406 717 559 788 quod
573 717 814 770 animam
836 715 1066 772 aedificet
1086 717 1375 772 audientis.
1399 718 1445 770 A
1468 726 1618 772 sexta
1654 732 1871 788 quoque

292 814 425 868 hora
470 824 641 878 usque
670 808 740 863 ad
786 824 983 864 nonam
1013 816 1211 869 vacent
1250 810 1423 878 quieti
1458 809 1543 863 vel
1583 810 1747 865 etiam
1790 809 1871 866 le-

288 901 478 959 ctioni.
514 900 642 955 Post
664 900 856 954 horam
880 914 1013 954 vero
1042 914 1242 954 nonam
1267 914 1439 969 usque
1469 899 1537 954 ad
1567 901 1756 954 horam
1786 899 1872 953 lu-

288 992 523 1049 cernarii
552 993 580 1032 b
619 1004 806 1046 omnes
841 984 900 1046 in
930 1005 1097 1046 unum
1138 991 1393 1046 solatium
1428 991 1870 1046 commodabunt.

289 1083 499 1138 Hiemis
531 1096 663 1136 vero
700 1086 973 1150 tempore,
1012 1079 1294 1134 matutinis
1340 1079 1429 1134 vel
1465 1080 1644 1148 prima
1698 1088 1874 1135 trans-

290 1176 447 1238 actis,
462 1173 715 1228 omnibus
728 1186 898 1241 usque
920 1172 989 1226 ad
1009 1171 1225 1226 tertiam
1248 1186 1444 1226 vacare
1463 1171 1781 1227 conceditur
1794 1171 1874 1225 le-

290 1266 478 1320 ctioni.
505 1264 623 1331 Qua
656 1270 1032 1319 consummata
1051 1302 1067 1328 ,
1096 1270 1377 1334 gratanter
1400 1262 1546 1332 quod
1579 1262 1661 1318 eis
1692 1263 1875 1334 injun-

292 1367 439 1413 ctum
467 1355 631 1411 fuerit
672 1355 898 1425 implere
943 1353 1221 1419 festinent,
1275 1362 1337 1408 ut
1374 1352 1490 1423 jam
1531 1354 1738 1410 dictum
1767 1362 1874 1420 est,

291 1460 462 1515 usque
492 1445 560 1498 ad
594 1445 789 1498 horam
827 1442 1143 1498 lucernarii.
1171 1453 1194 1481 ο
1249 1442 1315 1497 iii
1352 1458 1484 1498 vero
1509 1444 1601 1513 qui
1635 1444 1876 1514 deputati

291 1550 412 1592 esse
447 1536 699 1590 videntur
726 1534 981 1600 culturae,
1022 1535 1126 1590 hac
1160 1535 1541 1591 observatione
1578 1536 1876 1607 constringi

198 1626 201 1629 ’
290 1626 390 1697 pro
414 1627 594 1697 operis
622 1626 940 1682 assiduitate
963 1640 1072 1680 non
1113 1634 1378 1695 possunt;
1418 1626 1531 1691 sed,
1572 1634 1631 1680 ut
1659 1634 1877 1696 tempus

291 1716 554 1788 exegerit,
584 1723 678 1770 aut
700 1715 853 1770 labor
872 1730 1060 1770 eorum
1081 1730 1248 1786 opera
1274 1715 1514 1786 iniuncta
1538 1725 1877 1772 monstrave—

1973 628 2161 692 tentio,
2188 642 2254 682 ac
2281 630 2534 700 deinceps
2556 631 2773 686 lectioni
2803 632 2998 687 divina:
3020 642 3256 690 vacetur.
3296 636 3552 709 Operatio

1973 731 2229 772 manuum
2269 718 2339 774 ab
2368 720 2502 774 hora
2550 723 2784 776 secunda
2828 731 3006 777 sumat
3050 724 3355 789 exordium.
3398 736 3452 782 et
3493 730 3550 786 in

1973 809 2164 865 horam
2208 825 2407 866 nonam
2458 812 2619 867 finem
2668 814 2898 884 accipiat
2927 830 2942 868 :
2980 815 3047 870 ab
3082 817 3217 871 hora
3248 832 3378 872 vero
3412 834 3551 875 nona

1970 900 2133 956 lectio
2173 903 2424 958 usitetur.
2473 905 2542 958 Et
2594 905 2639 959 si
2689 906 2975 975 aliquando
3022 909 3297 978 proprium
3336 910 3554 980 aliquod

1971 1006 2108 1061 Opus
2132 990 2435 1048 faciendum
2454 1002 2545 1047 aut
2567 995 2872 1049 vestimenti
2894 1000 3187 1054 consuendi
3208 1001 3291 1054 vel
3316 1001 3552 1071 lavandi,

1973 1089 2067 1135 aut
2090 1082 2367 1150 quodlibet
2401 1084 2546 1139 aliud
2568 1100 2722 1154 Opus,
2764 1100 2860 1154 per
2900 1087 3129 1153 abbatis,
3165 1090 3250 1145 vel
3280 1094 3557 1163 praepositi

1974 1178 2335 1226 commeatum
2360 1171 2578 1227 faciant.
2611 1174 2679 1229 Et
2707 1175 2752 1229 si
2780 1174 2918 1230 forte
2936 1190 3071 1247 opus
3100 1189 3122 1215 ε
3148 1177 3341 1235 fortius
3362 1196 3560 1253 super-

1975 1259 2218 1323 venerit,
2249 1269 2309 1313 ut
2340 1260 2604 1316 maturius
2647 1263 2913 1332 arripiant
2942 1267 3178 1332 operari,
3214 1268 3300 1322 vel
3332 1279 3559 1340 propter

1975 1346 2276 1404 ferventem
2302 1360 2516 1415 aestum,
2558 1352 2662 1407 hoc
2693 1354 2907 1409 abbatis
2943 1356 3169 1411 arbitrio
3207 1359 3556 1420 consideratio

1976 1439 2103 1493 dum
2127 1447 2233 1506 est,
2271 1449 2332 1494 ut
2370 1442 2666 1496 secundum
2693 1443 2837 1513 quod
2866 1452 3078 1514 tempus
3104 1447 3289 1516 exigit,
3323 1458 3417 1503 aut
3446 1448 3559 1507 for-

1976 1527 2131 1583 tioris
2154 1527 2355 1585 laboris
2374 1531 2606 1600 pondus,
2629 1532 2716 1586 vel
2738 1533 2807 1587 ad
2835 1543 3067 1599 sextam,
3096 1544 3155 1590 ut
3172 1536 3319 1607 juste
3341 1537 3557 1608 judicao
3577 1596 3593 1608 ,

1977 1618 2137 1682 verit,
2172 1617 2240 1672 ab
2259 1633 2425 1688 opere
2456 1620 2526 1675 sit
2554 1621 2961 1690 quiescendum,
2984 1632 3175 1694 etpost
3206 1628 3443 1696 quietem
3469 1631 3556 1688 vel

1977 1709 2326 1765 refectionem
2361 1726 2533 1780 usque
2554 1712 2622 1766 ad
2642 1727 2924 1782 vesperam
2951 1714 3024 1769 sit
3043 1717 3395 1788 Operandum.
3427 1719 3561 1777 lllud

291 1809 381 1874 rit,
423 1808 505 1864 sic
534 1807 968 1863 consideratione
996 1807 1272 1877 praepositi
1309 1807 1697 1877 gubernentur,
1730 1807 1873 1863 binis
1900 1800 1947 1859 B
1976 1800 2119 1857 inter
2156 1800 2336 1854 omnia
2384 1800 2470 1856 vel
2498 1802 2686 1866 abbas,
2723 1804 2769 1857 si
2808 1820 3048 1874 praesens
3074 1806 3257 1872 fuerit.
3290 1819 3560 1876 coerceat.

291 1909 347 1956 et
373 1900 475 1971 ipsi
513 1899 665 1955 horis
707 1898 928 1954 lectioni
974 1898 1327 1953 nihilominus
1354 1898 1617 1953 vacaturi.
1650 1897 1876 1965 Quando

290 2005 495 2047 messes
536 1996 591 2046 et
638 1989 924 2045 vindemia:
967 1988 1311 2060 colliguntur,
1357 1988 1442 2044 his
1470 1988 1525 2044 in
1553 1989 1663 2055 die,
1687 1989 1742 2044 id
1770 1997 1874 2056 est,

291 2084 425 2139 hora
466 2090 618 2139 sexta
664 2091 721 2138 et
764 2082 1082 2138 duodecima
1112 2122 1128 2147 ,
1178 2081 1531 2138 refectionem
1580 2083 1874 2154 accipiant.

289 2175 492 2242 Quarta
517 2188 648 2228 vero
674 2180 732 2228 et
761 2179 915 2227 sexta
943 2170 1079 2227 feria
1099 2172 1173 2226 ita
1200 2170 1468 2226 moderari
1497 2186 1666 2240 opera
1690 2171 1877 2237 debet,

293 2274 374 2332 ut,
400 2267 447 2320 si
488 2265 608 2320 fieri
648 2272 850 2336 potest,
882 2271 1084 2319 statuta
1108 2263 1449 2335 jejunia'non
1477 2264 1753 2330 amittant,
1783 2266 1879 2321 sed

289 2357 561 2420 universa,
591 2364 752 2425 prout
781 2354 986 2409 utilitas
1006 2362 1100 2408 aut
1117 2353 1272 2409 labor
1299 2355 1566 2424 exegerit,
1597 2354 1673 2409 ita
1700 2354 1881 2410 senio—

290 2446 583 2515 risjudicio
611 2446 981 2514 disponantur.
1018 2442 1188 2499 Nemo
1214 2453 1389 2499 tamen
1411 2452 1567 2499 extra
1600 2452 1877 2500 monaste-

290 2536 433 2592 rium
460 2536 748 2591 manducet
770 2541 865 2588 ant
889 2534 1073 2596 bibat;
1102 2533 1207 2588 hoc
1231 2534 1377 2588 enim
1407 2533 1629 2605 Regulae
1658 2548 1766 2589 non
1786 2549 1877 2589 re-

291 2627 422 2698 cipit
444 2626 747 2696 disciplina,
774 2632 836 2679 ut
859 2624 945 2679 vel
971 2639 1132 2694 poma
1159 2624 1286 2679 vilia
1315 2633 1619 2680 sumantur.
1664 2624 1878 2695 Aquam

291 2718 467 2788 ipsam
502 2726 628 2772 ante
671 2712 1024 2772 refectionem
1055 2698 1351 2791 legitimam
1376 2714 1566 2770 bibere
1596 2730 1705 2770 non
1741 2731 1879 2786 pra:—

294 2816 583 2968 su§nlgtiiL
607 2924 679 2935 ——
699 2893 779 2949 Ex
805 2892 1025 2950 Renum
1047 2909 1311 2949 cmusnau
1334 2892 1539 2949 Purus
1560 2894 1700 2964 (cap.
1727 2893 1835 2966 12).

362 2985 708 3057 Operandum
753 2998 987 3053 namque
1039 2992 1124 3040 est
1177 2984 1323 3038 omni
1382 2992 1626 3055 tempore
1674 2992 1871 3054 praeter

294 3080 410 3136 dies
457 3078 627 3135 festos
646 3119 660 3141 ,
714 3085 775 3132 ut
801 3075 1085 3132 habeatur
1133 3075 1218 3130 vel
1261 3075 1495 3145 propriae
1528 3071 1871 3130 necessitatis

1981 1900 2074 1946 aut
2110 1893 2451 1964 praepositus,
2494 1894 2587 1963 qui
2613 1894 2730 1965 ejus
2751 1896 2869 1950 vice
2911 1896 3254 1967 relinquitur,
3284 1908 3344 1956 ut
3381 1901 3560 1959 nullus

1978 1984 2193 2056 penitus
2214 1987 2513 2041 monachus
2537 1985 2734 2043 fabulis
2762 1988 2953 2044 otiosis
2981 1998 3179 2060 praeter
3199 1994 3560 2051 necessariam

1981 2075 2462 2144 interrogationem
2510 2091 2707 2132 vacare
2752 2079 3139 2148 permittatur,
3192 2082 3289 2137 sed
3340 2083 3396 2139 in
3446 2086 3565 2156 ipso

1978 2179 2145 2234 opere
2165 2178 2423 2220 manuum
2445 2165 2624 2237 aperis
2649 2166 2743 2221 Dei
2763 2170 3065 2225 recordatio
3089 2178 3356 2228 teneatur.
3381 2172 3436 2227 ld
3457 2180 3563 2238 est,

1980 2260 2041 2307 ut
2083 2251 2211 2307 dum
2262 2254 2503 2310 exterius
2546 2269 2642 2324 per
2690 2258 3041 2328 temporalem
3100 2261 3565 2331 opportunitatem

1978 2358 2174 2402 manus
2198 2345 2452 2416 operibus
2484 2358 2842 2417 occupantur,
2870 2349 3100 2408 interius
3126 2368 3283 2410 mens
3311 2370 3435 2411 cum
3467 2356 3571 2413 lin-

1981 2446 2100 2502 sua:
2128 2435 2477 2490 meditatione
2504 2436 2837 2508 psalmorum
2864 2454 2929 2494 ac
2956 2424 3349 2513 scripturarum
3376 2460 3563 2500 recor-

1979 2524 2195 2580 datione
2223 2524 2514 2583 dulcescat.
2567 2528 2703 2583 Nam
2732 2530 2777 2584 si
2807 2530 3039 2588 violator
3066 2534 3227 2606 hujus
3259 2537 3459 2608 regulae
3483 2536 3564 2596 fa-

1978 2614 2255 2671 bulatione
2278 2616 2593 2682 delectetur,
2620 2619 2819 2677 silentii
2848 2636 3008 2692 pmna
3035 2627 3349 2696 castigetur.
3395 2629 3569 2684 Focos

1978 2718 2113 2759 vero
2147 2704 2164 2744 τ
2198 2704 2255 2760 in
2283 2707 2469 2763 schola
2499 2709 2929 2782 poenitentes.(si
2966 2711 3190 2786 fuerint)
3221 2715 3333 2771 bini
3372 2727 3428 2773 et
3454 2718 3569 2775 bini

1978 2811 2078 2868 per
2121 2797 2490 2857 hebdomadas
2535 2799 2755 2857 faciant.
2795 2801 3060 2860 Similiter
3088 2808 3113 2845 ⁸
3149 2808 3216 2862 ad
3256 2818 3421 2877 caput
3457 2808 3570 2866 fra-

1984 2893 2125 2942 trum
2172 2887 2460 2944 lavandum
2500 2904 2598 2958 per
2640 2891 2851 2963 singula
2882 2896 3127 2962 sabbata,
3160 2897 3187 2936 h
3226 2897 3310 2953 vel
3346 2897 3572 2956 balnea-

1979 2991 2101 3032 rum
2127 2992 2257 3032 usus
2286 2992 2383 3047 per
2417 2976 2584 3055 festas
2612 2980 2984 3038 solemnitates
3014 2976 3357 3057 praeparent;
3410 2991 3427 3031 ί
3473 2998 3574 3047 aut

1979 3071 2028 3129 si
2081 3080 2208 3128 sunt
2262 3072 2366 3128 alia
2411 3081 2669 3138 extrema,
2711 3076 3037 3144 pmnitentes
3072 3075 3294 3144 faciant,
3337 3086 3397 3133 ut
3443 3081 3572 3138 dum

294 3185 447 3238 usus,
476 3170 561 3225 vel
583 3169 770 3240 egenis
798 3168 941 3223 unde
968 3167 1126 3222 detur
1153 3166 1180 3207 ά
1205 3166 1544 3236 suffragium.
1570 3163 1663 3222 Sic
1689 3174 1871 3223 tamen
1900 3164 1946 3229 C
1977 3171 2159 3221 mente
2186 3163 2376 3221 humili
2400 3174 2455 3221 et
2478 3167 2715 3222 contrito
2733 3168 2899 3223 corde
2925 3169 3041 3225 haec
3062 3181 3286 3243 propter
3314 3173 3568 3230 timorem
3642 3234 3645 3235 ν

370 3379 392 3408 ο
437 3366 550 3422 Nec
576 3364 918 3421 collocatione
938 3380 1368 3435 quantacunque
1394 3364 1699 3433 fabularum
1714 3380 1882 3419 mcu-

292 3438 488 3492 larium
514 3435 1032 3506 occupentur.rld_et_n
1056 3434 1302 3505 praecipit
1318 3434 1376 3488 8.
1402 3435 1745 3506 Pachomius,
1770 3442 1877 3488 art.

290 3508 361 3564 '55
393 3523 406 3561 :
443 3527 462 3558 ‹
491 3503 794 3576 Operantes
824 3504 961 3559 nihil
990 3503 1280 3576 loquantur
1311 3503 1591 3576 saeculare.
1631 3523 1650 3556 ι

366 3579 393 3617 ιι
431 3573 624 3631 Omnes
650 3576 706 3629 in
745 3591 908 3628 unum
944 3573 1192 3628 solatium
1221 3573 1643 3628 commodabunt.
1687 3573 1744 3627 ld
1773 3581 1878 3637 est,

293 3647 453 3703 simul
482 3646 805 3701 laborabunt
829 3659 889 3699 se
915 3653 1102 3698 mutuo
1123 3643 1445 3714 adjuvando.
1486 3641 1752 3696 Solatium
1778 3643 1881 3696 hoc

294 3717 416 3773 loco
437 3724 522 3772 est
552 3716 833 3770 auxilium.

367 3798 388 3825 ε
423 3786 497 3839 Hi
530 3802 647 3840 vero
671 3786 758 3855 qui
785 3785 1021 3908 ἄρξηταιὶ
1044 3801 1154 3838 esse
1179 3783 1417 3838 videntur
1441 3780 1681 3835 cultura'.
1711 3780 1883 3853 Agro-

367 3872 432 3908 m.
461 3855 605 3908 ldem
631 3855 821 3908 statuit
891 3895 903 3906 .
929 3853 1234 3908 Ferreolus.
1262 3866 1381 3908 can.
1412 3851 1483 3904 “£6
1509 3850 1723 3908 [temnite
1746 3867 1877 3905 suae.

293 3872 432 3911 rum.
461 3855 605 3911 Idem
631 3850 821 3911 statuit
846 3850 903 3908 S.
929 3853 1234 3917 Ferreolus,
1262 3866 1381 3921 cap.
1412 3851 1483 3904 “£6
1509 3850 1723 3921 Regulae
1746 3850 1877 3905 suae.

364 3872 432 3911 ιιι.
461 3866 605 3911 Idem
631 3866 821 3911 statutt
846 3866 903 3908 8.
931 3866 1234 3917 r‘erreotus,
1262 3866 1381 3973 cap.
1413 3866 1483 3904 zu
1509 3866 1723 3921 ueg'uue
1746 3867 1877 3905 suae.

364 3927 392 3966 ἀ
433 3925 781 3996 Suffragium.
824 3923 1152 3996 Sufl‘ragiutu
1195 3924 1314 3996 hoc
1351 3936 1450 3976 oco
1478 3930 1564 3975 est
1598 3920 1879 3996 alimonia,

295 3991 638 4053 sustentatio'.
693 3995 772 4049 lla
826 3994 882 4047 in
934 3991 1167 4049 concilio
1221 3991 1479 4046 Toletano
1528 4006 1611 4054 ιιι,
1650 4006 1769 4058 cap.
1806 3991 1878 4044 ὃς

301 4086 319 4118 ι
362 4068 486 4121 Haec
523 4073 711 4120 sancta
755 4063 1002 4135 synodus;
1035 4062 1166 4135 nulli
1192 4062 1569 4135 episcoporum
1608 4060 1882 4135 licentiam

296 4137 486 4212 tribuit
512 4150 602 4212 res
624 4130 865 4212 alienare
894 4132 1155 4212 ecclesige,
1178 4130 1435 4212 quoniam
1455 4138 1509 4184 et
1536 4130 1883 4212 antiquisca-

294 4206 528 4261 nonibus
550 4208 653 4260 hoc
681 4203 1016 4274 prohibetur.
1045 4201 1104 4256 Si
1124 4200 1406 4274 quidvero
1425 4201 1575 4274 quod
1592 4200 1879 4274 utilitatem

297 4292 403 4331 non
430 4285 617 4346 gravet
644 4268 889 4346 ecclesiae
929 4284 1026 4340 pro
1055 4270 1310 4346 suffragio
1366 4268 1755 4346 monachorum
1796 4270 1884 4346 vel

294 4339 648 4400 ecclesiarum
678 4343 747 4397 ad
773 4339 1265 4410 suam’parochiam
1292 4339 1684 4412 pertinentium
1715 4339 1881 4394 dede-

299 4417 425 4480 rint,
451 4416 663 4469 firmum
695 4419 928 4466 maneat.
969 4430 988 4463 ι

373 4477 674 4538 eFortius.
711 4480 767 4534 ιιι
795 4490 899 4546 est,
929 4477 1126 4549 majus,
1156 4478 1446 4535 difficilius.

373 4552 391 4592 ί
433 4552 502 4607 In
525 4552 731 4608 schola:
764 4550 821 4606 ld
844 4560 946 4611 est.
975 4551 1030 4605 in
1057 4551 1398 4616 dormitorio,
1433 4559 1494 4605 ut
1523 4565 1686 4619 supra
1716 4555 1874 4604 nota-

298 4632 413 4678 tum
440 4632 546 4678 est.

373 4694 398 4733 ⁸
438 4691 517 4763 Ad
570 4700 725 4763 caput
783 4690 1011 4763 fratrum
1064 4689 1371 4745 lavandum.
1429 4689 1598 4763 Olim_
1624 4689 1878 4763 monachi

298 4770 464 4833 caput
491 4757 743 4833 lavabant
768 4757 964 4833 ,'_quod
996 4767 1216 4833 apparet
1239 4775 1304 4815 ex
1337 4775 1440 4814 ms.
1475 4758 1532 4812 S.
1558 4757 1879 4833 Columbani

297 4827 663 4889 Ptianitentiali
692 4845 707 4884 :
745 4850 765 4882 ι
799 4827 1135 4886 Pheniterifes
1172 4827 1369 4884 fratres
1391 4870 1407 4894 ,
1437 4828 1686 4897 quamvis
1712 4841 1879 4896 opera

297 4900 535 4958 difﬁcilia
562 4911 619 4957 et
646 4901 863 4959 sordida
889 4898 1124 4956 efliciant
1144 4939 1158 4962 ,
1185 4914 1293 4954 non
1320 4899 1501 4953 lavent
1530 4897 1706 4966 capita
1729 4937 1744 4960 ,
1773 4897 1877 4952 nisi

300 4973 355 5028 in
395 4973 486 5028 die
510 4971 814 5035 Dominico,
850 4970 905 5025 id
931 4979 1048 5034 est,
1076 4976 1287 5023 octavo.
1319 4967 1414 5023 Sin
1445 4974 1660 5028 autem“,
1691 4967 1792 5021 nisi
1822 4969 1877 5023 in

299 5051 494 5114 quinto
520 5041 733 5114 decimo
756 5040 870 5105 die,
906 5049 999 5093 aut
1026 5046 1174 5095 certe
1215 5047 1439 5109 propter
1464 5037 1744 5093 fluentium
1771 5052 1876 5107 Aca-

302 5112 1000 5184 pillorumincrementum.
1040 5129 1059 5161 ι

373 5184 403 5222 ιι
451 5182 541 5237 Vel
554 5181 861 5235 balnearum
886 5177 1284 5248 ususperfcstas
1297 5176 1666 5248 solemnitates.
1694 5175 1752 5229 in
1775 5191 1875 5230 ms.

303 5251 616 5308 Concordia
637 5251 836 5322 legitur
854 5265 948 5321 per
989 5246 1409 5322 fectqs,_reposui
1442 5263 1535 5322 per
1572 5246 1760 5322 festas,
1786 5254 1880 5322 aut

302 5337 437 5378 sane
460 5315 743 5392 legendum
771 5315 1076 5392 percutias.
1100 5316 1240 5392 Olim
1253 5315 1512 5392 monachi
1541 5324 1596 5369 et
1614 5315 1879 5392 _moniales

304 5384 630 5461 quibusdam
659 5384 1091 5461 solenmitatibus
1115 5388 1460 5461 instantibus,
1486 5385 1719 5461 masime
1749 5384 1880 5461 Pas»

303 5455 422 5519 (illa:
445 5471 502 5516 et
531 5460 728 5517 natalis
753 5459 987 5522 Domini,
1010 5458 1215 5514 balneis
1236 5458 1545 5513 utebantur.
1577 5455 1879 5511 Concordia

307 5532 366 5586 S.
399 5532 684 5594 Dunstani,
708 5546 828 5603 cap.
852 5531 886 5585 '5
910 5544 940 5603 _:_
966 5547 984 5579 ι
1010 5527 1202 5603 grucis
1226 5542 1359 5603 vero
1382 5526 1733 5603 veneratione
1756 5541 1883 5595 per—

307 5612 430 5657 acta
472 5602 732 5673 (loquitur
762 5596 845 5673 fde
873 5599 978 5673 _die
1017 5596 1391 5673 Parasceves),
1423 5597 1619 5673 quibus
1650 5611 1882 5673 vacuum

308 5664 494 5737 fuerit,
541 5664 777 5726 ministri
804 5670 890 5724 vel
927 5668 1078 5740 pueri
1113 5683 1174 5740 se
1199 5664 1503 5740 Δνιιιιιιιιινέει
1526 5667 1798 5740 balneent,
1836 5664 1883 5740 si

312 5752 461 5800 tanta
482 5734 656 5797 fuerit
694 5742 890 5796 tOhOI‘S
918 5734 1227 5805 societatis,
1252 5745 1312 5793 ut
1335 5735 1545 5794 sabbati
1565 5735 1787 5792 crastini
1818 5734 1884 5791 ad

671 5860 922 5920 Ριτιιοι.
986 5854 1146 5917 Cll].

1980 3356 2089 3433 hoc
2127 3369 2237 3433 nun
2294 3353 2527 3433 sufficiat
2570 3356 2705 3412 dies.
2745 3377 2764 3411 ι
2833 3359 3174 3433 Lanfrancus
3215 3364 3269 3417 in
3298 3364 3564 3433 Decretis,

1983 3442 2032 3504 ε.
2069 3424 2277 3504 l,_§_2:
2317 3443 2335 3475 ι
2367 3424 2561 3504 Vigilia
2583 3436 2784 3504 tamen
2812 3430 3043 3504 apostoli
3071 3430 3336 3504 (Thomaa)
3373 3436 3422 3490 si
3452 3424 3570 3492 dies

1984 3495 2296 3566 Dominicus
2324 3495 2652 3566 noufuerit,
2688 3497 2951 3566 radantur
2990 3495 3210 3566 fratres,
3255 3495 3329 3557 ut'
3359 3505 3572 3561 duobus

1983 3563 2172 3619 diebus
2218 3571 2345 3618 ante
2384 3563 2716 3620 Dominicam
2757 3565 3067 3623 Nativitatis
3102 3563 3210 3624 sint
3237 3587 3427 3628 omnes
3455 3576 3572 3630 bal-

1983 3635 2148 3707 neati.
2185 3632 2243 3707 S_i
2271 3648 2494 3689 necesse
2519 3636 2609 3707 sit,
2644 3636 2761 3703 ipso
2795 3637 3103 3707 apostolicae
3134 3639 3447 3699 festivitatis
3482 3646 3572 3700 die

1982 3703 2221 3784 balneari
2244 3712 2489 3784 possunt.
2529 3725 2548 3757 ι
2576 3705 2768 3784 Postea
2795 3703 3122 3763 describitur
3144 3711 3337 3784 modus
3362 3714 3415 3784 in
3438 3714 3571 3784 ipsis

1982 3772 2191 3849 balneis
2212 3772 2629 3849 t_§ne_ndus;_et§
2653 3774 2707 3849 4,,
2732 3776 3068 3849 de‘tempore
3097 3781 3367 3849 passionis
3386 3772 3572 3839 Domi—

1984 3845 2140 3899 nicre.
2174 3861 2193 3893 ι
2224 3842 2379 3898 Feria
2405 3845 2563 3899 tertia
2602 3842 2825 3900 radendi
2861 3842 2989 3901 sunt
3022 3842 3219 3905 fratres
3252 3852 3306 3906 in
3332 3852 3571 3912 claustro

1983 3913 2145 3970 simul
2194 3915 2308 3983 ipsa
2352 3915 2461 3973 die.
2505 3923 2560 3969 et
2601 3916 2655 3969 in
2696 3916 2934 3971 crastina
2978 3918 3178 3975 debent
3213 3934 3335 3976 esse
3375 3923 3568 3980 balnea

1981 3993 2306 4056 prmparata.
2338 4005 2357 4038 ι
2398 3985 2612 4056 Rituale
2642 4001 2743 4041 ms.
2776 3988 3091 4043 monasterii
3119 3990 3356 4048 Culturze
3394 3993 3571 4050 Ceno-

1983 4054 2294 4120 manensis,
2339 4054 2482 4126 quod
2542 4056 2881 4111 usitatorium
2937 4068 3134 4112 vocant
3178 4074 3193 4113 :
3259 4079 3279 4114 ι
3316 4062 3571 4122 ΒαΙιιθιίιι

1981 4126 2279 4247 ἓιιίιιιιψει
2299 4135 2492 4208 quarta
2515 4126 2602 4181 die
2622 4133 2950 4195 peraguntur
2971 4130 3152 4183 omnia
3171 4130 3387 4215 lucente
3413 4136 3517 4190 die.
3545 4157 3563 4187 ι

2027 4195 2125 4247 eda
2151 4194 2273 4247 libr.
2305 4212 2357 4247 ιν
2382 4196 2521 4247 Ηιει.
2551 4196 2736 4247 Anni”
2771 4213 2820 4247 c.
2865 4198 2953 4247 19-
2981 4199 3047 4247 de
3068 4208 3252 4247 sancta
3294 4202 3563 4247 Ωιι-Μήτι,

2027 4195 2125 4268 eda
2149 4194 2273 4268 _libr.
2305 4194 2357 4250 ιν
2382 4196 2521 4268 ῌίει.
2551 4194 2736 4268 Angl.,
2766 4194 2845 4268 ιι.
2865 4198 2953 4263 19,
2981 4199 3047 4253 de
3068 4208 3255 4256 sancta
3291 4202 3567 4260 Edildrida

1982 4265 2294 4343 abbatissa:
2336 4272 2352 4318 ε
2391 4265 2714 4343 Raroquein
2747 4266 2938 4343 calidis
2968 4269 3211 4343 balneis,
3240 4283 3441 4343 praeter
3468 4276 3566 4330 im-

1982 4336 2315 4412 minentibus
2364 4336 2667 4412 solemniis_
2680 4336 2995 4412 majoribus,
3027 4342 3178 4412 verbi
3208 4336 3401 4412 gratia,
3435 4345 3569 4399 Pas-

1984 4405 2537 4480 ch:e_,___Pentccostes
2568 4449 2582 4472 ,
2629 4405 2942 4480 Epiphaniae
2967 4451 2982 4474 ,
3033 4405 3237 4464 lavari'
3259 4405 3509 4468 voluerit.
3546 4437 3563 4465 ι

1900 4507 1955 4566 D
2078 4474 2375 4566 Wiborada
2406 4488 2615 4566 martyr
2642 4474 2948 4566 inclusalin.
2962 4481 3292 4566 monasterio
3312 4481 3394 4564 .S.
3426 4483 3568 4566 Galli

1982 4554 2066 4600 ter
2086 4549 2402 4615 quotannis,
2431 4549 2499 4603 de
2523 4548 2739 4603 licentia
2768 4548 2981 4603 abbatis
3011 4549 3118 4613 sui,
3150 4549 3357 4607 balneis
3378 4555 3570 4608 uteba-

1983 4623 2088 4679 tnr,
2124 4624 2184 4670 ut
2222 4618 2275 4672 in
2302 4617 2420 4685 ejus
2458 4618 2609 4673 Actis
2643 4619 2919 4673 habetur:
2952 4619 3179 4674 forsitan
3223 4621 3345 4677 istis
3376 4621 3570 4679 diebus

1981 4685 2222 4760 Paschae,
2271 4686 2618 4760 Pentecostcs
2663 4697 2719 4743 et
2758 4688 3097 4760 Epiphania
3120 4689 3466 4760 instantibus,
3510 4704 3571 4750 ιιι

1978 4756 2258 4824 probabile
2298 4765 2402 4812 est.
2446 4757 2629 4827 Neque
2656 4759 2775 4815 haec
2806 4756 3037 4828 Regulae
3068 4757 3127 4814 S.
3162 4759 3437 4815 Benedicti
3468 4763 3563 4816 ad-

1980 4833 2289 4899 versantur,
2333 4828 2425 4899 qui
2459 4844 2569 4883 non
2599 4828 2822 4899 omnino
2853 4843 2885 4882 a
2915 4829 3065 4885 sanis
3097 4828 3347 4884 balneum
3390 4845 3568 4888 remo-

1978 4896 2076 4967 vit,
2105 4896 2436 4967 seditardius
2461 4898 2864 4953 concedendum
2901 4898 3089 4953 edixit.
3129 4902 3240 4953 Nec
3270 4900 3565 4967 immerito,

1985 4966 2111 5035 quia
2147 4966 2215 5020 ad
2240 4966 2545 5036 pellendum
2577 4982 2644 5021 ex
2671 4968 2852 5023 animo
2891 4981 3176 5022 maerorem
3204 4969 3478 5035 conducit,
3511 4980 3572 5029 ιιι

1987 5044 2174 5110 notum
2204 5045 2379 5092 estex
2412 5037 2470 5110 S.
2496 5037 2801 5110 Augustino
2829 5036 2921 5110 lib.
2953 5036 3277 5110 txAConfes"
3304 5054 3423 5110 cap.
3450 5040 3519 5095 12
3548 5059 3565 5108 ς

1990 5106 2251 5179 ¢__VisumA
2267 5116 2349 5179 est
2373 5108 2536 5179 etiam
2578 5106 2733 5169 mihi,
2756 5116 2818 5162 ut
2842 5107 3264 5179 iremhlavatum,
3297 5106 3438 5179 quod
3468 5106 3565 5165 au?

1984 5174 2191 5249 dieram
2239 5176 2362 5249 inde
2401 5178 2611 5249 balneis
2660 5193 2855 5233 nomen
2896 5177 3181 5249 inditum;
3230 5174 3358 5249 quia
3390 5178 3570 5239 ϐιωθὶ

1985 5246 2252 5319 βαλανεῖον
2264 5247 2518 5319 dixerint,
2546 5249 2688 5319 quod
2703 5249 3031 5319 anxietatem
3045 5246 3209 5318 pellat
3221 5246 3288 5304 ex
3315 5251 3517 5305 animo.
3538 5271 3558 5304 ι

2064 5320 2079 5357 i
2114 5318 2217 5390 Aut
2239 5317 2286 5390 si
2311 5327 2434 5372 sunt
2462 5317 2590 5390 alia:
2602 5327 2835 5373 extrema
2861 5317 3456 5390 facienda,pamitentcs
3483 5320 3573 5390 fa-

1986 5387 2342 5461 cianj._ldent
2381 5387 3090 5461 pmstabantupmnitentes
3134 5387 3188 5461 in
3236 5387 3565 5461 monasterio

1984 5456 2044 5511 8.
2082 5456 2422 5528 Columbani,
2454 5467 2516 5513 ut
2549 5458 2683 5515 satis
2710 5456 2884 5528 liquet
2915 5473 2983 5513 ex
3011 5456 3126 5525 eius
3154 5457 3515 5528 Prrnitentiali
3546 5477 3563 5516 :

1990 5528 2351 5599 thenitentes
2377 5526 2592 5591 fratres,
2620 5526 2868 5599 quamvis
2893 5542 3056 5599 opera
3091 5526 3328 5599 difﬁcilia
3360 5539 3412 5585 et
3441 5545 3563 5585 sor-

1984 5598 2109 5727 d‘ﬁlia
2158 5596 2393 5655 efﬁciant
2418 5638 2434 5664 ,
2481 5619 2500 5653 ι
2552 5596 2658 5656 οιαζ
2690 5614 2706 5665 ;
2744 5596 2977 5655 extraria
3016 5598 3120 5655 hoc
3166 5597 3323 5668 loco,
3362 5600 3419 5656 id
3458 5610 3543 5658 cst

2080 5686 2130 5727 a.

1985 5685 2130 5727 Villa.

3096 5843 3176 5915 38
