3948 6182
538 357 684 412 ζὶθθ

1416 353 1482 407 s.
1524 319 1884 408 assentari
1922 354 2211 408 ABBATIS
2251 354 2658 407 ANIANENSIS

3582 372 3672 426 1200

528 464 788 522 omnibus
823 465 1183 528 subtrahatur,
1215 464 1416 533 absque
1453 464 1703 530 infirmis,
1734 474 1788 519 et
1816 466 2110 521 infantibus
2139 477 2187 531 Α
2216 466 2345 519 mini
2377 467 2571 521 debent
2609 467 2660 520 in
2688 467 2895 521 Pascha
2935 469 3100 523 lauari
3124 488 3239 524 cum
3272 474 3481 540 Christo,
3506 481 3675 547 quicor.

541 556 680 609 intra
711 555 989 609 duodecim
1028 569 1218 617 annos,
1268 563 1323 608 et
1369 556 1521 610 senio
1555 555 1668 624 jam
1701 556 1944 612 defessis.
2001 560 2105 612 Sed

526 645 641 699 ‘boc
667 645 731 698 de
759 643 984 697 infirmis
1004 644 1308 699 consideret
1344 646 1533 710 abbas,
1560 661 1628 701 ne
1655 646 1851 717 aliquis
1878 649 2107 703 mentia-

535 741 626 788 tur
642 742 697 788 et
720 732 886 802 fingat
911 733 1204 788 infirmum.
1232 734 1426 788 Firmis
1453 750 1582 789 vero
1607 736 1691 790 vel
1711 752 1808 793 suo
1839 746 1960 792 voto
1981 738 2106 793 abs-

527 823 833 879 tinentibus
883 826 1037 879 mista
1085 825 1289 879 salibus
1317 838 1342 865 δ
1372 841 1495 879 cum
1538 827 1735 881 cimino
1770 828 1853 882 vel
1894 829 1999 898 apii
2026 844 2110 882 se-

527 914 678 968 mine
690 912 860 968 calida
874 930 1012 984 aqua
1035 915 1343 968 .nisceatur.
1364 914 1551 970 Oleum
1568 918 1739 971 nonin
1763 920 1999 984 cacabis,
2015 920 2107 973 sed

528 1007 586 1060 in
626 1007 846 1062 ferculis
877 1016 1095 1077 propter
1139 1008 1472 1063 abstinentes
1523 1011 1785 1064 mittatur.
1819 1010 1919 1078 Qui
1944 1012 2109 1065 absti—

533 1106 723 1153 nentes
740 1098 793 1151 in
816 1098 947 1167 ipsis
964 1105 1143 1151 tamen
1167 1099 1372 1153 mensis
1389 1098 1650 1154 decadum
1666 1116 1883 1155 suarum
1899 1101 1951 1173 [δ
1967 1104 2107 1170 quod

534 1189 587 1243 in
602 1204 786 1244 mensa
803 1205 922 1257 quae
944 1189 995 1241 in
1023 1204 1120 1243 suo
1142 1204 1367 1243 numero
1382 1189 1621 1261 fuerunt]
1638 1191 2068 1247 ordinationem
2084 1224 2107 1233 -

516 1286 663 1354 fjoris
686 1284 838 1355 juxta
870 1284 1163 1353 jubeantur
1188 1287 1378 1341 sedere
1416 1306 1428 1340 :
1454 1295 1514 1341 ut
1534 1288 1873 1343 abstinentes
1911 1290 1976 1343 de
2002 1306 2105 1344 una

526 1392 720 1431 mensa
746 1378 798 1430 in
827 1393 933 1430 una
961 1377 1246 1431 comedant
1271 1377 1513 1431 scutella.
1545 1377 1669 1433 Ideo
1698 1379 1844 1431 enim
1873 1379 2109 1433 diximus

522 1472 670 1524 inter
683 1470 816 1525 alios
826 1470 1030 1525 fratres
1051 1480 1070 1507 ο
1084 1472 1447 1526 communiter
1461 1472 1796 1527 abstinentes
1817 1473 2032 1527 sedere:
2050 1482 2109 1528 ut

527 1564 850 1621 erubescant
886 1576 1111 1617 voraces
1142 1561 1167 1601 ἀ
1205 1562 1258 1616 in
1283 1564 1557 1618 communi
1593 1574 1784 1618 natura
1817 1580 1922 1619 non
1952 1580 2108 1634 posse

519 1653 732 1719 pariter
756 1651 892 1722 gulae
922 1652 1185 1708 desideria
1220 1651 1520 1719 refrenare,
1558 1662 1613 1708 et
1643 1654 1697 1707 in
1727 1654 1987 1725 eligendis
2014 1656 2107 1710 bo-

524 1739 610 1793 nis
638 1740 876 1794 diviuam
918 1756 1043 1796 eum
1088 1741 1481 1795 abstinentibus
1525 1756 1631 1796 non
1674 1757 1837 1811 posse
1878 1742 2103 1811 gratiam

2208 570 2308 622 pus
2334 571 2488 609 suum
2519 571 2617 623 per
2648 556 3028 611 abstinentiam
3064 575 3180 614 eum
3214 578 3274 615 eo
3306 566 3622 624 crueiiixcrunt
3642 574 3676 627 in

2208 645 2626 716 Quadragesima
2654 687 2668 711 ,
2710 647 2925 701 dicente
2952 648 3017 702 de
3044 649 3260 704 tristitia
3290 651 3533 724 Scriptura
3564 673 3575 710 :
3608 660 3679 725 Qui

2207 738 2462 790 seminam
2497 739 2550 790 in
2575 736 2821 807 lacrymis
2842 778 2856 801 ,
2891 739 2947 791 in
2971 739 3160 808 gaudio
3194 752 3367 797 metent
3389 744 3678 819 (Psal.cuv).

2208 828 2321 881 Et:
2358 827 2425 880 In
2475 829 2655 898 paucis
2702 830 2908 893 vexati,
2958 830 3012 882 in
3060 830 3231 885 multis
3277 835 3391 888 bene
3422 835 3682 906 disponentur

2208 916 2365 986 (Sap.
2396 916 2501 987 ιιι).
2531 915 2664 970 Nam
2689 918 3108 987 Quadragesima
3135 921 3285 990 hujus
3311 925 3553 990 prazsentis
3574 929 3679 995 parvi

2207 1005 2390 1060 smeuli
2411 1006 2619 1061 obtinet
2648 1017 2851 1076 typum,
2884 1007 3087 1061 Pascha
3114 1024 3238 1063 vero
3262 1009 3439 1066 futura:
3458 1014 3683 1070 vitaezeter-

2209 1110 2333 1148 nam
2362 1093 2604 1149 laetitiam
2642 1095 2801 1149 bonis
2830 1096 3030 1150 indicat
3056 1117 3068 1149 ;
3104 1098 3155 1151 ἱιι
3181 1109 3393 1166 tantum,
3419 1113 3441 1140 ο
3464 1106 3683 1173 utquodin

2207 1190 2484 1261 sexaginta
2515 1190 2705 1245 diebus
2737 1190 3062 1255 abstinetur,
3099 1190 3116 1228 ί
3147 1193 3447 1248 manducare
3464 1194 3590 1250 liceat
3608 1206 3684 1252 toto

2208 1294 2368 1333 anno.
2405 1279 2495 1334 Sic
2532 1281 2623 1349 qui
2655 1281 2707 1334 in
2747 1281 3004 1350 praesenti
3035 1281 3141 1334 vita
3179 1282 3351 1335 sazculi
3384 1282 3519 1349 hujus
3541 1285 3686 1354 aliquid

2208 1368 2493 1424 desideriis
2536 1369 2648 1424 suis
2690 1369 2773 1424 vel
2804 1370 2953 1424 carni
2981 1370 3304 1435 subduxerit,
3337 1372 3387 1425 in
3424 1372 3525 1427 loco
3548 1382 3685 1427 sancto

2208 1462 2549 1517 abundanter
2577 1463 2702 1517 licet
2743 1462 2937 1516 anima:
2981 1460 3048 1515 de
3094 1461 3386 1518 melioribus
3419 1464 3580 1517 divinis
3598 1464 3687 1518 deli-

2207 1554 2305 1608 ciis
2352 1555 2406 1608 in
2445 1564 2704 1624 perpetuo
2734 1554 3011 1625 saginari;
3062 1555 3185 1624 quia
3226 1555 3277 1608 in
3322 1556 3413 1611 hoc
3437 1572 3574 1626 parvo
3597 1567 3688 1612 teut-

2207 1663 2338 1717 pore
2365 1662 2464 1716 pro
2494 1647 2721 1701 Domino
2752 1647 2922 1701 voluit
2954 1647 3282 1710 contristari,
3318 1664 3429 1702 cum
3450 1664 3505 1702 eo
3520 1649 3688 1703 merebi-

2208 1747 2298 1791 tur
2346 1740 2398 1792 in
2435 1738 2616 1794 futuro
2662 1739 2855 1793 lauari.
2890 1741 2914 1778 ε
2944 1738 3156 1808 Jejunia
3191 1754 3312 1794 vero
3341 1739 3688 1810 Quadragesima

520 1830 839 1896 promereri.
881 1828 1016 1884 Nam
1056 1830 1170 1898 ipso
1212 1830 1297 1884 die
1336 1830 1771 1900 Quadragesimm
1809 1847 1934 1885 cum
1958 1847 2103 1886 com-
2135 1826 2178 1884 Β
2206 1828 2592 1896 protrahentur
2635 1830 2687 1882 in
2728 1843 3039 1898 vesperam;
3092 1829 3143 1883 id
3187 1838 3285 1895 est,
3316 1838 3423 1900 post
3459 1829 3688 1885 lucernaria

520 1917 822 1983 municant,
869 1918 1044 1987 primo
1075 1917 1300 1987 jejunio,
1343 1929 1633 1988 antequam
1681 1922 2099 1985 communiient,

523 2005 683 2078 detur
716 2007 929 2062 licentia
959 2008 1026 2062 ab
1054 2011 1247 2065 abbate
1274 2011 1329 2064 in
1358 2012 1599 2067 oratorio
1640 2012 1780 2079 talis.
1823 2013 1975 2067 Dicat
2004 2017 2101 2068 ab-

523 2099 619 2151 bas
646 2098 896 2153 omnibus
928 2098 1185 2179 fratribus
1217 2118 1230 2153 :
1267 2100 1366 2167 Qui
1388 2101 1505 2155 vult
1541 2116 1638 2172 pro
1664 2103 1844 2173 anima
1867 2120 1961 2157 sua
1996 2106 2104 2174 spi-

524 2190 756 2243 ritaliter
782 2190 1029 2247 laborare
1050 2200 1105 2245 et
1127 2192 1328 2261 aliquid
1365 2194 1657 2260 abstinere,
1684 2196 1748 2250 ad
1774 2196 1973 2251 bonum
2003 2198 2105 2252 hoc

520 2296 655 2349 opus
703 2281 926 2336 liberam
951 2282 1000 2336 ei
1041 2281 1373 2337 voluntatem
1412 2285 1778 2339 concedimus.
1820 2284 1923 2352 Qui
1977 2301 2104 2341 vero

520 2372 772 2437 noluerit,
808 2372 1004 2441 regula;-
1031 2375 1097 2427 de
1129 2373 1231 2427 hoc
1260 2373 1416 2428 titulo
1442 2376 1735 2430 constituta
1765 2377 2019 2447 accipiet,
2050 2386 2107 2432 et

505 2461 947 2533 quadragesima:
973 2470 1261 2518 contentus
1288 2464 1395 2519 crit
1432 2481 1706 2521 mensura.
1748 2466 1871 2522 Jam
1915 2469 2009 2537 qui
2039 2471 2104 2523 de

511 2552 778 2609 fratribus
810 2554 1077 2613 voluerint
1107 2554 1312 2624 aliquid
1344 2556 1640 2622 abstinere,
1677 2557 1747 2611 ibi
1781 2558 1832 2612 in
1865 2558 2105 2613 oratorio

510 2646 736 2712 vadant,
766 2653 822 2701 et
848 2645 1136 2701 humilient
1180 2661 1239 2701 se
1283 2648 1351 2702 ad
1393 2662 1567 2718 genua
1623 2648 1834 2704 abbatis
1886 2658 2105 2720 agentes

518 2738 723 2809 gratias
765 2737 831 2792 de
872 2736 998 2791 boni
1048 2745 1202 2792 actus
1250 2736 1527 2793 voluntate
1576 2748 1954 2794 concessazet
1983 2749 2105 2808 post

518 2828 818 2897 impensam
854 2826 1217 2881 humilitatem
1240 2827 1399 2882 simul
1428 2836 1483 2882 et
1508 2842 1607 2883 ore
1632 2844 1730 2884 suo
1764 2830 1941 2883 abbati
1965 2830 2107 2885 indi-

508 2930 664 2986 cent,
690 2921 812 2990 quis
849 2921 976 2991 quid
1004 2921 1235 2976 voluerit
1256 2922 1547 2978 abstinere.
1579 2923 1712 2977 Nam
1747 2925 1868 2979 ideo
1896 2926 1950 2980 in
1975 2942 2106 2982 ora-

516 2996 660 3070 torio
700 3012 1033 3069 abstinentes
1073 3014 1307 3070 diximus
1343 3014 1642 3085 designari,
1675 3024 1733 3070 ut
1775 3016 1843 3071 ad
1889 3034 2106 3075 mensas

518 3120 643 3158 cum
666 3105 770 3159 hoc
799 3104 972 3173 ipsum
992 3104 1270 3159 continent
1296 3103 1362 3157 ad
1385 3119 1566 3159 escam
1587 3105 1641 3158 in
1679 3104 2102 3177 Quadragesima

515 3196 736 3267 corpori
783 3196 1142 3266 perdendam,
1190 3211 1222 3248 a
1253 3196 1451 3266 tepidis
1482 3196 1565 3252 vel
1592 3196 1797 3269 gulosis
1841 3196 2100 3257 fratribus

520 3302 627 3342 non
651 3286 763 3355 jam
803 3288 907 3341 hoc
947 3286 1120 3357 ipsum
1151 3300 1559 3355 reprazsumere,
1600 3286 1681 3341 vel
1712 3301 1893 3342 secum
1924 3304 2101 3343 come-

521 3377 650 3432 dere
696 3375 1045 3440 suadeantur,
1095 3390 1216 3430 cum
1278 3391 1386 3430 non
1440 3376 1551 3431 vult
1596 3377 1718 3446 quis
1747 3377 1928 3433 videre
1968 3394 1998 3433 a
2043 3395 2101 3435 se

520 3464 685 3520 alium
717 3465 1017 3523 meliorem.
1053 3465 1159 3520 Sed
1207 3466 1315 3520 sint
1341 3480 1472 3536 ergo
1513 3466 1569 3521 bi
1614 3467 1750 3522 tales
1793 3470 2101 3524 testimonio

516 3556 740 3612 oratorii
781 3555 847 3610 de
871 3554 1123 3610 omnibus
1162 3554 1302 3625 apud
1336 3554 1505 3609 Deum
1547 3555 1702 3611 electi
1738 3557 1904 3611 etiam
1934 3557 2101 3612 absti-

504 3652 707 3702 nentes
739 3645 1023 3717 designati.
1058 3643 1247 3700 Merito
1274 3644 1418 3700 enim
1455 3645 1522 3701 de
1556 3647 1953 3703 resurrectione
1995 3647 2101 3703 Do-

592 3793 617 3822 ι
643 3778 774 3834 Cum
800 3779 1006 3833 cimino.
1030 3777 1193 3846 Lege,
1209 3779 1436 3848 cymino,
1452 3777 1534 3832 vel
1559 3780 1788 3833 cumino.
1807 3779 2098 3835 Cuminum

516 3850 683 3907 herba
711 3859 817 3915 est,
850 3850 915 3904 de
941 3865 1049 3919 qua
1078 3848 1286 3903 Plinius
1305 3848 1399 3903 lib.
1444 3864 1561 3914 nx,
1586 3864 1707 3917 cap.
1732 3849 1765 3900 ὅ
1799 3868 1812 3902 :
1847 3868 1864 3898 ι
1901 3851 2103 3905 Condi-

517 3930 826 3975 mentorutn
881 3918 1059 3975 tamen
1086 3920 1327 3973 omnium
1367 3918 1603 3975 fastidiis
1645 3919 1919 3973 cuminum
1958 3919 2096 3974 ami—

516 3991 815 4053 cissimum,
840 3997 969 4054 etc.,
1008 4009 1026 4040 ι
1059 3988 1251 4057 duplex
1276 3989 1507 4043 sativum
1555 3998 1610 4043 et
1650 3999 1883 4056 agrest-.
1915 3989 2099 4045 Cumi-

517 4075 661 4130 num
694 4059 927 4130 sativum
978 4058 1073 4130 ori
1121 4066 1331 4130 gratum
1382 4067 1511 4123 est,
1561 4058 1654 4130 sed
1702 4059 1869 4112 multo
1907 4061 2097 4130 imagis

518 4127 904 4199 Ethiopicum,
935 4128 1077 4195 quod
1126 4127 1480 4199 Hippocrates
1525 4128 1731 4199 regium
1766 4127 2094 4199 appellavit;

517 4194 814 4251 secundum
858 4194 1032 4250 loetim
1058 4194 1207 4249 tenet
1232 4194 1611 4266 lEgyptium.’
1629 4194 1946 4262 Excall'acit,
1996 4194 2094 4253 ex;

517 4268 702 4327 siccat,
735 4266 1004 4336 astringit,
1036 4274 1176 4337 etc.;
1218 4265 1453 4337 colorem
1498 4266 1814 4327 bibentium,
1851 4277 1943 4321 aut
1974 4284 2097 4337 per-

514 4346 802 4391 unctorum
852 4334 1024 4405 mutat
1056 4334 1430 4405 inpallorem,
1462 4345 1522 4388 ut
1547 4338 1705 4389 docet
1754 4334 2096 4393 Dioscorides

516 4407 608 4462 lib.
639 4423 723 4474 ιιι,
751 4421 870 4476 cap.
896 4404 984 4459 57.
1021 4404 1172 4462 Unde
1192 4404 1413 4461 Persius
1434 4414 1537 4461 sat.
1569 4405 1602 4457 5
1627 4421 1641 4459 :
1702 4478 1711 4485 ~

731 4554 746 4569 .
772 4556 787 4568 .
817 4554 832 4570 .
857 4555 872 4569 .
901 4556 915 4569 .
942 4518 1177 4569 Pallantis
1206 4532 1356 4580 grana
1380 4521 1578 4581 cymiul.

513 4608 702 4688 Gncce
746 4613 1031 4688 ltuipqu,_a
1061 4625 1167 4688 quo
1194 4617 1625 4688 κυμινοπρίσςης,
1671 4611 2090 4688 id_est,_cumini

515 4686 714 4745 sector,
736 4668 1370 4754 apudbristo'telem'lib.
1416 4668 1473 4735 iv
1505 4668 1681 4754 Euhie.
1696 4753 1701 4754 ί
1726 4668 1975 4754 Sumitur
1993 4668 2092 4754 pro

516 4764 680 4803 avaro
695 4759 749 4805 et
769 4749 987 4805 sordido
1011 4749 1247 4815 homine,
1263 4758 1322 4803 ut
1348 4760 1498 4805 notat
1525 4750 1856 4808 Scholiastes
1876 4749 2093 4810 Aristo-

516 4819 814 4898 phanisin
860 4820 1083 4898 Yespas.
1116 4818 1212 4898 _Et
1263 4818 1561 4898 Hesychius
1617 4840 1630 4876 :
1684 4826 2091 4898 κυμινοπρίστςᾳι

514 4887 763 4957 φειδωλοί’
795 4887 984 4965 etenim;—
1008 4887 1437 4965 Καρδαείοογλρφὀι,
1474 4891 1525 4965 id
1553 4898 1655 4965 est,
1684 4887 1866 4957 avari;
1898 4887 2090 4965 s'im_ili—

518 4968 600 5033 ter
629 4959 885 5033 nasturtii
902 4959 1158 5033 sectores.
1185 4959 1480 5016 Cardamus
1502 4962 1669 5016 herba
1703 4970 1806 5029 est,
1833 4978 1955 5033 quae
1984 4963 2087 5019 La-

518 5027 630 5081 tine
661 5031 983 5085 nasturtium
1013 5030 1227 5084 dicitur.

590 5098 802 5172 {Quod
817 5101 872 5153 in
898 5115 1218 5172 mensag‘quas
1249 5100 1307 5154 in
1333 5117 1429 5154 suo
1456 5117 1668 5156 numero
1700 5102 1935 5172 fuerunt.
1963 5102 2087 5159 limo

520 5168 684 5221 verba
712 5170 1017 5224 redundare
1043 5168 1313 5223 videntur.

589 5247 612 5275 ο
645 5234 1003 5312 Communiter
1022 5232 1334 5312 abstinentei
1361 5240 1557 5295 sedere.
1585 5240 1747 5312 Lege,
1772 5241 2085 5312 abstinentes

519 5307 863 5363 communiter
882 5308 1079 5362 sedere.
1117 5309 1236 5373 Ubi,
1269 5311 1610 5364 communiter
1638 5307 1723 5365 est
1745 5311 1922 5365 simul.

585 5374 611 5414 ἀ
638 5375 706 5450 In
731 5379 995 5450 communi
1014 5388 1223 5433 natura.
1252 5379 1311 5434 ld
1338 5387 1578 5450 est,qua:
1602 5381 1796 5437 similis
1821 5381 1890 5435 sit
1913 5389 1968 5438 et
1992 5397 2087 5436 ea-

517 5446 763 5500 mdem
791 5448 1005 5501 virium.
1156 5494 1169 5503 .

594 5524 618 5552 ε
649 5512 714 5568 Ut
735 5517 874 5587 quod
902 5518 956 5571 in
979 5518 1249 5587 sexaginta
1276 5517 1458 5572 diebus
1481 5519 1789 5574 abstinetur.
1845 5519 1987 5576 Alibi
2034 5522 2090 5576 in

508 5579 624 5657 hoc
657 5579 780 5657 cap'.
828 5585 1039 5657 legitur,
1071 5579 1360 5657 semginta.
1390 5587 1460 5643 At
1500 5589 1553 5643 in
1604 5590 1724 5644 eod.
1778 5606 1880 5645 ms.
1927 5590 2087 5646 Corb.

520 5652 725 5726 ubique
768 5652 979 5726 legitur,
1029 5652 1398 5726 quadraginta.
1448 5658 1633 5714 Recte.
1665 5658 1798 5714 Nam
1826 5676 1947 5715 cum
1976 5661 2088 5715 Ma-

520 5721 692 5789 gister
713 5721 815 5778 hoc
826 5721 1011 5791 capite
1039 5721 1251 5780 eximat
1270 5733 1474 5780 tantum
1503 5727 1645 5784 diem
1687 5728 2026 5786 Dominieum
2055 5748 2086 5787 a

2205 1917 2482 1972 reficiatur
2528 1920 2783 1975 omnibus
2828 1920 2959 1989 ipsis
3005 1920 3282 1991 sexaginta
3316 1922 3500 1975 diebus.
3530 1922 3552 1961 ιι
3592 1920 3689 1986 Qui:

2201 2008 2388 2076 quinta
2412 2007 2543 2063 feria
2563 2006 2860 2079 jejunalur,
2892 2010 3100 2079 absque
3128 2011 3411 2065 DominiCa.
3439 2010 3487 2064 ln
3514 2026 3597 2079 qua
3616 2011 3688 2063 Do-

2202 2099 2398 2153 minica
2424 2115 2548 2154 sero
2576 2100 2793 2169 penitus
2825 2100 2957 2154 nihil
2988 2110 3225 2166 omnem,
3256 2110 3311 2154 ut
3336 2116 3430 2155 una
3452 2102 3511 2155 sit
3537 2102 3579 2154 in
3599 2100 3689 2169 ipsis

2202 2188 2392 2243 diebus
2411 2205 2441 2242 a
2466 2190 2551 2243 die
2573 2190 2817 2245 refectio.
2842 2188 3120 2259 Jejunium
3146 2206 3271 2247 vero
3289 2191 3336 2245 in
3357 2180 3689 2258 Quadragesims

2200 2289 2421 2351 prepter
2461 2271 2901 2350 supervenientes
2941 2298 3052 2337 non
3097 2283 3418 2354 frangatura
3450 2281 3690 2337 domesticis

2201 2370 2479 2426 fratribus.
2510 2370 2609 2438 Qui
2643 2387 2771 2427 vero
2802 2371 3077 2428 voluerint
3115 2373 3306 2429 fratres
3344 2376 3358 2414 ί
3392 2372 3610 2443 jejunium
3630 2389 3692 2428 su-

2202 2474 2527 2530 perponere,
2569 2463 2629 2517 in
2662 2462 2780 2533 ipso
2827 2466 3172 2534 superposito
3200 2466 3302 2530 die,
3347 2466 3398 2519 in
3424 2464 3577 2519 labore
3605 2477 3690 2518 cum

2203 2550 2465 2606 fratribus
2513 2567 2620 2607 non
2669 2561 3002 2623 spectentur,
3045 2555 3367 2612 solummodo
3405 2551 3693 2609 laborantibus

2205 2640 2381 2696 fratril
2405 2659 2468 2698 us
2493 2644 2671 2714 legant
2702 2664 2714 2698 :
2745 2653 2805 2699 ut
2823 2647 2984 2701 otiosi
3011 2663 3118 2702 non
3141 2648 3264 2713 sint,
3291 2657 3342 2702 et
3365 2662 3452 2716 pro
3470 2661 3584 2716 pane
3604 2659 3691 2698 ver-

2203 2734 2272 2789 bo
2310 2734 2404 2789 Dei
2446 2735 2778 2791 reficiantur.
2804 2736 2929 2793 Ideo
2953 2739 3101 2794 enim
3140 2739 3192 2792 in
3232 2739 3414 2809 spiiitu
3436 2737 3620 2805 legendo
3638 2734 3693 2788 la-

2205 2825 2418 2890 borent,
2468 2835 2549 2891 ut,
2593 2827 2731 2881 sicut
2765 2828 3029 2897 scriptum
3069 2840 3172 2893 est,
3200 2831 3286 2901 qui
3325 2847 3419 2885 non
3457 2828 3693 2888 manducet,

2205 2930 2309 2968 non
2332 2914 2533 2970 labaret
2556 2934 2574 2969 :
2602 2916 2704 2971 nisi
2728 2917 2782 2970 in
2813 2916 2903 2972 illa
2934 2918 3253 2985 refectione,
3284 2921 3333 2974 in
3365 2933 3457 2988 qua
3482 2919 3578 2973 sine
3599 2929 3696 2985 pane

2207 3002 2481 3069 reficitur,
2509 3006 2611 3061 hoc
2634 3015 2719 3060 est
2743 3006 2794 3059 in
2819 3006 3039 3078 eloquio
3066 3010 3180 3075 Dei,
3213 3010 3411 3065 dicente
3440 3008 3692 3076 Scriptura:

2189 3093 2333 3148 'Non
2375 3096 2430 3148 in
2455 3113 2589 3165 pane
2612 3096 2726 3150 solo
2753 3099 2873 3152 vivit
2908 3100 3067 3154 homo
3085 3142 3101 3166 ,
3128 3101 3216 3155 sed
3246 3101 3298 3156 in
3324 3099 3451 3154 omni
3483 3098 3609 3153 verba
3627 3093 3696 3149 Dei

2205 3184 2458 3259 (Lumv).
2483 3188 2541 3242 ln
2559 3189 2689 3259 ipsis
2702 3205 2833 3245 vero
2854 3193 3139 3263 sexaginta
3163 3194 3358 3258 diebus,
3376 3193 3423 3246 in
3443 3187 3696 3245 monasterio

2207 3272 2470 3331 fratribus
2507 3277 2575 3331 ab
2610 3278 3050 3336 bebdomadariis
3081 3282 3240 3353 pedes
3265 3298 3363 3337 non
3393 3282 3612 3342 lavantur,
3630 3292 3694 3329 so-

2201 3367 2476 3423 lummodo
2501 3368 2905 3424 discalciantur.
2940 3370 3439 3443 Supervenientibus
3484 3368 3694 3440 quibusvis

2201 3459 2484 3524 laventur,
2513 3469 2747 3529 propter
2786 3460 2928 3515 illius
2968 3463 3215 3518 mulieris
3254 3461 3591 3523 testimonium,
3611 3470 3694 3527 qua

2202 3549 2425 3615 lavit,et
2456 3550 2522 3604 de
2556 3549 2859 3605 ialabastro
2882 3553 3042 3605 unxit
3064 3554 3226 3622 pedes
3257 3551 3495 3607 Salvatori
3519 3545 3692 3604 manli

2204 3643 2388 3716 (Joan.
2420 3644 2543 3715 xu).
2573 3643 2631 3698 ln
2654 3659 2809 3699 omna
2840 3659 2967 3700 vero
2991 3645 3205 3700 Domini
3232 3645 3432 3699 mittant
3450 3655 3608 3696 manus
3624 3650 3693 3708 pro

2186 3775 2401 3850 jejunio
2439 3777 2911 3849 quadragesimali,
2947 3780 3165 3850 signum
3210 3789 3291 3835 est
3320 3794 3413 3850 non
3440 3778 3690 3850 observasse

2201 3846 2833 3921 Septuagesimanf,‘quzc
2882 3846 3206 3921 servabatur
3247 3851 3310 3921 ab
3333 3849 3410 3921 _iis
3449 3847 3525 3921 qui
3551 3851 3695 3921 preter

2199 3913 2535 3989 Dominicam
2587 3917 2644 3989 in
2668 3913 3096 3989 Quadragesima
3128 3936 3233 3975 non
3275 3913 3561 3989 jejunabant
3596 3913 3693 3989 fetis

2198 3988 2387 4064 quinta
2431 3996 2485 4042 et
2527 3987 2760 4064 sabbato
2791 4005 2804 4040 :
2860 3984 2931 4041 ita
2963 3998 3025 4043 ιιι
3051 3990 3192 4064 escis
3223 3984 3694 4064 quadragesiuialibus

2198 4049 2478 4127 sexaginta
2509 4058 2625 4111 dies
2654 4067 3025 4123 vescerentur,
3057 4071 3115 4114 ut
3141 4049 3340 4114 clarum
3356 4049 3502 4111 estex
3523 4049 3692 4127 epismlu

2198 4122 2360 4181 citata
2386 4126 2563 4181 Caroli
2589 4126 2763 4196 Magni
2791 4127 2859 4182 ad
2885 4122 3200 4194 AlcUinum,
3233 4141 3286 4183 et
3318 4142 3378 4182 ex
3406 4129 3507 4197 ipso
3522 4122 3694 4178 Alcuino

2198 4210 2318 4249 can.
2342 4195 2374 4249 8
2400 4197 2467 4249 de
2494 4197 2645 4249 Ollio.
2681 4192 2825 4249 Eccl.

2198 4210 2318 4266 cap.
2342 4197 2374 4249 8
2400 4197 2467 4252 de
2494 4197 2645 4252 Ofﬁc.
2681 4197 2825 4251 Eccl.

2273 4266 2292 4305 ί
2322 4264 2646 4320 Ηαηάιιεανε
2674 4265 2824 4320 liceat
2852 4276 2961 4320 toto
2990 4286 3153 4322 asino.
3204 4268 3321 4324 llzcc
3366 4266 3585 4321 dicuntur
3603 4275 3695 4315 con-

2196 4334 2316 4408 fuse
2342 4344 2396 4408 et
2426 4335 2752 4407 generaliter
2784 4351 2952 4408 :_nam
2984 4340 3299 4408 excipienda
3348 4346 3465 4393 sunt
3498 4331 3689 4404 quaedam

2189 4404 2646 4477 jejuniafprazter
2691 4404 3179 4476 quadragesimale,
3206 4423 3301 4477 per
3348 4420 3527 4461 annum
3546 4413 3690 4457 occur-

2118 4504 2170 4564 D
2194 4475 2390 4564 τθὲίίξίτ

2270 4545 2303 4619 ⁸,
2324 4545 2541 4615 Jejunia
2565 4562 2682 4599 vero
2695 4539 3297 4619 Quadragesimaehetc.
3343 4546 3414 4600 ita
3439 4540 3598 4619 statuit
3615 4535 3691 4593 Sil-

2193 4609 2538 4695 veriu§'papa
2572 4617 2710 4695 apud
2745 4609 3117 4695 Dorchardum
3141 4609 3391 4695 lib.mx_m,
3417 4629 3521 4695 cap.
3547 4609 3618 4687 l2.

2266 4686 2291 4725 ιι
2321 4681 2640 4809 {magna
2686 4686 2867 4757 quinta
2891 4687 3195 4756 jejunatur.
3236 4686 3367 4742 Olim
3413 4681 3531 4738 feria
3552 4681 3684 4753 quinta

2266 4771 2303 4807 ιιι
2330 4753 2504 4809 ieiuna
2548 4763 2672 4808 atur
2686 4772 2752 4809 ex
2767 4756 3108 4809 insututionc
3126 4755 3423 4809 Melehiadis
3438 4767 3581 4809 Dante.
3598 4756 3684 4809 ιιυιι

2196 4769 2303 4807 non
2322 4753 2677 4835 jejunabatur
2686 4753 2752 4834 est
2767 4753 3108 4835 institutione
3126 4755 3423 4835 blelclliadis
3438 4756 3684 4835 ΡέβίιῗιέῖΕὮ

2197 4810 2392 4946 Bagam
2422 4823 2524 4879 hac
2551 4824 2637 4879 die
2661 4823 2997 4892 jejunahant,
3026 4835 3086 4878 ut
3124 4810 3351 4880 habetur
3376 4810 3684 4903 in'Pontifieali

2243 4894 2444 4946 amasi:
2472 4902 2527 4946 et
2553 4894 2679 4946 uuia
2700 4895 2890 4946 eodem
2921 4897 3007 4946 die
3031 4894 3279 4946 Christus
3305 4908 3525 4946 corporis
3543 4898 3585 4942 et
3602 4899 3684 4940 salt-

2243 4894 2444 4965 amasi;
2472 4902 2527 4948 et
2553 4894 2679 4964 quia
2700 4895 2890 4950 eodem
2921 4897 3007 4949 die
3031 4894 3279 4965 Christus
3305 4893 3585 4965 corporiset
3602 4899 3688 4965 san-

2193 4964 2371 5033 guinis
2401 4965 2483 5017 sui
2509 4960 2908 5019 sacramentum
2935 4964 3190 5028 instituit,
3234 4973 3291 5018 ut
3324 4960 3477 5034 docet
3490 4960 3686 5034 Alcuinus

2193 5032 2369 5107 capite
2397 5035 2564 5107 citato
2596 5048 2610 5086 :
2638 5035 2783 5107 quod
2805 5036 3036 5107 etiame
3063 5033 3315 5107 multisin
3343 5032 3685 5107 Quadragesiutl

2192 5103 2612 5174 observabatur;
2638 5105 2709 5158 ita
2736 5113 2796 5159 ut
2826 5107 2879 5159 hi
2905 5106 2995 5173 qui
3025 5105 3080 5157 in
3112 5103 3508 5174 Quadragesima
3530 5112 3614 5174 non
3628 5105 3687 5161 ιο·

2185 5169 2451 5239 junal:ant
2474 5173 2769 5238 Dominica,
2800 5167 3041 5236 sabbato,
3068 5181 3119 5227 et
3136 5167 3283 5227 'feria
3319 5167 3508 5240 quinta.
3537 5167 3581 5219 in
3597 5174 3686 5240 suP‘

2191 5232 2531 5317 plementm‘n‘
2554 5232 3349 5317 Septuagesimum-servarent;
3370 5250 3425 5295 ut
3448 5252 3583 5317 supra

2193 5312 2424 5381 cuimus.
2471 5313 2570 5368 llic
2619 5310 2797 5368 tamen
2849 5312 3123 5381 Magister,
3162 5310 3686 5381 quisuprajt‘t'lﬂlw'l1

2193 5379 2353 5463 feriae.
2369 5382 2570 5463 quinta:
2596 5383 2894 5451 prohibuit,
2920 5372 3044 5437 illud
3067 5372 3123 5436 in
3145 5372 3537 5451 Quadragesitna
3553 5372 3688 5427 obscl‘

2192 5465 2225 5502 v
2496 5492 2509 5505 .

2228 5452 2591 5602 i?}flrljl$:ium
2616 5538 2975 5593 superponere.
3004 5521 3062 5575 id
3088 5528 3191 5587 est,
3232 5516 3426 5587 aliquot
3464 5514 3562 5569 dies
3598 5507 3690 5562 sino

2193 5592 2314 5710 alio
2331 5592 2722 5715 ggcglrrfbastro.
2749 5660 3089 5716 Alahastrnm
3118 5669 3201 5715 est
3222 5673 3313 5712 vas
3335 5649 3588 5711 condendis
3610 5658 3689 5721 ut}:

2194 5708 2407 5802 ευὸηῖιᾷ
2427 5708 2636 5801 signa;
2648 5708 2990 5802 magna:
3004 5708 3357 5801 ’ῖὲλάξσὶέῄῖοιὶ
3378 5708 3621 5797 pupum.
3644 5708 3687 5764 id
