3948 6182
305 349 325 405 i
335 343 437 404 205

284 512 290 517 ,
363 458 392 531 ς
428 456 491 512 ιι.
520 486 582 496 -
606 453 684 509 Ex
727 451 941 508 Rxcuu
979 466 1167 507 SANCTI
1205 449 1796 529 Pacnonn(cap.142).

361 564 389 592 ι
407 549 472 604 Ει
492 548 536 602 si
553 547 649 602 bin
672 544 794 600 navi
818 543 1000 610 ﬁxerit,
1023 553 1079 600 et
1102 545 1156 599 in
1178 545 1532 611 monasterio,
1557 553 1614 599 et
1640 543 1694 598 in
1718 558 1869 613 agro,

288 649 346 697 et
381 639 438 694 in
482 637 696 703 itinere,
741 645 796 691 et
836 635 891 691 in
927 636 1167 706 quolibet
1203 636 1524 702 ministerio,
1551 647 1573 675 ε
1605 634 1795 691 orandi
1818 640 1875 689 et

288 728 553 804 psallendi
586 736 964 798 temper-anon
996 728 1395 797 praetermittat.

386 866 417 941 ᾗ
450 867 621 923 Ill.—-
642 865 725 921 Ex
767 864 989 919 Recens
1019 860 1437 918 saac'rt‘Basnu
1463 858 1602 932 (cap.
1632 858 1780 930 107).

360 1002 636 1073 lnterrog.
655 1001 683 1042 ἀ
712 1001 771 1057 Si
795 1001 916 1071 quis
938 999 1084 1055 circa
1108 996 1413 1061 cellarium,
1448 995 1534 1049 vel
1556 994 1870 1064 coquinam,

284 1094 373 1152 vel
416 1094 522 1150 alia
561 1092 933 1162 hujuscemodi
984 1105 1148 1161 opera
1187 1096 1484 1157 occupatus
1520 1092 1625 1151 est,
1670 1093 1727 1140 et
1763 1100 1871 1140 non

285 1194 545 1242 occurrat
576 1186 767 1241 adesse
798 1194 823 1223 ε
853 1182 1031 1238 ordini
1059 1179 1428 1251 psallentium,
1456 1177 1541 1231 vel
1569 1176 1640 1231 ad
1662 1174 1869 1231 oratio-

287 1293 434 1343 nem,
477 1276 613 1346 nihil
638 1276 818 1332 damni
847 1274 1064 1345 patitur
1087 1273 1141 1326 in
1171 1269 1397 1325 anima?
1422 1298 1494 1308 -
1512 1266 1668 1338 Resp.
1694 1267 1872 1323 Unus-

258 1367 520 1439 'quisque
558 1366 613 1420 in
646 1379 810 1435 opere
834 1377 933 1418 suo
959 1362 1249 1416 observare
1278 1359 1439 1414 debet
1464 1357 1741 1428 prapriam
1780 1372 1870 1411 re-

285 1458 492 1528 gulam.
526 1456 679 1511 Sicut
715 1455 1018 1509 membrum
1056 1451 1111 1505 in
1138 1465 1367 1519 corpore
1398 1457 1456 1504 et
1482 1449 1740 1504 damnum
1766 1450 1873 1505 lia-

281 1548 456 1614 bebit,
488 1546 533 1603 si
563 1545 859 1616 neglexerit
887 1543 941 1598 in
970 1558 1036 1598 eo
1062 1541 1206 1612 quod
1242 1540 1544 1610 iniunctum
1572 1548 1656 1596 est
1687 1540 1737 1594 ei
1771 1558 1784 1594 :
1814 1549 1871 1597 et

282 1640 356 1696 de
390 1636 663 1694 communi
698 1635 924 1689 fratrum
957 1632 1195 1688 utilitate
1217 1630 1494 1703 negligens
1525 1630 1756 1701 amplius
1781 1646 1873 1701 pe-

283 1727 630 1785 riclitabitur.
669 1724 735 1779 Et
756 1732 936 1778 mente
978 1731 1033 1778 et
1059 1721 1347 1777 devotione
1394 1721 1668 1791 complere
1708 1721 1869 1776 debet

282 1818 345 1874 id
388 1816 532 1888 quod
581 1814 838 1883 scriptum
870 1820 998 1867 est:
1029 1809 1336 1874 Cantantes,
1384 1817 1432 1862 et
1471 1808 1750 1879 psallentes
1817 1810 1873 1863 in

281 1908 538 1964 cordibus
563 1905 746 1960 vestris
774 1904 999 1958 Domino
1026 1900 1186 1974 (Eph.
1209 1900 1305 1970 ιι).
1348 1898 1407 1954 Si
1437 1899 1582 1954 enim
1613 1915 1871 1969 corpora-

278 1997 412 2053 liter
433 2011 541 2052 non
569 1993 872 2050 occurrerit
907 1993 1096 2047 adesse
1125 2006 1246 2045 cum
1277 1990 1489 2045 creteris
1518 1990 1585 2044 ad
1604 1991 1871 2047 orationis

278 2090 495 2152 locum,
534 2087 590 2142 in
631 2098 955 2156 quocunque
996 2082 1116 2138 loco
1171 2082 1424 2136 inventus
1478 2080 1676 2146 fuerit,
1726 2083 1869 2151 quod

279 2178 588 2238 devotionis
632 2185 735 2242 est,
779 2174 1012 2245 expleat.
1062 2171 1289 2242 Oportet
1330 2182 1510 2226 tamen
1557 2172 1868 2237 observare,

277 2283 357 2324 ne
398 2266 536 2322 forte
578 2265 702 2336 quis
726 2264 898 2337 possit
926 2262 1199 2331 complere
1231 2260 1286 2315 in
1313 2268 1553 2331 tempore
1578 2275 1694 2324 suo,
1725 2261 1868 2330 quod

278 2352 664 2425 compléndum
690 2364 797 2418 est,
840 2360 898 2408 et
923 2365 1247 2416 occurrere;
1282 2351 1378 2404 sed
1405 2350 1537 2404 dum
1563 2349 1707 2420 loqui
1731 2349 1869 2414 vult,

276 2446 602 2501 occasiones
625 2444 817 2512 nectit,
847 2450 1102 2512 tanquam
1132 2441 1187 2496 in
1213 2438 1500 2495 ministerii
1523 2454 1688 2509 opere
1710 2453 1872 2494 occu-

338 2598 384 2640 ἰ
428 2598 491 2653 Et
515 2598 560 2654 si
590 2599 644 2652 in
676 2598 795 2652 navi
824 2596 1002 2667 fuerit,
1037 2604 1142 2655 etc.
1190 2593 1304 2650 Hoc
1334 2603 1497 2666 caput
1527 2594 1871 2650 desideratur

275 2669 343 2727 in
374 2669 577 2740 Regula
615 2667 979 2740 S._Pachomii
1010 2682 1234 2740 excusa.
1298 2722 1303 2727 ,

360 2742 389 2781 b
423 2733 488 2792 Ιῖι
510 2739 646 2792 navi.
676 2738 775 2791 llic
800 2738 1003 2792 mentio
1024 2737 1085 2790 ﬁt
1116 2736 1268 2790 navis
1298 2753 1311 2788 :
1344 2735 1469 2803 quia
1497 2733 1554 2789 S.
1588 2733 1870 2790 Pachumii

274 2808 535 2877 discipuli
568 2809 885 2863 habitabant
924 2808 979 2861 in
1008 2806 1184 2861 insula
1206 2805 1309 2860 Nili
1336 2822 1350 2871 ;
1383 2821 1448 2861 ac
1475 2806 1702 2877 proinde
1731 2820 1873 2876 saepe

275 2881 636 2946 navigabant,
675 2887 737 2933 ut
762 2893 922 2946 supra
957 2885 1203 2932 notatum
1232 2883 1334 2930 est.

359 2963 382 2991 ο
419 2943 622 3004 ὂναηάὶ
670 2958 719 3002 et
764 2943 1070 3018 psallendi.
1097 2945 1215 3001 Non
1258 2946 1430 3018 solum
1476 2945 1667 3018 dixit:
1714 2943 1875 3000 Psal-

274 3020 451 3082 lendi,
510 3019 605 3074 sed
647 3017 833 3081 etiam,
869 3017 1094 3082 Grandi,
1140 3019 1210 3072 ob
1249 3017 1523 3071 orationes
1585 3017 1705 3071 illas
1754 3030 1875 3082 quae

269 3092 618 3163 psalmorum
677 3088 977 3144 intervallis
1020 3087 1534 3143 interserebantur:
1569 3087 1635 3143 de
1673 3087 1873 3156 quibus

271 3178 478 3302 sfgrgi
520 3231 636 3302 quis
665 3231 804 3302 circa
817 3228 1138 3302 retiarium,
1152 3236 1256 3284 etc.
1281 3227 1475 3283 Exstat
1512 3228 1651 3302 apud
1680 3226 1738 3302 SA.
1769 3226 1873 3281 Ba-

271 3296 701 3426 :iliunégnterr.
745 3300 846 3356 147
884 3299 1074 3371 Regul.
1106 3299 1287 3363 Brev.,
1332 3308 1387 3356 et
1436 3296 1578 3369 apud
1617 3296 1871 3352 Ruﬁnum

353 3387 407 3426 n.
520 3411 535 3426 .

271 3386 626 3513 032ζὸῗᾶἱηὶ
660 3440 993 3513 psallentium
1014 3482 1027 3494 .
1054 3440 1147 3513 _lta
1199 3439 1340 3509 apud
1375 3437 1631 3513 Ruﬁnum
1657 3477 1671 3491 .
1727 3436 1873 3513 01*ᾷο

274 3508 670 3594 psallentium,
682 3527 776 3566 seu
803 3513 935 3594 ordo
957 3508 1306 3594 psalmorum,
1337 3517 1500 3578 atque
1546 3508 1872 3594 etiam‘ordo

270 3577 401 3639 {sine
432 3582 687 3652 adjuncto
719 3590 804 3636 est
831 3577 1083 3652 ofﬁcium,
1108 3577 1540 3652 divinum,_opus
1574 3577 1873 3652 Dei,_horae

273 3646 601 3716 eanoniéaa;
636 3653 703 3707 de
727 3666 836 3721 quo
860 3651 1124 3708 vocabulo
1168 3665 1353 3719 supra.
1382 3646 1457 3721 _ln
1488 3656 1643 3721 textu
1680 3646 1871 3721 Graeco

276 3723 344 3780 S.
377 3722 562 3796 Basilii
598 3731 703 3796 est,
745 3718 825 3796 Ῑτῷ
863 3724 1033 3779 κανόνι
1066 3728 1159 3781 τῆς
1188 3718 1513 3796 ψάᾉμῳδίᾳςο
1557 3718 1651 3772 ubi
1693 3718 1873 3796 versio

270 3793 560 3849 recentior
593 3809 607 3846 :
641 3786 851 3847 Statu'to
890 3804 1115 3862 tempore
1160 3786 1602 3862 modulandorum
1637 3786 1872 3858 psalmo--

271 3879 441 3928 rum;
468 3877 574 3916 non
603 3863 676 3917 ita
700 3871 866 3917 recte.
896 3858 1031 3916 Nam
1050 3867 1206 3917 κανῶν
1234 3860 1375 3929 apud
1402 3858 1620 3913 Grzecos
1643 3864 1725 3912 est
1750 3873 1875 3911 cur-

272 3948 399 3995 sus,
449 3931 685 3987 olﬁcium
728 3933 990 3996 divinum,
1032 3947 1167 4000 opus
1210 3932 1327 3995 Dei,
1378 3930 1526 3984 horae
1564 3932 1871 3991 canonica;

270 4002 445 4058 Joan.
483 4000 736 4057 Moschus
761 4018 884 4073 cap.
907 4002 972 4055 27
1003 4018 1017 4055 :
1066 4003 1214 4056 Μετὰ
1253 4007 1351 4073 ’γὰρ
1381 4000 1565 4054 κανόνα
1588 4000 1875 4073 νἰκειηινόν

267 4082 377 4136 τῆς
400 4074 552 4146 ἁγίας
576 4069 856 4148 Romanis,
887 4073 940 4148 id
968 4078 1207 4148 esppost
1224 4069 1621 4148 can'onem,_s_eu
1634 4069 1872 4148 piﬁcium

268 4137 613 4198 nocturnum
654 4137 867 4197 'sanctze
898 4137 1220 4210 Dominicaa;
1255 4162 1273 4193 ι
1318 4155 1438 4210 cap.
1470 4140 1568 4193 M7
1597 4137 1766 4199 εἘση
1799 4143 1872 4201 εἰς

266 4216 474 4286 araverat
494 4214 860 4286 pévovdaiév,
894 4209 1289 4286 {apes-gues
1315 4212 1521 4286 aurive;
1557 4219 1783 4286 amt-idin,
1821 4210 1872 4264 id

268 4293 390 4348 est,
421 4302 440 4335 ι
464 4280 704 4353 loqueris
731 4284 1020 4353 tantumin
1048 4281 1221 4337 ofﬁcio
1244 4281 1439 4353 divino,
1460 4289 1613 4353 extra
1638 4280 1875 4353 oﬂiciurn

265 4349 733 4409 divinum'mutus
753 4350 1541 4408 eris.»TheodorusBalsamon
1572 4351 1627 4404 in
1655 4366 1776 4406 can.
1805 4349 1875 4405 52

267 4434 457 4513 sextae
497 4425 724 4513 synodi‘:
758 4425 988 4511 npo'vﬁ;
1022 4425 1319 4513 Tppoyé'you
1341 4421 1596 4511 ψάλλσυρι
1634 4424 1876 4513 naitha-

1254 338 1643 399 CONCORDIA
1686 334 2140 393 REGULABUM.
2181 368 2253 378 -—-
2289 337 2440 394 CAP.
2480 337 2638 396 LVII.

1898 455 1950 513 A
1973 455 2152 519 patus.
2200 449 2351 516 Quod
2386 449 2478 521 qui
2507 450 2659 516 facit,
2693 456 2748 505 et
2770 447 3149 505 oﬂ'endicul'um
3189 451 3401 505 czeteris
3425 467 3562 521 prm.

3426 343 3444 394 1
3455 340 3561 400 2(ιῦ

1976 549 2103 609 stat,
2134 550 2191 597 et
2232 543 2346 612 ipse
2368 541 2687 613 negligentis
2721 541 2929 597 crimen
2964 539 3239 596 incurrit";

2152 631 2180 705 §
2232 632 2320 689 IV.
2347 632 2509 686 ——Ex
2547 630 2767 688 REGULA
2801 630 3067 687 MAGISTRI
3106 631 3244 703 (cap.
3268 631 3383 704 56).

2054 722 2074 761 ί
2091 721 2226 778 Cum
2252 722 2451 777 fratres
2471 721 2742 791 spiritales
2768 721 2888 777 sine
2913 720 3054 777 laico
3082 721 3361 776 ambulant
3382 721 3563 791 juncti

1979 814 2046 870 ad
2084 829 2163 875 se.
2198 822 2255 870 et
2287 817 2311 854 ε
2335 821 2619 869 cantantes
2646 814 2858 870 modice
2888 814 2955 870 de
2983 815 3066 869 via
3103 813 3322 871 ﬂectant
3363 832 3560 887 genua,

1977 912 2030 959 et
2079 913 2200 975 post
2236 903 2540 959 orationem
2578 904 2805 959 redeant
2840 905 2897 958 in
2928 905 3107 972 viam;
3138 920 3262 960 mox
3314 905 3382 961 ab
3411 908 3562 963 omni

1974 992 2143 1048 verbo
2193 991 2371 1048 alieno
2417 1008 2448 1046 a
2489 992 2601 1048 Deo
2649 1000 2891 1048 tacentes
2941 977 3161 1062 propter
3202 996 3560 1050 reverentiam

1973 1083 2153 1152 operis
2194 1084 2312 1150 Dei,
2360 1094 2417 1138 et
2455 1083 2535 1139 sic
2580 1082 2906 1138 ambulando
2940 1083 3110 1154 petita
3148 1084 3298 1155 prius
3345 1086 3561 1141 benedi-

1972 1172 2153 1227 ctione
2194 1173 2505 1243 impositum
2554 1182 2914 1243 prorumpant
2956 1174 3009 1228 in
3050 1174 3357 1243 psalmum;
3396 1193 3557 1246 quem

1973 1281 2097 1321 cum
2149 1266 2516 1335 expleverint,
2572 1266 2599 1305 ιι
2643 1273 2790 1320 stent
2836 1266 3132 1332 modicum,
3187 1275 3245 1322 et
3300 1268 3562 1324 inclinato

1974 1355 2152 1426 capite
2188 1357 2396 1411 modice
2454 1360 2471 1397 ἱ
2506 1362 2703 1421 orent;
2740 1371 2847 1426 qua
2883 1356 3127 1411 oratione
3157 1357 3390 1427 expleta,
3434 1374 3562 1413 mox

1972 1449 2228 1503 inchoent
2265 1449 2410 1502 viam
2459 1448 2736 1503 ambulare
2759 1464 2881 1503 cum
2912 1448 3118 1519 psalmo
3144 1465 3158 1514 ;
3192 1465 3298 1518 quo
3326 1450 3561 1520 expleto,

1974 1548 2182 1595 stantes
2219 1547 2416 1605 orent;
2449 1555 2553 1610 qua
2588 1540 2716 1595 item
2749 1540 2961 1611 expleta
3001 1541 3268 1607 oratione,
3292 1541 3561 1611 psalmum

1973 1630 2130 1687 simul
2153 1629 2475 1686 ambulando
2499 1630 2785 1696 inchoent;
2817 1646 2923 1700 quo
2944 1631 3178 1700 expleto,
3206 1632 3400 1688 iterato
3428 1648 3557 1687 cur-

1970 1725 2083 1778 vati
2112 1724 2167 1780 in
2212 1722 2523 1778 humilitate
2568 1728 2745 1777 orent.
2804 1720 2947 1792 Ergo
2976 1736 3099 1777 cum
3132 1736 3351 1776 omnem
3390 1722 3560 1792 ipsius

1904 1797 1946 1855 Β
1976 1817 2122 1871 hora:
2167 1814 2614 1870 consuetudinem
2651 1812 3023 1881 expleverint,
3061 1812 3332 1867 modicum
3367 1824 3381 1863 ι
3416 1829 3571 1869 sece~

1973 1907 2163 1962 dentes
2184 1906 2237 1959 in
2263 1914 2473 1973 partem
2505 1902 2658 1958 ﬂexis
2686 1902 2913 1979 genibus
2946 1910 3121 1970 orent,
3150 1911 3205 1957 et
3236 1902 3263 1943 ιε
3286 1904 3564 1974 complen—

1973 2006 2056 2053 tes
2080 1997 2288 2052 vicibus
2311 1997 2434 2061 sibi,
2462 2003 2592 2050 tunc
2617 1994 2832 2049 demum
2861 2003 3206 2050 revertantur
3230 1996 3297 2051 ad
3319 1997 3491 2051 viam:
3508 2006 3567 2053 et

1973 2089 2052 2143 sic
2080 2104 2139 2143 se
2168 2087 2189 2127 1
2217 2084 2833 2146 communibusfabulis,
2871 2087 2917 2141 si
2943 2086 3233 2153 voluerint,
3265 2088 3552 2143 misceant.

1974 2164 2177 2236 Tamen
2202 2178 2307 2235 illis
2327 2178 2477 2234 boris
2513 2178 2710 2248 quibus
2733 2193 2870 2248 opus
2905 2177 3002 2232 Dei
3040 2178 3366 2233 ambulando
3399 2179 3561 2249 perﬁ:

1971 2272 2143 2337 ciunt,
2168 2277 2414 2335 caveant,
2431 2286 2499 2327 ne
2517 2270 2702 2325 divino
2723 2270 2969 2339 occupati
2989 2285 3154 2341 opere
3176 2270 3228 2325 in
3252 2271 3397 2326 aliud
3420 2272 3564 2327 inter

1973 2379 2032 2419 se
2056 2362 2282 2417 verbum
2310 2362 2671 2417 immisceant.
2700 2359 2757 2416 Si
2781 2376 2911 2415 vero
2934 2359 3083 2415 misti
3116 2376 3239 2415 cum
3261 2361 3416 2417 laicis
3446 2377 3564 2417 am-

1972 2454 2185 2521 bulant,
2218 2460 2626 2523 sequestrantes
2663 2466 2722 2507 se
2761 2451 2830 2506 ab
2865 2452 2945 2506 eis
2988 2451 3041 2506 in
3071 2460 3253 2523 partes
3289 2453 3561 2524 stirpium,

1975 2608 2374 2681 signiﬁcatione
2436 2614 2724 2681 usurpant.
2788 2604 3145 2681 Cassiodorus
3199 2607 3294 2661 lib.
3341 2624 3372 2681 γ
3404 2607 3562 2675 Var.,

1972 2677 2132 2759 epist.
2147 2679 2239 2745 59,
2254 2680 2343 2759 ubi
2366 2678 2545 2749 agitur
2565 2678 2631 2759 de
2647 2678 2734 2731 his
2746 2677 3016 2759 quiagros
3037 2677 3229 2731 domus
3251 2678 3564 2759 regiaecon-

1974 2746 2208 2807 ducunt:
2240 2769 2256 2800 ι
2290 2746 2802 2803 Transmarinorum
2833 2746 3426 2818 igiturcanonem,ubi
3453 2763 3563 2802 non

1974 2836 2142 2891 parva
2186 2819 2338 2891 fraus
2368 2817 2489 2891 ﬁeri
2515 2817 2839 2891 utilitatibus
2864 2816 3101 2887 publicis
3128 2817 3428 2881 intimatur,
3464 2833 3562 2873 vos

1975 2888 2179 2945 attente
2200 2888 2455 2959 jubemus
2477 2888 2775 2959 inquirere,
2802 2895 2971 2959 atque
2988 2894 3247 2959 statutum
3264 2902 3564 2959 numerum

1975 2975 2076 3031 pro
2099 2955 2297 3031 virium
2326 2955 2589 3031 qualitate
2615 2957 2857 3031 deﬁnire.
2883 2977 2901 3009 ι
2933 2957 2999 3010 Et
3027 2971 3124 3025 per
3155 2955 3563 3031 similitudinem

1977 3027 2210 3085 ofﬁcium
2249 3027 2492 3085 divinum
2541 3028 2739 3082 dicitur
2776 3036 2950 3082 canon
3001 3035 3056 3080 et
3097 3041 3353 3081 mensura
3384 3046 3398 3081 :
3431 3027 3561 3096 quia

1978 3101 2232 3155 monachi
2271 3110 2330 3154 et
2356 3097 2538 3154 clerici
2567 3098 2621 3151 in
2657 3098 2825 3153 sacris
2859 3097 3136 3152 constituti
3178 3105 3432 3166 tanquam
3469 3098 3565 3152 Dei

1901 3175 1946 3237 C
1977 3169 2154 3226 coloni
2177 3170 2321 3225 hanc
2346 3169 2396 3224 ei
2420 3166 3358 3239 quotidianammensuramsolvere
3385 3177 3569 3239 tenens

1979 3250 2086 3295 tur.
2136 3240 2213 3295 Ita
2242 3240 2405 3295 etiam
2438 3236 2699 3294 'divinum
2728 3236 2959 3293 olIicium
3007 3236 3341 3306 appellarunt
3385 3236 3571 3292 Latini

1971 3310 2184 3366 Patres.
2224 3309 2519 3365 Cassianus
2572 3308 2666 3364 lib.
2698 3324 2737 3362 ιι
2777 3308 2843 3362 de
2872 3306 3023 3362 Orat.
3072 3317 3311 3370 nootur.,
3344 3321 3463 3375 cap.
3497 3306 3560 3363 ϐξ

1981 3381 2093 3435 «Ex
2124 3382 2254 3435 hinc
2273 3378 2600 3434 venerabilis
2620 3376 2842 3431 Patrum
2873 3385 3093 3431 senatus
3129 3376 3438 3445 intelligens
3468 3392 3568 3430 ann.-

1971 3452 2075 3520 geli
2107 3449 2426 3521 magisterio
2453 3446 2981 3521 congregationibus
2996 3446 3222 3521 fratrum
3253 3445 3562 3521 generalem

1971 3515 2234 3577 canonem
2260 3534 2363 3573 non
2385 3518 2504 3573 sine
2519 3515 2918 3586 dispensatione
2946 3515 3162 3570 Domini
3184 3515 3562 3586 constitutum,

1973 3590 2213 3645 decrevit
2243 3589 2388 3643 hunc
2415 3585 2702 3640 numerum
2729 3593 2837 3638 tam
2869 3585 2937 3655 in.
2950 3585 3284 3655 vespertinis
3311 3599 3473 3653 quam
3506 3586 3562 3640 in

1974 3659 2259 3715 nocturnis
2318 3655 2707 3713 conventiculis
2734 3654 3016 3710 custodiri.
3048 3653 3069 3707 ἱ
3105 3653 3163 3708 S.
3196 3654 3561 3710 Culumbanus

1973 3746 2093 3799 cap.
2125 3730 2155 3782 7
2189 3728 2406 3800 Regula:
2438 3744 2451 3779 :
2489 3743 2507 3776 ι
2540 3725 2645 3800 Sed
2692 3740 2788 3794 per
2814 3732 3107 3800 quaternas
3149 3724 3203 3778 in
3235 3733 3395 3779 nocte
3418 3725 3567 3780 vices

1972 3794 2119 3856 hu'nc
2166 3794 2429 3854 canonem
2465 3794 2717 3851 reddunt.
2759 3814 2777 3847 ι
2812 3794 2979 3850 Cone.
3010 3795 3326 3850 'l‘uronense
3348 3810 3410 3859 ιι,
3438 3809 3562 3850 can.

1971 3871 2043 3926 25
2071 3888 2083 3924 :
2115 3888 2134 3920 ι
2165 3869 2317 3923 Licet
2341 3869 2572 3938 hymnos
2597 3865 3003 3938 _Ambrosianos
3050 3865 3345 3938 habeamus
3377 3865 3432 3938 in
3473 3880 3566 3938 ca.-

1973 3955 2135 4001 none,
2180 3939 2232 3993 id
2271 3932 2397 4000 est;
2426 3938 2480 3991 in
2512 3935 2702 3991 ordine
2732 3950 2826 3990 seu
2860 3950 3024 3990 cursu
3054 3934 3222 3990 divini
3255 3932 3437 3990 oﬂicii.
3493 3934 3563 3991 Et

1975 4010 2105 4065 hinc
2137 4010 2286 4064 hora:
2315 4006 2592 4063 canonica:
2622 4004 2923 4128 appellatae.

2050 4080 2070 4118 f
2110 4076 2242 4128 Cum
2290 4078 2485 4128 fratres
2507 4076 2691 4128 snirita
2716 4092 2794 4128 es.
2832 4082 2918 4128 etc

2050 4080 2070 4118 ί
2110 4076 2242 4134 Cum
2288 4078 2485 4148 fratres
2507 4073 2794 4148 spiritales,
2832 4073 3109 4148 etc.___Hzec
3151 4074 3337 4130 videre
3381 4082 3467 4130 est
3502 4075 3560 4132 in

1973 4150 2107 4222 Reg.
2127 4166 2237 4222 _ms.
2265 4145 2386 4204 cod.
2412 4145 2598 4222 C_orb..
2627 4145 2748 4201 eod.
2779 4160 2899 4216 cap.

2047 4213 2085 4261 εἴ
2102 4219 2409 4275 Cantantes.
2438 4218 2616 4273 Locus
2640 4213 2947 4286 corrupius.
2972 4215 3028 4270 ln
3051 4214 3185 4286 Reg.
3210 4231 3313 4270 ms.
3340 4213 3562 4286 legitur,

1975 4300 2291 4355 camsantcs,
2328 4305 2434 4359 pro
2467 4284 2820 4359 campsant‘es,‘
2866 4287 3027 4359 idest
3066 4284 3345 4359 ﬂectentes
3368 4284 3562 4359 {nam

1973 4376 2256 4431 campsare
2305 4355 2388 4414 est
2416 4355 2654 4413 ﬂectere.
2681 4355 2887 4411 Glossre
2914 4356 3107 4431 lsidgri
3139 4373 3152 4409 :
3184 4365 3439 4425 campsat,
3469 4358 3568 4431 ﬂg-

1975 4433 2068 4485 ctit
2092 4424 2112 4496 ξ
2138 4431 2617 4502 legendumergo,
2645 4435 2990 4502 canzpsantes.
3025 4426 3092 4502 Et
3119 4424 3309 4502 sensus
3332 4432 3413 4479 est
3446 4424 3478 4478 z‘
3497 4424 3569 4480 Ut

263 4494 594 4617 ἶὶνὼσκῡύσι
616 4497 740 4556 τοὺς
763 4494 978 4555 nardum:
1000 4497 1082 4548 καὶ
1097 4494 1175 4549 ’τά
1202 4497 1464 4567 μαρτύρια
1486 4494 1587 4547 τῶν
1620 4494 1751 4547 κατὰ
1778 4498 1870 4553 τήν

266 4588 300 4617 ο
339 4588 403 4617 ην
447 4570 869 4617 τεσσαρακοστήν
920 4565 1342 4617 ποοσϐαινουσῶν
1392 4563 1578 4617 ἑορτῶν
1597 4577 1612 4594 '
1666 4561 1719 4615 id
1766 4571 1871 4617 est.

1983 4494 2176 4557 Fratres
2193 4494 2406 4556 vdit-ceti
2434 4500 2488 4553 in
2510 4494 2618 4564 via,
2663 4497 2714 4552 si
2737 4494 3014 4550 ambulent
3039 4496 3156 4549 sine
3185 4496 3448 4549 laicorum
3476 4509 3568 4547 co-

1983 4572 2195 4617 mitam-
2231 4571 2297 4617 de
2319 4570 2407 4617 vin
2442 4569 2653 4617 modice
2686 4566 2984 4617 ﬂectentes.
3016 4580 3106 4617 seu
3135 4564 3468 4617 declinantes
3493 4562 3568 4617 si-

266 4588 300 4621 ο

339 4588 403 4623 ην
447 4570 869 4639 τςσᾳοιρακοσ-τὴν
888 4561 1612 4639 Ετροσᾷαινρὺσῶγξὲορτῶψ
1666 4561 1719 4615 id
1766 4571 1871 4639 est,

275 4652 301 4686 ι
325 4642 464 4690 ante
484 4630 873 4689 hebd'omadem
888 4630 1193 4704 Ty'rophagi
1221 4630 1457 4702 psallunt
1478 4639 1533 4686 et
1558 4630 1742 4704 legunt
1767 4632 1877 4704 oﬂi-

265 4704 390 4778 cia_
424 4712 481 4758 et
529 4705 786 4778 martyria
823 4701 1120 4778 festorum,
1148 4701 1288 4778 'quaa
1320 4710 1433 4778 tota
1463 4701 1876 4778 quadragesima

268 4774 515 4830 cadunt.
557 4795 577 4826 ι
620 4772 688 4828 εξ
709 4773 1011 4829 Antiochus
1048 4775 1104 4828 in
1139 4773 1298 4843 epist.
1349 4772 1417 4827 ad
1464 4772 1814 4843 Eustachium
1858 4791 1875 4828 :

262 4845 585 4905 ἐκτιλὲσας
611 4846 687 4900 ἐπ’
714 4847 884 4906 αὐτοῖς
906 4845 992 4900 τὸν
1017 4841 1207 4903 συνήθῆ
1242 4843 1441 4897 randum.
1484 4841 1539 4896 id
1564 4851 1665 4907 est,
1698 4860 1716 4893 ι
1752 4858 1877 4897 cum

258 4914 641 4987 pet-solvisset
682 4916 958 4987 pro_ips_is
984 4914 1198 4968 solitum
1239 4911 1505 4987 ofﬁcium,
1533 4931 1552 4964 ι
1601 4911 1880 4987 defuncto-

260 4980 413 5040 i'um
465 4980 735 5040 videlicet.
786 4980 1071 5038 Rationem
1114 4980 1488 5052 appellationis
1523 4982 1700 5036 reddit
1728 4982 1869 5037 idem

258 5054 606 5117 Antiochus,
635 5054 824 5129 homil.
857 5052 958 5108 105
972 5073 1001 5129 :A
1012 5053 1282 5129 Ψαλμῗῳδία
1302 5056 1447 5129 ἡμῶν
1649 5052 1868 5129 λέγει-με’

256 5129 469 5198 ὧσπιρ
499 5126 744 5200 γεωργὸς,
776 5127 857 5200 ἐὰν
887 5123 1085 5200 eadem
1115 5123 1280 5200 ἆτ’Ᾰήρη
1300 5123 1386 5200 θεὰ-ἰ
1410 5125 1555 5178 καλὸν
1567 5123 1871 5200 ’τὸνικανόχνκ

256 5146 469 5198 ώσπιρ
499 5146 631 5198 γεωρ
698 5147 744 5190 ς,
776 5146 857 5180 tm
887 5147 956 5195 μη
978 5146 1085 5184 οοιη
1115 5146 1280 5200 πληρη
1300 5146 1386 5180 και
1410 5146 1555 5178 xor/tor
1584 5146 1671 5178 τον
1691 5146 1870 5178 navem

255 5202 448 5253 αὐτοῦ
480 5202 552 5257 εἰς·
578 5146 795 5268 φυζιέκήν
825 5195 1145 5268 ἐμβάλλεται,
1168 5205 1295 5261 etc.;
1322 5194 1377 5268 id
1390 5201 1494 5268 est,
1530 5211 1548 5242 ι
1567 5191 1870 5268 Psalmodia

258 5272 489 5336 nostra
520 5263 693 5336 canon
742 5263 1044 5336 appellatur
1074 5282 1087 5317 :
1117 5264 1571 5333 quemadmodum
1625 5263 1869 5329 colonus,

255 5335 391 5391 nisi
443 5335 655 5405 dederit
696 5334 908 5405 plenam
935 5342 990 5389 et
1024 5334 1219 5389 bonam
1262 5348 1568 5405 mensuram
1609 5349 1782 5399 suam,
1818 5336 1871 5388 in

255 5404 842 5475 vinculaconjitiitur,
883 5414 938 5458 et
983 5404 1256 5460 cruciatur
1285 5417 1300 5457 :
1331 5404 1410 5458 sic
1439 5405 1754 5475 monachus,
1782 5405 1876 5473 qui

254 5474 518 5599 neglig?
548 5491 705 5530 suum
731 5491 1013 5538 canonem,
1038 5490 1133 5529 seu
1155 5488 1489 5539 mensuram,
1510 5476 1597 5529 cui
1627 5474 1883 5530 astrictus

254 5556 390 5599 est.
493 5560 560 5599 eo
593 5546 835 5599 uuotidie
863 5545 1191 5599 persolvere.
1229 5559 1258 5597 a
1292 5543 1383 5599 Dei
1434 5545 1607 5599 aratia
1656 5545 1879 5599 excidit.

252 5543 390 5610 est}
446 5543 560 5600 Deo
593 5546 835 5615 quotidie
863 5545 1191 5615 persolvere,
1229 5559 1258 5597 a
1292 5543 1410 5615 Dei_
1434 5545 1607 5615 gratia
1656 5545 1879 5610 excidit,

252 5626 325 5671 et
388 5612 630 5669 traditur
668 5612 904 5670 inimicis
947 5616 1082 5680 suis,
1114 5615 1218 5669 hoc
1246 5621 1349 5673 est,
1380 5612 1631 5669 diabolis.
1669 5634 1688 5666 ι
1718 5620 1880 5670 κανών

252 5701 422 5755 ergo
454 5686 675 5755 proprie
701 5694 787 5741 est
811 5700 1063 5739 mensura
1094 5699 1253 5755 quam
1287 5684 1510 5755 colonus
1539 5684 1758 5739 domino
1784 5701 1882 5741 suo

258 5752 507 5811 solvei'e
558 5752 789 5811 ienetur.
820 5754 971 5822 Quod
1009 5752 1326 5810 vocabulum
1373 5752 1549 5809 Latini
1598 5755 1650 5810 in
1693 5755 1879 5810 eadem

1979 4572 2197 4636 mitatu,
2231 4571 2297 4625 de
2319 4570 2408 4623 via
2442 4562 2653 4623 modice
2686 4566 2984 4629 ﬂectentes,
3016 4580 3106 4619 seu
3135 4564 3468 4636 declinantes
3493 4562 3569 4617 si-

1981 4640 2091 4695 mul
2116 4634 2288 4709 juncti
2318 4654 2491 4710 genua
2516 4637 2755 4710 ﬂectant,
2780 4644 2835 4710 et
2856 4644 3032 4710 orent,
3058 4643 3111 4710 c_t
3140 4643 3262 4704 post
3285 4634 3568 4710 orationes

1981 4704 2209 4766 redeant
2253 4710 2306 4764 in
2321 4704 2503 4773 'viam,
2533 4715 2588 4763 et
2628 4706 2955 4761 ambulando
2975 4704 3215 4775 psalmos
3243 4704 3489 4760 recitent.

2052 4779 2079 4817 ιι
2113 4780 2281 4836 Stent.
2309 4778 2367 4832 ιιι
2387 4787 2493 4843 est,
2517 4777 2834 4839 consistant,
2867 4776 3185 4830 subsistant.

2059 4852 2076 4892 ί
2116 4851 2299 4905 Orant.
2329 4848 2464 4919 Reg.
2492 4863 2601 4919 ms.
2630 4855 2853 4901 recreat.
2904 4844 3093 4911 Recte,
3111 4843 3265 4913 juxta
3298 4846 3565 4901 rationem

1980 4920 2234 4998 loquendi
2265 4917 2527 4998 Magistri.

2055 4981 2071 5041 ἰ
2114 4981 2421 5070 S_eced_e_nii:s
2442 4987 2497 5070 in
2515 4997 2738 5070 partem.
2768 4985 2884 5070 Est',
2915 4984 3058 5070 quod
3080 4981 3286 5070 Gallice
3313 4983 3563 5070 dicimus,

1979 5078 2035 5116 se
2059 5060 2275 5115 retirant
2296 5060 2328 5111 ὰ
2346 5066 2486 5129 part,
2514 5053 2567 5111 id
2587 5064 2692 5120 est,
2719 5053 3269 5129 secedentesseorsim
3291 5053 3499 5129 ab_aliis
3511 5056 3569 5129 in

1981 5131 2159 5186 locum
2187 5122 2423 5198 aliquem
2448 5143 2464 5187 ;
2495 5141 2619 5198 nam
2647 5139 2779 5198 pars
2801 5124 2976 5179 locum
3001 5123 3286 5198 signiﬁcat.
3330 5122 3567 5198 Marcul—

1981 5201 2122 5270 phus
2146 5194 2379 5254 form—uia
2404 5198 2473 5253 96
2497 5216 2509 5250 :
2543 5194 2681 5251 Civis
2700 5194 2993 5270 Romanus,
3009 5194 3177 5270 portis
3193 5194 3403 5270 apertis,
3450 5210 3566 5270 earn

1980 5262 2159 5342 pergat
2196 5278 2421 5340 partem,
2463 5283 2620 5340 quam
2652 5264 2873 5320 voluerit
2912 5262 3200 5317 ambulare.
3228 5262 3300 5318 Et
3332 5263 3567 5322 formula

1982 5355 2100 5449 sui.
2114 5409 2442 5481 Complentes
2466 5407 2663 5481 vicibus
2689 5404 3001 5481 sibi._Lege,
3026 5401 3345 5481 'cornplentes
3369 5376 3567 5481 uicibus

1981 5480 2077 5544 ibi,
2108 5480 2162 5534 id
2200 5474 2309 5545 est,
2339 5481 2393 5534 in
2420 5479 2608 5533 eodem
2636 5477 2755 5531 loco
2781 5475 3025 5530 dicentes
3058 5474 3317 5530 collectas
3346 5474 3563 5530 alterni.

2061 5548 2484 5605 lCommunibas
2513 5546 2727 5609 fabulis.
2774 5545 2831 5599 ld
2879 5552 2982 5609 est,
3037 5545 3311 5600 consuetis
3359 5559 3570 5599 sermo-

1984 5618 2164 5686 nibus,
2214 5620 2280 5675 dc
2317 5633 2471 5673 sacra
2501 5614 2782 5686 Scriptura
2825 5622 2881 5669 et
2920 5615 3096 5677 rebus
3132 5615 3239 5685 piis
3287 5614 3568 5686 videlicet.

1984 5688 2120 5745 Nam
2142 5705 2264 5758 cap.
2302 5688 2335 5743 5
2365 5686 2580 5758 Regulae
2617 5685 2870 5758 Magister
2904 5691 3113 5758 tantum
3151 5689 3217 5743 de.
3247 5685 3408 5742 rebus
3440 5700 3584 5740 san»-

1987 5759 2089 5816 ctis
2135 5753 2365 5830 colloqui
2394 5753 2652 5815 fratribus
2674 5753 2968 5827 permittit.
