3948 6182
546 244 678 301 1211

734 358 763 431 ς
802 357 864 412 ll.
888 387 960 397 —
981 356 1060 410 Ex
1096 355 1315 413 Renum
1353 353 1580 408 Parnm:
1624 354 1763 425 (cap.
1794 352 1829 409 9
1858 354 1931 423 ι).

617 453 677 509 Si
735 448 858 520 quis
904 464 1035 505 vero
1085 456 1241 501 extra
1295 446 1685 501 conscientiam
1741 444 1989 507 abbatis,
2042 441 2127 495 vel

546 541 828 612 Praepositi
871 538 1301 610 qualemcunque
1340 536 1515 594 locum
1564 550 1817 607 egressus
1854 536 2015 605 gulae,
2044 536 2127 589 vel

546 634 797 691 ebrietati
844 647 904 687 se
953 630 1276 694 sociaverit;
1326 636 1418 683 aut
1463 629 1507 683 si
1558 628 1612 682 in
1655 628 1903 698 proximo
1948 636 2129 681 trans-

550 726 745 781 missus
782 739 881 794 pro
923 738 1019 776 sua
1055 721 1274 776 levitate
1310 719 1394 773 vel
1423 718 1577 789 gulze,
1610 735 1716 773 non
1749 718 1930 773 statim
1972 732 2133 787 expe-

548 817 660 871 dita
708 815 1029 871 necessitate
1077 814 1142 867 ad
1190 812 1442 866 cellulam
1496 811 1737 876 redierit,
1787 819 1847 864 ut
1893 825 2130 865 canones

542 907 767 971 docent,
796 915 889 960 aut
910 904 1129 974 triginta
1153 903 1343 957 diebus
1369 916 1400 955 a
1420 901 1797 955 communione
1824 909 2126 971 separetur,

550 1009 647 1056 aut
674 1001 841 1070 virgis
869 1016 1039 1056 caesus
1076 998 1415 1053 emendetur.

721 1093 748 1165 ς
783 1093 868 1147 Ill.
893 1092 1063 1145 —Ex
1106 1091 1323 1145 Renum
1363 1088 1627 1144 MAGISTRI
1669 1086 1808 1159 (cap.
1841 1083 1951 1157 61).

620 1185 648 1224 b
675 1183 874 1237 Exiens
918 1183 1086 1235 frater
1125 1180 1193 1235 de
1230 1178 1560 1233 monasterio
1600 1177 1900 1246 interroget
1932 1193 1945 1229 :
1985 1172 2128 1240 Quid

553 1282 610 1327 tu
647 1272 827 1343 jubes,
866 1270 1081 1325 domine
1106 1269 1299 1331 Pater;
1340 1267 1387 1322 si
1424 1281 1524 1335 pro
1551 1266 1819 1320 cbaritate
1863 1265 1931 1318 ab
1967 1278 2033 1317 ω
2062 1262 2132 1317 ad

548 1375 710 1430 quem
758 1360 961 1422 mittor,
1006 1365 1099 1413 aut
1139 1358 1206 1411 ab
1243 1357 1350 1411 alio
1383 1356 1563 1425 aliquo
1601 1363 1842 1409 retentus
1877 1353 2032 1409 fuero
2063 1352 2130 1408 ad

549 1466 792 1505 mensam
833 1448 890 1504 et
924 1464 1045 1503 cum
1078 1444 1390 1515 juramento
1429 1460 1647 1499 suasum
1685 1443 1818 1498 mihi
1860 1441 2025 1497 fuerit
2063 1440 2132 1494 ad

549 1540 1006 1603 manducandum,
1043 1549 1065 1578 ο
1103 1538 1231 1607 quid
1280 1535 1631 1605 frangendum
1685 1533 1810 1598 erit,
1861 1541 1955 1587 aut
2000 1547 2130 1597 non,

1537 238 1597 293 S.
1637 234 2000 292 BENEDICTI
2036 233 2328 291 ABBATIS
2365 230 2776 288 ANIANENSIS

2150 352 2197 411 A
2228 348 2479 411 nolendo,
2505 345 2802 403 consentis.
2842 342 2901 399 Si
2933 359 3059 399 vero
3102 344 3161 399 in
3190 344 3279 400 his
3320 345 3483 401 tribus
3508 346 3630 404 feriis
3652 356 3736 409 sine

3636 236 3735 294 liii

2229 437 2602 506 adjuramento
2629 434 2796 490 divini
2828 433 3061 489 nominis
3089 433 3118 473 ά
3151 433 3300 504 apud
3328 444 3383 490 te
3410 436 3507 490 erit
3528 445 3736 506 persuasio

2230 528 2510 597 frangendi
2544 526 2836 597 jejunium,
2880 537 2905 565 ε
2945 526 3426 582 excommunicare
3463 530 3585 598 apud
3615 531 3737 589 laico;

2228 633 2338 673 non
2367 619 2728 688 permittimus
2755 616 2987 682 fratres;
3017 616 3117 672 sed
3147 617 3219 672 ad
3247 633 3401 672 suam
3434 616 3453 656 ί
3493 635 3737 677 excommu-

2227 709 2557 764 uicationem
2584 710 2611 748 ε
2631 715 2911 778 exspectet
2955 708 3263 762 oratorium
3312 719 3629 768 revertentes.
3654 716 3675 755 δ
3696 716 3734 771 Si

2228 816 2359 854 vero
2396 799 2706 870 prolixitate
2739 798 2952 854 itineris
2986 813 3112 854 sero
3145 799 3254 854 erit
3283 799 3448 855 frater
3474 817 3735 870 reversurus,

2229 891 2274 945 si
2312 898 2493 945 tamen
2530 890 2597 944 ab
2629 888 2832 959 aliquo,
2867 898 2930 943 ut
2957 889 3224 955 diximus,
3271 889 3405 946 laico
3438 892 3488 947 in
3519 894 3589 949 his
3612 898 3736 955 tribus

2229 983 2382 1038 feriis
2428 982 2548 1037 sine
2577 982 2888 1054 juramento
2930 982 3235 1036 suadcatur
3256 981 3509 1052 jejunium
3534 984 3734 1058 frangere,

2231 1090 2341 1131 non
2392 1082 2575 1132 tamen
2628 1075 2677 1131 ei
2721 1090 2782 1130 se
2837 1075 3126 1145 promittat
3166 1076 3410 1133 reficere.
3468 1078 3522 1136 Si
3562 1096 3664 1138 vero
3690 1086 3733 1140 ad

2230 1167 2377 1223 hunc
2424 1166 2740 1223 saecularem
2785 1166 2955 1223 frater
2999 1170 3268 1235 mittitur,
3297 1172 3315 1211 ἱ
3344 1171 3435 1241 qui
3475 1172 3523 1226 in
3553 1177 3736 1231 omnibus

2228 1257 2341 1327 jam
2389 1274 2710 1314 conversum
2756 1259 3088 1314 similantem
3141 1261 3408 1333 religiosis
3449 1262 3628 1320 actibus
3660 1267 3732 1321 sub

2233 1349 2410 1403 adhuc
2436 1348 2688 1404 videatur
2715 1356 2937 1404 tonsura
2968 1349 3277 1417 dissimilis,
3305 1350 3457 1420 hujus
3488 1355 3679 1409 suasioni
3701 1355 3734 1409 in

2233 1440 2411 1494 tribus
2445 1438 2596 1493 feriis
2631 1454 2730 1509 pro
2761 1439 2876 1509 jam
2922 1440 3181 1495 conversi
3217 1439 3387 1497 forma
3421 1441 3501 1496 vel
3542 1443 3735 1498 charitate

2232 1537 2357 1598 post
2398 1529 2652 1600 primam,
2701 1538 2762 1583 ut
2811 1529 3081 1595 diximus,
3141 1530 3455 1600 petitionem
3500 1531 3736 1586 refectionis

544 1628 855 1700 jejunium?
898 1627 1238 1696 Respondeat
1283 1625 1451 1681 abbas
1495 1626 1681 1680 dicens
1719 1643 1731 1678 :
1771 1624 1828 1679 Si
1874 1622 2133 1693 spiritalis
2164 1697 2199 1700 _
2233 1618 2562 1674 concedatur
2607 1618 2852 1675 effectus.
3072 1634 3208 1677 vero
3236 1619 3383 1697 feriis
3422 1619 3465 1674 si
3507 1618 3624 1691 apud
3655 1635 3736 1675 sua-

550 1697 722 1775 frater
770 1735 870 1789 pro
921 1719 1182 1774 adventus
1232 1718 1305 1772 tui
1363 1717 1551 1771 laetitia
1607 1731 1791 1772 secum
1835 1723 2015 1770 tamen
2068 1716 2137 1771 ad
2163 1697 2210 1756 Β
2238 1712 2454 1767 dentem
2475 1711 2541 1766 de
2564 1710 3249 1768 refectioneatransmisso
3270 1711 3735 1766 fratreiadhuctarda

550 1796 986 1862 manducandum
1049 1813 1101 1861 te
1152 1821 1251 1875 per
1307 1805 1631 1860 cbaritatem
1680 1813 1850 1874 petat,
1906 1805 2137 1875 primam

548 1899 769 1968 quidem
799 1896 915 1966 ejus
945 1898 1282 1966 petitionem,
1320 1898 1366 1951 si
1416 1907 1633 1967 quarta,
1675 1904 1768 1950 aut
1793 1905 1949 1952 sexta
1975 1895 2135 1961 feria,

554 1997 650 2041 aut
699 1988 983 2042 sabbatum
1028 1986 1210 2051 fuerit,
1246 2001 1416 2057 nega;
1464 1987 1715 2042 secundm
1757 2002 1888 2042 vero
1928 1986 2137 2042 iteratae

553 2074 671 2143 ejus
727 2075 970 2146 petitioni
1027 2091 1125 2145 pro
1177 2076 1444 2131 charitate
1487 2075 1600 2145 jam
1658 2077 1903 2132 consenti
1952 2095 1967 2132 :
2015 2077 2137 2132 aliis

552 2181 685 2221 vero
718 2166 913 2221 diebus
928 2174 1102 2220 aextra
1139 2166 1273 2221 istas
1305 2165 1470 2221 ferias
1495 2167 1684 2236 primae
1731 2167 1978 2237 petitioni
2022 2167 2137 2235 spi-

555 2253 733 2309 ritalis
762 2254 828 2308 ad
857 2254 1291 2309 manducandum
1331 2252 1578 2308 effectum
1615 2255 1871 2308 concede.
1914 2253 1969 2309 Si
2007 2269 2137 2309 vero

553 2344 832 2400 szecularis
873 2344 979 2399 erit
1026 2345 1167 2415 apud
1207 2359 1266 2401 se
1313 2343 1587 2400 reficiendi
1632 2344 1858 2415 petitio,
1921 2354 2134 2415 quarta,

554 2444 709 2492 sexta
739 2435 876 2492 feria
915 2445 970 2491 et
997 2437 1223 2492 sabbato
1251 2451 1358 2491 non
1391 2436 1758 2506 permittimus
1798 2446 1852 2491 te
1872 2435 2137 2506 jejunium

552 2524 836 2597 frangere;
877 2527 1178 2597 quantisvis
1205 2528 1560 2597 petitionibus
1591 2543 1725 2597 nega
1755 2543 1926 2598 usque
1957 2536 2138 2582 tamen

555 2619 626 2674 ad
664 2618 1056 2688 juramentum.
1099 2618 1236 2675 Nam
1280 2620 1421 2676 forte
1458 2637 1580 2676 cum
1613 2638 1712 2692 per
1741 2621 1921 2691 aliqua
1958 2620 2140 2675 divina

554 2717 612 2762 et
638 2719 824 2764 sancta
865 2708 1035 2764 fueris
1071 2709 1371 2777 adiuratus,
1401 2710 1515 2780 jam
1550 2710 1793 2765 consenti
1834 2711 1889 2764 in
1925 2710 2011 2765 his
2048 2709 2140 2764 tri-

557 2795 661 2851 bus
702 2794 855 2851 feriis
894 2810 911 2850 :
950 2805 1013 2851 ut
1060 2797 1374 2867 agnoscatis
1420 2797 1707 2851 Dominum
1756 2811 1959 2862 amare,
2013 2811 2140 2852 cum

557 2901 660 2957 per
706 2902 831 2941 eum
879 2888 1193 2957 conjuratus
1240 2886 1534 2942 consentis.
1587 2885 1655 2939 Et
1700 2886 1843 2955 quod
1890 2886 2140 2941 secundae

556 2976 804 3046 petitioni
845 2976 1074 3047 spiritali
1115 2975 1275 3031 fratri
1312 2992 1411 3047 pro
1445 2976 1711 3031 charitate
1741 2976 1972 3031 volendo
2010 2991 2138 3031 con-

556 3042 730 3133 cedis,
758 3042 907 3135 juste
936 3066 1072 3121 laico
1098 3066 1282 3121 divino
1312 3042 1372 3122 te
1407 3065 1625 3120 nomine
1654 3064 1981 3136 conjuranti,
2012 3064 2142 3120 licet
2167 3042 2213 3104 (ἶ

643 3216 669 3284 ξι
701 3203 962 3284 Begula§
992 3220 1095 3260 ms.
1134 3204 1427 3284 cod.__Flor.

636 3271 664 3312 ιι
692 3271 1097 3397 Exienerater,
1123 3283 1228 3330 etc.
1253 3274 1379 3330 Haec
1402 3274 1640 3344 reperire
1663 3283 1747 3331 est
1772 3274 1828 3330 in
1863 3274 2000 3348 Reg.
2031 3291 2136 3332 ms.

636 3342 803 3397 inistri
827 3359 892 3397 co
934 3384 947 3396 .
971 3342 1159 3397 Corb..
1185 3346 1376 3397 eodem
1400 3361 1523 3397 can.
1548 3344 1636 3397 61.

560 3341 803 3415 Magistri
820 3341 947 3415 cod.
971 3342 1159 3410 Corb.,
1185 3346 1376 3401 eodem
1400 3341 1523 3415 cap.
1548 3344 1636 3399 61.

635 3423 657 3449 ο
689 3412 829 3487 Quid
855 3413 1203 3487 frangendum
1247 3415 1366 3487 erit,
1415 3412 1533 3487 aat‘
1549 3432 1675 3483 non,
1714 3415 2027 3487 jejunium?
2060 3416 2142 3474 Ita

559 3474 774 3555 reposui
802 3474 867 3555 ei
893 3474 1023 3555 Reg.
1054 3500 1157 3539 ms.
1183 3486 1303 3540 cod.
1329 3474 1533 3540 Corb.~

633 3552 847 3626 d_Apud_
871 3563 920 3626 te
943 3552 1043 3626 erit
1075 3556 1351 3626 persuasio
1390 3555 1672 3626 frangendi
1691 3556 1908 3624 jeiunii.
1939 3555 1999 3612 Id
2024 3565 2138 3625 est,

556 3623 785 3696 suadeat
814 3624 931 3688 tibi,
956 3624 1041 3696 vel
1066 3632 1224 3696 roget
1248 3632 1301 3679 te
1329 3623 1582 3696 frangere
1604 3623 1893 3694 jejunium.

635 3705 661 3733 ο
688 3691 1179 3770 ῌςεεοιηηιιιηίοανὲ.
1205 3694 1365 3770 Lege,
1390 3691 1805 3770 communicare,
1829 3698 1972 3770 ut‘in
2004 3698 2136 3770 Reg.

556 3779 661 3818 ms.
688 3762 752 3836 Aid
786 3770 890 3828 est,
917 3778 1021 3817 non
1051 3762 1416 3836 permittimus
1447 3767 1872 3836 communicare,
1900 3767 2004 3824 hoc
2028 3762 2139 3836 es't,

556 3833 851 3903 participes
885 3848 1004 3888 esse
1034 3850 1236 3890 mensae
1265 3834 1523 3891 laicorum
1566 3834 1783 3892 fratres.
1808 3837 1944 3892 Nam
1984 3833 2139 3894 com;

560 3903 844 3958 municare
880 3904 1034 3977 juxta
1078 3905 1223 3977 hunc
1264 3904 1578 3977 Magistrum
1616 3914 1734 3977 est_
1759 3908 1815 3962 in
1860 3910 2136 3964 communi

559 3987 747 4027 mensa
762 3988 905 4059 tcum
934 3974 1055 4029 aliis
1071 3974 1317 4059 reficere,
1340 3974 1400 4031 ut
1420 3991 1541 4059 cap.
1572 3976 1641 4059 7?
1665 3993 1697 4059 ξ’
1708 3975 1745 4028 1'
1760 3987 1907 4031 racto
1926 3979 2138 4048 jejunio

557 4056 732 4163 οηυέεῶ
756 4044 948 4111 fratres
978 4044 1284 4098 monasterii
1308 4062 1425 4101 cum
1453 4044 1528 4101 eis
1556 4046 1625 4099 ad
1658 4045 1871 4101 Sextum
1906 4044 2141 4102 commu-

560 4125 646 4163 mc
739 4150 754 4163 .

560 4125 754 4164 necent.

637 4178 660 4256 ξ
689 4180 1320 4256 Ιζφεοπιρηιιηὶραείοηεηι.
1356 4183 1534 4256 Lege,
1577 4184 2138 4254 communicationem,

555 4255 635 4373 pit)
648 4248 700 4302 in
726 4250 859 4321 Reg.
883 4266 1008 4316 ms.,
1036 4251 1139 4308 hoc
1157 4260 1261 4320 est,
1289 4248 1490 4309 mensa:
1510 4248 1813 4311 communis
1841 4248 2141 4329 participa-l

640 4334 781 4373 nem.

630 4389 659 4430 ⁵
689 4386 997 4448 Oratorinm
1015 4401 1271 4465 exspectet
1290 4394 1713 4451 revertentetha
1733 4396 1991 4467 loquitur,
2005 4398 2135 4469 quia
2164 4394 2215 4453 D

2237 1803 2401 1858 fuerit
2427 1802 2633 1873 agenda
2656 1818 2833 1869 mora,
2859 1813 2955 1858 aut
2984 1811 3167 1869 sexta,
3197 1811 3292 1858 aut
3318 1818 3451 1859 nona
3474 1810 3556 1857 aut
3578 1819 3736 1872 vespm

2238 1895 2396 1949 fratri
2422 1894 2755 1950 manducare
2797 1895 3157 1964 permittatur
3181 1914 3195 1949 :
3221 1911 3290 1951 ne
3316 1903 3460 1951 extra
3486 1897 3622 1950 horas
3644 1894 3737 1949 mle-

2238 1985 2479 2041 ctionum
2509 1985 2832 2039 constitutas
2861 1995 3162 2041 consuetus
3196 1985 3386 2040 modus
3424 1985 3575 2039 sancti
3594 1999 3735 2054 propo-

2237 2076 2329 2131 siti
2359 2076 2676 2132 excedatur.
2704 2073 2825 2130 Jam
2858 2076 2904 2132 si
2933 2076 3082 2130 nulla
3121 2083 3207 2131 est
3231 2090 3380 2131 mora
3402 2085 3453 2131 et
3474 2076 3549 2129 via
3574 2091 3599 2128 a
3618 2074 3733 2127 fratre

2239 2168 2487 2237 repedari
2514 2169 2614 2223 sub
2638 2168 2726 2223 die
2751 2182 2979 2223 necesse
3007 2175 3119 2232 est,
3150 2183 3362 2238 quaqua
3401 2167 3516 2221 hora
3540 2164 3733 2220 festinan-

2240 2260 2385 2314 tibus
2431 2258 2692 2314 fratribus
2740 2258 2904 2314 fuerit
2944 2273 3298 2329 persuasum,
3334 2274 3449 2313 mox
3474 2257 3731 2320 consentiat,

2241 2364 2310 2404 ne
2338 2364 2445 2405 non
2473 2359 2722 2419 sumptus
2752 2351 3074 2406 monasterii
3121 2351 3317 2405 habeat
3338 2344 3497 2405 frater
3521 2350 3546 2389 ι
3574 2357 3620 2404 et
3646 2364 3732 2403 oon-

2241 2451 2450 2517 suetam
2480 2440 2791 2498 refectionis
2813 2444 3001 2499 horam
3029 2442 3049 2482 1
3074 2443 3375 2513 longinquae
3386 2424 3727 2503 occurrerent.

2240 2540 2296 2587 et
2324 2532 2478 2588 tarde
2505 2531 2660 2588 fratri
2691 2548 2789 2603 per
2835 2532 3216 2589 lassitudinem
3266 2534 3534 2588 revertenti
3564 2533 3607 2585 in
3636 2545 3730 2600 pra-

2241 2634 2431 2697 parata
2463 2628 2800 2684 diversorum
2834 2627 3138 2683 refectione
3163 2642 3348 2683 mensa
3374 2623 3640 2680 monasterii
3657 2621 3728 2691 iam

2241 2719 2498 2789 explicita
2543 2720 2781 2785 levetur,
2808 2730 2848 2757 ω
2876 2726 2932 2773 et
2980 2728 3277 2789 utrumque
3318 2717 3586 2786 decipiatur
3622 2714 3730 2768 adve-

2242 2810 2419 2864 niens.
2453 2811 2518 2865 Et
2552 2810 2684 2865 item
2719 2811 2841 2865 ideo
2877 2826 2909 2865 a
2937 2810 3238 2867 festinante
3261 2811 3421 2866 fratre
3446 2818 3576 2865 extra
3597 2808 3728 2863 horam

2243 2911 2558 2956 consuetam
2602 2901 2886 2957 refectioni
2931 2917 3238 2958 consensus
3265 2901 3569 2964 conceditur,
3593 2906 3729 2952 utnon

2242 2993 2478 3064 petentis
2499 3007 2600 3063 pro
2623 2992 2893 3048 charitate
2921 2995 3161 3065 bOSpitis
3183 2995 3386 3049 animus
3409 2991 3702 3048 contristetur.

2242 3212 2490 3268 monachi
2520 3210 2724 3267 reversi
2754 3224 2822 3266 ex
2849 3211 3053 3268 itinere
3090 3211 3285 3268 debent
3319 3207 3541 3276 accipere
3562 3200 3728 3259 benedi—

2241 3284 2476 3337 ctionem
2508 3283 2562 3336 in
2590 3282 2845 3338 ecclesia.

2311 3353 2341 3425 1f
2374 3352 2432 3406 Si
2461 3368 2583 3407 vero
2608 3352 2910 3425 prolixitate
2937 3352 3168 3425 itineris.
3194 3351 3376 3425 Lege:
3403 3346 3457 3401 Si
3481 3360 3579 3425 vero
3598 3358 3624 3395 α
3640 3352 3726 3425 ρίςι

2243 3422 2480 3504 lin-fa":
2522 3415 2656 3490 εἷθ’-ἱ
2685 3424 2741 3478 id
2773 3430 2857 3478 est
2877 3463 2892 3487 ,
2918 3423 2964 3478 si
2997 3423 3237 3478 emensis
3274 3420 3457 3489 aliquot
3486 3415 3637 3471 diebus
3664 3415 3725 3461 itt-

2244 3507 2409 3547 neris.

2319 3563 2337 3601 ί
2372 3561 2475 3627 Qui
2498 3561 2553 3615 in
2579 3562 2820 3618 omnibus
2850 3562 2968 3632 jam
2998 3555 3627 3632 conversumsimilqnlm.
3648 3556 3718 3602 ειε-

2243 3630 2373 3706 ῌωρ
2395 3625 2532 3706 sunt
2566 3625 2918 3706 transposita.
2946 3632 3095 3706 Lege
3119 3650 3133 3686 :
3162 3631 3220 3686 Si
3244 3645 3353 3684 vero
3379 3627 3441 3679 ad
3464 3625 3579 3706 Itnnc
3606 3632 3720 3706 stag:

2241 3685 2423 3755 iorem,
2453 3685 2622 3771 frater
2646 3685 2905 3755 mittatur
2946 3685 3088 3771 jam:
3115 3685 3518 3771 conversum,__in
3549 3685 3719 3771 omniin

2241 3759 2796 3843 actibus'similantem
2827 3759 3112 3843 religiosis,
3135 3773 3224 3843 qui
3246 3769 3353 3824 sola
3380 3759 3528 3820 adhuc
3548 3759 3717 3815 rideatur

2244 3852 2466 3897 tonsura
2491 3842 2786 3896 dissimilis.
2932 3842 2935 3843 ⁷
3150 3842 3154 3843 ί
3415 3905 3464 3909 __
3544 3908 3548 3909 ,
3616 3897 3627 3909 .

2316 3910 2330 3962 ἱ
2370 3911 2430 3967 Si
2454 3913 2627 3965 adhuc
2658 3911 2812 3966 tarda
2841 3910 3001 3980 fuerit
3028 3910 3221 3982 agendi
3243 3923 3398 3961 mora.
3415 3905 3465 3959 id
3485 3905 3715 3964 est,sinon

2240 3989 2327 4037 est
2349 3983 2539 4038 eodem
2568 3982 2655 4036 die
2686 3982 2740 4036 in
2765 3983 3159 4036 monasterium
3187 3990 3497 4034 reversurus.

2315 4053 2342 4092 Ιί
2358 4035 2443 4106 *Εἰ
2464 4035 2763 4106 consuetam
2790 4035 3089 4121 refectionis
3114 4052 3309 4105 horam.
3333 4046 3485 4116 Lege:
3508 4048 3549 4095 et
3567 4035 3621 4091 ad
3635 4046 3717 4086 tor

2240 4133 2445 4196 suetam
2469 4122 2762 4196 refectionis
2790 4122 2994 4174 horam.
3034 4191 3047 4196 _
3132 4190 3155 4196 _
3328 4186 3340 4196 ι
3438 4184 3450 4196 .

2317 4191 2336 4230 1
2353 4180 2677 4263 Ῑιοηςίῑιτμιιε
2700 4206 2973 4263 occurrere
2994 4191 3116 4246 vice.
3132 4190 3269 4262 Lege
3288 4208 3300 4242 :
3322 4180 3638 4255 longinquitate
3649 4180 3713 4224 ne

2242 4261 2519 4318 occurrere
2545 4261 2649 4316 non
2677 4261 2859 4332 possit.

2313 4311 2869 4403 imitemini};
2921 4341 3200 4403 utrumque
3242 4326 3438 4383 videtur
3470 4311 3709 4376 τεάυυάικ·
