3948 6182
122 298 258 352 1221

1077 293 1466 352 CONCORDIA
1506 294 1968 353 REGULARUM.
2008 326 2081 338 —
2107 295 2260 352 CAP.
2304 297 2416 375 ιδ.

3243 307 3387 364 1222

112 414 269 467 tatis.
314 409 670 465 Pnebeantur
707 404 789 460 eis
827 403 1135 460 habitacula
1158 446 1175 472 ,
1217 405 1466 461 laventur
1505 421 1695 462 eorum
1725 407 1767 465 Α
1799 406 2105 476 praepositis
2155 405 2353 461 fratres
2399 407 2714 478 peregrinos
2750 424 2817 465 ex
2860 409 3156 481 improviso
3197 424 3383 471 custo-

113 503 323 574 pedes,
355 510 414 554 ut
449 506 778 570 praeceptum
824 495 1166 554 Dominicum
1209 495 1519 566 impleatur.
1563 496 1705 550 Con-

111 592 273 662 gruis
319 589 487 644 etiam
531 586 836 658 sumptibus
876 586 1082 642 eisdem
1124 587 1481 642 humanitatis
1528 586 1705 654 gratia

114 683 451 753 praebeatur.
728 732 739 740 ,

408 770 437 843 §
467 770 597 825 VIII.
617 800 689 811 —
709 769 846 825 Item
872 769 1108 840 ejusdem
1134 767 1273 840 (cap.
1303 766 1417 838 24).

192 861 386 918 Nullus
422 861 785 932 propinquum
826 859 912 916 vel
950 868 1271 916 extraneum
1307 856 1575 927 hospitem
1619 855 1706 910 vel

116 954 450 1010 monachum
477 951 818 1016 familiarem,
836 963 932 1006 seu
957 956 1265 1020 parentem,
1288 947 1474 1003 videre
1499 946 1704 1016 absque

119 1045 359 1115 imperio
382 1043 583 1119 audeat
610 1041 872 1101 senioris.

290 1135 438 1211 51X.
458 1166 531 1177 —
549 1136 628 1190 Ex
654 1134 875 1190 REGULA
904 1124 1249 1188 Tumultus:
1284 1128 1422 1201 (cap.
1454 1126 1536 1197 7).

197 1226 621 1284 Advenientibus
676 1235 891 1294 quoque
942 1221 1079 1277 nihil
1127 1227 1327 1292 praeter
1376 1215 1701 1273 humilitatis

125 1321 385 1376 affectum
414 1328 472 1374 et
516 1316 758 1373 debitum
801 1314 1119 1371 famulatum
1158 1311 1344 1381 junior
1388 1309 1700 1374 exhibebit;

124 1421 184 1465 et
211 1424 400 1465 curam
426 1407 628 1462 habere
658 1406 725 1461 de
752 1420 916 1460 causa
946 1418 1053 1474 qua
1091 1401 1335 1467 venerit,
1379 1401 1707 1472 quandoque

126 1512 451 1554 reversurus
499 1495 601 1560 sit,
634 1509 741 1550 non
773 1502 1100 1566 praesumat:
1134 1492 1264 1563 quia
1293 1492 1398 1547 hoc
1431 1491 1708 1546 seniorum

126 1593 464 1656 sollicitudo,
516 1605 624 1646 non
667 1589 943 1661 juniorum
998 1585 1370 1659 pnesumptio,
1400 1584 1562 1641 debet
1617 1597 1706 1639 re-

127 1684 368 1754 quirere.
939 1739 953 1751 O

326 1772 353 1844 §
378 1770 447 1826 Χ.
474 1801 547 1811 -
568 1769 648 1824 Ex
670 1769 890 1824 Rasum
917 1768 1181 1824 MAGISTM
1213 1766 1352 1839 (cap.
1390 1765 1501 1838 72).

204 1875 234 1904 ι
256 1860 386 1918 Cum
415 1859 614 1916 fratres
638 1858 969 1914 monasterio
1003 1858 1249 1913 extranei
1275 1855 1705 1928 supervenerint,

128 1953 179 2009 si
211 1961 427 2022 quarta,
463 1958 611 2006 sexta
634 1948 791 2016 feria,
818 1961 875 2005 et
892 1949 1175 2004 sabbatum
1200 1947 1384 2013 fuerit,
1410 1961 1546 2002 voce
1571 1961 1709 2016 prae-

127 2045 305 2101 sentis
340 2043 551 2099 abbatis
576 2048 670 2097 aut
698 2039 965 2097 cellararii
985 2080 1001 2105 ,
1032 2040 1078 2095 si
1104 2040 1300 2094 absens
1324 2036 1491 2092 fuerit
1518 2037 1704 2103 abbas,

129 2142 393 2206 rogentur
427 2133 496 2188 ad
537 2130 890 2187 refectionem
929 2128 1193 2185 remorari
1252 2128 1322 2184 ad
1368 2142 1590 2182 nonam.
1647 2125 1706 2179 Si

129 2237 315 2282 autem
359 2238 528 2294 usque
572 2223 640 2277 ad
668 2223 886 2277 tertiam
932 2219 1356 2276 admonitionem
1398 2233 1504 2273 non
1536 2230 1707 2285 usque

128 2318 200 2371 ad
247 2329 438 2369 nonam
476 2311 849 2368 consenserint
887 2309 1173 2375 remorari,
1216 2308 1311 2364 sed
1337 2322 1435 2376 pro
1466 2313 1615 2361 certo
1651 2320 1709 2360 se

140 2406 382 2461 urserint
404 2402 702 2468 ambulare,
723 2410 945 2473 propter
974 2401 1298 2457 charitatem
1322 2399 1587 2454 adventus
1618 2413 1710 2453 eo-

128 2511 278 2559 rum,
328 2493 499 2549 fracto
517 2490 747 2564 jejunio,
795 2505 985 2548 omnes
1016 2489 1214 2545 fratres
1240 2487 1558 2543 monasterii
1582 2502 1706 2542 cum

127 2587 213 2640 cis
245 2585 310 2640 ad
331 2594 537 2639 sextam
560 2582 1021 2639 bcommunicent.
1049 2579 1105 2634 Si
1128 2587 1309 2633 autem
1342 2586 1469 2633 ante
1497 2585 1707 2632 sextam

130 2694 193 2734 se
218 2678 455 2734 urserint
481 2676 787 2739 ambulare,
826 2672 1031 2743 quaevis
1058 2673 1190 2727 hora
1213 2669 1377 2724 fuerit
1401 2668 1711 2723 festinatio-

132 2769 223 2824 nis
249 2769 483 2834 inventa,
521 2766 635 2837 jam
664 2766 783 2821 sine
809 2762 1122 2820 domesticis
1149 2760 1409 2816 fratribus
1454 2760 1556 2830 ipsi
1606 2759 1708 2814 soli

130 2862 400 2926 reﬁciant,
446 2868 501 2915 et
522 2858 691 2928 jejuni
723 2856 791 2912 de
831 2853 1164 2911 monasterio
1191 2868 1297 2907 non
1326 2852 1709 2922 permittantur

133 2952 427 3008 abscedere
466 2959 688 3021 propter
737 2947 907 3012 viam,
934 2945 1061 3016 quia
1088 2954 1111 2982 ο
1156 2943 1211 2997 in
1241 2942 1398 3013 panis
1442 2940 1708 2996 fractione

132 3044 350 3116 cognita
397 3050 485 3099 est
533 3041 772 3097 charitas
817 3037 1019 3093 Christi
1062 3036 1254 3092 :sicut
1306 3034 1333 3074 ά
1387 3034 1442 3088 in
1485 3032 1708 3087 Actibus

134 3135 502 3208 apostolorum
538 3133 736 3203 legitur
754 3130 926 3186 fracta
956 3126 1300 3183 Eucharistia
1323 3134 1379 3179 et
1408 3131 1644 3192 sumpta,
1676 3137 1707 3176 a

132 3243 193 3283 se
222 3225 490 3297 apostolos
509 3222 824 3279 discessisse
850 3218 1119 3275 Andream
1149 3225 1203 3273 et
1225 3215 1508 3272 Joannem.

465 3314 558 3370 XI.
579 3313 803 3368 -Item
828 3328 892 3367 ea:
923 3310 1106 3366 eadem
1133 3308 1269 3383 (cap.
1299 3306 1410 3380 79).

209 3407 401 3463 eCeIla
454 3415 635 3461 autem
669 3403 1076 3475 peregrinorum
1114 3407 1318 3457 semote
1351 3399 1407 3454 in
1442 3404 1712 3451 monaste-

134 3500 217 3555 rio
243 3498 603 3555 constituatur
623 3537 638 3562 ,
664 3510 785 3551 cum
819 3493 972 3550 lectis
995 3491 1179 3548 stratis
1209 3490 1299 3545 ubi
1327 3486 1712 3559 supervenien-

131 3600 217 3646 tes
254 3589 449 3644 fratres
485 3586 720 3642 maxime
758 3585 924 3656 ignoti
970 3582 1258 3646 dormiant,
1314 3579 1334 3618 τ
1378 3587 1434 3633 et
1479 3576 1711 3633 bisacias

130 3698 259 3737 suas
284 3688 485 3751 ponant
517 3698 529 3733 :
560 3680 744 3748 inqua
767 3693 854 3732 res
880 3674 1216 3739 monasterii,
1238 3679 1333 3727 aut
1354 3670 1706 3734 ferramenta,

130 3783 228 3829 aut
255 3771 505 3826 utensilia
552 3786 659 3825 non
687 3770 799 3824 sint
835 3768 1012 3838 posita
1040 3785 1051 3819 :
1085 3778 1153 3819 ne
1187 3764 1326 3818 forte
1361 3777 1484 3817 cum
1514 3768 1711 3831 putan-

128 3876 222 3921 tur
251 3864 493 3934 hospites
530 3862 823 3932 spiritales,
855 3859 1035 3914 subito
1064 3856 1118 3911 in
1152 3856 1348 3911 damno
1381 3851 1527 3907 fures
1558 3852 1710 3906 inve-

128 3957 371 4010 niantur.
397 3954 529 4008 Nam
566 3960 624 4006 et
662 3958 884 4021 prepter
913 3947 1179 4003 cautelam
1208 3942 1565 4006 custodiendi,
1602 3941 1709 3995 duo

127 4047 328 4100 fratres
376 4044 444 4099 de
483 4057 712 4113 quorum
755 4039 959 4096 decada
997 4046 1053 4091 et
1093 4036 1186 4090 alii
1229 4034 1514 4102 coquinum
1550 4045 1709 4085 exer-

125 4144 273 4201 cent,
320 4134 506 4190 tandiu
531 4148 596 4188 ex
639 4133 753 4202 ipsa
789 4129 989 4186 decada
1017 4125 1255 4197 deputati
1295 4124 1503 4179 vicibus
1536 4137 1567 4176 a
1595 4121 1708 4176 suis

126 4304 248 4383 cap.
282 4311 347 4383 77
376 4309 594 4383 [tegulae
622 4326 635 4363 :
668 4327 687 4359 ι
712 4306 1039 4383 _Sacerdotes
1064 4319 1195 4383 vero
1222 4316 1346 4358 cum
1376 4298 1708 4383 monasterio

126 4372 568 4437 ad‘refectioﬁem
595 4379 727 4434 tenti
756 4377 989 4441 fuerint,
1015 4376 1116 4445 ipsi
1137 4387 1326 4429 omnes
1345 4372 1497 4425 cibos
1520 4378 1576 4424 et
1600 4384 1698 4438 po-

124 4453 249 4509 cula
275 4452 433 4506 mista
467 4450 711 4518 signent,
741 4447 823 4501 vel
848 4446 1050 4518 primos
1079 4447 1133 4518 in
1159 4456 1343 4497 mensa
1367 4457 1465 4494 sua
1494 4455 1695 4503 meros,

124 4531 181 4578 et
208 4515 640 4577 benedictionem
680 4515 990 4588 petentibus
1029 4515 1131 4588 ipsi
1171 4528 1270 4568 suo
1300 4526 1559 4588 responso
1588 4519 1698 4562 tra-

124 4595 273 4647 dant.
308 4612 327 4644 ›
359 4591 423 4645 Et
464 4590 624 4660 paulo
654 4585 787 4660 post
814 4606 826 4640 :
858 4604 876 4637 ι
904 4585 1106 4660 Clerici
1146 4598 1276 4660 vero
1296 4616 1303 4623 ι
1325 4586 1376 4660 si
1416 4594 1696 4635 servorum

121 4663 218 4715 Dei
256 4650 873 4720 mensis‘interfnerint,
916 4665 970 4711 et
1008 4655 1140 4724 ipsis
1170 4654 1329 4707 detur
1362 4650 1512 4724 locus
1550 4664 1698 4702 com—

122 4733 325 4802 plendi.
365 4751 383 4782 ι
420 4732 585 4802 Recte
619 4744 633 4783 :
666 4745 791 4782 nam
827 4719 1145 4781 benedicere
1182 4729 1239 4777 et
1276 4719 1548 4788 complere
1576 4734 1700 4773 ora-

122 4800 326 4857 tionem
357 4800 712 4857 honorificum
738 4807 842 4853 est.

194 4885 221 4913 ι
247 4872 384 4927 Cum
411 4872 624 4941 fratres,
655 4882 759 4926 etc.
801 4868 927 4923 Haec
966 4866 1235 4941 habentur
1271 4860 1326 4914 in
1366 4859 1567 4930 Regula
1594 4875 1696 4914 ms.

119 4943 369 5013 Magistri
393 4935 515 4997 eod.
547 4935 737 5004 C0rb.,
760 4941 948 4994 eodem
970 4950 1089 5004 cap.
1106 4935 1196 4986 72.

192 5002 238 5053 by
255 5014 669 5068 Cammunicent.
709 5002 767 5065 ld
807 5019 909 5075 est,
943 5002 1215 5075 communi
1245 5002 1314 5075 _i_n
1355 5015 1698 5075 mensacum

118 5084 384 5139 fratribus
414 5083 678 5145 reficiant,
710 5090 767 5134 ut
796 5072 1034 5146 loquitur
1074 5074 1217 5128 idem
1243 5072 1385 5139 Mag.
1431 5088 1480 5127 e.
1509 5072 1594 5136 Ἡ,
1643 5079 1702 5123 ut

117 5170 287 5223 supra
313 5169 362 5208 c.
386 5154 456 5207 58
489 5154 833 5207 observatum
858 5156 959 5202 est.

593 5222 820 5275 ractione
859 5216 1066 5275 coqnita
1108 5223 1183 5267 est
1212 5213 1442 5267 charitas
1483 5208 1697 5263 Christi.

194 5236 217 5263 ο
269 5224 331 5263 In
370 5224 495 5263 nan;

194 5236 217 5263 ο
262 5224 332 5277 In
370 5224 521 5295 panis
566 5223 820 5292 {motione
859 5223 1066 5340 cognita
1108 5223 1183 5267 est
1212 5223 1442 5267 charitas
1483 5223 1697 5263 bhrtsn.

117 5296 258 5350 Cum
289 5295 439 5353 pavit
464 5291 876 5353 multitudinem,
948 5301 1071 5340 oan.
1101 5300 1154 5337 v1
1190 5293 1246 5338 et
1271 5283 1435 5336 Marc.
1463 5297 1562 5343 vu,
1606 5296 1700 5334 no-

117 5367 238 5420 lens
262 5354 538 5419 dimittere
551 5361 809 5431 jejunam,
834 5373 901 5412 ne
927 5354 1182 5431 deficeret
1209 5355 1261 5407 in
1288 5354 1393 5431 via.

189 5434 311 5488 dln
352 5421 571 5486 Actibus
592 5421 966 5500 apostolorum,
1007 5434 1112 5500 etc.
1145 5424 1276 5490 Quae
1318 5424 1406 5500 hic
1450 5421 1701 5475 dicuntur

118 5507 187 5561 de
219 5504 439 5559 Andrea
482 5512 538 5557 et
578 5493 783 5556 Joanne
810 5514 874 5553 ex
906 5497 1129 5550 Actibus
1160 5493 1558 5562 apostolorum,
1593 5504 1699 5562 non

120 5560 249 5631 sunt
278 5576 335 5628 in
372 5574 598 5627 Actibus
636 5569 1000 5639 apostolorum
1023 5581 1056 5639 a_
1082 5565 1141 5619 S.
1179 5560 1322 5639 hilca
1355 5560 1696 5639 conscriptis,

120 5648 218 5701 sed
264 5645 518 5699 videntur
564 5632 775 5710 sumpta
810 5654 875 5693 ex
903 5637 1152 5710 (quodam
1191 5634 1329 5687 libro
1372 5632 1699 5710 apocrypho,

122 5724 217 5773 aut
252 5732 322 5774 ex
350 5715 459 5769 illis
484 5702 706 5768 Actibus
736 5726 854 5780 quae
883 5702 1163 5765 duodecim
1200 5702 1566 5772 apostolorum
1598 5716 1700 5756 no—

1810 496 1978 563 diant,
2006 496 2243 566 quandiu
2275 513 2464 554 omnes
2492 500 2559 554 de
2581 499 2771 555 eadem
2801 502 2997 559 decada
3040 506 3151 561 suis
3178 506 3387 566 vicibus

1806 587 2076 657 explicent
2117 589 2478 658 septimanas;
2536 598 2593 645 et
2644 606 2766 645 cum
2814 591 2881 646 de
2917 593 3020 647 alia
3065 594 3266 650 decada
3308 597 3366 653 in

1805 679 2120 733 choaverint
2169 694 2405 749 coquere
2432 722 2447 746 ,
2509 690 2565 736 et
2606 682 2662 736 in
2708 683 2897 738 diebus
2955 686 3381 755 septimanarum

1802 783 2024 823 suarum
2051 769 2097 823 si
2127 771 2537 839 supervenerint
2560 774 2870 844 peregrini,
2911 777 3098 832 tandiu
3133 787 3188 834 et
3215 780 3281 834 de
3298 794 3391 836 ea-

1806 856 1929 911 dem
1954 857 2157 913 decada
2189 859 2429 927 deputati
2457 876 2489 914 a
2517 861 2630 916 suis
2656 865 2958 932 praepositis
3001 869 3389 935 supervenien-

1805 954 1894 1001 tes
1919 961 1989 1001 ex
2036 946 2329 1016 improviso
2367 950 2698 1015 custodiant,
2740 954 2976 1020 quandiu
3016 962 3071 1008 et
3114 956 3246 1026 ipsis
3280 958 3392 1015 alia

1806 1036 2008 1092 decada
2060 1037 2335 1093 succedat.
2393 1038 2535 1109 Ergo
2585 1039 2665 1094 sic
2709 1056 2897 1095 omnes
2944 1042 3161 1099 decada:
3218 1048 3365 1117 expli

1806 1127 1980 1183 cando
2001 1136 2058 1184 et
2073 1130 2098 1169 ε
2119 1129 2520 1198 recapitulando
2533 1145 2722 1186 omnes
2752 1134 3066 1203 peregrinos
3092 1136 3380 1192 advenien-

1808 1224 1890 1273 tes
1923 1233 2138 1289 semper
2179 1220 2504 1275 custodiant.
2533 1221 2674 1293 Ergo
2720 1224 2822 1294 ipsi
2860 1224 2967 1280 duo
3006 1224 3205 1282 fratres
3245 1244 3383 1299 quos

1807 1321 1929 1360 rum
1960 1308 2027 1362 ad
2057 1308 2356 1364 custodiam
2404 1307 2605 1365 fuerint
2631 1311 2801 1377 vices,
2830 1327 2952 1367 cum
2988 1317 3258 1386 peregrini
3283 1318 3384 1373 ad-

1806 1399 2075 1465 venerint,
2097 1400 2152 1453 in
2174 1400 2360 1455 eadem
2382 1400 2517 1456 cella
2545 1402 2704 1456 simul
2733 1404 2835 1458 sibi
2861 1403 3063 1460 faciant
3088 1407 3278 1474 lectos,
3302 1418 3393 1475 ut,

1808 1489 1856 1545 si
1884 1489 2024 1544 forte
2049 1504 2189 1544 unus
2211 1489 2276 1544 de
2319 1490 2618 1560 hospitibus
2657 1493 2723 1547 ad
2766 1495 3065 1549 oratorium
3102 1505 3261 1552 nocte
3291 1513 3385 1552 vo-

1808 1579 1971 1634 luerit
1998 1579 2101 1644 ire,
2132 1586 2189 1634 et
2218 1579 2357 1635 alius
2387 1580 2620 1635 noluerit
2649 1590 2872 1652 propter
2907 1584 3281 1641 lassitudinem
3328 1603 3390 1644 se

1807 1671 2008 1737 levare,
2039 1680 2136 1727 aut
2162 1671 2301 1728 forte
2329 1674 2597 1730 voluerint
2620 1674 2831 1732 vicibus
2864 1676 3008 1733 foras
3033 1680 3203 1745 exire,
3249 1682 3382 1736 utri-

1736 1748 1784 1809 B
1811 1777 1915 1834 que
1958 1764 2192 1819 habeant
2234 1763 2472 1832 singulos
2501 1777 2568 1818 ex
2598 1764 2892 1835 improviso
2916 1769 3168 1824 custodes
3198 1786 3215 1825 :
3244 1780 3307 1825 ut
3334 1780 3393 1826 et

1810 1855 1902 1911 ille
1924 1855 2015 1926 qui
2045 1864 2139 1911 aut
2159 1855 2228 1910 ad
2251 1856 2547 1911 oratorium
2575 1864 2669 1911 aut
2694 1859 2970 1929 egreditur
2998 1859 3144 1916 foras
3170 1876 3269 1930 per
3296 1863 3386 1917 in-

1808 1958 1986 2004 certos
2019 1949 2330 2004 monasterii
2359 1949 2536 2005 exitus
2562 1959 2738 2015 nocte,
2772 1959 2829 2005 et
2865 1951 3138 2021 ingressus
3159 1968 3260 2023 per
3286 1969 3385 2008 oc-

1808 2040 2082 2096 casionem
2114 2038 2416 2094 custoditus
2457 2053 2488 2092 a
2528 2039 2824 2094 domestico
2852 2038 3023 2095 fratre
3056 2042 3303 2107 ducatur,
3334 2050 3392 2098 et

1808 2150 1931 2192 cum
1964 2143 2277 2190 remanente
2309 2132 2448 2188 alter
2473 2143 2751 2188 remaneat
2784 2145 2972 2188 custos
3008 2152 3021 2187 :
3052 2144 3110 2187 ut
3132 2142 3186 2188 et
3213 2134 3395 2189 chari-

1811 2232 1976 2280 tatem
2009 2223 2187 2279 solatii
2217 2223 2499 2278 videantur
2534 2223 2834 2291 hospitibus
2875 2223 3189 2292 adimplere,
3217 2231 3274 2278 et
3301 2240 3392 2280 res

1809 2312 2123 2368 monasterii
2149 2312 2217 2367 ab
2245 2311 2467 2366 incertis
2495 2327 2559 2366 ex
2588 2312 2879 2381 improviso
2902 2313 3227 2367 custodiant.
3253 2312 3390 2368 Nam

1809 2410 1865 2457 et
1892 2403 1947 2457 in
1984 2403 2072 2458 die
2107 2402 2209 2471 ipsi
2256 2402 2360 2456 sibi
2401 2401 2818 2457 sollicitudinem
2869 2400 3072 2457 faciant
3105 2418 3200 2458 eos
3245 2404 3393 2458 intra

1810 2493 2199 2547 monasterium
2227 2493 2294 2547 de
2316 2494 2341 2532 ιλ
2363 2493 2497 2547 nihil
2532 2493 2676 2547 facto
2714 2493 2872 2549 oculo
2918 2494 3209 2549 custodire.
3250 2493 3391 2549 Nam

1809 2583 1929 2638 ideo
1956 2582 2164 2637 duobus
2201 2582 2318 2637 hage
2357 2597 2484 2636 cura
2527 2582 2902 2647 committitur,
2949 2590 3010 2636 ut
3044 2590 3098 2635 et
3125 2583 3180 2637 in
3228 2594 3393 2637 nocte

1808 2675 2013 2730 vicibus
2042 2674 2152 2729 sint
2177 2674 2323 2729 circa
2348 2675 2661 2744 peregrinos
2701 2673 2953 2739 solliciti,
3004 2682 3060 2729 et
3094 2675 3149 2729 iu
3180 2675 3291 2739 die,
3341 2676 3390 2730 si

1809 2764 1949 2819 forte
1976 2779 2044 2820 ex
2074 2764 2156 2820 eis
2192 2779 2332 2819 unus
2363 2762 2597 2819 defuerit
2636 2771 2951 2833 occupatus,
2987 2762 3124 2818 alter
3151 2763 3399 2834 peregri-

1807 2871 1938 2911 num
1963 2872 1993 2910 a
2023 2855 2181 2927 longe
2208 2854 2522 2910 custodiens
2554 2855 2829 2925 respiciat.
2867 2853 3013 2909 Cella
3056 2854 3169 2924 ipsa
3196 2854 3399 2908 habeat

1810 2943 2082 3000 clusuram
2115 2943 2279 2998 talem
2310 2943 2378 2998 ab
2414 2944 2581 3008 intus,
2624 2943 2839 3012 qualem
2865 2958 2895 2996 a
2930 2941 3062 2997 foris
3093 2960 3104 2996 :
3138 2950 3196 2996 ut
3234 2952 3392 2997 nocte

1811 3039 1880 3092 ab
1913 3036 2015 3100 eis,
2054 3035 2279 3090 inclusis
2322 3050 2507 3090 secum
2543 3034 2870 3105 hospitibus,
2910 3035 2979 3091 ab
3018 3035 3164 3091 intus
3213 3033 3399 3090 missis

1812 3124 2045 3180 ClllSlll'lS
2079 3123 2248 3178 clavis
2276 3122 2529 3177 tollatur:
2561 3138 2749 3193 quam,
2786 3124 2878 3178 ubi
2908 3131 3126 3187 norunt,
3167 3125 3402 3179 abscon-

1812 3215 1984 3271 dant:
2017 3224 2078 3268 ut
2128 3229 2252 3269 cum
2305 3212 2451 3267 foras
2505 3211 2648 3268 forte
2694 3212 2929 3268 voluerit
2972 3214 3171 3285 hospes
3212 3214 3393 3279 exire,

1810 3306 1924 3377 ipse
1945 3305 2048 3361 sibi
2068 3306 2319 3362 custodes
2347 3306 2566 3369 excitet,
2615 3320 2738 3359 cum
2765 3305 2971 3360 clavem
3004 3307 3251 3376 requirit,
3281 3322 3393 3376 quo

1809 3407 2076 3470 prasente
2119 3398 2344 3467 incipiat
2377 3397 2445 3451 ad
2499 3397 2740 3466 ignotum
2792 3398 2809 3437 ἱ
2857 3394 3201 3466 refrigerium
3246 3395 3401 3451 foras

1810 3494 1980 3549 exire.
2034 3493 2140 3563 Ipsi
2188 3490 2334 3546 enim
2374 3489 2568 3544 fratres
2611 3489 2847 3544 hisacias
2879 3503 3069 3542 eorum
3120 3495 3175 3540 et
3211 3488 3397 3559 virgas

1810 3582 2109 3652 suscipiant
2151 3581 2205 3634 in
2253 3578 2387 3634 cella
2414 3579 2603 3633 eadem
2641 3574 2954 3632 servaturii
2995 3576 3145 3629 clave
3190 3574 3396 3631 forensi

1810 3672 2043 3727 ﬁdeliter
2094 3668 2519 3725 eonservandas.
2563 3665 2683 3720 1am
2734 3665 2779 3721 si
2821 3664 2961 3719 forte
3010 3664 3146 3718 tales
3191 3664 3398 3719 inventi

1809 3763 2012 3818 fuerint
2065 3761 2305 3830 hespites
2355 3759 2447 3829 qui
2503 3757 2593 3811 diu
2655 3754 2994 3826 persistendo
3052 3753 3284 3808 fideliter
3337 3760 3393 3807 et

1809 3855 1988 3910 animo
2024 3850 2319 3906 laborando
2350 3845 2708 3902 indicaverint
2738 3846 2763 3884 ιι
2793 3859 2850 3899 se
2890 3844 3223 3898 monasterio
3267 3857 3395 3913 per-

1811 3945 2049 4009 ﬁrmarc,
2084 3947 2374 4011 suggerant
2411 3952 2597 3992 eorum
2636 3934 2891 3989 custodes
2929 3930 3129 3994 abbati,
3160 3940 3215 3986 et
3252 3932 3393 3987 lecta

1807 4036 1885 4090 eis
1908 4032 2134 4103 Regula,
2174 4030 2391 4084 videant
2416 4032 2549 4097 quot
2582 4025 2697 4080 dies
2716 4024 2828 4093 jam
2858 4022 3093 4076 habeant
3120 4022 3173 4075 in
3207 4036 3392 4075 mona-

1807 4126 1994 4189 sterio,
2026 4132 2080 4178 et
2106 4120 2305 4177 residui
2335 4120 2450 4175 dies
2479 4117 2545 4172 de
2574 4114 2805 4170 induciis
2828 4112 2908 4168 eis
2945 4110 3015 4166 ad
3043 4112 3386 4166 tractandum

1806 4296 1952 4351 mine
1979 4302 2258 4358 vocantur,
2281 4300 2337 4346 et
2362 4290 2592 4345 Andreae
2618 4286 2873 4358 maxime,
2889 4285 3103 4358 (quibus
3137 4285 3392 4358 utebatur

1807 4369 2070 4437 impostor
2091 4354 2314 4437 quidam
2338 4361 2573 4437 Agapins
2589 4398 2604 4423 ,
2623 4429 2633 4437 _
2652 4366 2712 4411 ut
2737 4357 2925 4437 scribit
2950 4355 3271 4437 PhMitis-in
3297 4354 3388 4408 Bi-

1726 4422 1778 4482 Ῐ)
1803 4422 2189 4499 ωἱὸιὴοοει,ἠ.
2221 4433 2352 4496 179,
2387 4422 2481 4485 seu
2518 4422 2769 4499 Andreae,
2810 4423 3034 4499 Joannis
3071 4423 3388 4499 et‘aliorum

1802 4492 2201 4576 apostolorum,
2223 4492 2799 4576 dequibusEusebius
2826 4495 2860 4546 Ι.
2894 4511 2974 4576 ut,
3005 4510 3055 4548 c.
3094 4493 3181 4576 lg,
3218 4492 3383 4576 Hist;

1801 4563 1895 4630 aint
1920 4585 2068 4629 certe
2090 4590 2156 4628 ex
2178 4563 2401 4627 Actibus
2422 4569 2650 4622 Andreae
2678 4574 2730 4619 et
2760 4564 3001 4627 Joannis,
3043 4563 3240 4630 quibus
3269 4570 3387 4616 ute-

1802 4647 2000 4699 bantur
2041 4643 2368 4705 Encratitm,
2400 4653 2629 4708 quorum
2667 4635 2914 4689 meminit
2948 4635 3006 4688 S.
3050 4632 3386 4702 Epiphanius

1800 4714 1896 4769 lib.
1924 4732 1983 4777 ll,
2019 4724 2149 4768 tom.
2182 4713 2222 4775 l,
2256 4712 2444 4764 haeresi
2466 4708 2555 4761 47.

1878 4798 1902 4825 θ
1930 4769 2073 4837 Cella
2111 4769 2541 4851 peregrinorum;
2563 4785 2669 4851 etc.
2709 4774 2834 4828 Haec
2864 4772 3049 4851 videre
3078 4778 3163 4828 est
3198 4771 3253 4824 in
3280 4769 3386 4824 Re-

1803 4856 1924 4925 gula
1954 4844 2329 4925 msab'lagistri
2356 4847 2687 4925 cod.__C.orb.,
2714 4859 2833 4912 cap.
2873 4844 2959 4897 79.

1882 4926 1899 4964 ί
1941 4924 2009 4977 Et
2038 4909 2261 4976 bisaci’as
2288 4937 2434 4974 suas.
2464 4919 2597 4974 Vide
2619 4909 2815 4986 supra,
2845 4929 2967 4982 cap.
3009 4912 3073 4965 de
3111 4909 3388 4980 generibus

1802 4995 2200 5050 monachorum.

1880 5067 1904 5104 ⁸
1929 5061 2360 5133 Recapitulando.
2396 5057 2568 5133 Alias,
2602 5054 2980 5133 Recapitqndo.
3017 5051 3074 5105 ld
3103 5057 3208 5133 est,
3235 5062 3266 5101 a
3294 5063 3387 5103 ca-

1804 5136 1917 5205 pite
1940 5124 2137 5205 iterum
2172 5128 2472 5205 incipiendo
2494 5124 2894 5205 qno_vncabulo
2922 5138 3050 5176 usus
3074 5128 3159 5174 est
3198 5134 3382 5187 supra.

1876 5208 1905 5246 h
1931 5202 2095 5257 Nihilo
2110 5194 2484 5270 factofldest,
2515 5194 2653 5270 male
2683 5194 2848 5270 facto.

1888 5255 2308 5341 iRefrig'erium.
2346 5268 2431 5341 Ald
2447 5255 2552 5329 est,
2600 5265 2854 5328 latrinas;
2895 5260 3136 5341 ejusdem
3168 5255 3386 5341 Regulae

1806 5361 1925 5414 cap.
1958 5329 2027 5396 id:
2056 5329 2390 5410 zuﬂel'rigeria
2415 5336 2602 5398 lavent,
2631 5345 2687 5389 et
2719 5349 2840 5402 cap.
2871 5332 3078 5394 ultimo,
3113 5329 3382 5392 machina,

1806 5418 1894 5485 ref
1893 5417 1935 5468 ri
1939 5414 2159 5485 perium.

1880 5485 1894 5535 i
1939 5468 2094 5537 "Clave
2117 5478 2330 5548 forensi.
2359 5477 2416 5531 ld
2443 5484 2547 5548 est,
2581 5489 2701 5545 quae
2720 5472 2853 5548 foris
2873 5470 3068 5548 ostium
3084 5468 3326 5548 claudat.

1880 5553 1911 5594 ¹ι
1939 5552 2006 5608 Se
2041 5553 2097 5605 in
2117 5537 2454 5603 'monasterio
2482 5537 2718 5614 ﬁrm-are.
2749 5543 2805 5614 ld
2835 5539 3307 5614 esttstabilitatem
3333 5537 3389 5591 in

1805 5622 2138 5683 monasterio
2180 5608 2519 5689 promittere.
2566 5614 2719 5689 Quod
2757 5613 2890 5667 dicit
2935 5611 2992 5667 S.
3038 5608 3386 5673 Benedictus,

1806 5712 1927 5766 cap.
1965 5694 2053 5759 61,
2094 5684 2440 5745 διᾰὸϋῆίιῑειη
2469 5702 2622 5740 suam
2649 5684 2881 5752 ﬁrmare.
3099 5735 3103 5738 ,
3376 5722 3383 5727 ,
