3948 6182
397 390 413 442 l
428 386 527 443 2'59

1393 385 1448 439 S.
1492 383 1857 438 BENEDICTI
1893 383 2187 438 ABBATIS
2221 383 2635 469 ANIANEﬁSlS

3516 388 3657 444 ιξιο

386 499 813 562 circumdantur,
841 496 1088 567 pellicula
1119 513 1237 565 qum
1272 498 1469 565 pendet
1495 513 1559 551 ex
1591 496 1779 561 latere,
1809 495 1961 566 galli-
1994 501 2043 557 Α
2069 494 2152 549 bis
2198 494 2307 549 sint
2351 497 2668 560 vestimenta
2714 496 2781 551 ad
2823 496 3221 567 procedendum
3252 509 3565 570 praeparata
3600 510 3659 558 et

385 592 467 648 cis
491 601 545 646 et.
572 589 796 645 cucullis
824 588 1053 654 duobus,
1082 604 1213 642 zona
1240 600 1265 627 °
1292 599 1345 641 et
1374 588 1588 642 bacillo.
1617 588 1821 642 Praeter
1852 589 1961 643 haec

386 681 647 752 quidquid
688 679 977 743 inveneris,
1016 678 1221 747 absque
1261 677 1689 734 contradictione
1728 680 1958 734 auferes.

489 771 626 843 διν.
652 800 723 810 --
743 769 819 824 Ex
868 769 1087 825 REGULA
1114 785 1301 826 sucu
1337 767 1540 825 BASILH
1570 769 1707 842 (cap.
1743 769 1854 841 ll).

457 860 718 931 lnterrog.
758 858 944 928 1'Quis
978 867 1063 915 est
1111 860 1328 932 dignus,
1377 860 1462 913 vel
1505 860 1701 916 decens
1748 860 1965 915 habitus

385 951 728 1010 Christiani?
751 982 824 994 —-
851 951 1011 1023 Resp.
1062 951 1324 1019 Quoniam
1365 966 1544 1008 sermo
1575 952 1628 1007 in
1673 951 1967 1023 superiori-

386 1043 489 1099 bus
512 1042 871 1098 humilitatem
896 1042 1261 1098 necessariam
1288 1042 1509 1109 docuit;
1540 1044 1615 1097 ita
1644 1052 1704 1097 ut
1731 1043 1823 1113 qui
1847 1044 1965 1099 vult

387 1132 638 1203 religiose
666 1141 721 1188 et
744 1132 833 1203 pie
859 1130 1066 1199 vivere,
1101 1132 1154 1186 in
1187 1131 1440 1188 omnibus
1463 1140 1519 1187 et
1561 1132 1963 1204 simplicitatem

385 1234 443 1281 et
473 1224 836 1281 humilitatem
862 1223 1125 1294 requirat,
1152 1224 1207 1280 id
1251 1233 1357 1290 est,
1387 1239 1449 1280 ea
1477 1240 1596 1295 quae
1621 1240 1790 1296 parvo
1821 1240 1967 1281 sum-

385 1324 479 1387 ptu
501 1314 875 1385 acquimntur,
913 1313 966 1369 id
993 1313 1390 1388 observandum
1415 1323 1544 1385 puto
1578 1314 1634 1370 in
1661 1316 1962 1388 corporali-

388 1407 488 1462 bus
515 1407 723 1473 usibus,
749 1422 847 1479 per
873 1407 1017 1477 quod
1045 1407 1359 1463 occasiones
1388 1407 1547 1464 nobis
1575 1406 1844 1480 majorum
1869 1423 1964 1465 oc-

386 1495 733 1567 cupationum
766 1496 993 1552 minime
1018 1496 1170 1552 ﬁant.
1210 1496 1484 1569 Hocergo
1505 1499 1669 1553 etiam
1697 1498 1752 1555 in
1776 1499 1965 1555 obser-

385 1588 604 1644 vatione
634 1589 1079 1644 indumentorum
1102 1589 1513 1645 custodiendum
1541 1599 1690 1661 puto.
1722 1589 1782 1646 Si
1815 1591 1960 1647 enim

386 1678 626 1735 studium
656 1678 811 1735 nobis
836 1680 1141 1735 habendum
1171 1688 1255 1735 est
1284 1680 1526 1736 omnium
1556 1695 1677 1737 esse
1708 1681 1963 1739 minimos

385 1779 441 1827 et
464 1771 706 1827 omnium
737 1787 836 1828 nos
857 1771 1200 1838 novissimos,
1226 1781 1434 1828 certum
1459 1781 1544 1829 est
1569 1774 1694 1844 quia
1716 1781 1772 1831 et
1804 1772 1963 1831 indu-

2065 584 2167 639 alia
2212 586 2278 639 ad
2318 602 2475 640 usum
2509 587 2885 652 domesticum,
2926 599 2980 644 et
3021 605 3208 645 rursus
3247 590 3351 645 alia
3390 592 3462 647 ad
3509 592 3659 649 aliud

2067 683 2295 745 tempus,
2328 676 2413 730 vel
2438 676 2491 730 in
2537 687 2717 740 nocte,
2752 686 2808 734 et
2833 679 2939 733 alia
2977 688 3034 734 et
3071 681 3125 734 in
3155 680 3283 735 die:
3310 683 3410 736 sed
3437 693 3661 752 oportet

2064 765 2193 819 illud
2223 767 2397 835 ipsum
2428 766 2534 821 tale
2561 781 2683 822 esse
2728 768 3120 829 indumentum,
3158 771 3302 840 quod
3341 771 3509 826 nobis
3538 774 3663 827 suf-

2066 857 2228 912 ﬁcere
2255 859 2427 927 possit
2447 860 2515 913 ad
2541 859 2724 914 omnia
2750 877 2763 913 :
2792 868 2850 914 ut
2873 868 2930 914 et
2964 861 3017 915 in
3046 861 3133 917 die
3160 861 3449 916 honestum
3469 863 3661 918 videa—

2064 957 2153 1003 tur
2179 949 2576 1017 indumentum,
2607 958 2664 1007 et
2698 952 2753 1006 in
2783 960 2943 1007 nocte
2979 952 3195 1023 expleat
3233 953 3656 1010 necessitatem.

2064 1038 2143 1094 Ex
2172 1040 2276 1096 hoc
2299 1040 2446 1095 enim
2476 1040 2568 1096 ﬁet
2603 1049 2664 1096 ut
2704 1049 2763 1096 et
2803 1042 3022 1097 habitus
3047 1051 3234 1097 noster
3254 1044 3574 1099 communis
3601 1053 3659 1100 et

2063 1127 2258 1183 similis
2294 1137 2457 1200 atque
2480 1129 2643 1184 unius
2683 1127 2874 1185 format
2904 1130 2976 1184 sit
3012 1132 3278 1197 omnium,
3306 1140 3363 1188 et
3391 1132 3664 1189 Christia-

2062 1235 2191 1274 num
2239 1220 2405 1275 etiam
2435 1220 2575 1276 visio
2612 1220 2732 1291 ipsa
2774 1220 3041 1293 designet.
3089 1222 3163 1278 Ea
3206 1223 3354 1279 enim
3387 1238 3516 1294 qua}
3550 1241 3664 1280 uno

2058 1318 2352 1383 prospectu
2373 1326 2440 1367 ac
2464 1310 2745 1382 proposito
2769 1319 3053 1383 geruntur,
3081 1312 3300 1379 similia,
3330 1313 3445 1370 imo
3466 1316 3663 1371 eadem

2061 1404 2118 1459 in
2150 1403 2405 1460 omnibus
2450 1418 2571 1459 esse
2617 1404 2834 1460 debent.
2870 1403 3017 1460 Utile
3052 1413 3231 1460 autem
3261 1413 3350 1461 est
3391 1406 3563 1461 etiam
3592 1421 3661 1460 ex

2061 1495 2178 1565 ipsa
2215 1494 2554 1565 proprietate
2581 1495 2751 1551 vestis
2783 1503 2839 1551 et
2869 1495 3087 1550 habitus
3119 1494 3433 1568 intelligere
3464 1512 3661 1551 unum—

2060 1601 2332 1657 quemque
2350 1595 2406 1642 et
2429 1585 2823 1658 professionem
2845 1601 2999 1643 suam
3021 1602 3319 1659 agnoscere
3338 1590 3397 1643 in
3425 1604 3491 1645 ea
3517 1590 3658 1654 vita,

2060 1691 2169 1746 qua
2197 1676 2491 1737 secundum
2526 1676 2694 1732 Deum
2726 1676 2884 1742 vivit,
2910 1684 2972 1731 ut
2999 1677 3139 1733 sciat
3165 1678 3270 1734 sibi
3300 1680 3469 1734 etiam
3498 1688 3661 1736 actus

2063 1767 2375 1824 consimiles
2402 1782 2527 1823 esse
2548 1767 2777 1833 debere;
2814 1776 2871 1824 et
2894 1767 2962 1823 ad
2983 1778 3077 1825 eas
3107 1769 3201 1839 qui
3226 1784 3326 1826 nos
3354 1771 3545 1826 vident
3573 1787 3660 1827 se»

389 1863 587 1919 mentis
626 1864 867 1918 omnium
898 1878 998 1918 nos
1040 1863 1363 1919 novissimos
1399 1866 1656 1933 deputare
1684 1865 1961 1921 debemus.
1992 1847 2039 1908 Β
2067 1857 2301 1914 cundum
2331 1857 2578 1913 habitum
2611 1865 2860 1913 nostrum
2899 1857 3133 1928 atquales
3153 1859 3321 1914 etiam
3360 1859 3417 1914 in
3442 1862 3663 1916 actibus

387 1957 523 2013 Nam
555 1959 600 2013 si
633 1958 687 2013 hi
717 1958 809 2028 qui
849 1956 1077 2028 gloriam
1122 1970 1190 2011 ex
1221 1956 1653 2012 indumentorum
1682 1956 1966 2026 splendore

327 2095 334 2101 .
386 2051 735 2120 conquirunt,
763 2061 786 2089 ο
817 2050 951 2104 satis
980 2054 1146 2120 agunt
1182 2049 1451 2119 quomodo
1492 2048 1745 2119 pretiosis
1771 2056 1827 2103 et
1858 2064 1967 2103 ma-

386 2140 599 2211 gniﬁcis
645 2140 888 2195 vestibus
935 2140 1219 2194 videantur
1258 2139 1454 2206 induti,
1506 2140 1581 2194 ita
1629 2153 1966 2208 consequens

386 2241 473 2287 est
497 2247 619 2288 eum
647 2233 741 2303 qui
770 2233 836 2287 de
876 2230 1078 2287 ultimis
1104 2239 1159 2287 et
1189 2232 1518 2299 novissimis,
1549 2232 1600 2287 id
1627 2240 1731 2297 est,
1762 2246 1858 2301 per
1884 2233 1968 2287 ni-

392 2324 556 2378 miam
598 2323 984 2389 humilitatem,
1029 2321 1246 2395 placere
1289 2324 1488 2389 studet,
1532 2323 1730 2395 eligere
1767 2323 1966 2379 debere

390 2416 494 2472 hoc
522 2416 576 2470 in
612 2431 721 2485 quo
748 2417 991 2471 omnium
1031 2423 1086 2470 et
1110 2415 1334 2471 ultimus
1356 2423 1413 2471 et
1445 2415 1772 2471 novissimus
1800 2430 1967 2486 appa-

387 2518 506 2563 reat
538 2524 552 2561 :
579 2506 606 2547 ιι
630 2508 771 2563 sicut
812 2507 902 2563 ille
929 2521 959 2562 e
990 2506 1283 2571 contrario,
1326 2506 1379 2561 id
1419 2514 1526 2572 est,
1564 2505 1633 2560 de
1658 2507 1886 2560 summis
1910 2514 1967 2560 et

386 2597 657 2671 pretiosis,
698 2596 871 2653 videri
896 2596 1099 2652 clarior
1127 2602 1181 2650 et
1208 2595 1441 2651 nobilior
1468 2594 1603 2648 vult.
1646 2592 1702 2649 Si
1738 2595 1883 2651 enim
1910 2594 1968 2649 in

387 2688 602 2762 publica
643 2702 803 2745 caena
843 2698 1143 2758 arguuntur
1176 2686 1444 2741 Corinthii
1472 2683 1524 2756 (1
1556 2683 1679 2739 Cor.
1718 2684 1797 2758 ιι)
1823 2685 1966 2755 quod

388 2796 488 2851 per
524 2793 678 2835 suam
708 2777 1094 2838 abundantiam
1122 2776 1456 2831 confundant
1489 2790 1586 2831 eos
1603 2776 1696 2846 qui
1728 2790 1831 2831 non
1870 2777 1969 2830 ha-

390 2868 538 2935 bent,
567 2877 774 2923 certum
804 2874 887 2923 est
912 2865 1037 2937 quia
1065 2875 1120 2921 et
1156 2866 1206 2919 in
1231 2867 1335 2921 hoc
1354 2866 1625 2921 communi
1658 2874 1713 2921 et
1736 2865 1968 2936 simplici

388 2960 720 3025 indumento,
753 2961 895 3031 quod
926 2961 992 3016 ad
1031 2975 1374 3016 communem
1423 2961 1667 3015 habitum
1695 2960 1781 3017 vel
1806 2976 1969 3016 usum

390 3052 641 3122 pertinet,
693 3052 867 3106 etosi
927 3051 1065 3105 alter
1110 3050 1285 3106 altero
1336 3049 1554 3107 diﬁ‘erat
1591 3051 1829 3116 habitus,
1883 3051 1969 3107 vel

390 3143 679 3214 pretiosior
723 3142 1051 3208 inveniatur,
1101 3142 1482 3198 confundimus
1521 3159 1628 3198 non
1683 3144 1964 3199 habentes.

392 3230 729 3288 Sutiicienter
768 3247 981 3302 quoque
1032 3233 1199 3287 etiam
1253 3231 1544 3304 Apostolus
1599 3233 1968 3305 hujuscemodi

2065 1964 2327 2021 apparere
2360 1950 2639 2007 debemus.
2668 1949 2788 2005 Non
2828 1950 2975 2006 enim
3005 1950 3259 2008 similiter
3287 1962 3448 2022 turpe
3477 1961 3568 2008 est
3601 1954 3658 2008 in

2065 2038 2305 2109 quolibet
2346 2039 2477 2105 alio,
2520 2038 2567 2094 si
2616 2039 2903 2096 inhoneste
2931 2041 3061 2110 quid
3100 2050 3247 2113 agat,
3291 2043 3433 2098 sicut
3479 2044 3537 2097 in
3572 2042 3660 2098 his

2065 2127 2158 2196 qui
2178 2127 2347 2182 vitam
2380 2127 2622 2183 sobriam
2644 2127 2809 2184 etiam
2841 2128 2896 2183 in
2937 2129 3056 2199 ipso
3087 2130 3273 2186 habitu
3303 2132 3655 2201 proﬁtentur.

2066 2216 2124 2273 Si
2150 2218 2296 2272 enim
2324 2217 2448 2287 quis
2481 2217 2662 2273 videat
2684 2218 2753 2273 de
2781 2219 2940 2275 trivio
2970 2219 3208 2290 aliquem
3237 2222 3516 2276 hominem
3548 2237 3658 2276 eaa-

2065 2310 2282 2364 dentem
2311 2309 2478 2364 alium
2521 2318 2617 2364 aut
2657 2311 3004 2381 vapulantem
3034 2313 3267 2383 publice,
3304 2313 3390 2369 vel
3423 2315 3661 2384 turpiter

2064 2399 2505 2471 proclamantem,
2555 2409 2650 2457 aut
2677 2401 2732 2457 in
2775 2401 3018 2458 tabernis
3047 2402 3281 2473 aliisque
3307 2403 3444 2459 locis
3483 2404 3659 2461 vitam

2064 2508 2189 2547 cum
2214 2493 2479 2548 dedecore
2510 2492 2817 2559 ducentem,
2846 2508 2950 2549 nec
2969 2494 3283 2550 observabit
3320 2494 3544 2565 quidem
3577 2495 3659 2549 fa—

2065 2584 2169 2639 cile
2192 2582 2563 2651 hujuscemodi
2590 2583 2887 2649 hominem,
2918 2584 3004 2639 vel
3042 2586 3277 2651 notabit,
3316 2588 3501 2642 sciens
3529 2602 3657 2642 eum

2067 2683 2467 2745 consequenter
2510 2675 2578 2731 ad
2621 2673 2885 2745 reliquam
2926 2675 3093 2731 vitam
3131 2691 3289 2732 suam
3337 2693 3554 2749 gerere.
3597 2676 3655 2733 Si

2066 2782 2197 2822 vero
2238 2781 2361 2822 eum
2408 2766 2499 2837 qui
2543 2765 2852 2839 religiosam
2894 2766 3062 2822 vitam
3107 2767 3417 2838 proﬁtetur,
3458 2768 3657 2826 viderit

2066 2857 2189 2927 quis
2227 2856 2313 2912 vel
2343 2872 2537 2927 parum
2580 2856 2787 2937 aliquid
2825 2867 3014 2912 contra
3058 2873 3224 2929 quam
3251 2859 3408 2915 decet
3446 2858 3657 2926 facere,

2065 2950 2355 3005 observant
2376 2964 2565 3005 omnes
2586 2958 2642 3004 et
2666 2950 2950 3021 increpant
2968 2957 3024 3005 et
3049 2950 3119 3005 ad
3145 2949 3423 3019 religionis
3450 2965 3654 3020 oppro-

2065 3042 2246 3098 brium
2272 3042 2497 3097 ducunt.
2535 3042 2723 3113 Itaque
2760 3043 2908 3098 velut
2932 3044 3254 3114 pzedagogus
3279 3052 3365 3098 est
3386 3042 3657 3098 inﬁrmio-

2071 3134 2223 3190 ribus
2273 3133 2492 3189 habitus
2521 3132 2625 3188 iste
2654 3132 2981 3204 religiosior,
3020 3142 3079 3188 ut
3111 3134 3274 3189 etiam
3326 3134 3527 3189 invitos
3561 3150 3655 3189 eos

1997 3199 2041 3261 C
2081 3226 2149 3279 ab
2173 3239 2338 3293 opere
2377 3224 2662 3279 inhonesto
2689 3199 3066 3294 indecentique
3090 3210 3381 3279 custodiat.
3411 3224 3656 3294 Denique

392 3324 582 3381 usibus
601 3325 752 3381 brevi
774 3338 1025 3381 sermone
1050 3325 1287 3397 regulam
1309 3327 1489 3395 posuit
1508 3327 1696 3383 dicens
1722 3346 1735 3381 :
1762 3326 1977 3383 Haben-
2076 3327 2131 3373 θῑ
2167 3316 2459 3389 Apostolus
2483 3316 2503 3355 ί
2530 3316 2840 3372 ordinatum
2875 3317 3185 3387 episcopum
3229 3317 3499 3386 designat,
3531 3330 3654 3386 qua!

390 3428 464 3473 tes
486 3418 678 3475 victum
703 3428 752 3473 et
774 3416 1034 3485 vestitum,
1066 3418 1145 3472 his
1168 3420 1393 3474 contenti
1420 3435 1600 3475 sumus
1632 3419 1682 3490 (I
1707 3419 1844 3475 Tim.
1874 3419 1972 3493 vi).
2076 3424 2165 3466 r88
2188 3411 2256 3465 ad
2283 3409 2530 3465 habitum
2558 3410 2731 3481 magis
2756 3417 3057 3465 revocatur.
3093 3407 3202 3465 Sed
3234 3418 3291 3464 ει
3317 3410 3385 3464 de
3413 3409 3654 3464 mulieri-

390 3508 693 3566 Ostendens
728 3508 1042 3566 indumento
1082 3510 1198 3566 solo
1219 3526 1326 3581 quo
1354 3519 1705 3582 contegamur
1732 3512 1975 3581 indigere
2073 3500 2175 3556 bus
2201 3501 2334 3556 die"
2356 3504 2380 3542 ⁸
2402 3502 2456 3555 in
2483 3501 2668 3556 habit“
2694 3500 2948 3556 ordinato
2978 3515 3098 3556 esse
3123 3501 3343 3556 debere.
3370 3501 3396 3539 δ
3422 3498 3653 3555 Ordina-

391 3617 508 3667 nos,
553 3610 608 3658 ει
656 3616 764 3658 non
793 3603 1060 3658 γςιι-ίριειιε
1094 3602 1273 3673 aliqua
1324 3604 1509 3668 vestis,
1548 3613 1604 3659 ει
1650 3613 1974 3660 ornamento
2074 3601 2159 3647 tus
2204 3602 2383 3649 autem
2409 3607 2530 3648 esse
2566 3593 2786 3649 habitus
2818 3592 3111 3648 Christiani
3144 3594 3344 3648 dicitur
3368 3593 3415 3648 is
3449 3594 3543 3664 qui
3566 3608 3652 3648 se-

391 3690 510 3760 ejus
542 3699 599 3748 et
623 3691 819 3747 decore
838 3690 1055 3762 jactari.
1094 3692 1223 3761 Quae
1250 3700 1477 3763 utraque
1512 3696 1853 3764 postmodum
1884 3696 1971 3749 in-
2073 3684 2308 3738 cundum
2345 3684 2683 3754 propositum
2715 3691 2770 3738 et
2800 3683 3192 3754 professionem
3227 3685 3347 3755 ejus
3386 3692 3547 3753 aptus
3570 3684 3651 3739 in-

396 3785 646 3841 troducta
672 3792 822 3849 sunt,
851 3784 1102 3841 humana:
1128 3785 1251 3839 vita:
1282 3784 1527 3840 artiﬁciis
1555 3794 1609 3840 et
1635 3786 1862 3842 luxuriae
1891 3787 1964 3842 in-

2073 3776 2355 3844 telligitur.
2395 3775 2551 3830 Sicut
2573 3775 2723 3830 enim
2754 3776 3028 3846 proprium
3052 3785 3138 3832 est
3166 3775 3370 3846 aliquid
3406 3777 3568 3831 militi
3597 3778 3653 3832 in

391 3874 551 3946 genio
579 3873 905 3944 conquisita.
935 3872 1040 3929 Sed
1061 3882 1114 3930 et
1142 3874 1350 3946 primus
1379 3874 1468 3929 ille
1511 3875 1808 3931 indumenti
1840 3890 1971 3931 usus
2073 3867 2263 3922 habitu
2313 3866 2697 3939 [Vestimenli].
2721 3876 2776 3922 ει
2816 3863 2955 3923 alios
2982 3876 3068 3923 εει
3110 3868 3329 3923 habitus
3363 3870 3648 3933 senatoris.

395 3965 510 4021 haec
542 3965 733 4021 eadem
779 3964 1004 4031 indicat,
1036 3980 1158 4020 cum
1198 3965 1398 4021 dicitur
1443 3964 1728 4021 Dominum
1777 3964 1971 4022 fecisse
2070 3976 2138 4015 ex
2180 3974 2287 4029 quo
2318 3959 2584 4029 praecipue
2627 3958 2970 4029 intelligitur,
2998 3958 3086 4013 vel
3114 3959 3217 4014 iste
3244 3960 3390 4031 quod
3431 3970 3655 4016 senator

391 4052 583 4124 primis
621 4053 929 4109 hominibus
956 4054 1210 4124 pelliceas
1242 4055 1454 4110 tunicas
1499 4053 1652 4128 (Gen.
1700 4055 1803 4127 ιιι).
1846 4054 1971 4111 Suf-
2067 4062 2169 4115 est,
2216 4052 2301 4107 vel
2321 4052 2412 4107 ille
2452 4051 2593 4121 quod
2624 4051 2780 4107 miles
2823 4059 2937 4119 est;
2977 4051 3051 4106 ita
3098 4052 3261 4107 etiam
3306 4050 3655 4109 Christianus

393 4144 610 4200 ﬁciebat
636 4145 783 4199 enim
811 4145 879 4199 ad
912 4143 1282 4201 confusionem
1307 4146 1692 4217 contegendum
1725 4146 1969 4218 hujusce-
2068 4144 2271 4198 habere
2295 4143 2498 4213 aliquid
2523 4144 2801 4213 proprium
2828 4143 2993 4198 etiam
3016 4157 3085 4197 ex
3117 4143 3463 4198 ordinatione
3492 4144 3653 4198 indu-

396 4232 545 4289 modi
569 4232 868 4288 indumenti
890 4248 1037 4289 usus.
1071 4234 1271 4289 Verum
1290 4235 1547 4303 quoniam
1579 4234 1732 4291 nobis
1753 4251 1979 4306 prospea
2067 4233 2238 4288 menti
2283 4233 2454 4304 ipsius
2482 4232 2659 4289 debet.
2687 4232 2794 4289 Sed
2823 4241 2880 4288 et
2925 4233 2993 4288 de
3033 4233 3416 4290 calceamentis
3463 4236 3653 4291 eadem

391 4331 537 4379 ctum
565 4329 649 4378 est
671 4321 1002 4379 indumentis
1020 4325 1185 4379 etiam
1227 4332 1281 4380 et
1307 4324 1542 4380 caleﬁeri
1570 4336 1626 4381 et
1656 4326 1846 4393 foveri,
1873 4342 1970 4383 ne-
2068 4325 2208 4380 ratio
2238 4324 2640 4388 observabitur,
2671 4333 2729 4378 ut
2767 4323 2910 4394 quod
2941 4323 3237 4394 simplicius
3266 4332 3370 4389 est,
3401 4334 3458 4381 et
3495 4342 3653 4396 para.
3754 4370 3759 4375 .

392 4416 689 4475 cessarium
726 4418 940 4474 videtur
966 4426 1026 4473 ut
1051 4420 1117 4473 ad
1145 4426 1435 4489 utrumque
1455 4434 1585 4476 usus
1623 4420 1736 4491 ipse
1760 4429 1965 4492 tempe—
2067 4418 2198 4484 tius,
2225 4426 2280 4473 et
2309 4426 2496 4488 aptum
2524 4419 2817 4489 proposito,
2862 4427 2918 4474 et
2945 4418 3130 4474 usibus
3148 4417 3441 4484 sonit-iens,
3472 4421 3527 4475 id
3568 4436 3653 4476 as-

394 4519 565 4577 retur,
617 4525 728 4582 quo
774 4519 832 4568 et
860 4509 1059 4581 operiri
1104 4510 1322 4566 nuditas
1363 4510 1611 4567 videatur
1650 4519 1707 4568 et
1753 4513 1840 4568 vel
1884 4513 2331 4606 vistumatur.
2382 4509 2543 4565 Zona:
2584 4524 2799 4578 quoque
2852 4525 3012 4565 usum
3058 4510 3354 4566 ostendunt
3401 4527 3651 4567 necessa-

390 4599 634 4670 frigoris,
670 4601 754 4657 vel
789 4615 949 4657 omne
987 4600 1131 4671 quod
1170 4600 1513 4655 extrinsecus
1556 4599 1719 4663 laedit,
1766 4604 1962 4659 arceri.
1989 4599 2033 4606 ’
2069 4599 2209 4653 rium
2237 4614 2358 4655 esse
2389 4600 2553 4655 etiam
2592 4599 2685 4669 qui
2724 4608 3122 4675 praecesserunt
3154 4615 3255 4656 nos
3284 4602 3483 4656 sancti.
3517 4601 3647 4655 Nam

392 4689 502 4747 Sed
527 4691 777 4761 quoniam
808 4691 862 4745 in
888 4690 972 4744 his
995 4690 1123 4761 ipsis
1164 4688 1265 4743 alia
1303 4689 1518 4757 quidem
1556 4699 1683 4744 sunt
1718 4689 1965 4758 meliora,
2065 4694 2304 4750 Joannes
2334 4704 2466 4746 zona
2496 4689 2720 4760 pellicea
2749 4690 3118 4760 constringere
3147 4689 3363 4745 lumbos
3398 4705 3529 4747 suos
3568 4691 3645 4745 di-

392 4782 497 4839 ulia
538 4782 817 4845 inferiora,
843 4794 1181 4849 consequens
1205 4788 1287 4835 est
1315 4793 1377 4833 ea
1418 4778 1619 4848 eligere
1660 4794 1781 4850 qua
1809 4795 1967 4836 usum
2068 4786 2213 4840 citur
2244 4779 2464 4855 (Matth.
2496 4779 2617 4852 tu);
2648 4789 2704 4836 et
2729 4780 2861 4835 Elite
2893 4790 3054 4836 antea
3100 4790 3363 4852 tanquam
3400 4784 3647 4854 proprius

392 4877 683 4933 exhibeant
712 4872 1139 4946 longiorem:ita
1172 4880 1350 4925 tamen
1383 4877 1443 4923 ut
1467 4870 1523 4925 in
1566 4870 1712 4926 nullo
1743 4872 1968 4927 laedatur
2068 4877 2286 4933 habitus
2334 4875 2504 4947 ipsius
2542 4873 2876 4945 designatur,
2918 4888 3043 4928 cum
3087 4873 3451 4930 diciturzYir
3480 4876 3647 4930 hirsu-

394 4968 575 5040 regula
610 4966 929 5022 voluntariae
961 4963 1315 5035 paupertatis,
1341 4963 1393 5017 id
1424 4969 1526 5028 est,
1558 4978 1627 5019 ne
1651 4964 1839 5018 eadem
1876 4980 1967 5020 no-
2066 4978 2171 5033 tus,
2224 4976 2273 5021 et
2313 4982 2500 5021 zonam
2544 4966 2813 5037 pelliceam
2853 4966 3048 5021 habens
3093 4967 3235 5020 circa
3274 4967 3481 5023 lumbos
3530 4986 3644 5024 suos

466 5117 492 5146 ιι
525 5104 591 5159 Et
619 5103 844 5158 Bacillo.
886 5102 943 5156 S.
973 5100 1244 5156 Orsicsius
1294 5100 1386 5152 dat
1434 5098 1709 5152 monachis
1738 5099 1961 5165 caligas,

2070 5115 2175 5154 non
2206 5104 2423 5171 exstant
2456 5099 2508 5171 i_n
2537 5096 2941 5171 textnﬁrteco;
2971 5114 3093 5171 qum
3119 5106 3300 5152 tamen
3336 5098 3411 5154 ita
3459 5100 3646 5171 legun.

392 5173 658 5245 pellemuet
687 5174 904 5245 virgam.
938 5171 1053 5227 Hoc
1082 5172 1370 5245 utebantur
1396 5169 1460 5221 ad
1485 5167 1963 5245 imitationeinl’a-

2069 5179 2156 5224 tur
2183 5170 2323 5240 apud
2367 5169 2618 5240 Ruﬁnum
2641 5181 2654 5219 :
2675 5165 2830 5240 Sicut
2859 5166 2958 5240 ille
2984 5165 3074 5237 qui
3102 5185 3131 5221 e
3159 5172 3430 5240 contrario
3451 5165 3549 5236 est,
3584 5172 3649 5226 de

397 5236 536 5299 trum
582 5236 789 5300 Veteris
823 5242 1172 5303 Testamenti,
1219 5248 1277 5293 ut
1317 5245 1467 5293 notat
1493 5236 1782 5292 Cassianus
1820 5239 1912 5293 lib.
1943 5255 1959 5294 ι

396 5314 459 5367 de
480 5313 677 5369 Habitu
704 5313 977 5377 monachi,
1003 5326 1122 5381 cap.
1160 5312 1194 5366 8
1222 5328 1235 5363 :
1266 5309 1380 5381 {Et
1407 5308 1648 5381 baculus,
1690 5323 1849 5381 quem
1874 5325 1958 5380 ge-

394 5392 498 5466 stat
523 5385 587 5437 ad
620 5384 972 5466 imitationem
1001 5377 1191 5466 borum
1208 5379 1301 5466 qui
1317 5377 1676 5466 professionis
1705 5377 1820 5448 ejus
1840 5377 1961 5450 pro.

396 5451 691 5521 ﬁguravere
720 5454 890 5509 lineas
919 5453 973 5506 in
1004 5451 1184 5507 Veteri
1208 5451 1574 5503 Testamento.
1606 5467 1625 5499 ι

400 5587 405 5588 ί
466 5521 492 5558 ιι
521 5522 650 5588 Quis
691 5533 767 5578 est
808 5523 1018 5588 dignus,
1054 5528 1160 5578 etc.
1198 5520 1385 5574 Exstat
1419 5519 1555 5586 apud
1585 5516 1655 5571 Su
1688 5516 1884 5573 Basilio
1912 5538 1960 5581 υ,

467 5539 492 5558 υ
521 5539 650 5588 quis
691 5539 767 5578 est
808 5539 861 5577 at
900 5539 1018 5588 nus,
1054 5539 1160 5578 etc.
1200 5539 1385 5574 nxsrat
1419 5539 1555 5586 apuu
1585 5539 1655 5571 ομ
1690 5539 1884 5573 nasniu
1912 5539 1960 5581 υ,

396 5587 585 5664 interr.
613 5593 683 5646 22
710 5601 765 5649 et
785 5592 842 5659 2,
865 5539 1061 5664 ἰὶεειιΙ.
1094 5590 1268 5664 fusius
1296 5588 1715 5658 disputaturum,
1744 5599 1797 5642 et
1826 5590 1965 5658 apud

395 5656 646 5731 Ruﬁnum
682 5677 800 5731 cap.
828 5656 1280 5731 '12,,Eontractius
1310 5656 1507 5713 tamen.

468 5741 487 5802 ς
519 5727 663 5802 Satis
701 5727 880 5802 aéunt.
923 5730 1083 5802 Lege,
1116 5737 1385 5802 satagunt,
1414 5734 1473 5781 ut
1509 5728 1647 5796 apud
1686 5727 1958 5782 Ruﬁnum.

462 5798 487 5841 ἀ
518 5797 666 5857 Sicut
698 5797 783 5853 ille
803 5816 829 5852 ε
850 5797 1136 5864 contrario,
1168 5809 1271 5852 etc.
1306 5797 1429 5852 llmc
1450 5806 1875 5868 corrupta-sunt,
1908 5809 1962 5853 ct

2065 5256 2124 5294 su
2134 5236 2281 5293 mniis
2303 5249 2350 5292 et
2377 5238 2613 5308 pretiosis
2638 5236 2801 5308 videri
2829 5236 3023 5308 clarius
3047 5248 3095 5291 et
3120 5238 3349 5292 nobilius
3366 5243 3539 5308 gestit.

2142 5308 2245 5364 eSi
2291 5307 2426 5362 alter
2447 5307 2611 5363 altera
2655 5307 2884 5374 diﬂ'erat.
2926 5307 3079 5375 Apud
3121 5307 3400 5373 Rufinum,
3429 5312 3478 5365 si
3518 5311 3643 5365 alter

2064 5379 2225 5448 alteri
2243 5378 2591 5448 prmferalur;
2618 5376 2817 5431 rectius
2843 5384 2898 5448 et
2918 5376 3133 5448 clarius.

2152 5450 2167 5486 ί
2196 5446 2529 5501 Ordinatum.
2574 5448 2648 5501 Ita
2694 5448 2833 5515 apud
2864 5446 3136 5501 Ruﬁnum.
3169 5447 3226 5501 In
3252 5457 3404 5503 textu
3433 5448 3639 5512 Gram,

2071 5518 2298 5590 κόσμιον,
2332 5519 2384 5572 id
2409 5527 2493 5590 est
2531 5524 2815 5590 orna_tum._
2843 5517 2920 5590 Ita
2940 5517 3250 5590 legendum,
3280 5533 3405 5572 cum
3437 5521 3517 5574 sic
3545 5520 3640 5572 ha-

2069 5585 2266 5644 beatur
2288 5588 2428 5657 apud
2453 5586 2768 5656 Apostolum
2792 5585 2815 5657 l
2841 5587 2909 5639 ad
2939 5586 3079 5657 Tim.
3110 5601 3193 5641 ιιι.

2144 5662 2168 5700 ε
2196 5657 2259 5711 In
2283 5655 2463 5710 habitu
2488 5655 2749 5710 ordinato.
2791 5655 2951 5725 Lege,
2972 5656 3027 5709 in
3050 5657 3225 5710 habitu
3247 5666 3460 5725 ornato,
3484 5665 3541 5712 ut
3562 5667 3640 5713 est

2071 5730 2122 5783 in
2153 5727 2409 5794 Apostolo
2445 5728 2460 5779 Ι
2488 5728 2555 5780 ad
2586 5725 2823 5780 Titnoth.
2853 5740 2912 5779 ιι.

2140 5802 2164 5839 ιι
2193 5796 2499 5851 Ordinatus.
2542 5795 2704 5865 Lege,
2737 5805 2971 5850 ornatus.
