3948 6182
261 329 394 387 HM

1212 326 1600 384 CONCORDIA
1642 328 2095 385 REGULARL'M.
2130 360 2199 369 —-
2236 328 2386 383 CAP.
2431 329 2591 385 LXII.

3376 342 3397 392 l
3413 340 3516 396 ΞΒ

262 440 382 512 (111
409 438 534 510 Reg.
567 437 631 510 ι).
661 435 769 493 Sed
798 451 937 492 zona
960 453 1091 495 usus
1123 439 1316 495 Petrus
1342 440 1666 504 ostenditur,
1693 439 1833 497 sicut
1861 442 1908 500 Α
1934 451 2243 506 personam.
2263 436 2376 493 Non
2400 438 2541 494 idem
2566 454 2697 495 usus
2719 453 2840 495 esse
2860 440 3093 499 hominis
3111 445 3356 514 potestin
3376 455 3516 502 tem-

257 548 326 589 ex
351 529 534 586 verbis
560 528 762 600 angeli,
791 543 912 599 qua:
955 529 1024 584 ad
1065 545 1190 585 eum
1226 531 1377 603 dicta.
1398 540 1542 594 sunt,
1573 545 1833 601 recogno-

260 621 500 679 scimus:
524 619 827 689 Accingere,
864 619 1072 689 inquit,
1111 631 1160 675 et
1198 620 1432 676 calceare
1478 620 1676 692 caligas
1712 632 1832 677 tuas

262 714 400 780 (Act.
428 711 550 784 xu).
583 710 691 768 Sed
732 720 789 768 et
823 711 1014 768 beatus
1039 713 1237 770 Paulus
1281 729 1417 770 zona
1443 731 1577 771 usus
1600 715 1836 771 ostendi-

263 813 349 858 tur
372 817 472 872 per
500 801 749 873 Agabum
778 804 1097 874 prophetam
1125 803 1392 859 dicentem
1419 823 1432 859 :
1459 802 1646 859 Utrum
1668 807 1831 871 enim,

260 892 412 964 cujus
468 901 542 948 est
586 908 723 947 zona
760 893 895 958 ba’c,
950 894 1027 950 ita
1075 893 1351 965 illigabunt
1395 896 1453 949 in
1499 895 1832 952 Hierusalem

261 985 402 1057 (Act.
430 984 567 1056 ut).
596 983 706 1041 Sed
734 993 791 1041 et
814 984 915 1041 Job
937 987 1088 1042 audit
1112 1003 1152 1043 a~
1172 987 1283 1047 Deo
1312 988 1575 1060 :Accinge
1597 989 1732 1044 sicut
1754 990 1833 1045 vir

258 1075 463 1133 lumbos
508 1084 624 1130 tuos
669 1073 791 1148 (Job
820 1075 1076 1148 xxxvnt).
1112 1078 1347 1135 .Virtutis
1380 1094 1616 1150 namque
1652 1078 1833 1149 cujus-

258 1167 383 1222 dam
404 1171 460 1222 et
486 1168 722 1237 prompti
747 1165 817 1225 ad
843 1181 1007 1237 opera
1030 1168 1195 1224 animi
1221 1168 1436 1241 signum
1461 1170 1679 1226 videtur
1711 1184 1832 1228 esse

257 1272 392 1314 usus
431 1256 653 1328 cinguli.
692 1256 802 1314 Sed
838 1267 896 1314 et
930 1258 1211 1330 discipulis
1252 1260 1465 1317 Domini
1505 1276 1658 1317 zonae
1699 1277 1832 1319 usus

257 1352 428 1409 fuisse
466 1354 700 1420 videtur,
748 1369 817 1409 ex
862 1369 1034 1420 more,
1076 1356 1274 1426 quibus
1303 1356 1659 1427 prohibeatur
1693 1369 1722 1400 ιι
1761 1373 1832 1414 ne

256 1442 538 1514 pecuniam
566 1442 829 1499 haberent
858 1444 914 1499 in
963 1445 1114 1502 zonis
1140 1446 1273 1503 suis.
1305 1445 1518 1502 Revera
1543 1447 1690 1503 enim
1731 1464 1828 1504 ne-

256 1531 555 1589 cessarium
576 1532 790 1593 videtur
816 1547 942 1589 eum
967 1549 1037 1590 ex
1062 1549 1237 1602 more,
1263 1535 1358 1607 qui
1386 1551 1644 1593 manuum
1665 1550 1832 1608 opere

255 1623 334 1679 uti
353 1622 410 1679 in
439 1621 623 1693 aliquo
658 1624 896 1691 deberet,
931 1627 1269 1683 succinctum
1291 1643 1433 1695 esse,
1476 1635 1533 1686 et
1562 1630 1616 1685 in
1658 1630 1831 1686 omni-

255 1718 358 1774 bus
380 1725 741 1789 prteparatum
767 1735 782 1772 :
809 1733 874 1773 ac
898 1717 1019 1789 sine
1045 1718 1155 1774 ullo
1182 1719 1566 1790 impedimento
1592 1721 1825 1785 inveniri

256 1808 327 1863 ad
349 1822 510 1865 omne
544 1808 675 1866 boni
700 1806 883 1879 operis
908 1809 1290 1883 ministerium.
1330 1812 1485 1870 Unde
1511 1822 1568 1869 et
1609 1813 1826 1886 cingulo

255 1896 480 1969 indiget,
508 1907 569 1955 ut
595 1898 682 1955 vel
702 1899 953 1972 colligata
987 1901 1135 1957 circa
1161 1917 1361 1973 corpus
1383 1904 1587 1972 tunica,
1626 1920 1697 1962 ex
1723 1921 1828 1977 qua

256 1997 313 2045 et
351 1990 528 2061 magis
565 1990 840 2048 confoveri
878 1992 1075 2070 possit,
1120 1994 1166 2049 si
1212 1995 1452 2066 undique
1504 1997 1831 2055 constrictus

258 2080 350 2147 sit,
375 2080 461 2136 vel
487 2096 596 2136 non
619 2082 866 2153 impediri
886 2083 956 2138 ad
982 2097 1199 2141 omnem
1221 2100 1337 2140 rem
1359 2100 1526 2156 quam
1547 2102 1710 2158 agere
1731 2102 1830 2157 pa-

257 2179 363 2227 rat.
395 2170 473 2227 De
509 2188 739 2234 numero
783 2183 962 2231 autem
1007 2175 1445 2233 indumentorum
1486 2177 1616 2233 nihil
1647 2193 1833 2248 possu-

261 2277 380 2318 mus
401 2262 608 2329 ‘dicere,
640 2278 764 2318 cum
798 2263 1085 2327 manifesta
1119 2265 1432 2322 definitione
1471 2269 1832 2339 perscriptum

258 2353 350 2420 sit,
397 2354 451 2409 in
475 2369 584 2425 quo
624 2355 795 2411 dicit:
828 2355 932 2422 Qui
961 2356 1113 2412 habet
1157 2358 1292 2412 duas
1336 2360 1563 2426 tunicas,
1596 2360 1680 2414 det
1727 2377 1831 2415 non

258 2443 467 2499 habenti
512 2461 676 2499 unam
699 2443 848 2518 (Luc.
876 2448 982 2516 tu).
1013 2447 1089 2502 Ex
1114 2464 1222 2518 quo
1251 2448 1368 2504 sine
1395 2449 1558 2505 dubio
1580 2450 1715 2505 duas
1737 2450 1830 2504 ha-

258 2534 391 2590 bere
418 2534 661 2591 illicitmn
701 2544 804 2593 est.
835 2535 1041 2605 Quibus
1072 2555 1199 2610 ergo
1224 2537 1425 2595 habere
1452 2539 1588 2595 duas
1616 2540 1831 2596 tunicas

260 2639 367 2679 non
399 2623 548 2692 licet,
587 2626 676 2682 his
699 2628 968 2699 quomodo
997 2628 1199 2700 aliquid
1238 2630 1308 2685 de
1332 2629 1648 2687 diversitate
1678 2630 1831 2687 indu-

258 2725 562 2773 mentorum
582 2720 804 2790 prtrcipi
828 2702 1039 2790 potest?

678 2809 707 2883 ς
736 2809 802 2867 v.
830 2843 900 2852 —
921 2811 1057 2869 Item
1091 2815 1228 2886 (cap.
1259 2813 1402 2887 ita).
1746 2886 1751 2893 ,

331 2898 595 2972 lnterrog.
635 2902 665 2942 δ
697 2902 839 2971 Quid
890 2911 976 2960 est
1017 2906 1544 2978 perperamagere?
1573 2936 1643 2948 —
1668 2905 1827 2977 Resp.

1936 545 2068 600 pore
2091 530 2285 585 hiemis
2310 538 2363 585 et
2389 532 2439 585 in
2474 541 2713 601 tempore
2739 535 2962 588 mstatis.
2988 534 3103 590 Non
3128 537 3267 591 idem
3298 540 3519 596 habitus

1932 628 2019 674 est
2043 620 2318 689 operantis
2347 630 2402 676 et
2429 622 2758 690 quiescentis
2787 641 2799 676 :
2832 640 2933 679 nec
2960 626 3147 695 militis
3170 627 3312 684 idem
3349 640 3435 686 est
3461 638 3518 687 et

1933 710 2151 781 privati,
2197 726 2372 781 neque
2400 711 2502 765 viri
2527 712 2668 767 idem
2696 712 2789 782 qui
2815 713 3078 770 mulieris.

2310 799 2339 872 ς
2368 801 2477 857 VII.
2499 834 2569 842 --
2589 801 2726 857 Item
2756 804 2892 877 (cap.
2925 806 3027 860 144
3057 809 3126 877 ο).

2003 884 2268 958 Interrog.
2295 886 2353 942 Si
2375 888 2497 958 quis
2523 891 2792 959 pretiosas
2816 901 2993 948 vestes
3018 893 3257 963 abjiciat,
3286 898 3396 967 ipsa
3424 916 3517 956 au-

1934 986 2044 1033 tem
2091 979 2404 1036 indumenta
2453 980 2646 1037 viliora
2694 983 2891 1052 quibus
2935 986 3130 1053 utitur,
3168 990 3254 1044 vel
3305 992 3515 1048 calcea-

1934 1077 2115 1124 menta
2166 1069 2243 1126 ita
2290 1071 2590 1142 composite
2636 1080 2841 1139 utatur,
2877 1084 2938 1129 ut
3003 1078 3222 1132 studeat
3263 1080 3512 1137 decorem

1931 1158 2059 1214 inde
2087 1158 2323 1230 aliquem
2346 1176 2561 1232 capere,
2592 1163 2636 1218 si
2659 1174 2850 1233 peccat
2870 1174 2967 1221 aut
2989 1166 3122 1223 vitio
3148 1168 3329 1239 aliquo
3356 1172 3414 1226 id
3434 1172 3514 1226 fa-

1932 1264 2056 1305 cere
2080 1251 2356 1320 putandus
2375 1252 2497 1308 est?
2539 1282 2611 1293 —
2639 1253 2798 1325 Resp.
2842 1254 2945 1325 Qui
2995 1257 3107 1312 vult
3136 1273 3236 1328 per
3259 1259 3512 1316 decorem

1931 1335 2148 1393 habitus
2172 1338 2388 1409 placere
2412 1341 2743 1409 hominibus,
2770 1344 3118 1402 manifestum
3142 1357 3228 1406 est
3260 1348 3419 1419 hujus
3440 1351 3517 1420 ip-

1932 1428 2047 1484 sius
2089 1429 2208 1487 vitii
2260 1431 2579 1503 aegritudine
2621 1432 2895 1502 laborare,
2932 1437 2982 1491 id
3036 1444 3144 1503 est,
3202 1439 3516 1496 hominibus

1930 1520 2177 1591 placendi
2210 1540 2223 1577 :
2261 1534 2318 1578 et
2341 1532 2550 1580 certum
2574 1533 2660 1581 est
2689 1534 2924 1582 mentem
2947 1525 3123 1600 ejusa
3158 1528 3268 1593 Deo
3296 1529 3534 1602 longius

1930 1612 2179 1683 evagari;
2231 1613 2327 1669 sed
2368 1603 2449 1670 et.
2467 1615 2571 1670 hoc
2619 1615 2795 1686 ipsum
2845 1624 2931 1672 est
2980 1617 3171 1674 vitium
3224 1634 3512 1690 perperam

1931 1717 2112 1776 agere,
2144 1704 2632 1763 cumindumeutis
2668 1706 2752 1763 vel
2798 1707 3183 1765 calceamentis
3229 1724 3338 1764 non
3382 1726 3511 1767 usus

1855 1780 1914 1841 B‘
1930 1809 2093 1851 causa
2118 1795 2309 1851 utitur.

2311 1889 2492 1963 §VIIL
2526 1919 2597 1929 —
2624 1889 2759 1945 Item
2792 1881 2929 1962 (cap.
2959 1890 3030 1944 45
3060 1890 3126 1962 ἲ).

2000 2004 2262 2076 Interrog.
2290 2003 2447 2072 Quali
2474 2003 2670 2059 affectu
2694 2011 2910 2074 oportet
2948 2004 3196 2074 accipere
3229 2005 3316 2059 vel
3347 2006 3511 2060 vesti-

1930 2106 2173 2151 mentum
2211 2096 2297 2152 vel
2331 2095 2749 2151 calciamentum
2783 2095 3163 2166 qualecunque
3205 2095 3409 2150 fuertt?
3436 2125 3508 2136 -—

1934 2183 2091 2255 Resp.
2119 2183 2398 2254 Siquidem
2423 2183 2588 2240 breve
2612 2192 2707 2239 aut
2730 2184 2934 2256 grande
2961 2192 3048 2240 est
3096 2186 3165 2241 ad
3196 2199 3508 2241 mensuram

1932 2281 2154 2328 staturae
2177 2288 2305 2335 sum,
2337 2281 2443 2328 etc.
3388 2264 3413 2279 ’

1986 2362 2014 2434 §
2042 2362 2135 2418 1X.
2164 2391 2237 2403 --
2267 2362 2347 2417 Ex
2369 2360 2591 2419 Rasum
2626 2376 2814 2419 sucu
2850 2363 3147 2420 Ancus'ruvt
3175 2364 3316 2436 (cap.
3340 2364 3454 2436 54).

2007 2456 2034 2494 ε
2060 2453 2250 2512 Vestes
2273 2462 2485 2509 vestras
2512 2454 2542 2495 ιι
2575 2454 2630 2509 in
2657 2470 2764 2509 uno
2795 2455 2992 2511 habete
3016 2456 3117 2511 sub
3136 2472 3243 2512 uno
3260 2457 3504 2522 custode,

1931 2544 2018 2601 vel
2042 2545 2270 2610 duobus,
2301 2544 2386 2600 vel
2411 2552 2546 2615 quot
2564 2544 2816 2602 sufficere
2839 2548 3197 2621 potuerinud
3223 2563 3317 2604 eas
3342 2561 3507 2603 excu-

1935 2637 2164 2701 tiendas,
2194 2652 2262 2691 ne
2300 2653 2329 2692 a
2357 2639 2502 2692 tinea
2533 2637 2816 2716 laedantur.
2854 2639 2922 2694 Et
2949 2640 3091 2695 sicut
3121 2642 3409 2711 pascimini
3437 2642 3505 2696 ab

1931 2744 2042 2784 uno
2070 2728 2314 2795 cellario,
2360 2729 2441 2785 sic
2467 2729 2753 2784 induimini
2787 2745 2852 2784 ex
2882 2746 2991 2786 uno
3039 2730 3311 2786 vestiario.
3339 2732 3431 2794 Et,
3462 2731 3509 2787 si

1934 2818 2050 2875 fieri
2070 2828 2270 2891 potest,
2300 2822 2323 2861 ti
2360 2836 2466 2877 non
2495 2820 2565 2876 ad
2595 2835 2691 2876 vos
2729 2820 2998 2891 pertineat
3030 2818 3044 2873 i
3083 2821 3214 2892 quid
3243 2821 3396 2875 vobis
3425 2821 3510 2875 in—

1935 2910 2206 2967 duendum
2260 2927 2360 2983 pro
2423 2912 2682 2983 temporis
2726 2913 3075 2985 congruentia
3127 2910 3435 2984 proferatur
3488 2929 3501 2966 :

264 3001 288 3030 ¢
307 2989 459 3059 Quod
484 3007 593 3048 non
613 3002 836 3065 propter
856 3009 985 3052 usus
1007 2998 1363 3063 necessarios,
1384 2998 1478 3053 scd
1491 2996 1578 3054 vel
1596 2998 1832 3054 maxime
1870 3067 1903 3074 _
1935 3009 2115 3057 utrum
2148 3002 2251 3058 hoc
2281 3002 2511 3073 recipiat
2552 3003 2922 3074 unusquisque
2952 3011 3191 3058 vestrum
3220 3003 3365 3073 quod
3409 3002 3508 3056 de-

261 3093 484 3141 ornatus
507 3099 669 3142 causa
690 3085 777 3143 vel
805 3086 1014 3144 decoris
1041 3086 1267 3161 alicujus
1294 3089 1371 3156 fit,
1404 3090 1508 3147 hoc
1533 3098 1619 3147 est
1640 3104 1836 3163 perpe-
1860 3067 1904 3130 (ἶ
1934 3101 2209 3162 posuerat,
2258 3109 2327 3148 an
2354 3067 2500 3149 aliud
2519 3095 2663 3164 quod
2686 3067 3138 3158 alter-habuerat,
3169 3067 3294 3148 dum
3328 3101 3515 3149 tamen

261 3191 377 3233 ram
399 3191 580 3250 agere.

644 3266 672 3339 θ
699 3266 786 3323 v1.
813 3294 889 3310 -
911 3267 1049 3325 nm
1068 3269 1200 3343 (cap.
1234 3269 1338 3324 us
1374 3269 1447 3342 ιι).

331 3356 593 3430 Interrog.
630 3358 762 3428 Quis
793 3359 991 3431 estqui
1021 3359 1089 3416 ab
1110 3360 1367 3433 Apostolo
1395 3361 1594 3417 dicitur
1615 3360 1834 3417 habitus

256 3446 537 3505 ordinatus
564 3447 617 3521 (I
649 3449 785 3504 Tim.
817 3450 879 3522 tt)
896 3450 919 3506 it
937 3478 1007 3490 -—
1025 3449 1183 3523 Resp.
1200 3451 1250 3507 ls
1271 3452 1362 3521 qui
1382 3451 1677 3506 secundum
1699 3463 1828 3520 pro-

256 3539 491 3610 positum
516 3539 941 3612 uniuscujusque
966 3542 1223 3597 honestus
1247 3550 1349 3605 est,
1374 3556 1505 3597 usus
1526 3540 1610 3595 vel
1634 3552 1843 3595 secun-m

256 3629 386 3684 dum
429 3629 629 3698 locum,
659 3632 746 3687 vel
791 3631 1084 3688 secundum
1133 3641 1366 3703 tempus,
1402 3628 1484 3685 vel
1536 3633 1831 3686 secundum

329 3776 356 3805 ι
386 3763 470 3819 Ne
505 3766 777 3836 pecuniam
804 3765 1049 3821 haberent
1081 3767 1138 3820 in
1164 3766 1307 3820 zonis
1345 3766 1475 3836 suis.
1512 3763 1674 3836 Zonm
1700 3761 1829 3819 olim

258 3833 335 3889 ita
361 3833 517 3890 erant
539 3837 868 3906 compositae,
898 3843 961 3891 ut
987 3837 1042 3890 in
1075 3836 1179 3890 illis
1206 3835 1432 3906 pecunia
1460 3834 1678 3906 recondi
1705 3849 1831 3906 pos:

257 3915 362 3969 set,
403 3913 463 3959 ut
509 3902 717 3960 clarum
761 3914 939 3962 estex
989 3905 1080 3961 illo
1118 3902 1262 3961 dicio
1306 3905 1598 3959 Alexandri
1640 3902 1830 3967 Severi

255 3976 398 4046 apud
430 3974 800 4046 Lampridium
829 3993 843 4029 :
877 3992 896 4026 α
926 3975 1076 4031 Miles
1104 3990 1211 4031 non
1246 3976 1398 4046 timet
1439 3974 1544 4028 nisi
1570 3974 1827 4046 vestitus,

257 4041 520 4112 armatus,
564 4041 848 4111 calciatus,
891 4053 945 4098 et
980 4053 1152 4110 satur,
1198 4053 1254 4099 et
1297 4045 1501 4099 habens
1538 4042 1737 4111 aliquid
1770 4041 1825 4097 in

258 4114 471 4170 zonula.
505 4135 523 4167 ι
579 4115 836 4171 Oratione
878 4114 1106 4171 Gracchi
1154 4117 1294 4185 apud
1322 4113 1575 4185 Gellium,
1614 4113 1705 4168 lib.
1734 4126 1825 4177 xv,

256 4198 377 4256 cap.
398 4184 508 4256 li:
544 4202 562 4236 ι
593 4186 773 4241 Zonas
801 4201 938 4255 quas
961 4185 1147 4255 plenas
1173 4185 1381 4255 argenti
1407 4184 1595 4256 egtuli,
1641 4197 1835 4256 cases

255 4250 536 4324 provincia
566 4264 764 4310 vacuas
789 4250 979 4310 retuli:
1002 4275 1020 4307 ι
1053 4255 1118 4309 Et
1144 4271 1209 4311 ex
1236 4250 1412 4310 edicto
1439 4253 1716 4324 Pescennii
1740 4250 1829 4324 Ni-

256 4325 341 4447 ἷξνί
366 4326 506 4395 apud
541 4324 887 4394 Spartianum
918 4344 931 4378 :
962 4343 981 4376 ‹
1010 4326 1153 4380 Idem
1176 4325 1337 4392 jussit
1367 4339 1433 4379 ne
1460 4325 1514 4378 in
1541 4323 1692 4378 zonis
1720 4323 1827 4376 mi-

282 4395 382 4447 ites
412 4395 481 4447 ad
506 4395 707 4447 bellum
729 4410 921 4447 aureos
941 4396 1023 4447 vel
1055 4406 1337 4447 argenteos
1369 4409 1615 4447 nummos
1644 4401 1827 4447 porta-

412 4395 481 4449 ad
506 4395 921 4490 bellumlaureos
941 4396 1023 4449 vel
1055 4406 1337 4490 argentatis
1369 4409 1615 4490 ntltjmmos
1644 4401 1827 4490 perta-
1852 4429 1903 4490 D

259 4472 403 4534 rent,
454 4464 551 4520 sed
597 4466 810 4534 publice
850 4464 1310 4521 commendarent.
1344 4484 1367 4517 ι.
1411 4464 1547 4519 Hinc
1601 4476 1827 4534 prover—

257 4533 429 4600 bium,
463 4529 650 4589 zonain
676 4535 911 4607 perdere,
957 4537 1096 4604 apud
1127 4535 1406 4591 Horatium
1438 4533 1531 4588 lib.
1570 4529 1630 4599 tf,
1657 4548 1744 4604 ep.
1769 4529 1824 4585 2.

385 4644 481 4697 Ibit
505 4658 566 4697 eo
587 4658 684 4709 quo
707 4649 798 4708 vis,
826 4647 909 4709 qui
933 4659 1097 4696 zonam
1121 4645 1353 4709 perdidit,
1380 4644 1558 4707 inquit.

260 4750 473 4805 Dicitur
499 4751 566 4806 de
594 4751 812 4806 homine
835 4750 982 4805 omni
1011 4764 1174 4804 censu
1199 4757 1251 4803 et
1275 4748 1500 4818 pecunia
1544 4748 1827 4818 exhausto.

265 4820 418 4877 Unde
437 4828 490 4877 et
514 4820 827 4877 decoctores
854 4830 909 4874 et
931 4820 1134 4875 similes
1171 4817 1402 4877 aui’non
1430 4826 1555 4873 sunt
1576 4817 1832 4873 solvendo

263 4907 455 4963 zonam
481 4905 683 4963 ponere
703 4900 984 4963 coguntur.

334 4961 363 5001 ιι
387 4955 529 5026 Quid
558 4971 632 5015 est
664 4955 933 5031 perperam
975 4976 1149 5031 agere,
1179 4967 1282 5013 etc.
1324 4956 1731 5031 Habetur‘apud
1768 4955 1828 5010 S.

263 5024 519 5155 838mg?!
548 5024 737 5085 interr.
756 5024 835 5084 ⁷49
866 5024 1055 5100 Regni.
1087 5030 1263 5095 brev.,
1300 5038 1353 5083 et
1379 5027 1519 5098 apud
1556 5024 1835 5090 Ruﬁnum,

263 5117 383 5155 can.
496 5141 508 5154 .

367 5140 383 5155 .
432 5117 448 5153 ι
496 5141 508 5154 .

391 5117 544 5247 ριὶέά
557 5179 907 5247 _non_p_ropter
926 5168 1416 5247 ususnecessarios,
1444 5174 1548 5247 etc.
1691 5163 1834 5218 hunc

265 5240 440 5296 locum
468 5240 527 5295 S.
557 5241 736 5295 Basilii
768 5238 1001 5309 respexit
1038 5238 1234 5310 Sttidas
1271 5253 1391 5310 cum
1423 5238 1642 5310 scripsit
1670 5249 1684 5287 :
1707 5245 1835 5310 prp-

266 5313 444 5388 περεία
469 5311 513 5391 ὅ)
528 5317 596 5378 μὴ
618 5311 704 5366 διὰ
732 5305 933 5381 χρείᾶν,
949 5310 1070 5365 ἀλλὰ
1091 5308 1174 5363 διὰ
1193 5308 1544 5392 καλλςυπισμὸν
1564 5305 1835 5426 ungulatis.-

269 5383 494 5437 Gévtrat'
526 5379 553 5437 ὃ
596 5386 679 5436 καὶ
713 5384 745 5437 ἡ
780 5381 989 5437 Blaesis:
1034 5382 1117 5433 καὶ
1153 5398 1450 5437 agone-rcta.
1486 5374 1541 5427 ld
1582 5387 1640 5427 es
1672 5414 1687 5437 ,
1723 5392 1741 5424 ‹
1781 5373 1835 5428 Id

269 5381 553 5438 ϐάληται-ἶ
596 5386 679 5436 καὶ
713 5384 745 5441 ἡ
779 5381 989 5453 motusic:
1034 5382 1117 5433 καὶ
1153 5382 1450 5454 προπέτεια.
1486 5381 1541 5427 ltl
1582 5381 1687 5438 est,
1723 5392 1741 5424 ε
1781 5381 1834 5428 id

266 5453 409 5522 quod
448 5467 554 5507 non
598 5463 819 5524 propter
845 5449 1245 5524 necessitatem,
1289 5448 1380 5501 sed
1429 5452 1834 5524 propter_orna-

270 5517 383 5575 tum
429 5517 739 5576 assumitur.
773 5520 924 5586 Quod
953 5526 1007 5572 et
1051 5517 1417 5586 mollities,__et
1458 5517 1831 5586 praecipitatio,

268 5602 324 5645 et
351 5592 649 5647 temeritas.
681 5611 699 5644 ι
732 5583 957 5658 Είεψιιά
976 5586 1221 5644 eumdem
1249 5594 1301 5641 et
1329 5583 1652 5659 Hesychiutn
1675 5599 1692 5659 _:
1718 5584 1834 5659 ῐιὲρ-

268 5682 427 5736 ηρος
470 5662 497 5718 ὅ
543 5663 671 5734 μιτά
718 5651 956 5736 Sintia;
1003 5659 1401 5736 £MPF‘V?£,.X..
1432 5651 1481 5736 rm.
1522 5654 1602 5736 Δλ.,
1635 5651 1831 5736 id‘es'tz

277 5746 296 5780 ι
322 5723 607 5805 perperam
641 5723 825 5802 agens,
853 5723 1110 5803 quiucutn'
1131 5723 1359 5782 mollitie
1389 5723 1606 5780 inﬂatus
1642 5730 1744 5787 cst,
1777 5728 1835 5776 ut

1937 3184 2225 3254 unicuique
2271 3185 2415 3254 quod
2445 3187 2642 3256 cuique
2672 3199 2808 3255 opus
2851 3192 2936 3241 est
2979 3200 3086 3240 non
3118 3191 3366 3255 negetur.
3398 3183 3424 3223 ιι
3448 3183 3510 3240 Si

1940 3282 2116 3330 autem
2149 3275 2276 3331 hinc
2321 3276 2464 3331 inter
2488 3291 2585 3332 vos
2619 3278 2991 3333 contentiones
3041 3282 3094 3328 et
3123 3274 3509 3329 murmuratio-

1933 3380 2030 3420 nes
2056 3365 2321 3429 oriuntur,
2360 3364 2379 3404 ι
2411 3381 2534 3423 cum
2562 3366 2806 3436 queritur
2826 3365 3023 3434 aliquis
3045 3364 3284 3419 deterius
3330 3380 3391 3419 se
3417 3380 3511 3419 ac—

1934 3456 2145 3523 cepisse
2165 3469 2329 3523 quam
2356 3455 2507 3524 prius
2536 3455 2818 3517 habuerat,
2842 3466 2881 3493 ιι·
2916 3460 2972 3508 et
2999 3453 3275 3523 indignum
3302 3467 3363 3508 se
3388 3467 3511 3509 esse

1933 3553 1962 3581 τι
1977 3543 2069 3612 qui
2093 3543 2167 3595 ita
2180 3542 2441 3596 vestiatur
2461 3540 2598 3596 sicut
2620 3541 2756 3596 alius
2778 3539 2946 3594 frater
2968 3540 3083 3610 ejus
3107 3539 3356 3603 vestitur,
3379 3539 3509 3595 hinc

1933 3648 2029 3689 vos
2062 3632 2289 3706 probate
2338 3640 2600 3704 quantum
2631 3630 2785 3687 vobis
2836 3630 2975 3686 desit
3003 3629 3057 3684 in
3104 3628 3195 3684 illo
3241 3629 3511 3691 interiore

1929 3768 2147 3837 loquax,
2189 3780 2447 3837 praeceps,
2468 3763 2626 3837 Anihil
2660 3780 2782 3837 cum
2802 3765 3037 3837 ratione
3083 3778 3269 3837 agens.
3301 3782 3320 3815 ι
3350 3764 3508 3837 Apud

1932 3834 2207 3893 aucloreni
2233 3834 2814 3910 veterisuElytnulqgitti
2843 3852 2855 3887 :
2884 3838 3153 3908 Πὲρπερος,
3180 3834 3427 3910 φλύαρος-ἶ,
3450 3835 3506 3910 id

1929 3916 2033 3971 est,
2065 3915 2326 3978 nugator;
2359 3893 2637 3979 etibidcm
2666 3893 2842 3960 :‘bew
2870 3893 2957 3979 καί
2988 3893 3357 3979 πίρτὲἐρὲύςτὲιι
3382 3893 3502 3979 ὴᾷντι

1930 3984 2023 4056 ςοῦ
2055 3976 2383 4056 μαιὲαεοῦςται,
2414 3976 2639 4037 tit-tamet,
2669 3977 3032 4055 zarsnaipsrat
3056 3976 3199 4042 pars
3235 3976 3498 4056 βλειχείας.

1929 4047 1984 4101 ld
2014 4043 2119 4111 est,
2154 4064 2170 4097 ‹
2200 4045 2327 4100 inde
2358 4054 2413 4099 et
2444 4059 2727 4113 perperam
2752 4043 3005 4115 agit,'pro
3041 4058 3126 4110 eo,
3164 4043 3256 4115 qui
3296 4043 3502 4099 frustra

1928 4116 2134 4240 itliquid
2172 4126 2228 4171 et
2274 4115 2581 4187 petulanter
2620 4116 2751 4186 agit,
2780 4114 2872 4185 Qui
2908 4131 3030 4170 cum
3078 4114 3301 4170 mollitie
3331 4115 3506 4170 extul—
3568 4156 3575 4161 .

1950 4196 2073 4240 itur.
2110 4206 2128 4239 ι

1950 4196 2073 4240 ιῐὶΙΓ.
2110 4206 2128 4239 ι

1998 4255 2026 4296 ἀ
2057 4248 2251 4312 Interr.
2283 4253 2410 4317 2l0,
2452 4261 2506 4308 et
2537 4268 2653 4324 cap.
2689 4252 2755 4308 75
2789 4251 2990 4324 Rufini.

2002 4338 2024 4365 θ
2056 4326 2246 4381 lnterr.
2278 4325 2347 4379 50
2372 4323 2767 4396 llegulte'fbrcv.
2794 4332 2854 4396 et
2886 4323 3066 4377 Rufini
3097 4338 3217 4393 cap.
3249 4324 3337 4380 75.

2004 4396 2024 4434 ί
2063 4398 2197 4451 Vide
2225 4411 2387 4466 supra
2416 4392 2533 4465 cap.
2561 4395 2650 4459 72,
2682 4392 2831 4466 §_f22.

2002 4467 2028 4505 ε
2066 4466 2236 4519 Vestes
2283 4460 2500 4530 uestras,
2538 4474 2642 4519 etc.
2685 4460 2821 4517 ’Πιῡο
2846 4462 3026 4515 videre
3067 4467 3149 4531 est
3199 4462 3251 4531 in
3296 4460 3504 4531 Regula

1931 4536 1988 4608 S.
2027 4535 2313 4608 Augustini
2359 4528 2581 4599 excusa,
2606 4549 2726 4604 cap.
2757 4531 2848 4597 26,
2879 4539 2933 4585 et
2982 4531 3035 4586 in
3071 4528 3312 4598 ejusdem
3338 4528 3498 4601 epist.

1999 4679 2025 4716 ιι
2054 4675 2122 4729 In
2152 4692 2254 4730 uno
2285 4674 2484 4728 habete.
2514 4671 2591 4725 lta
2623 4672 2675 4726 in
2697 4671 2815 4727 cod.
2852 4686 2949 4726 ms.
2985 4670 3180 4736 Corb.;
3210 4668 3266 4724 in
3295 4667 3503 4736 Regula

1930 4760 2151 4810 excusa,
2174 4745 2232 4799 in
2260 4759 2422 4797 unum
2453 4742 2708 4811 habeatis.
2760 4741 2817 4795 ln
2844 4740 3098 4811 (epistola,
3128 4740 3183 4793 in
3235 4756 3340 4793 uno
3385 4740 3503 4795 loco

1930 4815 2132 4879 habete,
2164 4822 2333 4877 recte,
2365 4821 2424 4865 ut
2451 4812 2503 4864 in
2529 4810 2633 4866 fine
2661 4810 3088 4879 capituli'hujus.

2008 4887 2020 4960 ξ
2054 4876 2267 4960 [found
2294 4899 2380 4960 nos
2408 4881 2683 4960 pertineat.
2712 4876 2993 4960 Id.est,.ne‘
3016 4876 3229 4960 solliciti
3253 4877 3392 4960 sitis.

2002 4952 2017 5004 i
2061 4952 2201 5017 Quid
2231 4952 2372 5005 vobis
2400 4945 2746 5002 induendum.
2783 4948 2858 5002 lta
2908 4948 2962 5000 in
2989 4950 3108 5003 cod.
3137 4947 3318 5017 (Corh.
3348 4956 3404 5017 et
3430 4945 3500 5017 in

1930 5015 2097 5092 epist:
2116 5020 2300 5077 Recte.
2331 5020 2401 5073 At
2432 5019 2483 5072 in
2524 5017 2730 5088 Regula
2757 5031 2977 5084 excusa,
3009 5015 3147 5088 quod
3180 5016 3503 5095 vobisjndu-

1931 5101 2335 5214 melusuimautem
2375 5156 2494 5208 hinc
2525 5155 2660 5209 inter
2684 5172 2792 5214 vos,
2833 5162 2941 5210 etc.
2971 5153 3097 5209 llmc
3134 5155 3401 5209 habentur
3445 5152 3503 5207 in

1933 5230 2134 5301 Regula
2183 5226 2241 5282 S.
2288 5225 2533 5291 Caesarii,
2570 5242 2687 5296 cap.
2718 5225 2805 5289 26,
2838 5225 2931 5280 sed
2974 5224 3366 5295 quodammodo
3397 5222 3499 5276 im-

2213 5367 2469 5438 queritur.
2500 5364 2557 5418 In
2588 5365 2772 5438 cpist.,
2802 5375 2850 5418 et
2878 5362 3230 5438 conqueritur.

2003 5450 2047 5521 m_
2076 5430 2360 5507 Indignum
2379 5453 2433 5490 se
2454 5452 2582 5489 esse.
2615 5430 2672 5490 ld
2706 5444 2809 5495 est.
2843 5430 3001 5488 vilem
3028 5440 3082 5488 et
3111 5431 3376 5502 ahjectum
3403 5430 3506 5486 ha-

1932 5509 2163 5642 ὺθξιὶὶιιὶ
2192 5575 2267 5628 ita
2292 5575 2555 5629 vestiatur.
2582 5571 2659 5628 Ita
2689 5571 2743 5626 in
2772 5571 2891 5628 cod.
2919 5570 3081 5642 Corb.
3113 5578 3167 5627 et
3200 5568 3359 5628 Vind.
3390 5567 3503 5622 Ad-

1934 5641 2105 5727 denda
2134 5655 2313 5771 tarlnen
2350 5644 2612 5717 particula
2670 5660 2792 5709 non,
2834 5651 2891 5698 ut
2916 5643 2969 5697 in
2995 5641 3197 5716 Regula
3220 5653 3419 5698 excusa
3443 5644 3503 5697 et

1933 5720 1987 5774 in
2024 5725 2195 5787 cpisto
2217 5732 2268 5772 ιι.
3222 5766 3241 5779 ⁸
