3948 6182
274 400 413 459 {245

695 515 722 588 §
751 514 836 568 ΣΙ.
865 541 936 555 σ-
965 511 1100 566 Item
1137 512 1276 582 (cap.
1322 509 1430 582 15).

343 626 371 655 ι
397 611 711 681 Speciosam
728 607 812 662 vel
833 607 1039 661 variam
1063 601 1450 672 supellectilem
1477 599 1742 654 monacho
1760 599 1852 652 hac

269 701 404 757 bere
431 713 538 753 non
566 695 692 750 licet
723 712 736 748 :
771 692 926 764 cujus
950 699 1152 748 stratus
1188 690 1293 744 erit
1321 687 1547 744 historia
1568 696 1623 741 et
1642 695 1855 756 stragu-

273 791 411 856 lum,
433 790 460 829 δ
483 788 751 858 pellesque
776 785 991 849 lanatze,
1017 793 1038 822 ο
1065 781 1312 852 galnabis
1335 795 1550 850 quoque
1576 779 1853 850 geminus-

277 898 384 953 que
424 881 490 935 ad
538 887 701 948 caput
744 876 1015 946 pulvillus.
1055 873 1160 928 Per
1211 872 1452 943 singulas
1493 869 1857 926 hebdomadas
1898 906 1915 928 η,

280 971 446 1026 abbas
467 969 579 1023 sive
607 967 924 1037 pl‘mpositus
950 962 1174 1018 lectulos
1197 970 1513 1016 cunctorum
1543 958 1855 1028 prospiciat,

279 1076 348 1116 ne
378 1059 506 1128 quid
533 1058 768 1126 indigeat
793 1055 961 1110 frater
986 1069 1082 1109 seu
1112 1049 1438 1121 superﬂuum
1465 1050 1679 1104 habeat.

697 1147 958 1220 §xu.'—
985 1145 1118 1199 Item
1150 1144 1288 1216 (cap.
1319 1142 1434 1210 20).

352 1241 377 1280 ιι
405 1241 506 1307 Qui
533 1239 786 1293 vestiaria
813 1235 1128 1291 monasterii
1157 1234 1400 1303 suscipit,
1425 1244 1447 1272 ο
1467 1232 1668 1301 quique
1695 1231 1860 1286 etiam

285 1331 373 1384 fila
396 1329 611 1384 diversa
633 1342 730 1398 pro
745 1324 1069 1382 consuendis
1095 1322 1338 1378 vestibus
1363 1321 1592 1376 fratrum
1621 1320 1861 1386 habebit,

285 1430 338 1473 ct
390 1418 818 1488 quibuscunque,
866 1425 927 1470 ut
961 1429 1183 1470 necesse
1230 1422 1336 1478 est,
1384 1411 1729 1466 ministrabit.
1781 1409 1864 1464 Ad

289 1507 433 1560 hunc
461 1519 675 1574 quoque
697 1503 992 1574 pertinebit
1010 1517 1203 1555 aurum
1228 1509 1284 1557 et
1310 1509 1618 1572 argentum,
1642 1507 1866 1553 extera-

288 1601 394 1664 que
427 1593 445 1632 ί
477 1593 622 1648 facta
655 1591 961 1661 infectaque
995 1591 1120 1647 teris
1157 1590 1394 1660 ferrique
1425 1589 1638 1647 metalla
1670 1607 1684 1642 :
1714 1587 1865 1646 ordi-

290 1684 438 1739 natio
467 1697 682 1752 quoque
713 1681 1110 1746 linteariorum,
1146 1679 1431 1744 fullonum,
1463 1680 1488 1719 ε
1510 1677 1863 1744 cerariorum,

291 1783 452 1844 atque
485 1789 540 1828 sa
551 1781 777 1825 rtorum.

467 1862 494 1934 §
525 1862 658 1916 Xlll.
687 1891 759 1901 ——
786 1860 861 1914 Ex
901 1859 1176 1914 Docrnuu
1209 1873 1395 1914 SANCTI
1435 1859 1690 1913 Oasxesu.

359 1954 386 1994 ιι
420 1953 619 2018 Nolite,
641 1954 870 2008 obsecro
895 1966 1015 2017 vos,
1038 1950 1280 2006 oblivisci
1312 1949 1478 2005 semel
1515 1949 1717 2019 arrepti
1747 1963 1872 2018 pro-

291 2045 475 2117 positi,
505 2053 562 2100 et
590 2044 908 2099 traditiones
951 2044 967 2083 ί
1024 2041 1202 2097 Patris
1225 2043 1396 2096 nostri
1427 2040 1600 2096 scalas
1624 2049 1874 2110 putemus

294 2136 362 2190 ad
389 2134 648 2190 ccelorum
698 2148 860 2203 regna
918 2132 1220 2187 tendentes.
1273 2129 1350 2185 Ne
1403 2131 1721 2186 desideretis
1752 2144 1872 2198 quae

295 2233 421 2280 ante
448 2221 953 2280 calcastis.‘SulIicit
979 2221 1136 2277 nobis
1157 2221 1359 2277 habere
1392 2221 1534 2292 quod
1561 2220 1766 2276 homini
1795 2235 1877 2274 sa-

296 2315 386 2379 tis,
417 2313 431 2365 i
477 2315 583 2370 duo
624 2314 960 2378 levitonaria,
989 2322 1045 2368 et
1069 2313 1216 2367 aliud
1246 2313 1511 2374 attritum,
1541 2319 1596 2366 et
1627 2312 1652 2352 ιι
1683 2311 1876 2382 pallio-

299 2405 410 2459 lum
449 2405 674 2470 lineum,
708 2402 727 2442 ι
756 2404 892 2458 duos
929 2402 1193 2468 cultellos,
1226 2418 1416 2458 zonam
1438 2401 1660 2466 lineam,
1682 2412 1722 2439 ω
1753 2400 1874 2470 gal-

297 2487 456 2562 licas,
477 2496 694 2567 pellem,
719 2503 776 2550 et
814 2495 1039 2566 virgam.
1068 2493 1165 2550 Cui
1206 2495 1565 2550 ministerium
1591 2492 1804 2562 aliquod
1823 2499 1880 2547 et

298 2645 554 2714 Regulae:
585 2662 602 2695 ‹
631 2643 898 2699 Coronam
922 2643 1114 2714 capitis
1139 2659 1300 2714 quam
1326 2642 1572 2714 gestabat
1599 2641 1830 2698 amittat.
1853 2661 1872 2694 ι

299 2712 492 2771 Postea
519 2714 692 2770 Graeci
723 2715 972 2769 monachi
991 2712 1192 2768 attonsi
1207 2722 1332 2769 sunt
1359 2714 1413 2768 in
1444 2712 1658 2767 modum
1679 2714 1876 2778 crucis,

302 2796 362 2838 ut
389 2785 557 2854 liquet
585 2800 650 2839 ex
676 2783 986 2854 Graacorum
1027 2783 1375 2854 Euchologio,
1402 2783 1492 2838 ubi
1520 2783 1879 2854 insequentia

300 2855 522 2920 Novitii,
544 2854 696 2923 parvi
719 2861 774 2908 et
797 2853 977 2922 magni
1001 2855 1294 2908 schematis
1332 2853 1447 2908 haec
1474 2853 1638 2923 verba
1674 2862 1756 2906 ter
1785 2853 1881 2906 ha-

300 2926 498 2980 bentur
528 2921 602 2998 {6
624 2925 788 2998 lipsi);
827 2921 1052 2998 acceptus:
1092 2923 1255 2998 ᾳύτόν
1299 2921 1665 2998 σταυρρειόῶς)
1694 2923 1745 2998 i_d
1773 2930 1878 2986 est,

307 3013 325 3045 ι
365 2993 619 3048 sacerdos
640 2991 826 3048 tondet
854 2991 976 3047 eu'm
1007 2994 1059 3046 in
1086 2992 1314 3046 formam
1336 2991 1538 3046 crucis.
1572 3011 1590 3044 ι
1626 2991 1727 3058 Qui
1753 3007 1881 3044 vero

301 3066 447 3119 inter
474 3078 574 3118 nos
614 3065 782 3118 choro
829 3063 1064 3131 deputati
1117 3072 1260 3127 sunt,
1296 3070 1405 3115 toto
1454 3061 1628 3131 capite
1659 3063 1884 3116 tonden-

305 3143 415 3198 tur,
442 3142 666 3202 excepto
693 3133 934 3187 inferiori
955 3131 1272 3200 capillorum
1300 3131 1715 3202 circulo,_juxta
1743 3131 1883 3202 anti-

1227 396 1607 454 CONCORDIA
1651 392 2107 451 REGULARUM.
2146 425 2215 434 —
2252 393 2403 449 CAP.
2444 393 2600 448 LXII.

3381 390 3527 446 i246

1880 511 1932 566 Α
1957 505 2288 573 dispensatio
2318 503 2632 560 monasterii
2659 503 2918 566 creditur,
2941 501 3044 556 etsi
3086 517 3152 558 ex
3207 516 3270 557 ea
3317 501 3529 559 lucrum

1954 592 2139 660 faciat,
2177 594 2353 650 scelus
2386 601 2606 664 putetur
2625 593 3036 663 etsacrilegium
3063 593 3354 663 quidquam
3377 610 3444 649 ex
3466 609 3530 650 ea

1954 685 2289 754 contingere,
2315 693 2368 738 et
2403 685 2453 738 in
2480 684 2752 754 propriam
2799 693 3012 737 vertere
3045 693 3072 720 ιι
3111 684 3350 752 requiem
3379 687 3535 754 quasi

1955 775 2256 844 despiciens
2283 789 2377 828 eos
2427 775 2518 843 qui
2549 790 2653 828 non
2687 774 2887 826 habent
2931 781 2985 827 et
3029 773 3170 827 felici
3220 785 3537 843 paupertate

1957 874 2082 920 sunt
2107 866 2316 925 divites,
2343 874 2402 918 ut
2430 880 2534 918 non
2565 865 2735 919 solum
2761 867 2872 933 ipse
2899 866 3144 934 perierit,
3170 867 3262 920 sed
3294 875 3348 920 et
3378 876 3539 920 caete-

1958 971 2048 1010 ros
2077 966 2327 1024 provocet
2352 955 2418 1008 ad
2444 954 2796 1024 pereundum.
2831 953 2895 1006 Et
2928 955 3002 1006 illi
3054 957 3269 1022 quidem
3321 957 3412 1025 qui
3445 957 3534 1008 in-

1957 1052 2318 1100 curvaverunt
2343 1044 2610 1098 cervicem
2634 1057 2808 1106 suam,
2832 1050 2886 1095 et
2909 1058 3031 1095 cum
3059 1045 3205 1096 omni
3239 1045 3540 1098 humilitate

1959 1143 2014 1190 et
2039 1134 2326 1190 afﬂictione
2346 1133 2608 1204 lugentes,
2637 1139 2798 1201 atque
2821 1133 3137 1202 plangentes
3170 1133 3540 1202 inpnesentia—

1961 1239 2079 1278 rum
2110 1225 2429 1293 placuerunt
2447 1222 2586 1284 Deo,
2629 1235 2750 1275 cum
2781 1221 2845 1274 dc
2873 1221 3195 1289 corpusculo
3243 1222 3348 1276 isto
3394 1223 3544 1276 exie-

1964 1315 2074 1369 rint
2099 1313 2376 1376 ducentur,
2429 1319 2484 1365 et
2534 1311 2855 1366 aceumbent
2899 1325 3022 1365 cum
3055 1311 3258 1366 sanc‘.is
3285 1310 3538 1365 Patribus

1961 1404 2229 1459 omnibus.

1965 1531 2170 1605 §XIV.
2219 1562 2291 1574 -
2330 1532 2409 1588 Ex
2457 1531 2677 1674 REGU(LA
2723 1547 2911 1673 sagi)“
2968 1530 3243 1587 Fenneou
3305 1548 3540 1588 EPISCOPI

2622 1619 2737 1672 cap.
2886 1641 2900 1654 .

2622 1619 2737 1672 cap.
2787 1619 2900 1672 οι).

2037 1733 2110 1790 Ut
2146 1733 2460 1798 monachus,
2501 1732 2799 1801 quamlibet
2844 1731 3061 1786 delicati
3112 1733 3377 1802 corporis,
3407 1733 3547 1787 linea

1896 1849 1944 1908 Β
1971 1824 2040 1880 ad
2067 1822 2210 1878 nuda
2239 1823 2483 1893 corporis
2528 1837 2635 1876 non
2665 1830 2870 1888 utatur,
2909 1823 3034 1892 quia
3070 1823 3425 1897 incongruum
3469 1833 3552 1878 est

1971 1923 2031 1969 ut
2051 1929 2197 1978 caro,
2227 1929 2348 1983 qua:
2372 1926 2586 1981 semper
2613 1913 2745 1966 vitio
2771 1922 2976 1967 natura:
3004 1915 3267 1982 superbit,
3302 1915 3551 1969 mollibus

1970 2006 2220 2060 foveatur
2242 2003 2593 2067 indumentis,
2619 2011 2674 2057 et
2708 2002 2758 2057 ei
2784 2003 2941 2071 quasi
2976 2004 3158 2058 minus
3185 2005 3377 2059 validae
3399 2005 3553 2058 blan-

1972 2096 2175 2158 diatur,
2199 2109 2319 2164 qua:
2354 2093 2594 2162 quotidie
2631 2091 2698 2146 ad
2731 2095 3187 2163 expugnationem
3240 2095 3556 2148 animm'no-

1971 2199 2072 2238 vus
2108 2183 2328 2254 quidam
2363 2181 2637 2252 praeliator
2683 2190 2739 2236 et
2786 2180 3116 2237 fortissimus
3164 2193 3551 2238 commovetur.

1972 2275 2186 2330 Etenim
2237 2273 2399 2328 toties
2445 2279 2664 2342 reparat
2703 2271 2848 2326 vires
2886 2281 3076 2326 contra
3116 2272 3353 2325 animam
3389 2271 3556 2326 bella-

1974 2375 2118 2430 tura,
2147 2363 2360 2432 quoties
2383 2362 2586 2433 aliquid
2616 2360 2750 2416 velut
2781 2360 2983 2416 rebelle
3013 2361 3339 2432 mancipium
3365 2358 3556 2417 remis-

1975 2453 2143 2509 sionis
2163 2453 2453 2524 acceperit.

1976 2649 2030 2704 iu
2050 2658 2154 2723 est,
2184 2649 2432 2719 pallidus,
2464 2664 2572 2723 non
2613 2648 2820 2704 viridis.
2876 2647 3010 2723 Nam
3051 2649 3250 2723 χλωρὸς
3278 2651 3553 2723 θεῑῄειῑειιη

1976 2718 2317 2794 pallidus.._ut
2345 2719 2691 2794 manifestum
2726 2728 2809 2772 est
2848 2734 2914 2794 ex
2963 2718 3230 2794 Hesycliio
3274 2738 3290 2794 :_
3326 2721 3550 2794 χλῳρὸς,

1980 2787 2173 2860 ὦχρός,
2207 2789 2257 2843 id
2283 2798 2384 2851 est,
2414 2789 2662 2862 pallidus,
2685 2798 2737 2842 et
2767 2787 3098 2862 paulumne,
3118 2787 3463 2862 xlmpouvds'o';
3499 2793 3556 2844 τὸ

1981 2857 2554 2933 χῖὼροποιόνρκ.τ.λ.,
2587 2859 2638 2912 id
2685 2857 2786 2933 est,
2830 2857 3057 2933 pallidus
3091 2857 3253 2933 timor
3298 2860 3556 2933 pallidum

1980 2927 2220 2984 efﬁciens
2249 2946 2265 2982 :
2301 2929 2374 2982 ita
2427 2944 2559 2982 sane
2607 2927 2957 2996 explicandus
3002 2928 3090 2983 hic
3125 2928 3295 2993 locus,
3326 2944 3448 2983 cum
3483 2929 3553 2982 ti-

1982 3013 2101 3051 mor
2149 2999 2375 3052 viridem
2419 2998 2692 3064 hominem
2741 3014 2846 3052 non
2892 2998 3105 3052 elliciat.
3146 2996 3388 3051 Galhana
3413 3013 3559 3067 ergo

1983 3078 2110 3122 sunt
2137 3069 2455 3122 vestimenta
2499 3067 2719 3122 subalba
2752 3082 2872 3122 cum
2902 3067 3104 3135 pallore
3129 3067 3370 3121 incitato
3402 3066 3562 3123 Juve—

1983 3137 2120 3206 nalis
2164 3137 2318 3203 loco;
2365 3148 2555 3206 estque
2603 3137 3021 3200 substantivum,
3060 3151 3167 3190 non
3208 3136 3554 3206 adjectivum.

303 3194 466 3327 quam
498 3194 726 3257 formam
765 3194 1108 3266 clericorum,
1144 3217 1263 3271 qua:
1296 3194 1624 3282 statuitur'in
1651 3201 1882 3256 concilio
1908 3194 1952 3256 C
1985 3205 2095 3262 Nec
2143 3194 2423 3278 legendum
2457 3194 2690 3277 éalbina,
2725 3221 2822 3261 nec
2857 3194 3168 3276 galba'natus
3197 3194 3396 3260 inloco
3424 3205 3562 3260 Mar-

355 3274 569 3327 oletano
596 3288 670 3327 IV.
712 3288 832 3326 can.
860 3271 952 3327 46.
987 3279 1042 3326 et
1095 3273 1150 3326 in
1199 3271 1426 3326 concilio
1462 3271 1884 3327 Auuiscranensi
1989 3277 2264 3327 tinlis-sed
2291 3278 2568 3327 retinenda
2593 3278 2876 3327 utrohiaue
2905 3277 3123 3327 antinua
3153 3276 3328 3327 lectio.
3363 3277 3562 3327 Onam-

355 3274 569 3328 oletano
596 3288 670 3335 IV,
712 3288 832 3326 can.
860 3271 952 3334 46,
987 3279 1042 3326 et
1095 3273 1150 3326 in
1199 3271 1426 3326 concilio
1462 3271 1884 3340 Aquisgranensi

303 3345 406 3398 sub
450 3342 721 3396 Ludovico
749 3342 864 3404 Pio,
893 3356 1012 3410 cap.
1046 3342 1092 3405 l,
1137 3356 1204 3395 ex
1252 3339 1312 3395 8.
1350 3339 1555 3395 Isidoro
1594 3339 1716 3394 libr.
1749 3357 1788 3410 ii
1819 3341 1886 3395 de

303 3411 460 3470 Olﬁc.
493 3411 664 3475 Eccl.,
691 3427 810 3480 cap.
839 3411 891 3473 4,
921 3409 1041 3479 quae
1071 3411 1230 3464 etiam
1251 3411 1464 3464 videtur
1489 3411 1627 3480 apud
1657 3409 1714 3463 S.
1746 3409 1885 3480 gre-

307 3483 521 3554 gorium
543 3478 909 3554 Turonehsem
926 3478 987 3554 in
1013 3481 1401 3545 VitisPatrum,
1423 3478 1540 3548 cap.
1565 3479 1632 3554 _57
1658 3493 1672 3531 :
1701 3497 1720 3529 ε
1751 3478 1884 3532 Nam

307 3547 434 3607 cum
457 3560 615 3621 partu
656 3547 846 3606 fuisset
878 3550 1098 3614 etfusus,
1135 3565 1299 3621 omne
1339 3547 1502 3619 caput
1536 3547 1675 3621 eius,
1700 3557 1886 3621 ut_est

307 3619 643 3678 consuetudo
688 3622 1024 3689 nascentium
1065 3620 1382 3683 infantium,
1431 3619 1640 3689 capillis
1683 3619 1885 3689 nudum

311 3693 532 3762 quidem
572 3687 912 3762 servabatur,
938 3691 991 3744 in
1024 3689 1254 3744 circuitu
1285 3703 1414 3762 vero
1433 3687 1772 3762 modicorum
1801 3688 1886 3757 pi-

310 3757 490 3816 lorum
518 3761 650 3816 ordo
673 3762 939 3830 apparuit,
977 3768 1036 3814 ut
1067 3769 1287 3830 putares
1314 3757 1380 3811 ab
1399 3757 1599 3830 eisdem
1630 3771 1886 3830 coronam

312 3831 500 3885 clerici
547 3846 666 3885 esse
705 3827 994 3901 signatam.
1034 3827 1380 3901 {Pontifices
1433 3828 1625 3901 Grieci
1651 3827 1886 3881 medium

314 3901 578 3954 duntaxat
600 3895 782 3968 caput'
801 3899 1172 3962 attondeixant,
1199 3905 1256 3951 ut
1284 3897 1459 3968 docet
1503 3895 1560 3968 S.
1587 3897 1888 3968 Germanus

311 3971 620 4040 patriarcha
639 3966 1258 4040 Constantinopolitanus
1280 3967 1331 4019 in
1356 3967 1579 4036 mystica
1605 3966 1833 4040 Theoria
1869 3984 1883 4020 ε

307 4035 377 4114 Ϋᾷ
402 4038 456 4094 δὲ
484 4042 707 4114 ξύρισμα
732 4049 823 4114 τῆς
848 4035 1059 4114 κεφαλῆς
1089 4045 1180 4094 τοῦ
1207 4039 1382 4114 ἱερέως
1404 4079 1420 4114 ,_
1450 4040 1531 4092 καὶ
1556 4039 1613 4092 τὸ
1631 4035 1888 4114 γυροειδές

309 4111 467 4182 αὐτῷ
492 4107 927 4182 τμῆμά-ςὸ-μὲσοῦ
954 4118 1053 4165 τῶν
1082 4107 1315 4182 τριχῶὶς,
1370 4107 1422 4160 id
1468 4115 1570 4182 est,
1609 4107 1888 4182 (tonsura

309 4179 504 4248 capitis
524 4177 819 4248 pontificis,
849 4189 905 4234 et
931 4177 1159 4234 rotunda
1183 4177 1351 4248 ipsius
1389 4177 1557 4248 sectio
1595 4179 1889 4248 media_ca-

310 4245 583 4316 pillorutii.
623 4269 641 4300 ι
675 4249 750 4304 De
792 4259 1013 4305 tonsura
1070 4245 1469 4313 vile—Bedam,
1523 4247 1614 4301 lib.
1651 4263 1702 4301 v.
1747 4245 1884 4301 Hist.

312 4319 472 4400 Angit.
510 4335 627 4400 cap.
650 4319 740 4372 22.

385 4385 733 4458 ll'Speciosam
781 4388 857 4443 vel
889 4391 1090 4442 variam
1142 4387 1528 4458 supellectilem.
1557 4385 1679 4441 Haec
1704 4387 1888 4442 videre

311 4467 398 4512 est
425 4457 483 4529 in
509 4457 710 4529 Regula
747 4474 944 4529 excusa
973 4458 1030 4512 S.
1062 4457 1268 4529 Isidori,
1301 4473 1425 4529 cap.
1455 4459 1542 4529 l5_.

1989 3276 2264 3341 tialis,sed
2291 3276 2568 3332 retinenda
2593 3278 2876 3343 utrohique
2905 3277 3123 3344 antiqua
3153 3276 3328 3329 lectio.
3363 3277 3565 3343 Quam-

1987 3348 2068 3402 vis
2091 3348 2143 3400 in
2173 3357 2358 3401 vetere
2388 3347 2678 3402 scholiaste
2704 3345 2976 3415 iuvenalis
3004 3346 3207 3415 legatur
3241 3346 3472 3415 galbina.

2001 3427 2009 3436 '
2056 3416 2082 3456 (ι
2117 3415 2220 3481 Qui
2269 3417 2509 3470 vestiario
2541 3415 2861 3468 monasterii.
2900 3413 3023 3468 Hmc
3062 3413 3338 3468 habentur
3373 3415 3426 3467 in
3457 3413 3564 3468 Re-

1988 3486 2107 3556 gula
2133 3500 2330 3556 e_xcusa
2363 3487 2419 3539 S.
2459 3483 2648 3556 lsidori
2685 3485 2872 3538 eodem
2893 3498 3035 3556 cap.,
3065 3484 3160 3556 sed
3189 3482 3346 3536 aliter
3373 3483 3560 3556 legun-

1988 3552 2076 3609 tur
2107 3573 2119 3608 :
2158 3554 2266 3609 Iste
2291 3572 2322 3608 a
2349 3554 2606 3609 vestiariis
2644 3552 2944 3607 monasterii
2966 3553 3207 3621 suscipiet
3235 3569 3380 3612 acus,
3410 3554 3566 3604 etiam

1987 3634 2034 3678 et
2059 3624 2155 3694 ﬁla
2180 3625 2384 3694 diuersa
2421 3640 2514 3693 pro
2546 3622 2855 3676 consuendis
2891 3622 3110 3694 vestibus
3136 3621 3384 3694 fraternis
3410 3622 3568 3674 habe-

1988 3691 2078 3747 bit.
2119 3691 2540 3763 lntelligiturque
2565 3701 2748 3746 custos
2786 3691 3032 3756 sacrarii,
3062 3699 3132 3763 ut
3149 3691 3358 3763 clarum
3389 3699 3472 3743 est
3498 3705 3566 3744 ex

1987 3765 2173 3818 eadem
2199 3759 2401 3832 Regula
2455 3759 2673 3824 excusa,
2726 3775 2845 3829 qua:
2876 3770 3069 3832 tamen
3102 3760 3174 3815 ibi
3197 3759 3410 3814 videtur
3438 3774 3565 3813 cor-

1988 3843 2162 3902 rupta,
2186 3843 2241 3888 et
2261 3831 2327 3886 ex
2351 3836 2451 3888 hoc
2481 3831 3047 3902 eodiceicinendanda.

2063 3897 2085 3973 ξ
2117 3903 2317 3973 Quique
2341 3905 2493 3956 etiam
2523 3901 2636 3970 ﬁla.
2665 3901 2823 3973 Lege,
2855 3917 2980 3973 acus
3007 3899 3165 3973 etiam
3199 3908 3247 3952 et
3273 3897 3387 3973 ﬁla.

2063 3972 2082 4012 ἲ
2114 3968 2282 4026 Facia
2304 3968 2598 4042 infectaque
2624 3968 2764 4024 teris.
2797 3971 2852 4023 In
2886 3969 3088 4040 Regula
3115 3983 3336 4031 excusa,
3363 3968 3566 4036 fracta~

2021 4058 2084 4096 ue
2103 4059 2244 4096 αντ-ιδ.

2021 4059 2084 4096 ue
2103 4059 2244 4096 teris.

1985 4059 2018 4112 ᾳ
2061 4114 2086 4152 ε
2110 4112 2464 4166 Cerariorum.
2488 4111 2544 4165 In
2572 4109 2774 4180 Regula
2805 4124 3000 4164 excusa
3027 4107 3222 4179 legitur
3251 4126 3263 4162 :
3291 4107 3568 4162 calciario-

1983 4198 2122 4246 rum,
2157 4182 2371 4236 rectius.

2055 4252 2083 4292 h
2119 4251 2314 4313 Nolite,
2338 4251 2546 4304 obsecro
2584 4266 2691 4313 vos,
2716 4257 2822 4302 etc.
2865 4247 2990 4303 Haec
3016 4248 3285 4318 habentur
3313 4246 3365 4300 in
3395 4246 3568 4318 Regu-

1987 4321 2053 4376 lis
2097 4319 2155 4376 S.
2198 4319 2422 4376 Orsicsii
2445 4321 2588 4376 circa
2635 4319 2897 4384 medium,
2942 4327 3073 4373 tom.
3119 4317 3184 4372 ιν
3213 4317 3564 4372 Bibliotheca:

1985 4390 2205 4445 Patrum
2233 4391 2485 4445 editionis
2511 4389 2868 4445 Coloniensis.

2061 4463 2076 4502 ἱ
2108 4460 2287 4514 Patris
2309 4461 2493 4515 nostri.
2527 4459 2583 4514 Id
2613 4467 2716 4518 est,
2745 4457 3043 4512 Pachomii.

385 4523 715 4603 {Pelleique
762 4528 956 4603 lanatis
1000 4529 1138 4603 dum.
1168 4528 1227 4603 _lu
1262 4523 1462 4603 Regula
1603 4524 1886 4582 Fructuosi
1911 4543 1964 4603 Ι)
2063 4529 2076 4580 i
2127 4531 2243 4603 Duo
2265 4530 2654 4603 levito_naria,et
2687 4527 2833 4603 aliud
2861 4527 3118 4603 attritum.
3243 4524 3568 4603 Pachomius

313 4597 704 4667 arcliiepiSCOpi
739 4615 751 4650 :
784 4598 986 4651 duabus
1014 4597 1204 4652 lanatis
1225 4597 1442 4667 pellibus
1467 4597 1708 4667 arietant.

374 4679 410 4731 ,ο
440 4664 710 4737 Galnabis.
735 4667 893 4737 Lege,
942 4677 1002 4721 ut
1050 4668 1120 4737 in,
1159 4664 1458 4737 Concordia
1497 4681 1598 4737 ms.
1633 4664 1884 4737 Vindpci-

311 4737 490 4800 neusi,
513 4736 768 4806 galbanis.
796 4734 852 4790 lit
877 4737 1079 4806 Regula
1103 4736 1160 4790 S.
1183 4736 1462 4806 Fructuosi
1488 4735 1722 4806 episcopi
1749 4734 1888 4789 Con-

310 4804 899 4861 cordimFloriaccnsis
942 4804 1138 4876 legitur
1183 4805 1552 4875 calbanemque
1584 4804 1833 4876 rillatam,
1859 4821 1886 4856 c

309 4892 414 4946 pro
438 4892 491 4945 g,
515 4885 575 4928 ut
603 4877 727 4929 alibi
750 4875 1081 4946 occurrit’in
1121 4877 1308 4929 eodem
1349 4876 1492 4937 cod.,
1523 4875 1884 4946 castrimargia

310 4943 819 5016 prorgastrimargia’.
852 4944 1108 5016 Galnahis
1132 4959 1262 5016 ergo
1313 4959 1404 5016 seu
1440 4945 1620 5016 potius
1643 4943 1886 5016 galbanis

309 5013 396 5071 est
424 5013 582 5074 laena.
610 5013 900 5085 stragulum
938 5013 1312 5085 villosumfrlta
1363 5013 1882 5085 Smaragdus,_apud

312 5101 479 5156 quem
501 5092 679 5139 tamen
719 5082 858 5156 male
901 5085 1112 5154 legitur,
1149 5084 1444 5156 galnapem,
1473 5093 1527 5136 ut
1552 5085 1688 5156 apud
1715 5082 1884 5156 Isido-

311 5152 436 5209 rum
467 5155 590 5209 libr.
636 5171 748 5208 XIX.
798 5152 975 5225 Orig,
991 5170 1118 5225 cap.
1153 5153 1242 5215 26,
1281 5152 1546 5225 galnapes.
1598 5153 1732 5225 llinc
1774 5155 1888 5223 gal-

311 5225 808 5348 banatuiogalbane
865 5221 1129 5278 involutus
1155 5221 1295 5292 apud
1340 5221 1632 5278 Martialem
1661 5224 1754 5276 lib.
1780 5221 1878 5288 an,

311 5309 486 5348 ebur.
617 5313 631 5348 :

311 5309 486 5349 CDIRI‘.
511 5309 580 5348 4U
617 5313 631 5348 2

347 5309 486 5366 ptgr.
511 5309 580 5348 δυ
617 5313 631 5348 :

444 5363 587 5413 Jacet
608 5369 845 5423 occupato
867 5364 1152 5421 galbanatus
1176 5365 1222 5411 in
1247 5362 1398 5412 lecto.

314 5426 471 5495 Apud
494 5424 713 5494 Papiam
745 5438 759 5476 :
790 5442 808 5474 ‹
832 5423 1077 5496 Calliana
1107 5439 1301 5496 genera
1318 5425 1554 5496 vestium
1579 5440 1608 5478 a
1631 5425 1892 5496 galbaneo

316 5494 523 5566 colore,
549 5496 638 5566 qui
663 5503 747 5548 est
765 5494 1076 5566 sublucidus
1101 5503 1156 5548 et
1178 5494 1434 5566 subalbus
1459 5510 1580 5548 cum
1606 5494 1830 5566 pallore.
1863 5515 1883 5548 ι

317 5564 456 5620 Hinc
481 5561 774 5633 capiendus
794 5561 1066 5616 Juvenalis
1089 5571 1188 5616 sat.
1216 5563 1251 5615 2
1277 5580 1290 5615 :

447 5644 671 5695 Catule:
697 5644 896 5695 indutus
919 5644 1156 5692 scutulata
1183 5650 1236 5692 et
1259 5642 1460 5705 galbana
1488 5655 1592 5690 rasa
1609 5681 1622 5704 ,

320 5727 352 5784 a
373 5712 581 5784 galhus.
617 5711 820 5784 Glossre
841 5722 1051 5784 veteres
1074 5726 1093 5784 :_
1119 5710 1312 5766 Calvus
1339 5713 1561 5784 χλωρὸς,
1593 5727 1689 5780 pro
1707 5712 1890 5784 galb‘us

322 5769 472 5853 (nam
512 5783 567 5838 in
616 5783 880 5856 ejusmodi
935 5781 1128 5855 glossis
1156 5797 1295 5854 saepe
1339 5769 1606 5838 scribitur'
1637 5769 1785 5852 apro
1813 5782 1888 5854 b),

1991 4615 2152 4670 supra
2179 4601 2282 4654 hoc
2307 4601 2483 4670 capite
2511 4602 2711 4654 citatus
2740 4615 2751 4650 :
2785 4595 3131 4650 Levitonariis
3159 4595 3362 4649 duobus
3385 4604 3432 4648 et
3460 4611 3565 4648 uno

1991 4671 2171 4723 attrito
2196 4685 2259 4722 ea:
2280 4686 2397 4722 usu.

2065 4740 2088 4778 Ιι
2114 4737 2398 4790 Palliolum
2422 4737 2635 4790 lineam.
2669 4735 2822 4802 Quod
2858 4750 3019 4806 supra
3053 4735 3108 4788 in
3138 4733 3342 4804 Regula
3383 4731 3440 4787 S.
3465 4732 3566 4787 Pa-

1991 4808 2190 4864 chomii
2220 4808 2416 4861 dicitur
2438 4808 2718 4860 sabanum.

2067 4877 2084 4916 ι
2120 4877 2262 4930 Duos
2304 4875 2557 4930 cultellos.
2598 4878 2863 4940 Quorsum
2911 4873 3016 4928 duo
3047 4872 3246 4926 cultelli
3286 4871 3568 4926 monachis

1991 4949 2378 5010 conceduntur,
2402 4961 2521 5000 cum
2546 4961 2682 4998 unus
2716 4942 2984 5011 sufficiat?
3027 4942 3121 4996 sed
3146 4942 3282 5011 lege,
3309 4950 3369 4995 ut
3409 4941 3460 4994 in
3498 4941 3565 4993 li-

1990 5018 2089 5072 bro
2110 5016 2255 5070 edito
2288 5015 2509 5071 Orsicsii
2559 5032 2571 5067 :
2614 5014 2745 5067 duos
2775 5010 3028 5074 cucullos,
3063 5010 3391 5080 quos’etiatn
3436 5025 3601 5064 con--

1991 5087 2134 5142 cedit
2190 5086 2302 5140 suis
2346 5085 2622 5139 monachis
2671 5082 2728 5138 S.
2760 5082 3084 5136 Pachomius
3124 5096 3288 5150 supra
3332 5082 3434 5135 hoc
3468 5095 3565 5134 ca-

1991 5167 2380 5292 pus.Gallitms,
2405 5221 2608 5292 pellem.
2636 5221 2693 5276 in
2722 5221 2859 5275 libro
2889 5219 3037 5292 edito
3075 5218 3133 5273 S.
3162 5218 3399 5292 _0_tjsiesii
3429 5216 3567 5272 male

1996 5295 2229 5364 legitur:
2256 5289 2520 5364 Gallicam
2562 5292 2787 5364 pellem;
2813 5289 2940 5364 quid
2991 5289 3100 5342 sint
3139 5289 3376 5364 Gallicae,
3406 5303 3567 5357 supra

1998 5358 2320 5436 ex'plicatum
2344 5371 2449 5436 est.
2477 5358 2665 5436 _Pellis‘
2702 5369 2786 5414 est
2830 5358 3084 5436 ineloteﬂs,
3113 5374 3230 5436 qua:
3271 5359 3398 5436 olim
3451 5367 3570 5436 erat

1997 5427 2116 5488 usui
2149 5434 2424 5486 monachis
2451 5431 2687 5502 Algypti,
2721 5437 2780 5502 ut
2820 5427 3299 5502 nota_t__Cassianus
3328 5428 3475 5502 lih._t_
3499 5427 3567 5484 de

1997 5505 2180 5559 habitu
2241 5497 2681 5570 monachi,"cap.
2723 5499 2756 5552 8
2805 5512 2820 5552 :
2873 5497 3168 5570 «_Ullimus
3218 5505 3302 5551 est
3353 5497 3569 5570 habitus

1995 5589 2180 5627 eorum
2204 5571 2354 5641 pellis
2383 5565 2776 5641 caprina,'qu:e
2812 5567 3038 5622 melotcs
3082 5576 3136 5622 et
3164 5582 3292 5638 pera
3335 5565 3569 5637 appella-

1996 5651 2104 5696 tur.
2147 5663 2164 5694 ι

2067 5709 2384 5791 n__l_’lequiem.
2416 5708 2480 5766 id
2518 5716 2620 5777 est,
2649 5707 2961 5774 utilitatem,
2992 5706 3453 5770 commoditatem,
3482 5718 3568 5758 re-

1997 5780 2400 5839 focillationem.
3225 5805 3230 5810 ς
