3948 6182
276 278 419 331 1Ξὶ9

1202 263 1593 326 CONCORDIA
1631 257 2086 317 REGULARUM.
2121 286 2195 298 -
2231 254 2382 311 CAP.
2426 255 2586 312 LXII.

3390 255 3532 314 1250

270 401 537 462 unusque
570 383 909 440 necessitatis
936 382 1274 453 querimonia
1311 378 1623 436 sullicienda
1658 384 1760 431 est.
1792 374 1850 427 In
1879 379 1929 439 Α
1953 365 2458 462 abbatirefundam.
2481 377 2521 405 ω
2542 364 2924 435 incipientibus
2948 375 3043 421 aut
3064 366 3392 438 pauperibus
3409 382 3535 426 ero-

272 483 414 555 ipsis
443 490 657 549 quoque
691 474 961 531 calciariis
988 474 1092 530 hoc
1122 473 1413 527 videndum
1442 478 1559 536 est,
1588 476 1650 523 ut
1679 467 1858 522 hieme

269 571 498 647 pedules
540 566 798 631 ealcient,
844 564 937 635 qui
975 563 1245 619 voluerint
1288 577 1318 616 a
1364 561 1452 616 die
1495 559 1858 615 Kalendarum

273 660 662 719 Novembrium
708 658 775 712 ad
822 655 1091 711 Kalendas
1136 654 1322 709 Maias.
1369 651 1614 720 Reliquis
1658 647 1860 703 aestivis

275 750 558 807 mensibus
584 747 878 817 caligarum
916 754 1123 799 tantum
1162 741 1368 798 solatiis
1397 738 1673 795 muniendi
1710 744 1858 793 sunt.

274 841 643 900 Femoralium
673 853 804 893 usus
832 838 1083 906 cuiquam
1114 834 1507 907 permittendus
1533 840 1650 899 est,
1684 845 1710 874 ιι
1746 848 1861 886 πιαι-

278 938 426 991 xime
462 933 549 988 his
585 930 678 1002 qui
721 928 1022 984 ministerio
1061 926 1409 996 implicantur
1444 922 1652 978 altaris.
1692 922 1722 961 ὶι
1752 920 1860 975 Sed

280 1030 385 1084 hoc
410 1025 501 1096 qui
537 1023 756 1078 studere
786 1019 1051 1083 noluerit,
1087 1016 1563 1087 reprehendendus
1594 1029 1699 1068 non
1731 1012 1859 1078 erit,

282 1132 307 1159 ε
335 1132 456 1173 cum
484 1131 625 1171 nunc
658 1128 829 1183 usque
859 1118 1072 1167 constet
1097 1109 1353 1179 pleraque
1381 1109 1525 1162 hunc
1556 1120 1711 1160 usum
1741 1118 1863 1158 mo-

281 1208 519 1266 nasteria
562 1206 727 1260 etiam
763 1203 789 1242 d
823 1202 877 1257 in
919 1201 1005 1256 his
1049 1199 1357 1267 regionibus
1392 1213 1500 1251 non
1537 1197 1760 1251 habere.
1803 1193 1863 1247 In

279 1296 597 1355 stramentis
623 1301 937 1362 competens
974 1288 1277 1343 adhibenda
1306 1293 1390 1342 est
1420 1284 1728 1355 disciplina,
1764 1297 1864 1337 nec

281 1387 514 1456 amplius
538 1384 830 1454 quidquam
855 1380 922 1434 ab
946 1379 1125 1450 aliquo
1154 1377 1537 1447 requirendum
1567 1381 1668 1439 est,
1699 1389 1862 1443 quam

283 1492 450 1531 unum
481 1472 776 1545 stragulum
816 1483 839 1511 ε
877 1470 1294 1537 calbanemque,
1334 1466 1572 1520 villalam
1608 1463 1628 1502 τ
1663 1473 1863 1518 mattu-

284 1568 414 1632 lam,
467 1573 523 1620 et
567 1566 700 1619 duas
742 1563 953 1616 lanatas
993 1559 1159 1630 pelles
1197 1558 1447 1613 arietum.
1497 1554 1766 1626 Quidquid
1808 1554 1865 1608 in

283 1669 435 1716 veste
479 1659 565 1713 vel
607 1657 751 1713 cultu
791 1664 874 1710 est
917 1653 1329 1717 monachorum,
1372 1665 1479 1705 non
1516 1647 1865 1719 peculiariter

285 1747 427 1819 apud
454 1757 890 1815 unumquemque
913 1741 1219 1796 habendum
1244 1748 1348 1805 est,
1399 1738 1492 1793 sed
1522 1740 1549 1778 Β
1578 1737 1678 1792 sub
1701 1751 1864 1791 manu
1892 1721 1938 1779 Β

283 1838 449 1893 unius
475 1835 657 1890 fratris
679 1832 939 1904 spiritalis
958 1831 1011 1885 in
1033 1845 1139 1885 una
1166 1829 1298 1885 cella
1322 1826 1719 1883 recondendum
1745 1835 1830 1881 est
1850 1845 1863 1878 :

285 1928 511 1997 quique,
554 1939 677 1978 eum
722 1921 1014 1977 necessitas
1056 1919 1380 1990 poposcerit,
1424 1915 1628 1987 petenti
1673 1916 1868 1985 cuique

286 2030 526 2086 congrua
557 2021 777 2068 statura:
801 2010 1094 2065 mutatoria
1125 2010 1343 2064 tribuet.
1376 2007 1531 2064 Unde
1562 2013 1617 2061 et
1652 2005 1869 2061 studere

286 2106 431 2160 idem
459 2112 642 2159 custos
665 2102 857 2166 debet,
896 2109 954 2155 ut
980 2114 1243 2154 summam
1274 2097 1330 2151 in
1362 2096 1448 2151 bis
1472 2095 1713 2151 vestibus
1737 2092 1870 2147 deli-

288 2196 476 2267 gendis
506 2194 705 2248 habeat
739 2190 1045 2253 solertiam,
1077 2196 1133 2243 et
1165 2188 1379 2256 cuique,
1410 2194 1471 2240 ut
1508 2186 1710 2240 dictum
1748 2191 1865 2248 est,

288 2296 414 2355 apta
438 2282 745 2337 distribuat.
783 2281 894 2336 Nec
921 2280 1207 2350 quisquam
1238 2279 1341 2333 hoc
1366 2290 1705 2331 murmurare
1729 2288 1869 2344 prte-

290 2383 499 2437 sumat,
534 2388 658 2428 cum
690 2372 792 2426 sibi
822 2371 1111 2426 distributa
1152 2368 1382 2423 aliorum
1411 2366 1678 2435 conspicit
1713 2363 1871 2418 indu-

293 2474 472 2520 menta
503 2463 712 2518 vestiri.
744 2462 959 2517 Subula:
991 2476 1144 2525 sane,
1173 2475 1302 2515 acus
1324 2468 1380 2514 et
1417 2459 1506 2513 illa
1532 2458 1745 2513 diversa
1773 2470 1873 2525 pro

290 2559 649 2621 consuendis,
676 2559 705 2598 ιι
740 2555 1122 2619 emendandis,
1161 2553 1460 2608 sarciendis
1493 2551 1736 2605 vestibus
1770 2548 1873 2619 ipsi

292 2651 577 2706 tribuenda
628 2657 755 2703 sunt
801 2648 869 2701 ab
912 2645 1139 2707 abbate;
1181 2652 1237 2699 et
1277 2658 1399 2698 cum
1441 2641 1739 2696 necessitas
1776 2653 1874 2708 po-

290 2744 559 2816 poscerit,
596 2740 811 2795 lavandi
849 2748 1012 2808 atque
1039 2733 1359 2792 emendandi
1398 2732 1600 2787 habeat
1632 2737 1873 2801 potesta-

293 2836 425 2894 tem.
456 2833 727 2905 Quidquid
765 2835 818 2888 in
842 2831 1198 2896 vestimentis,
1229 2827 1602 2885 calciamentis
1628 2824 1714 2880 vel
1748 2826 1764 2866 ί
1796 2824 1877 2880 le-

292 2927 481 2983 ctariis
508 2924 894 2980 monachorum
919 2930 1191 2976 vetustum
1219 2918 1352 2978 fuit,
1376 2918 1502 2972 dum
1529 2930 1666 2971 nova
1693 2914 1873 2986 perci-

290 3018 476 3089 piunt,
508 3023 678 3070 totum
704 3014 773 3068 ab
801 3013 994 3067 abbate
1022 3012 1178 3065 detur
1205 3004 1549 3078 pauperibus.

531 3127 560 3200 §
595 3125 779 3182 XVIII.
813 3156 886 3167 -—
924 3124 1058 3179 Item
1091 3122 1323 3193 ejusdem
1360 3119 1497 3192 (cap.
1534 3119 1645 3189 18).

364 3221 585 3275 Lectula
636 3218 966 3290 singulorum
1008 3216 1177 3270 abbas
1224 3222 1281 3269 et
1322 3213 1645 3283 praepositus
1691 3210 1775 3266 bis
1823 3211 1877 3266 in

292 3309 632 3372 hebdomada
672 3307 948 3363 revolvant
981 3311 1037 3359 et
1079 3312 1513 3376 perscrutentur,
1557 3310 1619 3356 ut
1659 3300 1880 3356 videant

292 3415 366 3455 ne
395 3399 516 3466 quis
541 3396 869 3469 superfluum
896 3394 1096 3464 aliquid
1121 3394 1229 3449 illic
1254 3393 1339 3449 vel
1360 3392 1631 3449 occultum
1656 3390 1879 3447 habeat.

319 3490 349 3563 ᾗ
384 3489 524 3545 XIX.
560 3518 633 3530 —-
675 3485 756 3543 Ei
800 3488 1016 3627 REGva
1062 3500 1250 3626 sugg!
1288 3483 1589 3539 AURELMNI
1625 3496 1857 3536 EPISCOPI

972 3573 1087 3627 cap.
1220 3594 1236 3607 .

972 3573 1087 3610 σαι).
1121 3573 1236 3610 401-

972 3574 1032 3610 ca
1074 3597 1087 3609 .
1121 3574 1192 3611 eo
1220 3594 1236 3607 .

372 3649 386 3701 i
434 3649 492 3705 Si
537 3649 670 3720 quid
707 3663 835 3703 vero
877 3574 1214 3716 superiuerit)
1252 3643 1504 3713 expensis
1550 3649 1645 3695 aut
1691 3640 1880 3696 usibus

294 3726 527 3795 fratrum
560 3741 612 3793 in
653 3752 787 3793 auro
823 3746 916 3791 aut
952 3735 1217 3800 vestibus,
1258 3732 1340 3788 vel
1380 3731 1621 3797 cellario,
1658 3738 1881 3785 sanctus

293 3832 466 3888 abbas
507 3846 606 3901 per
652 3844 845 3886 manus
880 3830 909 3870 ι
942 3826 1270 3898 provisoris,
1317 3832 1411 3879 aut
1449 3838 1549 3893 per
1587 3821 1883 3894 quamlibet

296 3921 511 3977 ﬁdelem
535 3935 820 3991 personam
846 3916 1193 3990 pauperibus,
1216 3914 1517 3986 peregrinis
1539 3920 1631 3967 aut
1651 3911 1882 3983 captivis

294 4007 466 4067 faciat
491 4009 815 4081 dispensari.
952 4064 953 4067 η

695 4100 722 4172 §
759 4098 879 4154 XX.
918 4130 989 4142 —
1026 4095 1162 4151 Item
1197 4096 1335 4168 (cap.
1367 4094 1481 4165 44).

374 4185 397 4228 ι
437 4186 767 4243 Vestimenta
799 4188 965 4242 etiam
986 4226 1000 4252 ,
1033 4200 1154 4240 cum
1184 4199 1323 4240 nova
1362 4183 1665 4254 accipiunt,
1697 4190 1881 4239 vetera

366 4327 398 4359 ι
437 4316 669 4371 Maxime
710 4316 791 4370 Itis
834 4313 1257 4386 quiministerio
1294 4311 1632 4383 implicantur
1669 4310 1879 4368 altaris.

293 4383 541 4456 Juxtagid
568 4387 711 4455 quod
738 4383 1047 4456 praecipitur
1072 4383 1245 4456 Exodi
1266 4397 1468 4456 _xxvut.

370 4457 399 4495 δ
440 4454 545 4535 Sed
587 4450 684 4537 ἦρε
735 4450 846 4537 qui.
878 4450 1104 4508 noluerit
1156 4450 1384 4507 studere.
1428 4451 1485 4506 Id
1531 4460 1617 4508 est
1645 4469 1657 4505 :
1689 4451 1797 4508 Sed
1831 4461 1883 4508 et

297 4525 402 4579 hoc
427 4524 514 4595 qui
543 4524 768 4580 noluerit
794 4525 1087 4579 observare.

373 4605 396 4632 ε
434 4593 568 4648 Cum
615 4612 759 4653 nunc
798 4611 860 4647 us
896 4610 961 4647 ue
1005 4602 1202 4647 constet
1250 4591 1496 4662 pleraque
1538 4591 1881 4645 monasteria.

298 4661 430 4718 Ouat
458 4673 586 4718 tunc
616 4673 773 4718 erant
797 4611 1003 4718 ordinis
1031 4660 1090 4716 S.
1118 4661 1396 4717 Benedicti
1420 4661 1475 4714 in
1506 4659 1782 4718 Hispania.

298 4661 586 4743 Quae-tunc
616 4673 773 4743 erant
797 4659 1090 4743 ordinisS.
1118 4659 1396 4743 Benedicti
1411 4659 1475 4714 in
1506 4659 1782 4729 Hispania.

370 4732 400 4773 ά
435 4733 504 4803 In
526 4735 613 4803 phis
643 4734 961 4803 regionibus.
993 4732 1320 4803 Hispanicis.

377 4814 402 4875 ξ
437 4800 840 4875 galbanemque.
872 4803 1037 4872 Lege,
1067 4800 1458 4872 ghlbanemque.

378 4871 398 4911 ί
440 4871 745 4926 Μαιιτιιαπιζ
778 4872 834 4926 ld
863 4871 969 4931 est,
1002 4876 1497 4941 parvamrmattam:

376 4944 402 5023 ξ
440 4941 552 5023 Sub
581 4958 741 5023 manu
766 4943 922 5023 unius
947 4935 1131 5022 fratris
1159 4938 1432 5009 spiritalis.
1462 4935 1624 4992 Juxta
1654 4938 1888 5009 Regulus

302 5008 408 5067 SS.
435 5012 721 5080 Augustini
751 5020 806 5069 et
828 5008 1048 5065 Caesarii
1079 5008 1261 5078 supra.
1750 5008 1759 5009 “

331 5082 403 5161 “h
441 5080 819 5161 Emendandis.
861 5081 1015 5151 Apud
1073 5076 1446 5147 Smaragdum,
1493 5086 1721 5141 tantum,
1758 5078 1888 5130 dan-

307 5150 415 5261 d'si’
442 5151 716 5274 insignis.
756 5218 911 5290 Apud
948 5189 1341 5288 smaragdum,
1381 5215 1677 5279 elcctariis,
1721 5215 1882 5271 male.

303 5289 819 5367 Legellectaariis."
968 5358 987 5367 _
1085 5357 1115 5367 ,γ
1334 5356 1345 5367 ,
1478 5366 1483 5367 γ
1579 5356 1590 5366 ,

381 5356 411 5409 ἴ
444 5358 503 5413 Si
521 5360 645 5425 quid
666 5375 784 5412 vero
803 5357 1116 5427 superfuerit
1138 5356 1372 5427 expensis
1396 5366 1485 5427 aut
1511 5356 1708 5427 usibus.
1733 5356 1889 5427 Apud

308 5429 664 5510 smaragdum
691 5447 707 5483 :
813 5428 938 5509 quid
960 5425 1276 5510 superfuerit
1299 5425 1581 5510 causibus.
1610 5425 1753 5495 Lege
1777 5443 1790 5479 :
1826 5425 1888 5481 Si

304 5499 431 5567 quid
457 5496 769 5569 superfuerit
799 5496 863 5551 ea:
890 5497 1131 5565 impensis
1157 5504 1248 5548 aut
1272 5496 1472 5548 usibus.

377 5570 405 5608 ιι
448 5566 1092 5644 Ρνουὶεοῃίδ.ῌ5φρὶιιςηὶη
1132 5564 1335 5635 Regula
1467 5564 1715 5644 (Ea‘sarii,
1748 5565 1888 5644 unde

310 5652 465 5693 suam
500 5637 726 5707 sumpsit
767 5636 824 5691 S.
856 5634 1204 5699 Aurelianus,
1224 5634 1445 5689 intentio
1477 5634 1535 5687 lit
1568 5634 1883 5701 provisoris.

1959 459 2156 530 ganda.
2788 504 2799 509 -

2112 567 2140 640 §
2178 567 2317 622 XXI.
2357 598 2405 608 —
2456 568 2541 622 Ex
2578 568 2797 624 REGULA
2835 568 3078 625 (lassum
3118 572 3256 640 (cap.
3280 570 3393 643 50).

1998 660 2062 716 γι
2100 676 2338 731 Primum
2376 677 2443 732 de
2486 677 2671 732 habitu
2713 677 3099 733 monachorum
3149 679 3383 734 donante
3430 680 3555 736 Deo.

1959 770 2223 825 sumimus
2246 769 2546 823 exordium.
2575 768 2799 838 Oportet
2822 785 2951 841 ergo
2978 769 3212 840 primum
3232 778 3294 825 ut
3322 771 3447 827 talis
3473 774 3546 828 sit

1963 858 2126 912 vestis
2159 859 2432 923 monachi,
2461 873 2581 927 quae
2610 873 2805 928 corpus
2833 868 3126 930 contegens
3155 869 3362 915 tantum
3390 875 3546 915 vere-

1961 948 2213 1003 cundiam
2241 948 2499 1004 nuditatis
2542 950 2794 1020 repellat,
2832 959 2887 1005 et
2929 950 3145 1021 frigoris
3179 952 3432 1017 retundat
3461 952 3548 1007 ἰησ-

1955 1039 2191 1110 juriam,
2221 1055 2331 1095 non
2363 1056 2483 1110 quas
2508 1042 2846 1096 occasionem
2872 1043 3130 1097 vanitatis
3157 1043 3392 1108 nutriat;
3427 1056 3550 1111 quae

1961 1130 2038 1185 ita
2066 1130 2189 1186 vilis
2217 1131 2316 1195 sit,
2348 1139 2409 1185 ut
2446 1130 2592 1184 nulla
2619 1130 2814 1185 coloris
2841 1130 2926 1185 vel
2954 1131 3357 1200 compositionis
3392 1134 3547 1187 novi-

1963 1230 2076 1277 tate
2117 1231 2262 1276 mter
2298 1231 2525 1276 caeteros
2567 1220 2763 1276 fratres
2804 1219 3075 1291 spiritales
3111 1221 3376 1276 habeatur
3412 1222 3546 1276 insi-

1963 1315 2083 1386 gnis
2111 1332 2124 1368 :
2169 1323 2224 1369 et
2268 1315 2344 1367 ita
2382 1313 2451 1368 ab
2484 1313 2739 1369 studiosis
2769 1311 3159 1383 superﬂuisque
3187 1314 3549 1368 aceurationi-

1962 1406 2064 1460 bus
2086 1404 2297 1469 'aliena,
2328 1413 2387 1459 ut
2427 1404 2603 1458 nullus
2644 1404 2840 1458 iterum
2878 1419 2977 1474 per
3013 1404 3279 1459 incuriam
3308 1401 3551 1459 collectis

1964 1500 2060 1547 aut
2104 1491 2370 1548 aﬁ'eetatis
2415 1493 2663 1548 sordibus
2705 1493 2776 1547 sit
2815 1493 3091 1548 deformis.
3136 1492 3417 1549 Postremo
3467 1491 3551 1547 sie

1963 1585 2070 1640 ista
2098 1585 2265 1641 vestis
2296 1584 2364 1639 ab
2397 1583 2555 1655 hujus
2593 1584 2778 1639 mundi
2817 1593 3102 1653 separetur
3141 1592 3355 1650 ornatu,
3395 1592 3454 1638 ut
3492 1584 3550 1639 in

1966 1676 2206 1732 omnium
2246 1691 2525 1733 servorum
2556 1675 2651 1731 Dei
2693 1676 2893 1730 cultum
2938 1677 3239 1731 communis
3277 1678 3366 1731 sit.
3410 1675 3551 1731 Nam

1965 1768 2225 1839 quidquid
2260 1768 2403 1822 inter
2424 1768 2654 1823 famulos
2684 1768 2777 1822 Dei
2805 1783 2910 1822 non
2940 1769 3007 1822 ab
3033 1769 3286 1823 omnibus
3309 1776 3550 1834 tenetur,

1966 1859 2061 1913 sed
2099 1858 2167 1912 ab
2202 1873 2310 1913 uno
2349 1858 2431 1912 vel
2464 1858 2651 1928 paucis
2688 1859 3052 1928 praesumitur,
3088 1867 3179 1912 aut
3223 1858 3552 1927 superfluum

1966 1957 2061 2002 aut
2086 1947 2285 2003 elatum
2317 1957 2429 2012 est,
2473 1956 2528 2002 et
2566 1956 2789 2017 propter
2818 1947 2920 2001 hoc
2956 1948 3174 2002 noxium
3198 1947 3548 2017 judicandum

1966 2045 2072 2105 est,
2092 2038 2236 2108 quod
2264 2039 2436 2109 magis
2456 2052 2586 2093 vero
2616 2053 2722 2093 non
2749 2037 2967 2092 virtutis
2994 2038 3252 2107 speciem,
3283 2038 3378 2094 sed
3402 2038 3556 2093 vani-

1968 2130 2096 2185 tatis
2129 2129 2388 2185 ostendit.
2430 2127 2794 2196 Quamobrem
2826 2136 2851 2163 °
2899 2128 3170 2188 cilicinam
3211 2143 3427 2198 quoque
3462 2145 3558 2185 ve-

1968 2226 2107 2274 stem
2154 2218 2237 2274 vel
2279 2219 2731 2289 cireumspectam
2764 2218 3016 2273 omnibus
3056 2226 3220 2295 atque
3263 2218 3557 2274 notabilem

1970 2307 2163 2363 Patres
2190 2308 2361 2363 nostri
2389 2308 2715 2363 omnimodis
2743 2306 3141 2374 refutaverunt,
3173 2309 3296 2377 quia
3335 2324 3441 2363 non
3469 2324 3566 2363 so-r

1969 2396 2080 2451 lum
2121 2397 2267 2450 nulla
2308 2396 2519 2466 spiritui
2566 2395 2935 2453 emolumenta
2976 2395 3207 2461 confert,
3253 2397 3346 2451 sed
3392 2397 3559 2451 etiam

1972 2488 2222 2543 elationis
2258 2488 2495 2559 concipit
2533 2489 2848 2554 vanitatem,
2895 2496 2950 2543 et
2987 2503 3107 2558 quae
3152 2488 3221 2543 ad
3263 2489 3560 2545 necessarii

1973 2578 2152 2647 operis
2176 2578 2490 2633 exercitium
2517 2578 2673 2648 quasi
2694 2576 2948 2651 inhabilis
2976 2578 3189 2648 pigrum
3220 2592 3436 2649 semper
3458 2578 3562 2633 im-

1973 2671 2320 2740 peditumque
2345 2669 2671 2723 monachum
2698 2668 2909 2724 reddat.
2962 2669 3114 2736 Quod
3145 2669 3190 2724 si
3220 2668 3432 2739 aliquos
3456 2670 3562 2725 bac

1973 2769 2126 2816 veste
2166 2770 2259 2814 aut
2295 2761 2615 2831 quibusdam
2652 2761 2927 2816 damnosis
2961 2761 3196 2816 cultibus
3235 2776 3363 2816 usos
3393 2761 3563 2817 fuisse

1976 2858 2070 2905 aut
2109 2851 2414 2906 audivimus
2455 2861 2547 2905 aut
2584 2851 2848 2917 vidimus,
2890 2867 2998 2906 non
3040 2852 3161 2906 ideo
3199 2852 3418 2921 antiqua
3459 2852 3563 2907 Pa-

1976 2949 2122 2995 trum
2157 2942 2373 2997 decreta
2417 2950 2542 2997 sunt
2582 2941 2966 3014 relinquenda,
3002 2942 3128 3013 quia
3163 2943 3404 3013 generali
3444 2959 3562 3001 om-

1978 3033 2126 3089 nium
2149 3034 2519 3088 constitutioni
2548 3048 2846 3104 paucorum
2878 3050 2986 3090 non
3014 3034 3173 3089 debet
3195 3036 3432 3105 praeponi
3462 3050 3565 3092 nec

1978 3126 2331 3197 prmjudicare
2351 3127 2637 3181 sententia.
2654 3126 2776 3181 Illas
2797 3126 2939 3182 enim
2961 3124 3175 3196 regulas
3195 3125 3567 3181 indubitanter

1977 3225 2032 3271 et
2058 3216 2359 3272 indiscussa
2387 3231 2485 3286 per
2511 3217 2692 3271 omnia
2719 3230 2939 3271 servare
2967 3216 3246 3280 debemus,
3287 3230 3424 3285 quas
3456 3231 3566 3270 non

1978 3321 2272 3377 paucorum
2299 3308 2553 3364 voluntas
2580 3307 2777 3371 intulit,
2811 3309 2906 3364 sed
2934 3323 3071 3378 quas
3100 3308 3416 3379 antiquitas,
3448 3315 3568 3364 tan-

1979 3404 2155 3450 torum
2197 3404 2498 3466 temporum
2542 3403 2597 3449 et
2642 3410 2902 3450 numerus
2948 3403 3264 3451 sanctorum
3308 3395 3568 3450 concordi

1978 3485 2318 3541 institutione
2367 3484 2630 3541 deﬁnivit.
2685 3484 2912 3556 Oportet
2952 3500 3166 3556 quoque
3211 3487 3563 3554 monachum,

1983 3575 2138 3644 quasi
2166 3574 2389 3629 militem
2418 3574 2617 3629 Christi
2652 3574 2705 3628 in
2740 3574 3091 3644 apparatione
3124 3590 3315 3645 pugnae
3351 3589 3570 3644 semper

1978 3667 2215 3738 positum
2263 3665 2540 3737 cingulum
2588 3666 2878 3721 habentem
2926 3664 3189 3721 accinctis
3235 3664 3433 3721 lumbis
3478 3666 3566 3721 die

1982 3764 2254 3827 noctuque
2286 3754 2492 3827 iugiter
2526 3770 2865 3826 permanere,
2908 3755 3047 3811 sicut
3081 3755 3276 3822 Eliam,
3308 3755 3565 3824 Eliseum,

1980 3845 2243 3901 Joannem
2285 3860 2500 3916 quoque
2544 3853 2600 3901 et
2639 3845 2865 3901 Paulum
2901 3845 3129 3915 legimus
3168 3846 3321 3903 zonis
3354 3862 3572 3917 semper

1984 3936 2151 3994 fuisse
2180 3939 2457 3995 accinctos
2483 3956 2496 3993 :
2522 3950 2551 3990 ι)
2573 3940 2700 4011 quia
2728 3940 3031 3995 lumborum
3057 3939 3322 3995 accinctio
3349 3940 3572 3995 castita-

1983 4028 2052 4083 tis
2081 4028 2289 4084 indicat
2314 4029 2702 4085 continentiam
2721 4071 2735 4096 ,
2768 4045 2888 4102 qua:
2919 4029 3052 4085 nihil
3081 4029 3378 4085 resolutum
3419 4030 3475 4084 in
3509 4043 3568 4085 se

1986 4118 2189 4174 habere
2215 4120 2570 4189 permittitur.

1982 4313 2077 4370 Ille
2105 4320 2222 4385 erat
2257 4313 2348 4384 qui
2378 4313 2683 4371 necessaria
2713 4315 2958 4382 emebat,
2987 4314 3285 4382 inferebat,
3312 4324 3566 4385 exporta-

1985 4385 2102 4458 bat,
2128 4383 2335 4458 l_i_tes_et
2359 4392 2557 4458 caetera
2588 4387 2801 4458 negotia
2830 4388 3178 4458 procumbat.

2064 4453 2083 4493 ι
2136 4452 2456 4524 Yestimenta
2477 4452 2795 4523 etiamfete.
2829 4452 2955 4510 Haec
2982 4464 3194 4524 sumpta
3223 4461 3351 4509 sunt
3374 4469 3438 4509 ex
3470 4454 3577 4509 Re~

1986 4524 2108 4595 gula
2141 4522 2200 4578 S.
2231 4524 2499 4595 Caesarii,
2521 4522 2647 4594 cap.
2681 4525 2745 4579 41
2792 4539 2808 4578 :
2854 4543 2874 4575 ε
2917 4522 3244 4595 Indumenta
3274 4538 3405 4579 vero
3436 4524 3572 4595 ipsa,

1987 4593 2292 4676 cummova
2319 4593 2626 4676 accipiunt,
2750 4601 2930 4676 vetera
2975 4593 3282 4676 necessaria
3325 4608 3455 4676 non.
3478 4594 3573 4676 ha-

1986 4663 2236 4734 buerint,
2287 4663 2561 4734 abbatissa
2605 4663 2855 4734 refundat
2902 4664 3413 4734 pauperibus,_aut_
3441 4663 3578 4717 inci-

1986 4733 2258 4804 pientibus
2294 4731 2381 4804 vel
2415 4733 2723 4804 junioribus
2762 4731 3145 4804 dispensanda.
3192 4752 3212 4786 ι
3256 4731 3364 4790 Sed
3402 4732 3517 4803 lege
3555 4745 3573 4787 :

1987 4801 2266 4871 abbatisstc
2296 4801 2601 4871 refundant.

2059 4883 2111 4941 In,
2137 4870 2535 4941 Incipieatibus.
2583 4871 2705 4927 Haec
2730 4887 2835 4926 vox
2874 4889 2981 4928 non
3020 4880 3199 4927 exstat
3240 4871 3380 4941 apud
3424 4871 3577 4928 Sma-

1988 4940 2247 5009 ragdum,
2283 4941 2377 4995 sed
2414 4942 2745 4996 restituenda
2777 4956 2844 4995 ex
2886 4943 2971 4997 his
3001 4944 3131 4996 locis
3168 4940 3575 4998 SSIAureliani

1988 5020 2045 5063 et
2091 5010 2332 5066 Caesarii.
2394 5010 2719 5081 Incipientes
2776 5021 2904 5066 sunt
2949 5011 3165 5077 novitii,
3219 5025 3353 5081 quos
3398 5012 3574 5069 Graeci

1984 5082 2277 5162 ἁρχαρίρνς
2306 5090 2531 5162 vocant,
2571 5079 2621 5134 id
2666 5091 2778 5143 est,
2802 5082 3166 5162 incipientes,
3207 5079 3275 5137 ab
3313 5084 3482 5154 ἀρχή,
3520 5084 3575 5139 id

1986 5150 2070 5204 est
2084 5150 2104 5215 ’,
2133 5150 2373 5205 initium.
2408 5150 2484 5205 De
2508 5165 2610 5218 qua
2641 5166 2769 5205 voce
2800 5150 2959 5205 infra.

2059 5229 2087 5256 η
2124 5219 2484 5292 Ρήηιιηηᾷάεᾉ
2517 5219 2716 5292 habitu,
2763 5229 2867 5274 etc.
2912 5219 3036 5292 Huic
3080 5228 3293 5292 sumpta
3339 5228 3464 5276 sunt
3505 5234 3575 5278 ex

1920 5326 1929 5339 .
1992 5287 2117 5342 libr.
2152 5305 2188 5352 ι,
2220 5305 2338 5358 cap.
2370 5289 2425 5354 5,
2455 5290 2520 5343 de
2548 5290 2733 5356 habitu
2761 5290 3029 5344 monachi.

2068 5366 2093 5430 (ξ
2131 5355 2407 5430 ‘Cilicinam
2439 5355 2894 5430 Aguoqaelvestem,
2943 5369 3046 5414 etc.
3092 5358 3238 5414 Idem
3279 5369 3463 5417 censet
3510 5355 3574 5417 8.

1993 5426 2321 5498 Epiphanius
2349 5428 2399 5480 in
2422 5426 2683 5498 Synepsi.

2065 5514 2095 5550 ι»
2133 5497 2271 5560 Quia
2299 5496 2595 5551 luntborum
2620 5497 2871 5552 accinctio
2897 5500 3150 5555 castitatis
3186 5500 3383 5555 indicat
3412 5500 3577 5555 conti-

1995 5568 2245 5619 nentiam.
2279 5567 2349 5636 ,S.
2392 5568 2758 5636 Augustinus,
2801 5583 2964 5622 serm.
3003 5570 3103 5635 59,
3151 5571 3216 5624 de
3255 5570 3431 5626 verbis
3470 5569 3550 5623 Do

1995 5636 2127 5689 mini
2159 5654 2169 5687 :
2211 5635 2342 5715 «'Ad
2397 5635 2782 5693 continentiam
2818 5640 3048 5708 pertinet
3088 5639 3190 5693 sint
3224 5639 3385 5693 luntbi
3423 5639 3575 5694 vestri
