3948 6182
445 240 577 298 1251

406 317 414 328 ο
518 353 546 425 §
581 347 744 407 XXII.
781 376 850 390 —
882 345 964 400 Ex
999 342 1218 396 Rasum
1256 336 1598 391 TARNATENSI
1639 332 1776 405 (cap.
1819 330 1929 401 I9).

507 460 916 520 Observandum
945 461 1028 510 est
1060 452 1226 507 etiam
1261 462 1328 502 ne
1357 445 1633 501 interioris
1667 443 1860 497 animai
1899 456 2016 495 sor-

439 556 534 611 des
559 552 845 610 contrahat
871 546 1036 601 vestis
1068 541 1281 597 mundae
1319 537 1518 592 nimius
1550 534 1837 603 appetitus.
1875 531 2016 598 Qua-

435 653 655 716 propter
694 637 984 694 secundum
1024 630 1296 702 praepositi
1337 634 1462 683 sunt
1499 624 1894 680 ordinationem
1935 622 2014 674 la-

438 715 642 789 vandae.
667 729 794 796 Quae
820 735 928 779 tam
958 723 1186 792 simplici
1211 728 1370 776 erunt
1399 727 1453 774 et
1481 717 1662 772 nativo
1684 715 1864 770 colore
1887 729 2015 783 pro-

439 819 716 882 curandae,
747 831 814 871 ne
842 813 1168 882 disparilitas
1201 810 1429 864 vestium
1465 808 1669 862 nutriat
1697 804 2016 875 arrogantiae

436 912 657 975 vitium;
689 917 744 963 et
773 908 849 960 ita
876 913 1002 959 sunt
1029 902 1390 973 indigentibus
1417 899 1734 961 tribuenda,
1769 910 1836 949 ne
1863 909 1888 935 ιι
1919 911 2017 965 per

434 1004 626 1058 vitium
657 998 898 1054 avaritia:
924 1002 1234 1056 reservata),
1263 988 1574 1060 providendi
1604 987 1831 1057 singulis
1860 985 2017 1040 detur

439 1093 685 1149 audacia.
735 1090 792 1144 Si
830 1088 951 1158 quis
986 1099 1114 1140 vero
1151 1084 1236 1137 his
1271 1082 1602 1152 negligenter
1643 1079 1671 1118 δ
1716 1077 2015 1147 expetenda

437 1181 741 1253 putaverit,
764 1175 1037 1247 praepositi
1063 1175 1133 1227 sit
1160 1188 1310 1237 cura,
1349 1180 1453 1232 ut.c
1484 1170 1813 1223 interversor
1838 1183 2015 1222 rerum

440 1268 898 1327 monasterialium
927 1264 1248 1332 corrigatur.
1276 1261 1414 1314 Ante
1436 1259 1615 1313 omnia
1639 1266 2012 1326 procurantes,

438 1362 464 1402 ἀ
493 1369 551 1414 ut
578 1361 698 1414 lites
721 1358 892 1411 nullas
918 1354 1180 1409 habeatis.
1213 1351 1270 1406 Si
1294 1359 1472 1405 autem
1495 1347 1705 1404 diabolo
1729 1349 2019 1417 instigante

441 1453 598 1509 factae
625 1450 852 1512 fuerint,
883 1447 1046 1502 celeri
1085 1443 1455 1500 satisfactione
1484 1451 1745 1496 sanentur
1771 1458 1784 1494 :
1813 1448 1868 1494 et
1896 1440 2019 1494 inde

436 1539 779 1612 proferantur
808 1535 1060 1599 remedia,
1103 1535 1243 1588 unde
1278 1532 1422 1588 facta
1459 1539 1586 1586 sunt
1612 1531 1836 1585 vulnera
1871 1548 1884 1583 :
1927 1545 2017 1583 nec

439 1631 641 1687 occidat
663 1627 742 1682 sol
767 1643 922 1697 super
945 1624 1275 1679 iracundiam
1297 1636 1537 1677 vestram.
1561 1621 2017 1677 Consuetudinem

434 1721 652 1794 jurandi
677 1719 910 1789 abjicite.
944 1715 1021 1771 Sit
1044 1732 1212 1770 sermo
1241 1726 1422 1781 vester,
1455 1724 1551 1780 est,
1584 1725 1692 1780 est;
1725 1732 1850 1779 non,
1882 1732 2018 1779 non;

439 1813 565 1883 quia
590 1811 730 1865 sicut
757 1809 1015 1863 Dominus
1043 1807 1120 1860 ait
1151 1823 1165 1860 :
1201 1805 1352 1871 Quod
1378 1805 1456 1859 his
1484 1804 1839 1858 abundantius
1869 1813 1964 1870 est,
1990 1822 2022 1857 a

441 1899 579 1954 malo
610 1909 684 1952 est
712 1897 926 1969 (Matth.
957 1894 1032 1966 v).
1731 1895 1738 1906 ‘

437 2009 470 2082 ᾗ
503 2009 688 2063 XXIII.
729 2038 800 2047 --
841 2008 916 2060 Ex
953 2007 1172 2060 Rscuu
1207 2020 1392 2060 sucrr
1428 2005 1686 2059 Pacuouu
1729 2022 1866 2074 (cap.
1907 2004 2018 2076 67).

517 2110 542 2136 ο
577 2096 1007 2158 Levitonarium,
1043 2104 1096 2149 et
1122 2094 1382 2162 quidquid
1411 2095 1465 2148 in
1500 2103 1649 2148 veste
1681 2103 1797 2160 est,
1833 2110 2022 2148 mona-

439 2186 668 2241 chorum
696 2199 854 2238 nemo
885 2185 1053 2247 lavet,
1087 2183 1106 2222 τ
1137 2182 1288 2254 [nisi]
1315 2183 1402 2238 die
1428 2184 1738 2250 Dominica,
1776 2185 1803 2226 ⁸
1826 2193 2024 2255 praeter

444 2283 638 2330 nautas
667 2284 721 2330 et
748 2276 773 2314 ιι
805 2274 1144 2344 pristinarios

675 2383 702 2456 §
739 2381 928 2438 XXIV.
963 2411 1036 2422 —
1074 2381 1207 2435 Item
1241 2381 1472 2451 ejusdem
1508 2381 1644 2454 (cap.
1679 2382 1788 2454 68).

519 2499 537 2538 ί
580 2494 696 2550 Non
727 2495 925 2548 vatlant
955 2494 1022 2549 ad
1057 2493 1375 2559 lavandum,
1405 2493 1508 2548 nisi
1535 2494 1783 2548 omnibus
1811 2495 2020 2566 signum

441 2601 607 2641 unum
645 2584 944 2638 insonuerit
972 2601 984 2636 τ
1020 2591 1420 2652 sequentnrque
1450 2583 1796 2654 prmpositum
1829 2601 1983 2639 suum
2004 2625 2018 2650 ,

441 2688 497 2734 et
530 2678 780 2732 lavabunt
814 2675 960 2730 taciti
987 2691 1108 2731 cum
1137 2675 1438 2745 disciplina.

442 2810 682 2863 accincti.
722 2830 739 2860 ›
776 2809 944 2862 Diana
977 2807 1131 2877 virgo
1155 2805 1356 2860 dicitur
1379 2821 1410 2859 a
1437 2804 1684 2877 Pindaro
1709 2807 2017 2877 βαθύζωνος.

443 2880 498 2935 id
526 2888 640 2943 est,
677 2879 783 2932 alte
813 2880 1008 2932 cincta.
1049 2876 1448 2947 Olimvirgines
1477 2891 1610 2947 zona
1640 2876 2017 2947 cingebantur,

1438 222 1496 277 S.
1537 217 1895 275 BENEDICTI
1934 211 2223 271 ABBATIS
2260 207 2668 267 ANIANENSIS

2039 334 2084 394 Α

3567 204 3704 258 12ὂέ

2487 323 2516 395 §
2552 322 2719 377 XXV.
2760 345 2830 359 -—-
2866 319 2998 374 Item
3039 319 3174 390 (cap.
3204 316 3315 389 69).

2186 411 2200 464 i
2251 413 2420 468 Nemo
2467 413 2608 466 lavet
2642 409 2890 465 retractis
2918 409 2972 462 in
3010 407 3177 462 altum
3199 407 3486 477 plusquam
3522 414 3708 460 statu-

2113 513 2227 559 tum
2251 512 2332 558 est
2355 502 2615 565 vestibus,
2638 514 2869 568 cumque
2895 498 3143 559 laverint,
3172 511 3361 550 omnes
3382 496 3600 565 pariter
3623 511 3713 548 re-

2113 603 2414 650 vertentur.
2501 592 2559 647 Si
2618 591 2740 660 quis
2793 588 3116 644 remanserit
3167 602 3232 641 eo
3291 595 3542 655 tempore
3599 602 3714 655 quo

2113 687 2268 741 ibunt
2317 686 2385 738 ad
2433 683 2718 737 lavandum
2754 721 2769 746 ,
2819 679 2906 735 vel
2952 680 3006 733 in
3056 679 3311 748 praesenti
3358 692 3468 730 non
3519 675 3709 735 fuerit.

2116 776 2142 815 ¹ι
2176 775 2537 830 commonebit
2558 772 2900 843 praepositum
2937 785 3115 832 suum,
3144 778 3198 822 et
3248 768 3336 822 ille
3368 769 3556 821 mittet
3584 783 3713 820 cum
3790 798 3804 810 ι

2113 887 2178 926 eo
2202 871 2431 923 alterum
2455 886 2467 920 :
2491 875 2546 922 et
2573 867 2652 921 sic
2681 866 2790 920 loto
2814 864 3133 917 vestimento
3167 860 3184 899 ι
3232 869 3582 916 revertentur
3613 859 3713 913 do-

2115 974 2282 1012 mm
2473 1022 2718 1096 §xxv1.
2761 1051 2829 1061 -
2866 1019 2999 1073 Item
3042 1018 3179 1088 (cap.
3219 1016 3332 1088 93).

2185 1126 2356 1181 Nemo
2417 1123 2603 1177 lavare
2632 1121 2861 1175 alterum
2890 1118 3090 1188 poterit
3121 1125 3214 1170 aut
3239 1132 3466 1188 ungere,
3493 1115 3609 1170 nisi
3659 1115 3708 1171 ei

2116 1217 2283 1272 fuerit
2314 1217 2517 1284 impera
2527 1223 2660 1267 tum.

2222 1306 2249 1377 §
2284 1305 2494 1360 XXVII.
2525 1333 2595 1344 —-
2623 1302 2702 1356 Ex
2731 1301 2948 1355 Renum
2987 1297 3258 1354 STEPHANI
3301 1298 3442 1368 (cap.
3483 1299 3599 1369 I8).

2186 1411 2226 1438 ω
2255 1399 2585 1454 Vestimenta
2635 1394 2718 1448 vel
2767 1392 3026 1447 lectuaria
3072 1390 3248 1444 nullus
3295 1390 3480 1445 lavare
3510 1393 3711 1446 audeat

2117 1489 2365 1560 Inabsque
2392 1486 2636 1542 oratione
2661 1483 2938 1553 prtemissa
2968 1488 2991 1516 ο
3020 1481 3236 1551 prioris.

2227 1598 2255 1670 §
2294 1595 2522 1652 XXVIII.
2554 1625 2624 1636 —
2649 1594 2727 1648 Ex
2769 1593 2985 1646 Renum
3013 1590 3276 1646 Macrsrm
3309 1589 3448 1661 (cap.
3481 1590 3602 1660 8|).

2191 1703 2219 1743 ι)
2257 1691 2467 1745 Habere
2516 1689 2713 1743 debent
2758 1685 2951 1738 fratres
3007 1683 3061 1736 iu
3111 1683 3288 1737 hieme
3325 1693 3352 1732 τι
3383 1693 3706 1751 paraturam

2121 1796 2366 1856 grossam
2388 1777 2754 1849 quotidianam
2791 1773 3113 1828 stamineam
3143 1780 3199 1826 et
3247 1771 3491 1825 tunicam
3544 1772 3709 1826 aliam

2122 1879 2464 1934 nocturnam,
2496 1880 2657 1936 quam
2681 1871 2805 1933 post
2833 1871 3129 1915 nocturnos
3161 1871 3181 1897 τ
3212 1861 3529 1930 puduclent,
3580 1863 3710 1930 quia

2122 1961 2177 2014 in
2226 1960 2312 2025 die
2360 1957 2590 2012 diversis
2641 1961 2978 2022 occupantur
3021 1951 3312 2004 laboribus.
3380 1961 3400 1987 ⁸
3459 1949 3710 2004 Habeant

2122 2049 2267 2104 enim
2291 2047 2344 2102 in
2369 2047 2547 2100 hieme
2569 2052 2625 2098 et
2650 2043 2872 2114 pallium
2903 2041 3485 2104 stamiiieum,hraccas
3510 2040 3708 2104 lineas,

2122 2146 2178 2194 et
2211 2139 2227 2173 ί
2271 2136 2521 2191 fasciolas
2559 2143 2653 2188 aut
2685 2132 2926 2204 pedules.
2981 2131 3037 2185 In
3066 2139 3254 2186 testate
3288 2145 3414 2184 vero
3467 2132 3713 2186 habeant

2123 2239 2147 2267 α
2181 2235 2495 2296 paraturam
2525 2224 2854 2278 linostimam
2884 2235 2990 2275 non
3037 2220 3168 2274 satis
3197 2234 3437 2289 grossam
3481 2230 3709 2290 propter

2120 2317 2407 2373 laborem:
2455 2324 2509 2370 et
2535 2315 2769 2369 habeant
2825 2311 3014 2381 pallios
3063 2309 3363 2364 linostimos
3408 2317 3435 2345 ν
3480 2309 3711 2364 subtiles

2122 2424 2230 2465 non
2251 2409 2385 2463 satis
2423 2415 2644 2476 propter
2679 2412 2842 2459 aestus
2885 2403 3119 2467 sudoris,
3159 2411 3214 2456 et
3237 2401 3465 2457 braceas
3502 2401 3704 2468 lineas,

2121 2512 2178 2558 et
2209 2515 2236 2543 ι
2274 2501 2527 2557 fasciolas
2563 2500 2733 2554 lineas
2760 2513 2890 2552 vero
2913 2497 2992 2551 uti
3022 2496 3119 2550 Dei
3167 2497 3411 2551 homines
3449 2497 3709 2566 prohibe-

2121 2610 2263 2659 mur,
2307 2603 2367 2647 ut
2403 2592 2602 2661 aliquid
2631 2591 2795 2646 distet
2821 2605 2852 2642 a
2879 2587 3078 2644 clerico
3110 2589 3430 2642 monachus.
3499 2588 3570 2642 Et
3599 2590 3700 2643 ha-

2122 2688 2286 2743 beant
2311 2684 2547 2756 singulas
2567 2692 2853 2753 paraturas
2873 2681 3174 2736 linostimas
3197 2679 3534 2746 subtiliores,
3569 2695 3707 2750 quas

2131 2835 2149 2868 (
2186 2815 2243 2870 Si
2265 2815 2386 2885 quis
2411 2812 2645 2868 voluerit
2666 2812 2846 2866 lavare
2860 2802 3238 2885 vestimentum
3259 2824 3436 2870 suum,
3466 2823 3716 2885 commo—

2124 2880 2643 2956 nebit-praepositum
2675 2897 2854 2945 suum,
2883 2890 2937 2936 et
2955 2881 3042 2956 ille
3068 2882 3244 2933 mittet
3276 2895 3399 2934 cum
3430 2894 3498 2933 eo
3518 2880 3710 2944 alium,

443 2964 604 3072 anan)
648 2949 926 3002 solvebant
966 2949 1018 3000 in
1059 2946 1261 3015 nuptiis
1302 2945 1667 3014 virginitatem
1713 2945 2019 3010 a‘missurae,
2126 2965 2200 3020 ει,
2231 2945 2338 3009 ιοίε
2367 2945 2540 3018 véste,
2573 2960 2913 3007 revertentur
2945 2953 3182 3004 domum.
3221 2967 3238 2998 ι

482 3025 602 3072 ocet
631 3018 947 3072 scholiastes
973 3015 1287 3070 Callimachi
1315 3017 1366 3067 in
1391 3016 1648 3072 hvmnum
1676 3015 1746 3068 ad
1772 3015 2020 3070 Dianam.
2050 3010 2098 3072 C
2207 3025 2224 3064 ι
2269 3025 2609 3072 Revertantur
2637 3023 2870 3072 domum.
2913 3020 2991 3072 Ita
3017 3021 3238 3072 louuitui

482 3025 602 3072 ocet
631 3018 947 3073 scholiastes
973 3010 1287 3085 Callimachi
1315 3010 1648 3085 inihymnum
1676 3015 1746 3068 ad
1772 3015 2020 3085 Dianam.
2050 3010 2098 3073 C

446 3086 584 3142 Hinc
611 3086 798 3140 lascivi
827 3086 1074 3148 discincti
1105 3083 1354 3154 appellati
1380 3083 1618 3148 Persius,
1642 3093 1748 3138 sat.
1775 3084 1812 3137 2
1837 3102 1849 3139 :

582 3193 686 3243 Non
719 3195 870 3257 pudet
891 3197 936 3244 in
961 3207 1147 3243 morem
1173 3194 1389 3243 discincti
1415 3195 1583 3245 vivere
1605 3193 1783 3244 Natta.

447 3294 752 3368 Discinctus
784 3295 1057 3368 ducenas
1100 3311 1130 3350 a
1179 3295 1383 3368 Seneca
1433 3297 1630 3351 dicitur
1668 3298 1826 3368 epist.
1876 3301 1978 3355 IN
2013 3320 2026 3356 :

454 3383 473 3416 ε
511 3364 626 3420 Νοη
658 3367 831 3420 oratio
859 3367 975 3436 ejus
1001 3381 1152 3434 aeque
1181 3365 1354 3436 soluta
1385 3376 1486 3430 est,
1516 3382 1674 3436 quam
1701 3364 1794 3422 ille
1823 3371 2027 3426 discin-

449 3443 591 3489 ctus.
632 3455 650 3487 ι
688 3436 753 3489 Et
781 3435 981 3498 Cmsar,
1013 3436 1155 3504 quod
1192 3435 1381 3490 laxiori
1418 3435 1567 3491 veste
1596 3437 1823 3493 delicate
1855 3449 2033 3496 utere-

451 3513 649 3578 tur,_a_
670 3504 818 3578 Sylla
859 3521 957 3578 per
989 3504 1172 3574 joeum
1202 3505 1338 3559 male
1369 3506 1570 3561 cinctus
1602 3509 1901 3578 appellatus
1925 3520 2030 3576 est,

448 3575 594 3643 apud
622 3575 846 3629 Dionem
864 3616 879 3639 ,
907 3576 1026 3628 libr.
1060 3589 1214 3629 XLIII.

526 3655 554 3683 ι
591 3643 697 3698 Ρὲν
719 3646 918 3699 uitium.
958 3643 1147 3714 Adjeci
1175 3644 1496 3714 particulam
1523 3663 1635 3716 per,
1675 3661 1796 3716 quae
1825 3650 2034 3706 deside-

451 3721 626 3768 ratur.

523 3783 552 3822 δ
590 3782 912 3854 ῌτρειεηάα.
942 3781 1108 3854 Lege,
1139 3784 1408 3838 utendum.

526 3862 549 3924 ξ
592 3851 931 3924 [nter-versor.
961 3851 1144 3924 ld'est,
1168 3855 1466 3924 dissipator.

523 3919 660 3996 [Ut
699 3922 886 3996 nntius
911 3921 1026 3975 lites
1061 3919 1314 3996 (iubeatis,
1352 3933 1458 3996 etc.
1496 3924 1622 3996 Hzec
1658 3936 1868 3996 sumpta
1907 3937 2033 3983 sunt

453 4007 521 4063 ex
547 3990 751 4063 Reguia
777 3991 834 4063 ξ.
862 3991 1175 4063 Augustini,
1204 4009 1322 4063 cap.
1351 3993 1448 4057 '57;
1494 3995 1758 4051 habentur
1781 3990 1950 4053 etiam
1979 4000 2033 4054 in

454 4060 658 4140 Reguia
766 4059 984 4140 Cznsarii
1014 4059 1365 4140 Arelatensis,
1403 4079 1519 4140 cap:
1548 4067 1634 4120 3I.

531 4129 559 4168 6
593 4129 1010 4194 Lecitonarium,
1045 4140 1150 4184 etc.
1195 4131 1292 4187 Hic
1325 4129 1585 4189 articulus
1622 4151 1728 4191 non
1759 4146 1937 4192 exstat
1979 4139 2034 4194 in

463 4198 668 4269 Regula
693 4197 750 4269 S.
772 4197 1050 4269 Bachomii
1075 4214 1290 4254 excusa.
1401 4237 1410 4246 .

533 4266 572 4306 Γ
600 4266 740 4336 Nisi.
772 4266 896 4321 lliec
921 4269 1180 4336 particula
1205 4270 1417 4325 videtur
1445 4274 1768 4330 redundare.

2207 3025 2224 3064 ι
2268 3017 2609 3079 Revertantur
2637 3023 2870 3076 domum.
2913 3020 2992 3075 Ita
3017 3021 3274 3088 loquitur,
3303 3019 3430 3088 quTa
3457 3017 3716 3072 Iavabant

2129 3103 2286 3151 extra
2311 3096 2502 3150 domos
2529 3107 2677 3156 suas,
2708 3106 2811 3145 non
2839 3101 2990 3145 extra
3014 3090 3423 3144 monasterium.

2201 3178 2243 3204 ω
2279 3163 2749 3230 νεςιὶιηεηια,,ειο.
2794 3161 2986 3215 Exstat
3019 3161 3074 3214 in
3115 3160 3314 3229 Regula
3341 3174 3444 3212 ms.
3477 3157 3635 3213 Pauli
3659 3165 3718 3213 et

2132 3235 2390 3305 Stephani
2430 3233 2548 3288 eod.
2576 3231 2746 3305 Fior.,
2779 3247 2898 3301 cap.
2934 3230 3024 3305 29.

2204 3297 2246 3343 η’
2267 3305 2468 3375 Absque
2495 3301 2727 3356 oratione
2761 3297 3051 3372 prtimissa.
3096 3297 3255 3354 Juxta
3286 3297 3571 3367 antiquum
3597 3311 3714 3353 mo-

2132 3390 2267 3440 rem,
2283 3375 2361 3444 de
2393 3388 2500 3444 quo
2527 3387 2710 3444 supra.

2205 3452 2230 3480 ο
2255 3437 2494 3497 Ῥῖὶοὲἱδ.
2534 3437 2721 3506 Μἐει,
2767 3440 2996 3494 abbatis.
3043 3439 3179 3494 Nam
3221 3452 3363 3506 saepe
3396 3437 3452 3490 in
3484 3437 3590 3492 hac
3613 3437 3716 3493 Re-

2131 3514 2251 3585 gula
2282 3512 2430 3585 prior
2478 3522 2892 3585 usurpaturpro
2922 3512 3079 3564 Patre
3130 3524 3222 3563 seu
3252 3508 3501 3576 principe
3529 3523 3715 3562 mona-

2132 3580 2314 3648 Sterii';
2355 3583 2422 3637 de
2445 3598 2552 3652 quo
2573 3580 2834 3652 vocabulo
2857 3597 3038 3649 supra.

2206 3665 2233 3704 P
2273 3644 2481 3706 Habere
2498 3650 2680 3704 debent
2707 3644 3050 3720 fratres,'ete.
3125 3647 3182 3701 In
3212 3645 3419 3715 Regula
3470 3644 3713 3718 Magistri

2133 3724 2236 3778 hoc
2266 3731 2426 3791 caput
2457 3730 2540 3776 est
2571 3722 2659 3775 81.

2205 3803 2231 3843 q
2273 3786 2612 3845 Paraturam.
2663 3788 2921 3842 Paratura
2957 3797 3012 3842 et
3039 3786 3443 3850 vestimentum,
3469 3796 3710 3841 ornatus.

2137 3861 2502 3933 Sangallensis
2531 3861 2582 3913 in
2618 3858 2738 3933 Yita
2770 3859 2945 3913 Caroli
2974 3858 3148 3928 Magni
3173 3874 3186 3908 :
3237 3881 3278 3933 ὲ
3305 3857 3712 3933 Eratnantiquo-

2134 3925 2511 3986 rum'oruatus
2556 3929 2640 3982 vel
2683 3942 2958 3997 paratura,
2997 3947 3015 3979 ι
3065 3925 3180 3982 etc.
3237 3925 3615 3980 Tertullianus’
3653 3928 3714 3981 de

2134 4001 2324 4066 Pallio,
2353 4017 2470 4071 cap.
2499 4001 2533 4055 ὅ
2562 4015 2576 4052 :
2607 4017 2625 4049 ε
2669 3999 2909 4071 Tantam;
2928 3998 3090 4071 igitur
3121 4004 3438 4067 paraturam
3463 3997 3714 4071 materia-

2137 4087 2256 4125 rum
2286 4068 2498 4142 ingenia
2526 4082 2739 4142 quoque
2779 4068 3093 4142 vestificiua:
3144 4076 3427 4142 prosecuta
3460 4068 3710 4142 primum

2136 4136 2371 4211 tegendo
2395 4136 2616 4202 homini,
2646 4136 2750 4211 qua
2776 4139 3075 4211 necessitas
3116 4136 3412 4211 praecessit,
3440 4137 3650 4211 dehinc
3665 4145 3716 4190 et

2135 4205 2398 4275 ornando,
2432 4211 2539 4264 imo
2561 4217 2615 4262 et
2644 4205 2906 4270 inflando,
2941 4223 3046 4276 qua
3075 4205 3294 4261 ambitio
3317 4208 3608 4268 successit,
3639 4205 3714 4258 in-

2137 4281 2518 4335 dumentorum
2555 4278 2758 4332 formas
2787 4280 3214 4347 promulgavere.
3253 4295 3270 4326 ι

534 4334 802 4417 σ-Ρνφρεν
834 4334 1040 4417 nautas.
1086 4338 1271 4394 Nauke
1297 4349 1472 4417 _era_nt_
1506 4343 1558 4395 in
1603 4346 1938 4417 monasterio
1973 4346 2032 4401 S.
2060 4347 2114 4407 D
2150 4334 2155 4335 ί
2214 4334 2591 4406 '.Puduclent.
2650 4347 2724 4400 Ita
2759 4334 2810 4399 in
2841 4334 3043 4417 Regula
3089 4363 3190 4400 ms.
3222 4345 3341 4417 cod.
3381 4343 3582 4406 Corb.;
3618 4361 3713 4413 pu—

456 4405 765 4482 Pacliomii,
799 4407 923 4482 quia
956 4409 1118 4482 situm
1148 4410 1658 4482 erathini'l‘ahenna,
1692 4415 1862 4468 insula
1899 4416 2033 4482 Nili,

459 4476 888 4551 deiquibnsvide
916 4478 1200 4551 articulum
1231 4479 1299 4534 65
1325 4480 1564 4548 ejusdem
1597 4482 1830 4551 Regulus.

531 4545 962 4621 {'Prist‘inarios.
1005 4548 1178 4621 Lege,
1221 4545 1578 4621 pistrinarios,
1618 4567 1649 4605 a
1677 4545 1931 4621 pistrino,
1971 4557 2039 4612 de

460 4616 656 4698 quibus
695 4618 973 4698 videJart.
1015 4616 1360 4698 ejusidem
1409 4619 1643 4698 iiegiilze.
1670 4616 2040 4698 _'P_ermittitur

463 4693 644 4740 autem
700 4689 878 4740 nautis
927 4697 981 4740 et
1028 4689 1354 4751 pistrinariis
1397 4689 1810 4748 die’Dominico
1857 4693 2040 4751 lavare

460 4763 660 4834 vestes,
691 4757 843 4834 quod
863 4756 982 4812 aliis
1011 4756 1336 4834 diebu_s__non
1362 4772 1600 4816 vacaret.

542 4825 566 4905 ii
597 4824 728 4905 Non
747 4827 956 4905 vadunt2
999 4835 1131 4905 ᾗς..
1165 4827 1501 4905 Ilic_qiioque
1528 4832 1786 4905 ariiculus
1809 4849 1915 4888 non
1948 4850 2041 4889 ex-

459 4899 575 5018 gen
597 4894 651 4947 in
691 4894 892 4966 Regula
924 4897 981 4950 S.
1007 4896 1283 4951 Pachomii
1310 4894 1535 4954 excusa.
1594 4901 1650 4955 In
1699 4919 1805 4970 qua
1860 4914 2038 4960 tamen

495 4972 590 5018 unt
633 4967 1046 5018 constitutiones
1071 4967 1138 5018 de
1185 4968 1392 5018 privata
1439 4971 1882 5018 vestimenmmm
1927 4974 2038 5018 Ian-

491 4972 590 5045 unt
633 4967 1138 5045 constitutionesile
1184 4968 1405 5045 piivala
1439 4967 1884 5027 vestimentorum
1927 4974 2040 5029 lau-

465 5037 630 5097 tione,
659 5049 848 5104 nempe
886 5044 991 5090 art.
1023 5038 1088 5091 57
1128 5046 1183 5090 et
1217 5037 1300 5090 77.
1345 5038 1441 5094 I‘lie
1479 5051 1658 5094 autem
1693 5043 1760 5096 de
1805 5043 2040 5099 lautione

464 5103 750 5184 communi
768 5103 1100 5175 intelligitur,
1136 5121 1256 5159 cum
1291 5106 1486 5184 fratres
1519 5120 1726 5184 exeunt
1744 5112 1811 5166 ad
1847 5113 2040 5169 lautio-

466 5187 591 5227 nem
617 5180 1063 5249 gestimentornm
1085 5190 1196 5249 una
1223 5191 1342 5230 cum
1365 5180 1476 5232 suis
1503 5182 1824 5249 pnepositis.

537 5250 565 5326 ti
604 5239 772 5326 Nemo
794 5242 954 5326 lavet,
988 5255 1096 5326 (ίῳ.
1119 5315 1133 5326 ‘
1153 5245 1336 5326 Neque
1379 5249 1467 5303 hic
1493 5239 1751 5308 articulus
1777 5261 1954 5308 exstat
1983 5254 2038 5308 in

466 5309 671 5380 Reguia
697 5326 897 5367 excusa
921 5314 983 5369 S.
1011 5309 1306 5370 Pachomii.
1512 5345 1514 5347 ν

539 5378 958 5460 {Commonebit
993 5384 1326 5460 prwpositum
1351 5403 1528 5460 suum.
1597 5387 1710 5444 Hoc
1742 5398 1843 5455 est,
1903 5407 2040 5460 pra:-

466 5451 698 5529 positinn
715 5451 905 5506 domus
925 5451 1055 5529 suae,
1083 5451 1206 5508 cum
1226 5455 1474 5511 videlicet
1503 5469 1688 5526 postea
1717 5451 1944 5515 seorsim
1971 5465 2039 5517 ab

471 5517 593 5598 aliis
611 5518 794 5598 lavare
824 5524 1201 5598 vestimentum
1238 5539 1395 5598 suum
1429 5517 1628 5598 cupiet,
1681 5531 1821 5585 sicut
1847 5533 2038 5586 statui-

472 5595 558 5640 tur
586 5596 690 5642 art.
713 5591 781 5644 37
806 5591 874 5646 de
902 5607 968 5646 eo
998 5594 1217 5665 quivult
1246 5594 1426 5651 lavare
1449 5591 1827 5656 vestimentum
1847 5617 2034 5657 suum:

2138 4419 2294 4473 ducto
2333 4420 2435 4473 hoc
2461 4419 2577 4472 loco
2599 4417 2811 4470 videtur
2835 4415 2976 4470 idem
2997 4432 3118 4472 esse
3142 4415 3286 4485 quod
3312 4431 3469 4468 exuo.

2210 4500 2232 4527 ³
2276 4488 2516 4542 Habeant
2544 4488 2699 4542 enim.
2734 4485 3004 4541 Particula
3047 4489 3186 4540 enim
3212 4488 3312 4540 hoc
3335 4485 3454 4539 loco
3475 4493 3560 4540 est
3579 4500 3712 4546 vero,

2137 4558 2588 4628 quemadmodum
2617 4557 2880 4628 particula
2913 4573 3057 4622 nam,
3090 4565 3148 4610 ut
3195 4568 3335 4623 stupe
3379 4556 3620 4610 occurrit
3660 4554 3710 4607 in

2140 4625 2243 4683 hac
2269 4628 2506 4696 Magistri
2537 4625 2758 4697 Regula.

2217 4701 2233 4734 ί
2275 4692 2551 4750 [fasciolas
2581 4692 2669 4748 aut
2701 4694 2931 4764 pedules.
2983 4693 3253 4749 Particula
3287 4702 3379 4746 aut
3411 4692 3708 4762 exposititie

2139 4769 2386 4830 sumitur,
2412 4783 2536 4820 nam
2564 4767 2668 4820 hoc
2693 4763 2808 4820 loco
2834 4765 3068 4820 fasciola:
3089 4776 3143 4820 et
3159 4764 3379 4832 pedules
3401 4763 3546 4816 idem
3571 4772 3704 4832 sunt.

2141 4837 2252 4892 Nec
2280 4852 2379 4891 nos
2415 4843 2662 4892 moratur
2705 4836 2848 4902 quod
2879 4836 2932 4888 in
2966 4836 3088 4890 add.
3121 4831 3429 4904 t’CapituI.
3460 4831 3704 4886 Ludovici

2140 4907 2291 4976 imp.,
2309 4908 2392 4961 tit.
2424 4907 2514 4969 22,
2544 4905 2777 4959 fasciola:
2797 4903 3200 4976 distinguantur
3224 4903 3582 4976 a'pedulibus,
3598 4917 3706 4954 nam

2139 4973 2474 5031 ibi—fasciola:
2499 4983 2626 5030 sunt
2649 4973 2890 5029 crurales
2913 4973 3112 5036 fascize,
3129 4989 3234 5029 non
3259 4974 3504 5043 pedules.

2210 5058 2236 5085 ιι
2261 5045 2939 5100 Paraturamlinostimam.
2972 5044 3030 5097 S.
3060 5039 3295 5098 Isidorus
3321 5043 3417 5097 lib.
3438 5039 3705 5109 x1x0rig.,

2140 5130 2259 5185 cap.
2288 5116 2360 5170 22
2387 5133 2399 5168 :
2440 5134 2458 5166 ‹
2486 5116 2781 5169 Linostima
2803 5116 2969 5169 vestis
2990 5123 3072 5169 est
3102 5129 3168 5167 ex
3199 5114 3320 5185 lana
3350 5112 3572 5185 linoque
3591 5126 3710 5165 eon-

2141 5183 2286 5240 teita
2318 5203 2330 5238 :
2360 5193 2416 5240 et
2444 5185 2734 5249 linostima,
2755 5185 2880 5253 quia
2901 5186 2955 5239 in
2981 5185 3212 5240 stamine
3238 5183 3430 5248 linum,
3455 5183 3513 5237 in
3548 5191 3706 5236 trem

2139 5254 2318 5310 lanam
2346 5256 2526 5309 habet.
2557 5273 2576 5306 ι

2212 5335 2236 5359 ν
2279 5324 2503 5380 Subtiles
2526 5340 2630 5377 non
2662 5323 2810 5378 satis.
2863 5323 2943 5379 Ita
2977 5325 3034 5378 in
3055 5321 3255 5395 Regula
3277 5337 3409 5384 ms.,
3571 5318 3706 5373 video

2142 5403 2229 5449 tur
2257 5395 2558 5450 addendum
2590 5396 2646 5450 τὸ
2681 5409 2905 5464 grossos,
2931 5410 3056 5449 nam
3091 5390 3249 5463 paulo
3275 5402 3404 5446 ante
3431 5390 3594 5456 dixit,
3613 5404 3708 5442 non

2139 5467 2269 5519 satis
2281 5480 2543 5586 grossam.

2213 5547 2240 5576 ι
2309 5534 2345 5586 ‘t
2404 5534 2540 5586 fasci

2213 5527 2345 5605 {Et
2403 5534 2677 5605 fasciolas.
2710 5537 2779 5590 τὸ
2817 5544 2865 5588 et
2902 5533 3348 5605 expungendum,
3403 5542 3460 5587 et
3489 5531 3597 5602 leg.
3628 5527 3708 5598 [a-

2139 5603 2328 5658 sciolas
2349 5619 2469 5657 vero
2492 5603 2678 5658 tineas.
