3948 6182
335 329 473 386 1269

327 535 420 588 tri.
455 531 606 587 Tunc
634 530 751 600 ipse
792 526 962 583 frater
989 528 1225 583 novitius
1251 533 1627 597 prosternatur
1660 520 1897 593 singulo-

327 637 450 679 rum
484 620 734 691 pedibus,
792 626 854 673 ut
897 626 1057 673 orent
1094 632 1193 688 pro
1220 632 1306 671 eo.
1340 616 1409 671 Et
1434 614 1547 683 jam
1588 629 1656 668 ex
1697 612 1786 666 illa
1813 610 1900 665 die

326 716 383 767 in
414 710 832 782 congregatione
872 716 1173 779 reputetur.
1218 706 1328 762 Res
1356 706 1401 761 si
1428 720 1564 775 quas
1590 704 1774 767 habet,
1805 709 1903 756 aut

325 811 516 873 eroget
535 802 685 871 prius
703 801 1053 869 pauperibus,
1082 806 1175 851 aut
1198 796 1339 852 facta
1356 796 1584 851 solemni
1607 794 1901 849 donatione

326 889 576 945 conferat
602 888 954 951 monasterio,
996 886 1133 942 nihil
1178 886 1280 941 sibi
1313 899 1598 940 reservans
1626 899 1692 939 ex
1722 884 1900 937 omni-

326 980 473 1034 bus:
519 979 718 1049 quippe
760 978 851 1047 qui
884 993 952 1032 ex
996 977 1087 1031 illo
1119 976 1205 1031 die
1263 990 1363 1030 nec
1397 975 1607 1045 proprii
1653 974 1901 1044 corporis

323 1080 649 1141 potestatem
676 1086 736 1126 se
760 1070 1071 1125 habiturum
1100 1068 1255 1124 sciat.
1284 1080 1311 1109 ι
1358 1066 1481 1122 Mox
1524 1081 1657 1137 ergo
1690 1066 1745 1121 in
1777 1081 1902 1120 ora-

326 1162 470 1216 torio
497 1168 729 1215 exuatur
752 1160 917 1215 rebus
941 1159 1194 1230 propriis,
1222 1166 1276 1213 et
1311 1158 1565 1212 induatur
1591 1158 1752 1212 rebus
1789 1170 1902 1212 mo-

326 1256 571 1311 nasterii.
604 1254 697 1310 llla
725 1262 905 1309 autem
926 1254 1246 1309 vestimenta
1269 1252 1466 1321 quibus
1491 1260 1686 1306 exutus
1711 1257 1795 1305 est
1813 1264 1902 1306 re-

324 1352 598 1416 ponantur
622 1344 675 1400 in
713 1343 973 1400 vestiario
1015 1342 1408 1408 conservanda,
1436 1349 1496 1396 ut
1524 1341 1570 1396 si
1612 1341 1901 1411 aliquando

325 1437 585 1492 suadente
632 1434 847 1490 diabolo
888 1435 917 1475 ιι
969 1433 1328 1497 consenserit,
1376 1440 1435 1486 ut
1480 1430 1792 1501 egrediatur
1836 1430 1902 1483 de

325 1524 657 1581 monasterio
685 1522 850 1595 (quod
894 1522 1056 1594 absit)
1089 1532 1219 1578 tunc
1265 1532 1287 1561 ο
1326 1529 1521 1577 exutus
1562 1520 1724 1577 rebus
1781 1533 1899 1571 mo-

325 1614 547 1670 nasterii
576 1612 910 1683 projiciatur.
935 1610 1083 1665 Illam
1123 1619 1300 1667 tamen
1321 1607 1347 1648 ά
1375 1608 1707 1678 petitionem,
1736 1621 1906 1676 quam

324 1706 555 1775 desuper
580 1702 739 1758 altari
764 1701 932 1757 abbas
960 1700 1101 1767 tulit,
1131 1715 1243 1756 non
1283 1700 1530 1769 recipiat,
1576 1699 1672 1754 sed
1701 1698 1757 1753 in
1782 1712 1900 1751 mu-

323 1795 563 1854 nasterio
587 1800 853 1849 servetur.

324 1954 385 1999 ut
411 1943 572 1997 tradit
603 1940 662 1998 S.
690 1941 978 2013 Dionysius
1016 1940 1339 2013 Areopagita
1380 1955 1499 2011 cap.
1531 1938 1736 2013 6_Eccl.
1780 1937 1907 1992 Hie-

324 2014 581 2078 rarchite,
612 2011 869 2068 sacerdos
902 2021 1054 2067 stans
1082 2019 1207 2066 ante
1241 2011 1416 2066 altare
1447 2011 1750 2065 orationem
1787 2024 1908 2077 qute

326 2084 652 2138 monachum
699 2082 950 2152 attingit,
1002 2082 1235 2147 recitat,
1278 2096 1420 2151 pone
1463 2088 1908 2152 astantelconse-

325 2151 551 2217 orando,
583 2167 679 2207 seu
703 2144 1003 2215 initia'ndo;
1049 2167 1154 2220 qua
1201 2144 1440 2221 perfecta
1482 2150 1548 2203 ad
1586 2144 1903 2221 initiandum

326 2216 620 2277 converSus
665 2221 921 2276 sacerdos
962 2216 1087 2291 enni
1126 2216 1458 2291 interrogat,
1514 2234 1659 2291 nurui
1692 2216 1908 2285 abj‘uret

328 2307 436 2346 non
474 2291 633 2345 modo
674 2291 923 2345 dividuas
966 2288 1359 2360 distinetasqué
1398 2288 1663 2360 vitas,4id
1705 2297 1811 2352 est,
1846 2296 1906 2342 ut

325 2362 550 2441 exponit
582 2369 751 2441 vetus
802 2361 924 2441 ejus
965 2358 1325 2441 scholiastesz.
1358 2375 1479 2441 quae
1526 2358 1611 2441 ad
1642 2360 1902 2441 mundum

324 2429 621 2501 pertinent,
652 2432 782 2487 etin
816 2429 1013 2491 multas
1051 2439 1243 2501 partes
1276 2429 1462 2501 divisa:
1490 2436 1635 2491 sunt,
1676 2437 1737 2482 ut
1778 2434 1905 2501 sunt

325 2498 646 2555 mercaturae
681 2510 735 2555 et
773 2498 1103 2560 contractus,
1153 2500 1247 2554 sed
1293 2499 1459 2553 etiam
1508 2512 1576 2550 an
1626 2498 1906 2552 renuntiet

324 2571 479 2635 visis,
523 2571 575 2624 id
616 2578 720 2635 est,
753 2578 814 2624 ut
852 2569 1086 2638 explicat
1127 2570 1269 2623 idem
1312 2567 1655 2632 scholiastes,
1703 2566 1905 2638 ruentis

328 2640 734 2710 cupiditatibus,
767 2636 1286 2710 perturbationibus,
1321 2636 1903 2710 motuumque_imagi-

325 2704 509 2774 nibus,
536 2704 730 2765 deinde
751 2704 1202 2780 perfectissimam
1233 2707 1282 2762 ei
1312 2709 1481 2780 vitam
1508 2704 1753 2780 exponit1
1773 2704 1904 2772 Quae

324 2780 418 2833 ubi
451 2780 631 2834 omnia
669 2780 717 2835 is
753 2774 849 2849 qui
892 2778 1159 2844 initiatur,
1207 2793 1266 2833 se
1313 2774 1596 2849 facturum'
1622 2774 1902 2849 professus

325 2857 432 2914 est,
478 2850 736 2904 sacerdos
764 2847 886 2904 eum
917 2849 1071 2918 signo
1101 2849 1279 2918 crucis
1307 2847 1683 2918 consignatum
1709 2847 1902 2918 tundet

325 2919 601 2988 appellans
641 2926 751 2974 tres
790 2914 1050 2988 personas
1087 2914 1692 2988 divintebeatiiudinis,
1720 2914 1900 2988 omni-

325 2984 432 3057 que
458 2997 611 3044 veste
654 2984 895 3044 detracta
944 2987 1094 3042 illum
1138 2986 1243 3057 alia
1292 2986 1487 3051 induit,
1512 2993 1593 3057 Aet
1626 3000 1751 3057 cum
1778 2984 1902 3057 aliis

325 3054 530 3116 sanetis
561 3057 719 3139 viris,
746 3058 837 3139 qui
869 3058 1096 3139 adsnnt.
1132 3055 1401 3139 Ubidenm
1444 3054 1729 3139 salutavit,
1764 3055 1902 3139 divi-

326 3143 519 3199 norum
558 3125 937 3199 mysteriorum
974 3125 1103 3181 facit
1134 3127 1474 3199 participem.
1508 3125 1567 3180 ln
1597 3125 1903 3199 his_notan—

327 3198 455 3251 dum
480 3206 565 3252 est
588 3195 805 3267 unicum
830 3196 971 3250 illius
994 3195 1251 3267 temperis
1275 3195 1457 3251 votum
1487 3195 1900 3267 monachorum,

327 3268 471 3335 quod
501 3283 607 3322 non
635 3275 719 3322 est
743 3266 887 3320 aliud
915 3281 1075 3335 quam
1107 3266 1316 3321 morum
1356 3266 1729 3335 conversionis
1770 3280 1900 3334 pro-

326 3334 537 3401 missio,
582 3352 704 3391 cum
746 3334 1042 3391 iuitiandus
1093 3350 1187 3390 seu
1226 3335 1628 3391 consecrandus
1665 3334 1900 3389 interro-

327 3406 476 3474 ganti
528 3406 796 3462 sacerdoti
845 3405 1112 3475 promittit
1154 3420 1212 3460 se
1260 3421 1324 3460 ea
1371 3420 1492 3475 qua:
1531 3402 1721 3475 mundi
1751 3412 1899 3468 sunt,

327 3484 490 3556 atque
536 3477 696 3531 etiam
718 3545 730 3556 .
759 3473 957 3556 mentis
1014 3475 1368 3556 cupiditates,
1388 3473 1403 3475 ⁷
1426 3473 1863 3556 perturbationes
1882 3513 1897 3538 ,

328 3543 677 3615 motuumque
716 3545 976 3615 imagines
1012 3543 1283 3613 abiurare,
1326 3558 1492 3613 seque
1520 3543 1748 3613 posthac
1775 3557 1900 3613 per-

328 3613 683 3670 fectissimam
713 3613 879 3668 vitam
910 3613 1217 3668 ducturum.

399 3704 426 3733 ι
461 3692 589 3763 H01:
608 3710 730 3763 ergo
752 3694 807 3746 in
827 3691 1055 3763 oratorio
1078 3700 1313 3763 eruatur;
1328 3690 1478 3744 rebus
1497 3689 1744 3763 propriis,
1787 3697 1895 3744 etc.

329 3762 409 3817 Ex
435 3762 518 3818 bis
538 3771 593 3817 et
612 3758 964 3831 sequentibus
988 3760 1169 3814 verbis
1199 3779 1210 3813 :
1245 3759 1349 3813 Illa
1374 3758 1547 3831 autent
1573 3758 1896 3831 uestimenta,

324 3832 512 3902 quibus
557 3829 893 3902 exutusgresl,
938 3838 1263 3902 reponantur
1291 3831 1362 3902 in
1403 3829 1644 3902 vestiario
1692 3844 1897 3902 conser-

327 3898 520 3967 uanda,
561 3911 692 3967 etc.,
730 3898 1044 3955 discendum
1072 3906 1155 3952 est
1182 3900 1413 3953 novitios
1442 3898 1569 3952 olim
1620 3906 1733 3952 toto
1766 3898 1898 3951 tiro-

326 3970 457 4041 cinii
488 3986 581 4026 seu
619 3970 968 4041 probationis
993 3978 1233 4041 teinpore
1267 3967 1897 4041 sucularibusvestibus

325 4040 496 4095 fuisse
521 4037 757 4104 indutos,
793 4055 893 4095 nec
921 4039 1022 4093 nisi
1052 4037 1142 4093 illo
1163 4039 1373 4107 expleto
1399 4037 1650 4092 monachi
1686 4047 1894 4093 vestem

328 4110 551 4165 induere
575 4109 781 4165 solitos.
800 4109 868 4179 ld
904 4108 1111 4179 clarum
1145 4106 1245 4163 est
1263 4124 1329 4164 ex
1356 4108 1560 4179 synodo
1587 4106 1897 4179 Gonstanti-

325 4180 657 4248 nopolitana,
697 4190 751 4234 et
781 4178 992 4234 Codicis
1025 4178 1151 4248 lege
1171 4194 1331 4246 supra
1360 4176 1581 4248 c'itatis._
1600 4176 1679 4231 lta
1705 4178 1897 4232 statuit

326 4246 593 4320 Cassarius
624 4249 958 4320 Arelatensis
994 4246 1176 4320 cap)?»
1203 4248 1421 4320 Regulae
1449 4266 1461 4301 :
1496 4266 1516 4299 ‹
1550 4246 1657 4302 Sed
1694 4248 1788 4302 uni
1826 4262 1895 4320 ex

325 4319 632 4374 senioribus
678 4318 875 4373 tradita
931 4333 1073 4388 anno
1113 4318 1323 4388 integro
1368 4319 1421 4373 in
1467 4333 1532 4373 eo
1570 4332 1679 4388 quo
1721 4318 1891 4388 venit,

326 4388 539 4453 habitu,
567 4395 896 4458 perseveret.
919 4407 938 4439 ι
977 4387 1142 4443 Cone.
1169 4387 1353 4458 Aurel.
1378 4403 1431 4453 v,
1462 4403 1583 4442 can.
1616 4387 1714 4442 19:
1743 4387 1895 4454 Qua:-

1284 321 1669 381 CONCORDIA
1707 320 2165 377 REGULARUM.
2196 354 2266 365 —
2302 323 2455 382 CAP.
2497 327 2653 385 LXV.

329 447 417 498 nis
443 438 791 512 congregatio
806 438 1151 510 respondeat,
1173 436 1548 508 adjungentes,
1574 430 1757 488 Gloria
1791 430 1901 485 Pa-
1930 433 1984 492 Α

1926 1766 1976 1828 Β

3438 337 3587 392 ητα

2234 436 2263 508 δ
2290 436 2355 492 ll.
2389 469 2459 479 —
2483 440 2559 495 Ex
2586 439 2803 497 Rasum
2837 441 3062 499 Punuu
3092 443 3230 516 (cap.
3262 445 3337 517 l).

2071 588 2095 617 ο
2124 576 2276 646 Quod
2317 580 2361 635 si
2401 582 2523 652 quis
2552 583 2615 638 de
2650 583 2845 639 szeculo
2879 585 2930 639 in
2961 589 3287 643 monasterio
3336 590 3575 646 converti

1996 668 2247 735 voluerit,
2266 669 2466 742 Regula
2492 675 2540 728 ei
2565 675 2853 731 introeunti
2877 677 3102 749 legatur,
3120 687 3175 733 et
3202 696 3393 737 omnes
3422 691 3575 739 actus

1998 760 2309 813 monasterii
2341 760 2413 815 illi
2443 762 2787 832 patefaciant.
2813 765 2966 833 Quod
3010 768 3054 821 si
3096 769 3276 823 omnia
3304 780 3428 840 apte
3457 787 3572 828 sus-

1998 849 2255 916 sceperit,
2292 851 2371 905 sic
2399 851 2557 921 digne
2592 870 2622 907 a
2651 855 2908 911 fratribus
2948 855 2966 894 ί
2999 858 3051 911 in
3079 858 3268 913 cellula
3310 862 3572 931 suscipia-

2001 945 2109 989 tur.
2143 940 2169 980 ι
2198 936 2330 992 Nam
2364 940 2408 994 si
2436 942 2668 1011 aliquam
2695 945 2719 983 ι’
2748 945 2802 998 in
2825 946 2955 1000 cella
2983 948 3210 1003 voluerit
3231 949 3432 1007 inferre
3453 952 3574 1006 sub-

2001 1026 2260 1091 tantiam,
2298 1029 2312 1069 ι
2356 1028 2407 1082 in
2449 1045 2634 1084 mensa
2686 1041 2918 1100 ponatur
2962 1049 3145 1090 coram
3183 1040 3435 1094 omnibus
3462 1039 3572 1094 fra-

2000 1117 2174 1172 tribus
2200 1157 2213 1181 ,
2251 1119 2397 1173 velut
2443 1119 2647 1195 Regula
2677 1122 2937 1176 continet.
2978 1124 3131 1191 Quod
3180 1126 3225 1181 si
3266 1138 3573 1199 susceptum

1999 1205 2182 1272 fuerit,
2224 1223 2329 1261 non
2361 1210 2535 1264 solum
2580 1211 2647 1265 de
2678 1214 2979 1268 substantia
3024 1232 3186 1285 quam
3233 1218 3433 1285 intulit,
3483 1221 3574 1274 sed

2002 1313 2102 1354 nec
2129 1299 2195 1355 de
2220 1316 2282 1355 se
2302 1300 2419 1371 ipso
2444 1302 2511 1357 ab
2543 1302 2634 1357 illa
2654 1302 2919 1373 iudicabit
2944 1305 3097 1360 hora.

2002 1461 2030 1534 ς
2054 1462 2139 1517 Ill.
2168 1494 2236 1506 —
2265 1462 2398 1519 [rex
2424 1480 2492 1520 ex
2519 1480 2753 1523 suosua
2803 1466 3031 1525 Persen
3066 1469 3284 1526 Renum
3325 1469 3463 1544 (cap.
3496 1472 3571 1545 4).

2076 1623 2090 1676 i
2126 1624 2368 1693 Qualiter
2388 1640 2527 1682 vero
2547 1628 2876 1684 examinatio
2901 1644 3031 1702 erga
3060 1646 3155 1687 eos
3175 1632 3266 1702 qui
3290 1633 3356 1688 de
3379 1635 3574 1689 saeculo

2001 1727 2390 1774 convertuntur
2447 1721 2617 1776 teneri
2670 1720 2896 1789 debeat,
2948 1725 3313 1780 ostendamus.
3370 1726 3575 1798 Ampu-

2010 1810 2184 1864 tanda:
2233 1819 2361 1864 sunt
2410 1809 2595 1880 primo
2638 1809 2707 1865 ab
2759 1811 3067 1882 huiusmodi
3118 1812 3318 1869 divita:
3366 1816 3571 1883 smculi,

2007 1945 2135 2021 tiam
2180 1945 2521 2014 promittat.)
2564 1943 2622 2021 In
2664 1942 2953 2021 Iustiniani
3001 1945 3217 2004 Novella
3261 1949 3312 2014 5,
3355 1936 3473 2021 cap.
3515 1952 3572 2018 2,

2010 2013 2251 2069 videmus
2273 2030 2366 2086 eos
2396 2029 2522 2086 usos
2550 2013 2838 2083 aliquando
2867 2025 3083 2071 tonsura
3110 2027 3162 2072 et
3190 2027 3338 2074 veste
3364 2013 3573 2086 eorum,

2006 2085 2097 2154 qui
2120 2093 2257 2156 tunc
2295 2083 2419 2156 laici
2447 2087 2499 2138 in
2530 2086 2879 2156 monasteriis
2918 2086 3345 2156 appellabantur.
3381 2083 3574 2144 Postea

2006 2153 2195 2225 novitii
2223 2155 2361 2225 apud
2383 2154 2599 2225 Graecos
2618 2153 2788 2208 induti
2815 2153 3115 2219 suntraso,
3143 2172 3236 2213 seu
3262 2175 3383 2214 rasa
3405 2170 3575 2225 veste,

2005 2234 2059 2279 et
2087 2224 2210 2300 hinc
2252 2224 2503 2293 appellati
2543 2225 2861 2300 (Inpagime
2884 2224 2936 2278 id
2975 2237 3291 2300 est,_ra_sum
3322 2224 3573 2295 fcrcntes,

2005 2302 2065 2348 ut
2115 2293 2301 2347 videre
2356 2304 2440 2349 est
2483 2293 2622 2363 apud
2678 2293 3023 2349 Theodorum
3085 2297 3462 2353 Balsamoncm
3520 2293 3573 2354 in

2004 2377 2125 2436 can.
2157 2363 2190 2417 5
2218 2363 3049 2436 synodiConstantinopolitanzn
3079 2381 3244 2436 supra
3284 2370 3479 2431 citaur,
3520 2379 3574 2424 et

2001 2432 2332 2506 ρασοφορέξν,
2374 2432 2428 2486 id
2457 2441 2740 2506 estrasurn
2776 2432 2919 2506 ferre
2946 2437 3085 2506 apud
3110 2432 3359 2491 eumdem
3390 2438 3574 2493 Balsa-

2004 2502 2215 2577 inonéni
2264 2503 2316 2577 in
2360 2518 2482 2577 can.
2531 2503 2800 2577 l9‘cpist.
2850 2502 2907 2556 S.
2954 2502 3136 2577 Basilii
3180 2514 3243 2566 ad
3290 2506 3571 2577 Amphilo-

2001 2573 2186 2653 chittln
2211 2590 2223 2625 :
2246 2576 2345 2653 tiara
2369 2576 2469 2648 γὰρ
2501 2579 2569 2653 μή
2605 2575 2837 2653 immani
2855 2594 2957 2653 ςιςες,
2992 2576 3116 2653 and
3139 2573 3491 2653 p'aa'oapopri—cp,

2002 2650 2106 2705 est,
2138 2643 2185 2696 si
2226 2645 2350 2710 quis
2377 2643 2705 2697 non‘tonsus
2733 2643 2912 2707 fuerit,
2960 2646 3052 2697 sed
3101 2643 3288 2700 rasum
3315 2643 3473 2710 ferai,
3518 2650 3569 2702 id

2000 2713 2164 2767 etiam
2212 2720 2364 2782 patet
2407 2728 2474 2767 ex
2530 2710 2855 2779 Euchologio
2880 2712 3251 2782 Graecorum:
3293 2715 3573 2775 ’Δκολουθία

2000 2785 2073 2844 εἰς
2110 2781 2370 2866 ᾖθχὰριον
2413 2784 2825 2866 dua-opperiare,
2873 2781 2926 2838 id
2967 2792 3071 2849 est,
3101 2785 3233 2840 ordo
3258 2786 3570 2844 instituendi

2000 2853 2188 2907 novitii
2214 2853 2394 2906 rasum
2413 2853 2649 2908 ferentis

2070 2922 2122 3006 ιζ.
2138 2921 2468 3006 (ξρηροηεενξι
2490 2924 3032 3006 atﬂegrediatur,_ctc.
3056 2923 3279 3006 Ca_p.}8
3386 2925 3446 2980 P.
3475 2925 3579 2981 Be-

1999 2993 2670 3076 nedicti__inc_orrigibilem
2711 2994 3034 3076 monachum
3086 2993 3410 3076 ejiciendum
3450 3012 3571 3051 esse

2006 3062 2277 3134 decernit;
2321 3062 2427 3134 hoc
2459 3062 2606 3119 ‘vero
2633 3078 2753 3133 cap.
2786 3065 2977 3120 statuit
3017 3062 3407 3134 proﬁciendum
3446 3082 3570 3122 esse

2006 3148 2129 3187 eum
2169 3132 2415 3205 quivult
2456 3134 2607 3205 exire
2636 3152 2648 3187 :
2678 3132 2820 3202 quod
2849 3135 2919 3205 ita
2950 3132 3353 3205 intelligendum
3379 3143 3481 3201 est,
3522 3137 3567 3191 si

2006 3202 2704 3275 tentationi‘sucoumbens,
2750 3204 2947 3275 saepius
2996 3202 3216 3275 rogatus
3239 3212 3296 3258 ut
3331 3216 3565 3272 maneat,

2001 3272 2139 3345 nolit
2158 3273 2385 3345 omnino
2411 3272 2629 3345 Regula:
2656 3284 2710 3327 et
2731 3272 2912 3328 abbati
2954 3272 3157 3329 morem
3186 3289 3374 3344 gerere
3399 3294 3412 3329 :
3440 3277 3565 3345 quia

2000 3341 2126 3396 dum
2155 3343 2354 3397 invitus
2384 3341 2725 3406 retineretur,
2751 3352 2922 3397 totum
2950 3341 3273 3398 conventum
3306 3341 3564 3409 turbaret,

2001 3411 2308 3483 multosque
2337 3426 2403 3465 ex
2444 3410 2705 3483 fratribus
2754 3413 3113 3483 subverteret.
3157 3412 3319 3483 Quod
3349 3416 3566 3483 quidem

1997 3481 2198 3551 clarius
2231 3480 2322 3535 ﬁet
2353 3495 2419 3535 ex
2446 3480 2627 3551 verbis
2659 3480 2917 3551 Magistri,
2956 3497 3005 3537 c.
3051 3482 3119 3537 90
3156 3480 3411 3550 Regulas':
3450 3503 3469 3535 ι
3490 3484 3568 3539 Ne

1999 3549 2141 3605 forte
2169 3551 2330 3620 (quod
2356 3565 2461 3603 non
2492 3550 2547 3604 in
2567 3549 2844 3605 conversis
2870 3551 3169 3674 contingat?
3199 3549 3319 3605 cum
3349 3552 3415 3607 ad
3438 3568 3567 3609 suos

1999 3621 2234 3674 vomitus
2272 3620 2450 3674 redire
2490 3619 2738 3674 voluerit.
2783 3628 2838 3674 et
2883 3622 3064 3674 saeculi
3108 3622 3335 3674 eeaerit
3375 3623 3567 3674 iterato

1997 3619 2234 3675 vomitus
2272 3620 2450 3674 redire
2490 3619 2755 3691 voluerit,
2783 3628 2838 3674 et
2883 3619 3082 3675 szeculi'
3108 3619 3335 3691 elegerit
3358 3623 3567 3691 iterato

1999 3691 2258 3759 repedare
2297 3690 2514 3754 itinera,
2554 3698 2609 3744 et
2649 3689 2812 3759 nullis
2848 3689 3259 3758 scripturarum,
3286 3689 3371 3746 vel
3394 3694 3568 3746 moni-

1997 3758 2161 3815 tionis
2211 3759 2446 3829 potuerit
2505 3758 2735 3814 vinculis
2789 3760 3047 3824 retineri,
3105 3761 3294 3815 reddat
3348 3760 3566 3818 Christo

1997 3829 2139 3897 quod
2182 3844 2337 3884 suum
2372 3836 2479 3893 est,
2510 3829 2561 3883 id
2590 3837 2693 3893 est,
2735 3837 2930 3883 exutus
2967 3829 3172 3883 sanctis
3214 3830 3473 3894 vestibus,
3512 3843 3567 3888 et

1996 3899 2130 3963 suis,
2161 3898 2359 3968 quibus
2387 3906 2631 3963 venerat,
2667 3898 2908 3962 vestitus,
2934 3899 3239 3954 rcsimilans
3276 3900 3473 3956 saeculo
3497 3904 3563 3957 ad

1997 3983 2276 4024 suasorem
2305 3969 2577 4023 diabolum
2611 3975 2933 4023 revertatur.
2955 3986 2975 4020 ι

2069 4049 2091 4077 ο
2143 4038 2350 4093 Exutus
2395 4038 2544 4092 rebus
2589 4038 2911 4091 monasterii.
2958 4035 3333 4107 Projicicndus
3378 4056 3564 4096 mona-

1996 4108 2149 4164 sticis
2193 4109 2433 4180 vestibus
2472 4108 2689 4180 exuitur
2727 4124 2741 4160 :
2783 4107 2910 4177 quia
2960 4123 3083 4180 non-
3122 4108 3279 4180 decet
3323 4110 3559 4180 aliquem

1994 4187 2146 4233 veste
2167 4178 2483 4233 monachica
2507 4178 2753 4234 indutum
2776 4176 2899 4231 cum
2926 4176 3271 4234 saecularibus
3293 4176 3558 4246 habitare.

1996 4257 2089 4304 aut
2120 4248 2259 4319 forte
2286 4248 2489 4319 vagari,
2510 4248 2588 4319 pob
2616 4247 2949 4319 scandalum.

2064 4319 2089 4359 ἀ
2124 4316 2431 4374 Petitioném
2466 4318 2604 4388 ejus,
2642 4326 2753 4388 etc.
2791 4316 2905 4371 Non
2938 4325 3027 4388 est
3068 4316 3259 4387 petitio
3287 4320 3560 4376 reddenda

1993 4388 2235 4459 proiecto
2262 4407 2275 4441 :
2307 4389 2434 4457 quia
2478 4386 2655 4459 potest
2701 4386 2858 4459 illum
2900 4386 3085 4459 abbas;
3122 4401 3333 4459 cogere,
3381 4399 3442 4444 ut
3489 4393 3559 4445 ad

324 4473 537 4527 cunque
567 4454 765 4527 puella:
803 4472 895 4513 seu
938 4458 1155 4527 propria
1193 4457 1465 4511 voluntate
1502 4458 1891 4527 monasterium
1914 4454 1971 4514 Ι)
1995 4454 2381 4513 inouasteriuin
2436 4454 2648 4521 redeat,
2699 4457 2777 4509 ait
2803 4455 3154 4527 "Simaragdus
3180 4454 3344 4524 {quia
3391 4461 3557 4514 etiam

325 4526 610 4597 appetunt,
660 4543 754 4583 seu
794 4542 825 4582 a
860 4526 1170 4597 parentibus
1214 4527 1535 4597 oll‘eruntur,
1586 4541 1784 4580 annum
1833 4526 1889 4579 in

324 4595 438 4665 ipsa
466 4611 570 4666 qua
596 4599 799 4651 intrant
822 4595 969 4652 veste
993 4603 1364 4666 permaneant.
1400 4595 1458 4666 In
1486 4596 1571 4666 his
1601 4610 1730 4649 vero
1768 4610 1887 4666 rno-

325 4664 579 4722 nasteriis
607 4668 698 4721 ubi
736 4681 839 4721 non
868 4664 1125 4736 perpetuo
1164 4674 1414 4720 tenentur
1448 4664 1688 4726 inclusze,
1720 4664 1888 4718 trien-

323 4736 473 4790 nium
514 4736 568 4789 in
625 4736 739 4806 ipsa
788 4752 891 4804 qua
938 4736 1259 4791 intraverint
1300 4742 1450 4789 veste
1498 4742 1883 4806 permaneant;

322 4812 379 4859 et
423 4803 763 4873 postmodum
808 4803 1123 4860 secundum
1179 4811 1380 4858 statuta
1430 4803 1745 4857 monasterii
1805 4803 1885 4873 ip-

323 4874 436 4945 sius
479 4875 534 4945 in
579 4890 685 4944 quo
726 4875 986 4945 elegerint
1029 4888 1377 4945 perinanere_,
1429 4873 1759 4945 vestimenta,
1788 4888 1886 4945 re-

322 4942 536 5013 ligionis
596 4942 890 5013 accipiant.
942 4963 959 4995 ο
1032 4942 1268 4998 Sanctus
1327 4942 1659 4998 Fructuosus
1715 4944 1884 5013 abbas

320 5012 443 5082 cap.
496 5014 562 5069 l8
601 5033 613 5068 :
663 5012 769 5069 «Et
817 5030 960 5068 anno
1009 5013 1219 5083 integro
1274 5027 1304 5065 a
1366 5013 1576 5068 cunctis
1622 5012 1882 5067 fratribus

318 5098 386 5135 ex
446 5083 707 5138 industria
762 5083 1021 5138 conviciis
1078 5083 1457 5151 comprobetur
1497 5091 1552 5136 et
1595 5092 1881 5151 postquam

319 5152 578 5221 probatus
616 5153 673 5208 in
711 5153 921 5208 cunctis
966 5151 1522 5221 obedientiisfuerit;
1548 5169 1565 5203 ο
1619 5160 1674 5206 et
1720 5153 1882 5220 paulo

318 5219 444 5302 post
464 5222 1125 5302 :APostmodumexuatur
1152 5219 1499 5302 sgecularibus
1529 5219 1786 5302 vestigiis,
1825 5229 1881 5302 et

319 5290 577 5361 induatur
595 5293 937 5347 monasteriis
960 5291 1223 5361 religiosis
1247 5290 1599 5361 simplicibus.
1624 5310 1642 5344 ι
1675 5290 1879 5359 Regula

319 5359 708 5417 Tarnatensis:
742 5379 759 5411 ι
781 5361 846 5414 Et
878 5361 981 5415 nisi
1016 5359 1228 5429 eipleto
1260 5374 1403 5414 anno
1433 5359 1610 5415 nullus
1636 5361 1878 5415 habitum

320 5439 532 5485 mutare
577 5430 980 5500 permittatur.»
1020 5428 1097 5500 Ita
1125 5430 1285 5500 etiam
1326 5429 1578 5500 Magister
1620 5446 1741 5500 cap.
1784 5429 1872 5485 90.

320 5447 532 5512 mutare
565 5447 980 5553 permittatur.»
1020 5447 1094 5511 ira
1125 5447 1285 5509 etiam
1326 5447 1578 5500 magister
1620 5447 1741 5499 cap.
1785 5447 1872 5485 au.

316 5500 537 5554 Addttto
566 5570 573 5571 ί
619 5498 848 5571 Capitul.
882 5499 1016 5554 Lud.
1048 5513 1199 5569 imp.,
1238 5506 1322 5552 tit.
1352 5499 1421 5571 54
1447 5517 1459 5553 :
1497 5499 1751 5571 «Expleto
1781 5515 1878 5571 au-

320 5579 428 5623 tem
466 5568 807 5640 probationis
830 5583 939 5640 suae
970 5568 1135 5640 anno,
1170 5569 1462 5624 secundum
1501 5570 1643 5640 quod
1674 5568 1876 5640 Regula

317 5638 582 5709 praecipit.
615 5641 740 5694 inde
785 5638 984 5709 faciet:
1019 5638 1132 5708 ipse
1166 5653 1294 5692 vero
1320 5652 1419 5695 nec
1441 5639 1743 5709 tondeatur,
1760 5638 1872 5695 'nec

318 5706 630 5767 vestimenta
677 5709 902 5778 pristina
951 5706 1213 5772 immittet,
1260 5709 1573 5777 priusquam
1623 5706 1871 5765 obedien-

1987 4529 2213 4583 forsitan
2266 4530 2320 4582 in
2368 4526 2616 4582 militiam
2672 4526 2893 4588 ascribi,
2949 4535 3042 4579 aut
3082 4540 3301 4580 uxorem
3355 4528 3557 4584 ducere

1985 4597 2167 4661 vellet,
2205 4606 2263 4652 et
2288 4605 2504 4667 recepta
2554 4594 2646 4649 illa
2679 4595 2940 4663 petitione
2970 4608 3030 4649 se
3062 4609 3184 4650 esse
3228 4599 3551 4652 monachum

1984 4675 2273 4813 ῗέἃὸῡιξξᾷ
2296 4736 2342 4790 si
2362 4735 2478 4813 quis
2502 4773 2518 4799 ,
2545 4731 2936 4813 etc._,_Habe.t_ur
2962 4732 3014 4787 in
3042 4731 3414 4813 [lngula-tertia
3430 4738 3548 4790 cod.

1982 4800 2157 4871 Flor.,
2183 4807 2272 4861 ubi
2301 4800 2399 4874 pro
2428 4805 2514 4874 his
2542 4803 2725 4874 verbis
2751 4802 3042 4874 scribitur:
3070 4800 3278 4858 Placuit
3299 4806 3424 4869 ﬁde.

2059 4874 2078 4914 ί
2114 4874 2179 4930 In
2201 4872 2409 4929 cellula.
2438 4873 2494 4927 ld
2524 4881 2627 4936 est,
2658 4872 2711 4925 in
2740 4873 3088 4929 monasterio.

2056 4947 2081 4985 ⁸
2119 4945 2279 4999 Ναηι.
2310 4944 2367 4997 ld
2393 4953 2506 5006 est,
2532 4957 2727 4996 verum.

2048 5015 2075 5055 ιι
2102 5013 2169 5068 1η
2198 5013 2348 5068 cella.
2381 5011 2439 5066 Id
2471 5021 2573 5075 est,
2601 5012 2653 5064 in
2677 5008 3025 5069 monasterio.

2058 5087 2074 5127 ί
2113 5084 2179 5138 In
2201 5100 2379 5137 mensa
2406 5091 2648 5151 ponatur.
2686 5078 2885 5151 Mensa
2922 5082 3023 5136 hoc
3056 5079 3175 5136 loco
3209 5092 3293 5136 est
3312 5096 3552 5137 commu-

1977 5156 2066 5211 nis
2090 5153 2397 5208 monasterii
2418 5150 2753 5221 substantia,
2804 5164 2899 5221 seu
2943 5152 3235 5221 possessio.
3246 5220 3255 5221 ί
3286 5150 3362 5206 lta
3410 5154 3550 5221 apud

1980 5223 2038 5279 S.
2068 5223 2392 5293 Gregorium;
2417 5218 3037 5293 Turonensemtlilnm,
3075 5235 3202 5293 cap.
3226 5220 3279 5293 3,
3308 5218 3544 5293 dicitur:

1980 5293 2164 5348 Mensa
2181 5286 2595 5346 'canonicorum.
2623 5288 2760 5343 Acta
2803 5287 2862 5342 S.
2890 5286 3109 5344 Ctesarii
3150 5286 3305 5345 'Arel.
3336 5291 3474 5345 llist.
3508 5292 3545 5343 l.

1977 5379 1994 5417 ι
2020 5382 2033 5417 :
2072 5380 2090 5413 α
2116 5363 2294 5417 Donec
2321 5373 2508 5431 omnes
2521 5357 2589 5431 ab
2615 5358 2731 5431 ipso
2760 5367 2941 5412 essent
2962 5359 3216 5431 redempti
3234 5374 3297 5413 eo
3322 5370 3548 5431 argento

1976 5434 2120 5503 quod
2170 5430 2490 5503 venerabilis
2542 5427 2745 5487 Eonius
2789 5435 3097 5485 antecessor
3145 5427 3261 5496 ejus
3305 5427 3548 5486 ecclesia-

1976 5501 2177 5557 mensa:
2210 5501 2520 5569 reliquerat.
2558 5521 2578 5553 ι

2048 5572 2061 5623 i
2101 5570 2343 5642 Qualiter
2376 5585 2516 5642 vero,
2545 5580 2651 5627 etc.
2702 5570 2815 5642 Hoc
2858 5580 3016 5642 caput
3066 5571 3306 5642 invenire
3356 5579 3435 5627 est
3488 5572 3543 5626 in

1974 5641 2182 5769 glegula
2244 5655 2345 5697 ms.
2400 5639 2657 5707 Macarii,
2698 5639 3006 5712 Serapionis
3055 5651 3108 5697 et
3154 5641 3539 5700 aliorumcoJ.

2038 5730 2119 5769 OI‘.

2038 5730 2119 5769 OI‘.
