3948 6182
333 324 459 382 I’Nl

1339 314 1398 370 S.
1431 311 1790 369 BENEDICTI
1829 309 2118 366 ABBATIS
2147 309 2552 368 ANIANENSIS

3447 307 3595 362 ιετε

333 449 360 478 ι
398 434 587 508 [quod]
640 434 684 490 si
712 433 873 488 habet
922 431 1034 501 ipse
1064 428 1300 490 divitias,
1335 440 1471 496 quas
1507 431 1790 494 amputare
1815 422 1908 477 de-
1936 424 1982 482 Α
2012 419 2269 475 luntatem
2306 421 2505 487 facere,
2546 421 2640 478 sed
2689 419 2931 476 alterius.
2977 420 3131 488 Quod
3178 420 3224 476 si
3253 419 3489 476 voluerit
3541 422 3598 474 in

333 525 483 591 beat,
526 538 661 594 quas
687 521 922 592 Spiritus
967 526 1183 574 sanctus
1227 516 1461 572 ostendit
1483 515 1510 554 ιι
1542 529 1639 585 per
1665 513 1907 570 Salomo-

334 629 457 670 nent
507 615 728 670 dicens:
778 610 900 666 Odit
928 611 1106 664 anima
1147 625 1260 662 mea
1292 623 1569 678 pauperem
1607 605 1903 676 superbum,

332 719 380 762 et
411 708 620 762 divitem
671 708 970 762 mendaeem
1017 705 1204 776 (Eccii.
1247 704 1412 776 xxv);
1469 713 1524 758 et
1550 703 1656 758 alio
1683 703 1801 756 loco
1829 701 1909 756 di-

333 800 448 854 cit:
501 798 650 854 Sicut
692 799 1050 863 vulneratum,
1087 797 1366 867 superbum
1415 795 1586 867 (Psal.
1621 793 1904 863 Lxxxvm).

333 891 503 948 Debet
525 907 653 963 ergo
681 893 726 948 is
757 891 846 962 qui
884 898 1082 960 praeest
1122 889 1284 945 Pater
1320 903 1513 958 magno
1541 887 1720 942 studio
1767 887 1910 941 hanc

336 984 573 1055 regulam
615 993 828 1049 tenere,
880 991 940 1037 ut
995 983 1038 1038 si
1085 997 1289 1052 panper
1329 981 1681 1043 convertitur,
1733 980 1910 1050 primo

335 1086 357 1114 ο
389 1085 623 1146 exponat
656 1077 924 1130 sarcinam
955 1073 1219 1144 superbiae
1246 1092 1257 1126 :
1303 1073 1327 1112 ἀ
1361 1072 1457 1144 [et]
1487 1074 1608 1142 quia
1639 1072 1728 1127 ille
1753 1073 1912 1127 debet

334 1174 458 1220 ante
497 1164 676 1219 omnia
717 1165 994 1220 humiliter
1034 1164 1200 1219 imbui
1245 1163 1387 1233 quod
1434 1179 1684 1232 magnum
1718 1171 1774 1216 et
1801 1162 1912 1218 Deo

335 1254 660 1312 sacriﬁcium
707 1263 988 1325 acceptum
1039 1263 1142 1309 est.
1194 1253 1327 1308 Nam
1374 1269 1526 1308 suam
1579 1253 1908 1307 voluntatem

335 1361 441 1401 non
477 1345 638 1400 faciat
684 1345 1052 1414 unusquisque
1101 1352 1339 1400 vestrum
1369 1385 1384 1410 ,
1432 1343 1664 1406 fratres,
1717 1344 1810 1399 sed
1844 1345 1911 1400 ad

334 1450 496 1489 omne
523 1450 656 1504 opus
683 1435 881 1489 bonum
909 1435 1083 1505 parati
1112 1441 1314 1500 estote,
1364 1434 1449 1491 vel
1485 1433 1740 1503 quidquid
1772 1433 1912 1489 acci-

335 1526 494 1589 derit,
526 1533 618 1579 aut
649 1524 858 1593 justum
907 1525 1107 1591 fuerit,
1135 1540 1406 1581 memores
1431 1541 1551 1581 esse
1579 1525 1807 1590 debetis,
1858 1527 1913 1579 in

336 1613 669 1670 tribulatione
704 1616 958 1685 patientes
1002 1613 1173 1686 (Rom.
1217 1617 1339 1689 χιι),
1377 1617 1432 1670 in
1462 1617 1717 1687 operibus
1747 1618 1914 1672 hone-

335 1705 426 1760 sti.
474 1705 649 1761 Nolite
692 1722 787 1763 vos
821 1707 1052 1763 invicem
1089 1707 1154 1762 ad
1198 1708 1532 1763 iracundiam
1577 1723 1910 1779 provocare;

2011 511 2342 568 monasterio
2376 513 2392 553 ί
2429 519 2640 582 partem
2666 510 2936 578 conferre,
2969 511 2984 562 ἑ
3025 512 3237 567 noverit
3258 527 3368 581 quo
3401 511 3602 565 ordine

2009 602 2122 657 sive
2157 601 2294 671 ipse,
2349 601 2462 656 sive
2499 601 2616 671 ejus
2647 601 2852 656 oblatio
2883 601 3227 671 suscipiatur.
3275 600 3376 666 Et,
3425 601 3473 655 si
3506 617 3602 654 vo-

2009 689 2171 745 luerit
2215 692 2282 746 de
2320 692 2434 746 suis
2481 691 2655 747 servis
2680 705 2863 747 secum
2908 693 2964 747 in
3015 693 3348 748 monasterio
3387 691 3602 747 condu-

2009 797 2154 848 cere,
2201 784 2411 839 noverit
2429 784 2542 854 jam
2579 799 2684 838 non
2711 799 2832 838 eum
2860 799 3074 840 servum
3104 785 3324 848 habere,
3364 784 3463 838 sed
3491 781 3604 836 fra-

2011 880 2190 940 trem,
2249 880 2310 928 ut
2358 873 2412 927 in
2456 870 2710 928 omnibus
2757 862 3031 944 perfectus
3077 872 3386 927 inveniatur
3434 873 3604 926 homo

2010 965 2116 1022 ille.

2290 1054 2318 1127 ᾗ
2359 1054 2448 1109 ιν.
2481 1054 2560 1108 Εχ
2589 1053 2809 1107 Rscuu
2848 1066 3036 1107 SANCTI
3065 1051 3322 1107 MACARII.

2083 1166 2110 1206 Ιι
2147 1167 2286 1238 Ergo
2326 1165 2371 1219 si
2396 1165 2518 1234 quis
2546 1164 2868 1218 voluerit'ad
2914 1161 3297 1217 monasterium
3327 1161 3601 1224 converti,

2012 1257 2214 1330 Regula
2242 1257 2289 1311 ei
2318 1256 2607 1310 introeunti
2638 1255 2864 1326 legatur,
2917 1262 2972 1308 et
2998 1268 3185 1307 omnes
3215 1262 3372 1307 actus
3407 1268 3603 1306 mona-

2011 1349 2162 1404 stcrii
2201 1347 2278 1404 illi
2304 1346 2584 1417 pateﬁant.
2633 1345 2782 1413 Quod
2812 1346 2856 1399 si
2884 1344 3066 1398 omnia
3096 1351 3220 1412 apte
3245 1342 3600 1401 sustinuerit.

2012 1440 2091 1494 sic
2119 1439 2280 1509 digne
2307 1453 2338 1491 a
2369 1435 2628 1490 fratribus
2649 1435 2977 1505 suscipiatur
3000 1435 3054 1487 in
3077 1434 3430 1488 monasteﬁo.
3464 1431 3599 1484 Nam

2013 1529 2057 1584 si
2084 1527 2320 1596 aliquam
2352 1527 2404 1580 in
2432 1525 2680 1580 cellulam
2708 1523 2938 1578 voluerit
2973 1521 3172 1577 inferre
3209 1520 3600 1582 substantiam,

2013 1619 2068 1674 in
2095 1633 2280 1673 mensa
2328 1624 2561 1686 ponatur
2606 1629 2788 1669 coram
2833 1611 3082 1667 omnibus
3119 1611 3400 1673 fratribus,
3457 1609 3603 1663 velut

2015 1708 2216 1779 Regula
2243 1707 2501 1763 continuet.
2540 1705 2692 1771 Quod
2724 1704 2766 1758 si
2805 1701 2821 1741 ι
2851 1711 3130 1771 susceptus
3160 1699 3343 1765 fuerit,
3373 1716 3482 1754 non
3510 1716 3603 1754 so-

337 1797 431 1852 sed
464 1811 678 1866 semper
700 1796 838 1852 bona
864 1798 1167 1853 sectamini.
1219 1798 1283 1852 Hi
1313 1799 1402 1868 qui
1427 1774 1749 1860 tales—sunt,
1788 1812 1910 1852 cum
1942 1774 1987 1833 Β
2016 1774 2126 1856 tum
2157 1802 2222 1854 de
2249 1797 2550 1854 substantia
2595 1812 2756 1865 quam
2808 1794 3016 1858 intulit,
3052 1792 3146 1847 sed
3187 1792 3352 1847 etiam
3381 1806 3484 1845 nec
3533 1791 3605 1844 de

341 1885 407 1942 de
449 1886 627 1941 sazculi
679 1885 901 1942 latebris
939 1887 1157 1942 liberari
1196 1887 1484 1953 voluerint,
1534 1887 1914 1958 appropiantes

337 1977 684 2042 monasterio,
706 1977 1042 2032 hebdomada
1085 1992 1184 2048 pro
1229 1978 1434 2034 foribus
1455 1977 1772 2048 iungantur,
1811 1989 1834 2016 ο
1861 1984 1915 2032 et

337 2068 505 2123 durus
533 2081 711 2122 sermo
753 2076 809 2122 et
834 2067 1136 2123 laboriosus
1180 2069 1260 2123 cis
1299 2077 1668 2138 proponatur:
1712 2068 1756 2122 si
1787 2082 1915 2122 vero

338 2156 804 2228 perseveraverint
828 2156 1103 2225 pulsantes
1127 2199 1141 2223 ,
1193 2159 1273 2213 eis
1302 2174 1408 2212 non
1457 2167 1681 2229 negetur
1710 2159 1916 2228 ingres-

341 2263 471 2313 sus;
506 2249 599 2304 sed
629 2249 675 2304 is
705 2249 796 2318 qui
841 2257 1036 2318 prmest
1062 2249 1220 2304 Pater
1257 2248 1624 2318 hujuscemodi
1671 2249 1918 2305 homines

341 2340 564 2396 introire
610 2343 918 2412 permittat,
966 2351 1020 2397 et
1066 2342 1300 2411 qualiter
1346 2343 1516 2396 vitam
1567 2341 1798 2396 fratrum
1834 2341 1917 2396 vel

341 2433 597 2504 Regulam
646 2442 831 2490 tenere
877 2433 1122 2503 possint,
1163 2433 1428 2488 ostendat.
1479 2432 1630 2500 Quod
1678 2433 1724 2487 si
1766 2432 1918 2488 dives

338 2531 442 2587 cst,
475 2522 680 2578 habens
705 2521 900 2578 multas
929 2523 1164 2587 divitias,
1201 2531 1255 2576 et
1279 2523 1517 2577 converti
1547 2521 1794 2588 voluerit,
1825 2521 1922 2578 de-

340 2615 432 2669 bet
457 2614 631 2685 primo
658 2614 750 2670 Dei
781 2613 1110 2670 voluntatem
1143 2614 1389 2684 implere,
1419 2623 1474 2669 ct
1497 2615 1752 2686 consequi
1785 2630 1921 2686 prte-

340 2716 556 2778 ceptum
587 2708 749 2774 illiu=,
777 2708 1044 2778 pmcipue
1071 2708 1212 2778 quod
1238 2709 1569 2764 adolescenti
1605 2709 1756 2763 diviti
1787 2707 1920 2763 dici-

345 2808 467 2852 tur:
507 2797 525 2836 ί
564 2795 737 2850 Vende
762 2797 935 2850 omnia
967 2807 1058 2850 tua
1087 2836 1102 2862 ,
1141 2807 1188 2851 et
1218 2797 1286 2851 da
1315 2799 1672 2869 pauperibus;
1709 2807 1756 2852 et
1795 2796 1918 2852 tolle

341 2902 544 2941 erucem
582 2894 746 2949 tuam,
777 2895 823 2940 et
851 2903 1062 2957 sequere
1087 2904 1166 2942 me
1195 2888 1408 2958 (Matth.
1440 2887 1577 2954 χιχ).
1611 2887 1816 2944 Deinde
1837 2889 1918 2942 in-

341 2974 632 3030 struendus
654 2982 737 3029 est
765 2974 832 3029 ab
856 2988 943 3040 eo,
980 2975 1072 3044 qui
1103 2983 1316 3045 praeest,
1353 2975 1533 3042 Patre,
1568 2985 1628 3030 ut
1656 2976 1789 3030 nihil
1813 2976 1916 3032 sibi

345 3063 614 3133 relinquat
655 3063 757 3118 nisi
787 3077 1002 3118 crucem
1033 3063 1256 3128 Christi,
1305 3079 1464 3133 quam
1500 3072 1698 3129 teneat,
1749 3072 1804 3120 et
1829 3080 1917 3120 se-

345 3162 542 3224 quatur
591 3153 896 3208 Dominum.
957 3152 1147 3209 Crucis
1190 3169 1322 3210 vero
1368 3154 1579 3226 fastigia
1619 3157 1645 3196 8
1671 3171 1791 3225 quae
1850 3165 1922 3211 te-

345 3247 520 3302 nenda
547 3254 692 3312 sunt,
719 3246 744 3286 h
777 3246 952 3316 primo
991 3247 1140 3302 omni
1173 3247 1479 3303 obedientia
1516 3262 1622 3303 non
1648 3263 1798 3304 suam
1833 3263 1926 3303 vo-

417 3415 441 3442 ο
475 3399 627 3465 Quod
677 3401 722 3453 si
749 3398 898 3454 habet
927 3399 1051 3465 ipse.
1088 3397 1166 3454 Ita
1197 3400 1250 3454 in
1274 3400 1392 3456 cod.
1422 3399 1565 3455 Flor.
1597 3416 1610 3461 ;
1661 3407 1838 3456 tamen
1867 3402 1926 3456 τὸ

346 3471 484 3540 quod
496 3470 721 3540 videtur
749 3470 1066 3540 redundare.

483 3539 586 3594 Per
610 3539 964 3594 Salomonem.
1019 3539 1117 3594 llic
1142 3547 1319 3595 textus
1352 3553 1457 3595 non
1488 3547 1572 3595 est
1600 3539 1923 3605 Salomonis,

349 3610 444 3666 sed
477 3609 602 3680 .lesu
634 3609 730 3663 filii
761 3607 978 3680 Sirach,
1003 3609 1365 3666 Ecclesiastici
1393 3625 1512 3680 cap.
1545 3627 1669 3664 xxv.

420 3692 441 3719 ο
478 3679 742 3750 Βεροηαζμ.
801 3679 877 3732 Ita
905 3681 1024 3734 cod.
1054 3680 1180 3750 Flor
1201 3719 1217 3744 ,
1268 3681 1320 3735 id
1350 3678 1473 3745 est,‘
1502 3681 1745 3750 deponat.
1789 3678 1930 3734 Non-

349 3747 820 3873 pilpsxpiarcellus,
875 3763 994 3818 cap.
1039 3749 1096 3816 4,
1126 3766 1402 3820 exponere,
1446 3747 1720 3820 deponere,
1778 3750 1924 3820 Virg.

374 3845 382 3871 ι
431 3856 445 3872 .
552 3836 565 3870 :

599 3964 651 3994 ._.
678 3963 690 3978 .
719 3967 728 3978 .
759 3965 774 3980 .
805 3967 816 3978 .
838 3931 996 3980 socios
1019 3931 1079 3978 de
1106 3932 1346 3994 puppibus
1373 3931 1479 3980 altis

598 3991 835 4042 Pontibus
853 3991 1122 4054 exponunt.
1134 3991 1226 4040 ....'.

352 4100 419 4152 Et
443 4111 698 4167 exponere
719 4106 937 4167 ueterem
966 4095 1227 4167 hominem
1256 4095 1394 4167 apud
1421 4093 1807 4167 Tertullianum
1836 4094 1929 4148 lib.

351 4170 417 4221 de
437 4163 850 4220 lics11rrectione
879 4164 1080 4228 carnis,
1129 4165 1179 4218 id
1205 4163 1306 4228 est,
1363 4165 1650 4233 deponere.
1678 4163 1743 4217 Et
1777 4179 1936 4233 expo-

353 4239 491 4300 sitio,
530 4235 716 4304 idest,
767 4235 1047 4304 depositio,
1081 4234 1220 4302 apud
1244 4231 1492 4287 eumdem
1541 4233 1636 4286 lib.
1663 4233 1744 4304 _de_
1792 4231 1936 4286 Prse-

354 4307 540 4376 script.
569 4303 794 4386 ﬂagret”
834 4301 1237 4374 'Expositionem
1265 4312 1594 4373 peccatorum
1636 4302 1698 4356 de
1725 4301 1935 4358 lavacro

357 4384 685 4446 rept'omttttt.

2014 1893 2190 1961 seipso
2220 1891 2289 1944 ab
2337 1888 2427 1943 illa
2451 1887 2717 1956 judicabit
2749 1887 2904 1941 hora.
2971 1883 3104 1938 Nam
3135 1883 3178 1938 si
3216 1882 3419 1952 aliquid
3451 1883 3607 1953 prius

2015 1983 2195 2038 intulit
2238 1980 2516 2045 fratribus,
2559 1979 2660 2049 ipsi
2697 1987 3012 2033 tamen'non
3043 1985 3130 2032 cst
3169 1975 3388 2032 licentia
3414 1985 3476 2029 ut
3505 1975 3608 2028 ali-

2014 2075 2142 2146 quid
2186 2072 2383 2129 habeat
2427 2072 2482 2126 in
2513 2087 2609 2126 sua
2662 2078 2945 2140 potestate.
2977 2081 3016 2110 ω
3058 2069 3145 2132 Et,
3183 2067 3226 2122 si
3267 2083 3331 2122 ex
3359 2067 3608 2136 qualibet

2015 2180 2180 2221 causa
2210 2163 2449 2220 scandali
2475 2172 2596 2233 post
2623 2163 2842 2217 tertium
2888 2163 3030 2218 diem
3064 2161 3212 2216 exire
3237 2160 3491 2221 voluerit,
3522 2160 3606 2214 ni-

2016 2257 2092 2313 hil
2121 2256 2337 2326 penitus
2361 2255 2595 2324 accipiat
2632 2253 2735 2309 nisi
2766 2255 2820 2308 in
2850 2262 2999 2308 veste
3033 2267 3137 2320 qua
3166 2251 3336 2305 venit.
3371 2250 3530 2317 Quod
3558 2250 3605 2304 si

2015 2362 2147 2402 casu
2179 2356 2206 2385 η
2233 2346 2511 2400 transierit
2534 2385 2549 2409 ,
2594 2343 2771 2398 nullus
2798 2343 3074 2397 haeredum
3119 2339 3234 2408 eius
3265 2347 3291 2375 ο
3328 2340 3482 2394 adire
3513 2339 3610 2394 de-

2017 2441 2161 2496 beat.
2189 2437 2339 2506 Quod
2373 2446 2399 2487 P
2425 2437 2469 2492 si
2499 2436 2791 2506 impulsare
2810 2435 3064 2499 voluerit,
3088 2443 3116 2482 «ι
3148 2431 3351 2503 Regula
3381 2431 3431 2486 ei
3458 2431 3606 2501 lega-

2018 2539 2127 2597 tur,
2151 2538 2207 2586 et
2253 2527 2614 2584 confundatur
2644 2526 2903 2596 turpiter,
2955 2533 3010 2580 et
3037 2524 3277 2580 discedat
3319 2521 3608 2587 confusus,

2017 2623 2144 2693 quia
2167 2629 2224 2678 et
2249 2621 2345 2686 illi,
2374 2636 2405 2675 a
2435 2635 2545 2690 quo
2582 2619 2804 2691 repetit,
2837 2617 2999 2672 fuerit
3033 2617 3277 2672 recitata.

2107 2757 2220 2828 δν.
2245 2737 2317 2796 -’
2344 2755 2423 2810 Εχ
2459 2755 2677 2811 Rscuu
2704 2768 2890 2809 SANC'I'I
2933 2750 3192 2808 Pacnoun
3225 2752 3370 2819 (cap.
3396 2750 3512 2806 49L

2093 2901 2114 2929 τ
2140 2890 2198 2946 Si
2229 2889 2351 2960 quis
2389 2886 2676 2942 accesserit
2724 2885 2793 2940 ad
2825 2884 3022 2940 ostium
3069 2883 3387 2938 monasterii
3423 2881 3614 2937 volens

2021 2982 2214 3040 saeculo
2257 2981 2589 3045 renuntiare,
2626 2985 2681 3033 et
2720 2976 2950 3031 fratrum
2981 2986 3002 3013 ι
3039 2974 3318 3046 aggregari
3357 2989 3610 3037 numero,

2021 3090 2129 3131 non
2177 3071 2396 3129 habebit
2431 3068 2666 3125 intrandi
2706 3067 3032 3129 libertatem,
3073 3066 3166 3120 sed
3199 3079 3354 3134 prius
3386 3066 3580 3118 nuntia

2024 3165 2170 3222 bitur
2193 3162 2339 3218 Patri
2371 3159 2706 3224 monasterii,
2739 3165 2794 3213 et
2823 3157 3010 3228 pau’cis
3045 3155 3234 3212 diebus
3262 3155 3507 3209 manebit
3534 3153 3607 3208 fo-

2025 3256 2101 3311 ris
2135 3262 2260 3309 ante
2280 3251 2526 3323 januam,
2551 3264 2615 3304 ac
2635 3236 2916 3304 docebitur
2939 3246 3238 3302 orationem
3269 3245 3611 3299 Dominicam

2025 3413 2255 3470 duxerat
2290 3409 2344 3464 in
2376 3403 2783 3467 monasterium,
2815 3416 2922 3457 non
2947 3401 3120 3456 solum
3159 3397 3390 3454 habebat
3417 3406 3480 3452 ut
3506 3397 3610 3452 fra-

2030 3491 2187 3544 trem,
2216 3479 2309 3534 sed
2337 3477 2499 3532 etiam
2529 3475 2578 3530 ei
2601 3474 2892 3544 serviebat.

2098 3551 2122 3590 ιι
2154 3538 2302 3620 Ergo
2326 3546 2536 3620 siquis,
2557 3553 2687 3620 __etc.
2723 3542 2921 3620 E_orum
2953 3555 3074 3610 quae
3123 3538 3210 3620 hic
3237 3538 3479 3620 citantur
3507 3538 3608 3591 sub

2026 3608 2254 3676 nomine
2271 3617 2328 3672 S.
2372 3608 2614 3677 Macarii,
2643 3612 2819 3667 media
2843 3608 2986 3680 pars
2999 3623 3157 3678 supra
3189 3609 3292 3663 hoc
3319 3608 3501 3680 capite
3545 3621 3606 3659 ει

2026 3681 2458 3760 reguliPatrutn
2482 3685 2741 3760 producta
2765 3677 2868 3736 est.
2898 3680 3160 3760 Quaedam.
3183 3693 3314 3732 vero
3341 3677 3609 3760 habentur

2029 3746 2177 3814 inUR.
2213 3757 2312 3812 Ms.
2341 3746 2500 3810 tertia
2525 3754 2644 3807 cod.
2671 3752 2817 3806 Flor.
2865 3749 3016 3818 cujus
3047 3748 3258 3802 initium
3314 3756 3441 3818 est:
3479 3746 3610 3799 Cum

2028 3832 2081 3883 in
2113 3829 2318 3882 nomine
2344 3824 2556 3880 Domini
2593 3841 2698 3877 una
2734 3837 2854 3874 cum
2895 3817 3151 3889 fratribus
3203 3817 3398 3872 nostris
3426 3830 3613 3870 conve-

2026 3913 2302 3952 mssemus.

2106 3967 2121 4005 ι
2155 3967 2456 4036 Susceptus.
2485 3961 2650 4036 Lege,
2673 3968 2931 4028 suscepta.

2099 4049 2139 4076 ι·
2168 4035 2256 4100 Et,
2295 4025 2341 4090 si
2369 4049 2430 4088 ea:
2455 4025 2680 4103 qualibet
2702 4025 2860 4083 causa
2889 4026 3144 4103 scandali.
3177 4026 3306 4103 Haec
3350 4039 3526 4103 usque
3549 4025 3614 4103 ad

2032 4107 2192 4162 finem
2242 4093 2400 4174 hujus
2442 4093 2663 4172 capituli
2717 4115 2824 4155 non
2879 4105 3095 4154 exstant
3122 4098 3175 4152 in
3210 4097 3378 4152 citata
3409 4093 3616 4164 Regula

2031 4177 2153 4234 cod.
2181 4175 2328 4229 Flor.

2105 4256 2131 4284 ιι
2165 4242 2473 4298 Transierit.
2509 4240 2568 4296 id
2592 4248 2696 4303 est,
2726 4247 2973 4294 mortuus
2999 4235 3177 4291 fuerit.

2107 4324 2132 4351 °
2163 4315 2320 4368 Adire
2345 4311 2548 4365 debeat.
2589 4309 2790 4379 Nempe
2821 4309 3188 4363 htcreditatem
3211 4303 3330 4372 ejus
3356 4303 3426 4358 de
3457 4303 3618 4358 bonis

2038 4400 2158 4457 qute
2172 4379 2814 4457 monasterio__intulerat.

423 4445 448 4486 ἀ
574 4444 696 4515 quia
727 4442 832 4499 ille.
875 4441 952 4498 Ita
981 4444 1035 4498 in
1065 4459 1167 4498 ms.
1204 4441 1425 4512 Regula.
1477 4439 1584 4497 Sed
1615 4441 1800 4510 copula
1848 4456 1922 4496 rc-

2049 4439 2072 4457 ³
2110 4466 2134 4504 ρ
2163 4452 2474 4532 Impulsam.
2507 4450 2808 4520 Usurpatur
2827 4462 2926 4530 pro
2958 4442 3373 4532 ριεζεαιίιεηιιιιοιιΔ
3397 4451 3483 4532 est
3519 4441 3618 4532 ali-

356 4515 576 4573 dundat.
1772 4565 1782 4573 .

432 4600 456 4627 ε
489 4585 554 4638 Et
576 4601 746 4639 sermo
782 4585 947 4638 durus
975 4593 1022 4638 et
1047 4583 1338 4638 laboriosus
1369 4582 1442 4635 eis
1481 4591 1822 4652 proponatur.
1853 4580 1933 4634 Ita

359 4663 582 4728 apparet
625 4663 929 4728 correctum
960 4655 1014 4728 in
1046 4663 1228 4728 nostra
1273 4652 1593 4728 goncordia.
1625 4653 1746 4728 Sed
1797 4651 1931 4728 lege,

358 4719 495 4782 u't'in
519 4723 817 4781 Concordia
843 4723 1244 4786 Vindocinensi,
1277 4722 1343 4775 Et
1368 4738 1568 4790 semper
1602 4722 1736 4775 dura
1783 4731 1828 4774 et
1859 4719 1936 4773 la-

361 4799 568 4876 boriosa
603 4795 676 4850 eis
705 4803 1081 4876 proponantur,
1105 4792 1256 4860 juxta
1296 4791 1424 4845 illud
1449 4792 1505 4846 S.
1534 4791 1588 4842 P.
1619 4791 1887 4876 Benedicti
1919 4809 1933 4876 ξ

367 4861 726 4992 ῧνινάὶεεηιιιι·
766 4861 813 4919 ei
857 4865 991 4918 dura
1033 4874 1078 4917 et
1123 4879 1342 4933 aspera,
1402 4879 1494 4932 per
1531 4878 1646 4932 qua:
1700 4863 1808 4914 itur
1868 4861 1938 4914 ad

414 4954 551 4990 eum.

414 4954 551 4990 eum.

442 5007 459 5046 ί
506 5004 678 5060 Vende
701 5006 876 5059 omnia
903 5014 1016 5068 tua,
1049 5012 1152 5058 etc.
1183 5001 1367 5056 Matth.
1400 5017 1513 5064 χιχ,
1538 5000 1698 5054 Marc.
1727 5018 1781 5065 χ,
1809 5001 1937 5054 Luc.

365 5095 456 5133 χιχ
482 5094 495 5141 ;
524 5077 576 5132 in
605 5076 802 5145 quibus
843 5083 1020 5130 tamen
1045 5073 1318 5145 locis_non
1345 5080 1470 5145 sunt
1493 5073 1638 5145 han
1660 5073 1842 5145 verba,
1893 5081 1940 5123 et

367 5139 491 5202 tolle
532 5139 736 5200 crucem
777 5155 943 5210 tuam,
975 5145 1070 5199 sed
1109 5143 1287 5197 addita
1323 5142 1390 5196 ab
1417 5139 1574 5208 hujus
1606 5141 1817 5211 Regula'
1845 5157 1940 5194 au-

368 5217 628 5276 ctoribus.
667 5215 810 5286 quod
830 5216 1098 5286 facerent_
1117 5213 1182 5265 ad
1211 5212 1543 5286 propositum

443 5290 467 5327 8
499 5286 629 5352 Quir
650 5281 871 5340 tenenda
893 5293 1031 5338 sunt.
1066 5281 1265 5351 Sttpple
1293 5281 1546 5335 ostendat.

442 5358 468 5397 ιι
500 5347 679 5411 primo
711 5357 850 5409 omni
895 5347 1194 5408 obedientia'
1215 5369 1317 5404 non
1345 5367 1494 5403 suam
1539 5350 1708 5418 facere
1751 5347 1934 5401 volun-

371 5436 529 5481 tatem
556 5467 571 5490 ,
611 5426 700 5480 sed
730 5425 964 5479 alterius.
1011 5424 1088 5478 Ita
1140 5423 1191 5476 in
1221 5421 1420 5492 Regula
1465 5436 1561 5473 ms.
1596 5420 1713 5472 cod.
1766 5418 1934 5484 Flor.,

373 5497 466 5552 sed
500 5496 748 5549 videntur
781 5497 1021 5564 quaedam
1045 5495 1246 5548 deesse.

455 5567 466 5604 ί
507 5564 739 5618 Partem.
767 5561 1030 5618 Bonorum
1053 5578 1272 5617 suorum
1298 5561 1560 5616 videlicet.

451 5634 464 5682 i
508 5632 720 5686 Noverit
768 5634 880 5700 jam
914 5651 1014 5685 non
1065 5649 1184 5685 eum
1212 5649 1412 5685 servum
1466 5631 1670 5691 habere.
1708 5640 1810 5684 etc.
1869 5629 1943 5681 Ita

382 5705 438 5755 Β.
464 5701 695 5758 Joannes
724 5703 788 5755 de
832 5703 1004 5756 Monte
1042 5701 1265 5756 Mirabili
1303 5716 1515 5755 servum
1547 5716 1705 5771 quem
1759 5714 1944 5754 secum

2036 4512 2266 4594 quemin
2282 4521 2376 4594 jus
2403 4512 2844 4594 voc_arc,__'agere'
2880 4519 2932 4571 in
2959 4512 3251 4594 aliquem
3301 4514 3474 4594 citare
3513 4512 3613 4565 ali-

2037 4583 2217 4664 quem.
2267 4583 2447 4664 (ῗοιιο.Δ
2473 4583 2746 4644 Aurelian.
2787 4603 2840 4651 v,
2871 4602 2990 4664 can.
3137 4603 3154 4634 ι
3178 4583 3460 4664 Ejusmodi
3489 4596 3617 4662 quo-

2037 4651 2141 4735 que
2165 4663 2387 4735 libertas
2407 4661 2791 4735 si_aAquoqnam
2819 4654 3236 4735 pulsatafuerit,
3263 4668 3388 4735 cum
3407 4651 3614 4735 ju‘s'titia

2040 4721 2107 4789 ab
2146 4731 2388 4788 ecclesiis
2436 4721 2772 4784 defendatur.
2815 4721 2836 4778 ἱ
2899 4725 3272 4786 Cassiodorus,
3324 4722 3420 4775 lib.
3458 4721 3614 4781 νυ..

2039 4804 2198 4873 epist.
2229 4804 2262 4857 8
2288 4819 2299 4854 :
2336 4819 2353 4851 ι
2385 4798 2442 4873 Si
2472 4798 2604 4852 nihil
2626 4805 2708 4873 est
2733 4796 2874 4866 quod
2922 4793 3318 4873 rationabiliter
3340 4807 3384 4872 θ’
3405 4789 3617 4873 pulsato

2042 4858 2212 4944 possit
2238 4870 2432 4944 apponi
2457 4909 2471 4934 ,
2505 4858 2808 4944 ppstnlatas
2829 4879 2916 4944 res
2941 4865 3104 4944 tutori
3130 4863 3306 4944 facias
3342 4858 3462 4915 sine
3482 4858 3618 4944 dila-

2043 4929 2188 4996 iione
2217 4929 2653 4995 restituifi-Lib.
2708 4952 2746 4990 ιι
2796 4935 2929 5004 legis
2989 4931 3492 5004 Longohardorum,
3532 4929 3612 4981 tit.

2044 5014 2146 5067 13:
2178 5011 2232 5064 Si
2265 5012 2406 5064 intra
2441 5009 2677 5076 quinque
2705 5001 2874 5076 annos
2899 5001 3146 5076 creditor
3183 5001 3498 5076 pulsaverit,
3558 5004 3618 5076 et

2042 5083 2252 5138 debitor
2277 5096 2382 5134 non
2403 5070 2651 5132 habuerit
2670 5075 2810 5130 unde
2835 5075 3026 5138 solvat,
3061 5093 3080 5126 ι
3113 5070 3217 5128 etc.
3245 5070 3453 5127 Glossa:
3480 5075 3622 5122 vetc-

2045 5168 2156 5215 res,
2190 5149 2386 5215 pulsat,
2440 5151 2689 5211 αἰτιᾶται,
2717 5146 2768 5198 id
2791 5153 2890 5207 est,
2923 5153 3160 5198 accusat.

2112 5211 2151 5272 ιι
2168 5211 2432 5290 Regulaei
2452 5217 2670 5290 legatur.
2698 5215 2767 5272 Ut
2787 5222 3075 5283 cognoscat
3095 5211 3451 5290 pulsatorseu
3473 5216 3621 5290 actor

2042 5306 2149 5346 non
2183 5279 2301 5343 esse
2333 5279 2621 5358 repetenda
2661 5301 2724 5341 ea
2745 5279 2879 5358 qure'
2905 5279 3225 5358 amonacho
3249 5279 3450 5358 collata
3499 5283 3622 5331 sunt

2047 5349 2409 5424 monasterio,
2464 5367 2517 5412 et
2567 5357 2710 5426 quod
2761 5349 2896 5410 hanc
2950 5354 3120 5425 legem
3167 5349 3473 5406 monachus
3520 5362 3620 5400 non

2049 5431 2392 5484 ianoravcrit.

2424 5495 2728 5568 raccesserit,
2755 5502 2859 5568 etc.
2895 5493 3016 5549 llaec
3044 5493 3312 5550 habentur
3338 5491 3393 5546 in
3429 5485 3624 5558 Regula

2053 5569 2192 5626 edita
2221 5563 2603 5628 SfPachomii,
2638 5573 2739 5618 art.
2763 5563 2853 5618 26.

2127 5649 2146 5676 ι
2188 5639 2488 5708 Aggregari.
2522 5627 2806 5706 ln'chula
2847 5649 3064 5698 excusa,
3105 5631 3430 5703 congregari.
3470 5627 3626 5684 Male.
