3948 6182
369 380 509 436 i273

1293 388 1684 449 CONCORDIA
1723 390 2177 452 REGULARUM.
2217 426 2288 440 —
2326 397 2477 455 CAP.
2515 396 2674 454 LXV.

3488 411 3623 467 {27$

365 485 716 585 sc-psalmqs,
755 497 783 528 ι
813 491 1273 585 quantospoterit
1293 493 1554 585 ediscere,
1582 504 1637 551 et
1665 496 1950 568 diligenter
1976 506 2026 565 Α
2051 503 2266 573 accipiet
2308 507 2606 575 centuplum
2630 508 2685 562 in
2708 512 2953 579 prtcsenti
2990 520 3236 583 tempore,
3275 524 3324 569 et
3365 516 3419 572 in
3445 517 3622 585 futuro

362 577 449 634 sui
475 578 904 648 experimentum
942 566 1125 647 dabit,
1168 582 1197 622 δ
1238 597 1308 638 ne
1344 583 1482 640 forte
1504 586 1631 641 mali
1669 566 1944 660 quippiam

362 665 556 723 fecerit
583 678 607 707 ε
638 676 697 725 et
737 670 984 726 turbatus
1024 671 1094 726 ad
1135 672 1325 729 horam
1370 674 1567 731 timore
1612 678 1941 745 discesserit,

364 764 459 813 aut
481 756 511 797 ἀ
535 758 637 814 sub
676 757 856 830 aliqua
897 770 1166 831 poteslate
1202 763 1294 817 sit.
1339 763 1406 818 Et
1431 775 1611 820 utrum
1658 767 1828 835 possit
1860 783 1946 823 re-

364 848 617 905 nuntiare
661 850 979 920 parentibus
1011 853 1126 909 suis
1149 894 1164 920 ,
1211 863 1267 911 et
1293 857 1567 927 prepriam
1596 866 1944 914 contemnere

362 933 696 992 facultatem.
728 936 786 993 Si
815 939 960 994 enim
985 940 1220 997 viderint
1250 952 1434 1013 aptum
1460 944 1528 999 ad
1552 947 1753 1010 omnia,
1782 947 1944 1003 doceo

360 1021 509 1078 bitur
533 1033 590 1081 et
614 1025 851 1095 reliquas
879 1030 1196 1085 monasterii
1226 1030 1566 1101 disciplinas,
1600 1049 1736 1103 quas
1759 1033 1942 1094 facere

360 1115 584 1183 debeat,
633 1117 937 1188 quibusque
962 1120 1169 1177 servire
1213 1122 1328 1177 sive
1352 1123 1405 1178 in
1446 1125 1671 1180 collecta
1697 1126 1939 1182 omnium

358 1203 611 1272 fratrum,
640 1207 755 1262 sive
778 1218 803 1248 ο
831 1209 884 1263 in
910 1209 1070 1265 domo
1101 1211 1187 1266 cui
1231 1213 1524 1268 tradendus
1548 1221 1647 1278 est,
1694 1215 1807 1270 sive
1833 1213 1853 1253 ί
1882 1216 1937 1272 in

358 1298 610 1355 vescendi
661 1299 881 1366 ordine,
922 1308 980 1355 ut
1023 1301 1321 1358 instructus
1363 1314 1527 1373 atque
1574 1304 1848 1374 perfectus
1881 1306 1938 1363 in

357 1388 506 1444 omni
552 1403 716 1460 opere
750 1390 892 1446 bono
930 1390 1187 1450 fratribus
1232 1394 1534 1464 copuletur.
1583 1396 1733 1453 Tunc
1768 1398 1938 1454 nuda-

356 1477 494 1534 bunt
518 1493 644 1534 eum
665 1479 1007 1536 vestimentis
1031 1481 1403 1548 saecularibus,
1424 1491 1481 1537 et
1505 1483 1728 1539 induent
1749 1485 1937 1543 habitu

354 1569 769 1637 monachorum,
803 1571 1119 1642 tradentque
1143 1574 1386 1639 ostiario,
1419 1582 1481 1629 ut
1507 1575 1771 1632 orationis
1801 1584 1936 1632 tem-

352 1674 484 1731 pore
513 1660 746 1716 adducat
790 1676 914 1716 eum
941 1662 998 1717 in
1041 1673 1334 1733 conspectu
1371 1666 1653 1732 omnium;
1700 1667 1937 1724 sedebit-

351 1766 457 1822 que
478 1752 533 1808 in
561 1752 681 1809 loco
708 1753 798 1809 ubi
823 1754 872 1809 ei
901 1765 1230 1826 praeceptum
1258 1755 1441 1812 fuerit.
1472 1757 1804 1813 Vestimenta
1832 1774 1930 1813 au-

2042 595 2236 651 steculo
2286 598 2444 652 vitam
2499 609 2749 653 aeternam
2800 597 2995 670 (Marc.
3047 602 3124 674 χ).
3174 615 3201 654 ιι
3240 604 3624 666 Verumtamen

2043 699 2150 738 non
2174 695 2390 756 oportet
2410 703 2534 743 eum
2561 688 2646 743 his
2669 689 2760 758 qui
2792 690 2895 746 sibi
2922 707 3042 761 quae
3068 708 3163 748 sua
3192 704 3317 749 sunt
3337 696 3620 769 denegant,

2042 774 2318 840 resistere,
2343 776 2434 832 sed
2462 778 2620 833 fidem
2647 778 2848 847 facere,
2870 785 3179 851 protestari,
3209 794 3265 840 et
3284 787 3620 856 denuntiare,

2039 861 2167 931 quia
2205 864 2471 935 sacrilegii
2505 867 2709 921 crimen
2759 869 3077 937 incurrunt,
3125 876 3419 930 secundum
3474 893 3623 930 man-

2039 950 2225 1006 datum
2281 953 2490 1009 Domini
2525 956 2796 1013 dicentis:
2830 958 2967 1024 Quia
3012 963 3057 1015 si
3092 975 3268 1032 peccat
3294 966 3347 1019 in
3383 977 3432 1019 te
3457 967 3623 1036 frater

2039 1052 2181 1110 tuus,
2227 1046 2359 1100 vade
2387 1056 2436 1101 et
2479 1063 2643 1117 argue
2692 1065 2810 1103 eum
2832 1050 3051 1121 (Matth.
3074 1054 3253 1126 xvut).
3304 1057 3373 1110 Et
3395 1058 3616 1127 reliqua.

2036 1135 2248 1193 Judicio
2290 1152 2423 1193 vero
2480 1139 2719 1208 experiri
2769 1141 2834 1196 de
2861 1142 2948 1197 bis
2986 1145 3125 1212 apud
3174 1143 3386 1211 judiccs
3439 1147 3619 1202 saeculi

2037 1227 2228 1293 abnuit
2252 1227 2527 1298 religionis
2558 1230 2853 1287 auctoritas
2900 1246 2999 1299 per
3046 1231 3101 1286 id
3127 1233 3269 1302 quod
3296 1234 3433 1288 dixit
3480 1236 3621 1305 Apo-

2036 1318 2251 1373 stolus:
2302 1317 2473 1373 Audet
2490 1319 2681 1388 aliquis
2726 1332 2949 1377 uestrum
2988 1325 3249 1395 negotium
3288 1326 3482 1381 habens
3525 1328 3622 1382 ad-

2035 1423 2212 1463 versus
2234 1407 2397 1462 alium
2415 1408 2656 1483 judicari
2696 1411 2839 1482 apud
2868 1412 3108 1483 injustas,
3135 1425 3182 1469 et
3211 1431 3313 1469 non
3340 1416 3480 1486 apud
3501 1434 3623 1471 san-

2033 1509 2145 1557 ctos
2193 1500 2244 1573 (I
2267 1501 2391 1556 Cor.
2416 1503 2514 1575 vr).
2548 1504 2615 1559 Et
2647 1521 2896 1560 rursum:
2926 1516 2947 1544 τ
2977 1506 3114 1573 Quia
3134 1509 3253 1579 jam
3279 1511 3484 1581 quidem
3514 1528 3621 1564 om-

2035 1592 2159 1648 nino
2195 1593 2444 1649 delictum
2482 1605 2557 1651 est
2604 1596 2657 1650 in
2685 1597 2842 1664 vobis,
2874 1600 2998 1671 quia
3016 1600 3229 1670 judicia
3261 1602 3461 1658 habetis
3483 1604 3620 1657 inter

2033 1698 2120 1737 vos
2142 1681 2351 1754 (Ibid).

2244 1771 2271 1845 §
2295 1773 2428 1829 V'lll.
2455 1804 2525 1813 -—
2556 1773 2640 1831 Ea;
2674 1776 2858 1841 eadem
2886 1777 3089 1851 Regula
3134 1778 3273 1852 (cap.
3300 1780 3334 1837 6
3361 1781 3437 1854 ι).

352 1850 460 1896 tem
503 1857 623 1943 quae
653 1858 835 1900 secum
870 1843 1139 1943 detulerat
1172 1848 1449 1943 accipient
1474 1849 1590 1943 qui
1623 1848 1750 1905 huic
1775 1849 1826 1904 ei
1853 1850 1930 1905 rei
1960 1853 2008 1914 B
2109 1843 2371 1934 Interrog.
2412 1863 2470 1919 Si
2510 1876 2724 1935 oportet
2774 1843 2984 1926 omnes
3006 1871 3097 1943 qui
3141 1843 3368 1928 veniunt
3394 1843 3471 1929 ad
3513 1891 3613 1933 nos

346 1932 621 2001 praepositi
650 1941 797 2000 sunt,
826 1942 883 1991 et
910 1934 1148 1991 referent
1171 1936 1224 1991 in
1251 1939 1277 1978 ⁸
1309 1938 1709 2007 repositorium,
1749 1949 1935 1997 erunt-

348 2036 455 2094 que
480 2024 536 2080 in
560 2033 829 2095 potestate
851 2027 1113 2098 principis
1134 2029 1164 2070 ιι
1191 2031 1665 2089 monasteriorum.

780 2116 811 2189 δ
850 2118 936 2173 Vl.
964 2148 1035 2158 —
1058 2118 1193 2174 Item
1245 2120 1382 2193 (cap.
1412 2122 1486 2194 i).

425 2207 443 2250 ί
479 2205 581 2275 Qui
606 2204 621 2256 i
662 2207 809 2264 rudis
838 2208 863 2247 ι
889 2208 945 2263 in
970 2208 1249 2266 collectam
1273 2220 1583 2267 sanctorum
1604 2212 1929 2285 ingreditur,

346 2306 404 2355 et
427 2312 586 2369 quem
610 2311 707 2369 per
727 2298 974 2355 ordinem
1004 2298 1208 2370 janitor
1233 2303 1302 2359 ab
1325 2303 1466 2359 ostio
1503 2303 1817 2358 monasterii
1848 2304 1931 2359 in-

346 2390 644 2445 troduxerit
671 2396 727 2445 et
753 2390 943 2447 sedere
971 2390 1162 2448 fecerit
1207 2391 1226 2431 ι
1277 2393 1333 2448 in
1358 2402 1627 2449 conventu
1676 2393 1927 2462 fratrum,

346 2498 452 2538 non
483 2481 667 2539 licebit
705 2483 756 2538 ei
804 2483 1027 2539 sedendi
1061 2484 1241 2543 locum
1277 2484 1362 2541 vel
1403 2485 1651 2541 ordinem
1694 2494 1920 2552 mutare,

344 2586 386 2615 ω
409 2576 579 2631 donec
607 2590 731 2630 eum
761 2575 1073 2632 transferat.

2031 1951 2329 2023 suscipere,
2358 1961 2453 2007 aut
2477 1968 2599 2008 cum
2628 1956 2979 2024 probatione,
2999 1968 3094 2015 aut
3121 1960 3296 2031 qualis
3330 1962 3433 2017 ista
3456 1963 3618 2020 debet

2029 2054 2153 2097 esse
2182 2041 2458 2111 probatio,
2518 2059 2641 2099 cum
2679 2045 2774 2101 Dei
2796 2047 3081 2105 clementia
3117 2066 3306 2108 omnes
3328 2061 3505 2119 vocet,
3561 2062 3618 2109 et

2028 2149 2129 2204 per
2156 2133 2302 2188 illam
2323 2135 2764 2205 praedicationem
2788 2154 2895 2209 qua
2922 2141 3120 2196 dicitur
3150 2160 3164 2197 :
3209 2142 3386 2199 Venite
3408 2146 3477 2200 ad
3509 2163 3611 2213 me,

2029 2239 2227 2289 omnes,
2274 2226 2365 2297 qui
2404 2225 2657 2283 laboratis
2691 2239 2741 2284 et
2784 2233 2989 2286 onerati
3051 2234 3195 2297 estis,
3243 2243 3294 2289 et
3350 2252 3445 2307 ego
3490 2237 3615 2306 reﬁ-

2029 2316 2167 2371 ciam
2217 2334 2305 2373 vos
2347 2317 2568 2391 (Matth.
2618 2322 2747 2394 x1)?
2791 2353 2863 2366 -—
2929 2324 3087 2397 Resp.
3131 2325 3250 2382 Non
3294 2336 3379 2383 est
3407 2329 3617 2399 absque

2029 2408 2341 2465 discrimine
2379 2409 2614 2480 abjicere
2667 2415 2978 2485 quempiam
3029 2416 3339 2472 venientem
3379 2418 3446 2473 ad
3486 2434 3609 2474 nos.

2030 2499 2417 2556 Verumtamen:
2450 2517 2626 2573 neque
2650 2504 2942 2561 immundis
2965 2503 3045 2576 (ut
3065 2505 3238 2579 aiunt)
3272 2507 3500 2578 pedibus
3527 2508 3611 2563 in-

2027 2587 2356 2658 dulgendum
2398 2598 2485 2646 est
2514 2591 2743 2648 introire
2771 2595 3082 2666 quempiam
3119 2597 3173 2652 in
3226 2606 3468 2653 sanctam
3517 2599 3612 2654 do—

2026 2678 2294 2746 ctrinam;
2345 2678 2440 2735 sed
2479 2680 2622 2737 sicut
2650 2683 2910 2739 Dominus
2944 2692 3129 2740 noster
3165 2683 3326 2741 Jesus
3354 2685 3609 2744 Chrisms

415 2757 675 2832 lnterrog.
704 2768 733 2798 ιι
765 2758 822 2816 Si
853 2769 1069 2831 oportet
1093 2776 1218 2817 eum
1248 2761 1340 2833 qui
1376 2763 1549 2819 servis
1584 2763 1681 2819 Dei
1729 2764 1925 2821 sociari
2019 2764 2277 2836 juvenem
2321 2769 2471 2827 illum
2517 2772 2611 2843 qui
2655 2773 2725 2829 ad
2767 2789 2827 2830 se
2861 2782 3108 2841 venerat,
3163 2775 3517 2849 interrogavit
3542 2779 3611 2835 de

340 2851 475 2919 vult,
503 2852 809 2924 relinquere
835 2853 1206 2911 indifferenter
1235 2855 1554 2927 propinquis
1588 2857 1701 2913 suis
1722 2857 1926 2928 portio-
2024 2859 2206 2932 priore
2226 2860 2338 2916 vita
2366 2876 2464 2918 sua
2498 2881 2512 2917 :
2544 2870 2600 2918 et
2627 2879 2752 2919 cum
2775 2864 3019 2921 audisset
3038 2865 3162 2936 quia
3193 2874 3340 2922 recta
3362 2867 3412 2922 ei
3437 2875 3612 2935 trans-

339 2960 463 3000 nem
492 2944 812 3001 facultatum
842 2961 1085 3013 suarum,
1140 2947 1418 3005 οι)οωίηο
1445 2948 1698 3006 dicente:
1753 2949 1924 3007 Vende
2025 2960 2147 3009 acta
2187 2962 2352 3021 esset,
2412 2956 2557 3026 quod
2598 2956 2785 3013 deerat
2813 2958 2861 3013 ei
2909 2958 3161 3031 prazcepit
3191 2959 3488 3031 adimplere
3515 2981 3527 3016 :
3554 2972 3612 3018 et

338 3038 515 3093 omnia
539 3047 654 3105 tua,
684 3048 732 3093 et
761 3038 831 3093 da
850 3039 1185 3109 pauperibus,
1217 3049 1268 3095 et
1298 3039 1509 3096 habebis
1541 3041 1844 3096 thesaurum
1864 3043 1920 3098 in
2024 3044 2100 3101 ita
2129 3046 2347 3102 domum
2371 3044 2539 3117 jussit
2557 3062 2680 3104 eum
2719 3049 2871 3119 sequi
2903 3065 2981 3105 se.
3020 3049 3097 3105 ita
3128 3051 3294 3107 etiam
3325 3068 3424 3107 nos
3448 3068 3607 3123 opor-

338 3130 501 3196 cretis,
522 3140 572 3186 et
595 3130 731 3198 ueni,
754 3140 802 3187 et
828 3148 1041 3204 sequere
1066 3149 1147 3187 me
1176 3133 1393 3205 (Matth.
1416 3134 1552 3206 xxx).
1580 3135 1649 3191 Et
1674 3137 1869 3193 iterum
1902 3156 1916 3193 :
1957 3203 1990 3209 _
2025 3143 2104 3191 tet
2143 3137 2420 3208 inquirere
2447 3138 2514 3194 de
2552 3139 2821 3209 praeterita
2840 3141 2950 3194 vita
2977 3148 3033 3196 et
3061 3142 3497 3208 conversatione,
3528 3157 3598 3198 ne

352 3218 564 3301 Vendite
582 3223 758 3278 omnia
776 3203 901 3294 quin
913 3223 1132 3289 habetis,
1155 3203 1203 3278 et
1227 3225 1349 3280 date
1369 3203 1747 3298 eleemosgnam
1763 3227 1914 3300 (Luc.
1945 3203 1991 3267 δ
2023 3228 2163 3283 forte
2186 3203 2438 3284 simulata
2464 3203 2587 3301 quis
2632 3239 2813 3287 mente
2860 3239 2915 3286 et
2954 3229 3134 3286 fallaci
3161 3231 3345 3288 animo
3389 3203 3612 3291 accedat

338 3300 485 3382 xu)?
515 3309 673 3383 Resp.
710 3312 964 3368 Arbitror
998 3314 1215 3384 quidem
1240 3316 1387 3386 quod
1416 3316 1462 3372 is
1494 3318 1586 3387 qui
1611 3320 1823 3375 accedit
1852 3321 1921 3383 ad
2021 3320 2090 3374 ad
2121 3334 2238 3375 nos.
2272 3319 2425 3389 Quod
2458 3321 2534 3376 ita
2564 3322 2781 3377 demum
2824 3321 3181 3392 dignoscitur,
3231 3322 3276 3379 si
3297 3322 3457 3380 facile
3487 3339 3606 3379 om—

338 3401 432 3456 Dei
448 3402 731 3459 servitium
747 3419 851 3459 non
864 3403 1057 3461 debeat
1071 3415 1417 3463 contemnere
1444 3414 1500 3462 et
1518 3418 1580 3463 ut
1602 3408 1733 3464 libet
1752 3409 1919 3464 relin-
2022 3423 2146 3464 nem
2188 3409 2431 3464 laborem
2474 3412 2742 3481 corporis,
2787 3411 2879 3482 qui
2910 3410 3230 3483 injungitur,
3266 3412 3428 3479 ferat,
3456 3424 3512 3469 et
3541 3416 3609 3470 ad

448 2665 478 2738 §
504 2666 613 2723 Vll.
651 2697 721 2709 —
745 2667 826 2722 Ex
856 2666 1077 2724 Recens
1102 2683 1291 2725 ssncrt
1319 2668 1541 2726 Busan.
1573 2670 1713 2743 (cap.
1752 2671 1831 2744 5).

334 3510 506 3567 quere
528 3511 591 3552 ea
613 3511 734 3566 qua:
758 3497 863 3553 sibi
892 3506 1228 3568 competunt,
1252 3510 1280 3550 ν
1295 3500 1390 3555 sed
1413 3507 1620 3556 temnet
1636 3500 1839 3563 omnia,
1872 3500 1920 3556 si

336 3587 454 3643 ﬁeri
484 3595 682 3658 potest,
731 3603 855 3643 cum
884 3603 1095 3643 summa
1139 3588 1414 3661 diligentia
1456 3597 1751 3662 assumpta,
1804 3598 1922 3645 tan-

335 3692 498 3748 quam
523 3693 587 3734 ea
614 3693 736 3749 quae
758 3679 874 3751 jam
903 3692 934 3732 a
962 3678 1191 3735 Domino
1217 3688 1533 3736 consecrata
1572 3691 1719 3746 sunt,
1750 3695 1922 3750 quan-

337 3779 450 3827 tum
497 3770 617 3827 fieri
655 3778 856 3842 potest,
911 3770 1309 3826 rationabiliter
1350 3772 1689 3843 dispensare,
1740 3772 1919 3828 sciens

335 3862 461 3932 quia
489 3878 595 3919 non
620 3869 705 3918 est
730 3861 935 3933 absque
963 3860 1203 3932 periculo
1232 3862 1285 3916 in
1314 3875 1478 3931 opere
1505 3861 1600 3917 Dei
1629 3875 1791 3931 agere
1824 3875 1920 3915 ne-

332 3953 615 4024 gligenter.
669 3952 727 4009 Si
761 3967 892 4008 vero
926 3951 1215 4024 propinqui
1252 3950 1368 4021 ejus
1396 3951 1481 4006 vel
1512 3960 1763 4022 parentes
1790 3966 1919 4006 con-

334 4055 420 4103 tra
466 4046 628 4102 fidem
653 4047 904 4112 veniant,
952 4044 1112 4101 debet
1139 4060 1328 4100 rursus
1368 4045 1681 4100 meminisse
1704 4043 1917 4099 Domini

332 4138 564 4193 dicentis
589 4156 603 4192 :
633 4135 774 4204 Quia
812 4153 916 4192 non
937 4145 1011 4192 est
1031 4137 1121 4207 qui
1151 4136 1418 4208 reliquerit
1439 4136 1653 4190 domum
1690 4147 1782 4191 aut
1805 4135 1917 4206 fra-

331 4237 461 4294 tres,
491 4238 580 4283 aut
605 4236 826 4299 patrem,
870 4235 963 4281 aut
990 4236 1228 4293 matrem,
1255 4237 1347 4281 aut
1374 4243 1611 4293 uxorem,
1640 4237 1732 4281 aut
1750 4227 1911 4296 ﬁlios,

331 4329 425 4374 aut
450 4335 605 4390 agros
626 4326 838 4389 propter
853 4333 955 4384 me,
979 4327 1027 4372 et
1054 4326 1265 4389 propter
1285 4317 1650 4389 Evangelium,
1690 4320 1780 4390 qui
1807 4334 1912 4373 non

402 4484 428 4513 ι
454 4471 714 4539 Quantos,
745 4472 804 4529 ld
829 4479 932 4536 est,
960 4479 1086 4543 quot
1102 4487 1120 4536 ;
1152 4478 1233 4537 ut,
1264 4479 1467 4537 tantos,
1494 4477 1593 4536 tot,
1620 4468 1688 4526 de
1711 4470 1908 4541 quibus

328 4558 512 4598 supra.

461 4612 545 4668 Ne
569 4612 704 4683 forte
725 4610 852 4683 mali
898 4611 1167 4683 quippiam
1194 4610 1392 4681 fecerit.
1439 4609 1499 4665 In
1535 4608 1739 4682 Regula
1767 4610 1910 4667 edita

329 4698 438 4739 non
467 4692 553 4738 est
570 4681 636 4740 ’τὸ
670 4681 816 4744 mali,
845 4681 939 4738 sed
973 4681 1367 4737 restituendum
1393 4689 1497 4736 est.

403 4764 425 4791 ο
460 4752 529 4806 Et
553 4754 790 4808 turbatus
819 4754 888 4806 ad
912 4753 1098 4807 horam
1125 4752 1331 4816 timore,
1359 4758 1465 4806 etc.
1496 4749 1641 4821 Lege
1662 4788 1679 4816 ,
1724 4759 1774 4805 et
1798 4759 1911 4805 tur-

328 4823 481 4877 batus
506 4825 689 4879 timore
725 4823 794 4876 ad
823 4824 1032 4887 horam,
1058 4830 1166 4876 etc.

396 4891 425 4932 ἀ
458 4892 774 4971 S_ub_aliqua
801 4902 1074 4971 potestate.
1102 4891 1160 4945 ld
1190 4898 1295 4971 est,
1321 4903 1531 4971 servus.
1562 4958 1575 4971 θ

403 4974 426 5002 ο
462 4962 533 5017 In
557 4959 711 5017 domo
736 4959 820 5017 cui
849 4961 1138 5016 tradendus
1171 4970 1264 5015 est.
1322 4959 1379 5013 ld
1405 4967 1508 5022 est,
1561 4959 1616 5013 in
1665 4959 1825 5015 domo
1855 4961 1911 5014 in

326 5047 433 5102 qua
467 5048 689 5088 manere
714 5032 908 5111 debeat
933 5050 946 5111 ξ
979 5033 1106 5111 quia
1134 5031 1192 5086 S.
1220 5030 1909 5111 Pacliomiimonasterium

325 5100 766 5181 suocontinebat
802 5100 1013 5181 ambitu
1040 5102 1228 5181 plures
1254 5100 1462 5165 domos,
1499 5100 1552 5154 in
1589 5100 1786 5181 quibus
1822 5101 1914 5181 ba:-

325 5172 570 5228 bitabant
599 5172 796 5228 fratres
816 5175 916 5228 sub
944 5171 1173 5243 singulis
1197 5171 1480 5226 domorum
1503 5171 1825 5240 praepositis,
1850 5179 1913 5225 ut

325 5243 487 5299 toties
516 5244 719 5299 dictum
739 5252 841 5298 est.

401 5313 422 5351 ί
450 5313 516 5368 In
536 5314 775 5368 vescendi
799 5313 999 5368 ordine.
1030 5312 1087 5366 ld
1113 5319 1215 5377 est,
1241 5310 1294 5365 in
1327 5308 1635 5374 refectorio,
1663 5319 1726 5364 nt
1750 5310 1906 5364 artic.

323 5381 362 5437 2
390 5382 632 5452 ejusdem
656 5384 914 5456 Regulae:
956 5381 1024 5436 Et
1053 5382 1108 5437 in
1149 5380 1386 5436 vescendi
1428 5381 1612 5435 ordine
1659 5381 1910 5450 corripie-

320 5462 432 5509 tur.

398 5526 426 5596 β
459 5523 864 5596 Repositorium.
891 5522 987 5596 Est
1015 5520 1331 5596 vestiarium
1360 5521 1463 5596 hoc
1484 5520 1622 5575 loco.

395 5595 425 5671 ξι
453 5589 1106 5671 ξιόῃαεεᾳῄοναηικζλεεε,
1140 5589 1475 5671 ῌοιξαδιενίἱ.
1630 5668 1639 5671 _
1687 5667 1696 5671 Δ
1730 5659 1741 5671 ,

401 5666 415 5704 ί
450 5665 556 5731 Qui
586 5666 755 5731 rudis,
777 5674 883 5719 etc.
926 5659 1047 5720 lloc
1060 5663 1355 5733 capitulum
1383 5676 1490 5717 non
1527 5667 1703 5717 exstat
1727 5659 1783 5716 in
1810 5659 1910 5733 [te-

322 5735 444 5807 gula
464 5735 535 5807 κδ.
565 5734 840 5807 Pacbomii
870 5735 1034 5791 edita.

396 5807 411 5857 i
452 5806 635 5862 Rudis.
669 5805 856 5873 idest,
887 5805 1137 5861 novitius.

2020 3499 2331 3555 castitatem
2359 3499 2485 3554 vitte
2510 3515 2713 3569 pronus
2732 3501 3026 3557 inclinatur
3051 3518 3066 3556 :
3093 3501 3178 3557 vel
3209 3501 3254 3557 si
3278 3502 3443 3556 etiam
3475 3503 3608 3558 deli-

2018 3597 2166 3644 ctum
2189 3589 2407 3660 aliquod
2426 3604 2605 3656 suum,
2633 3606 2757 3646 eum
2780 3591 3146 3663 interrogatus
3184 3591 3371 3660 fuerit,
3395 3609 3599 3663 nequa-

2020 3692 2183 3748 quam
2213 3677 2567 3747 pronuntiare
2588 3677 2959 3744 confunditur,
3009 3687 3065 3734 et
3099 3679 3363 3735 medelam
3395 3681 3599 3747 delicti,

2019 3782 2142 3839 quae
2195 3768 2433 3824 adhibita
2481 3767 2666 3834 fuerit,
2715 3768 2955 3840 graviter
3008 3771 3281 3826 assumit:
3315 3779 3391 3838 et,
3439 3774 3484 3829 si
3534 3774 3602 3829 ad

2018 3873 2233 3914 omnem
2270 3858 2630 3915 humilitatem
2670 3862 2876 3930 absque
2914 3859 3025 3915 ulla
3050 3861 3333 3917 iracundia
3377 3863 3604 3919 inclina-

2021 3956 2127 4013 tur,
2189 3964 2255 4003 ac
2295 3949 2577 4007 vilioribus
2623 3960 2679 4006 et
2716 3949 3103 4021 abjectioi‘ibus
3137 3953 3383 4010 artificiis
3421 3955 3489 4028 (si
3527 3957 3601 4012 ita

2018 4041 2157 4096 ratio
2192 4041 2524 4112 poposcerit)
2556 4043 2695 4098 tradi
2720 4058 2781 4099 se
2810 4058 2916 4099 non
2938 4053 3276 4114 aspernatur.
3308 4045 3442 4101 Cum
3471 4061 3603 4117 ergo

2016 4148 2084 4189 ex
2115 4132 2200 4188 his
2232 4132 2460 4205 singulis
2480 4133 2820 4190 documentis
2850 4132 3016 4190 fuerit
3043 4135 3444 4207 comprobatus,
3474 4137 3600 4206 quia

2016 4221 2172 4277 ﬁrma
2204 4232 2407 4289 mente,
2436 4230 2492 4278 et
2516 4224 2695 4280 stabili
2739 4224 2988 4291 consilio,
3031 4216 3375 4298 ac'prompto
3418 4228 3601 4285 animo

2010 4314 2109 4381 sit,
2162 4321 2294 4372 tunc
2320 4315 2524 4386 suscipi
2545 4330 2672 4371 eum
2698 4316 2871 4372 decet.
2916 4316 2983 4372 Et
3020 4319 3336 4389 priusquam
3384 4320 3597 4390 corpori

2085 4473 2110 4512 κ
2146 4471 2210 4528 In
2234 4471 2504 4528 collectam
2531 4482 2855 4528 sanctorum.
2886 4470 2942 4526 ld
2962 4480 3067 4537 est,
3103 4471 3158 4526 in
3188 4473 3492 4529 ecclesiam.

1934 4546 1988 4607 Ι)
2085 4540 2109 4613 ξι
2142 4542 2208 4596 1η
2246 4554 2498 4599 conventu
2541 4543 2786 4613 fratrum.
2823 4540 2953 4598 Sive
2997 4543 3053 4596 in
3088 4542 3350 4608 ecclesia,
3388 4543 3503 4599 sive
3546 4544 3599 4599 in

2012 4611 2328 4737 1.653053%},-
2359 4699 2479 4738 eum
2503 4680 2810 4752 transferat.
2847 4678 3083 4749 Janitor,
3110 4682 3182 4739 ad
3220 4682 3385 4737 alium
3418 4682 3599 4740 locum

2045 4751 2278 4808 idelicet.

2008 4769 2424 4904 vrgelSciedportet
2449 4830 2752 4904 εειιληιιεξιαζ
2785 4819 3212 4904 Hlazehabentur
3238 4823 3377 4904 apud
3405 4822 3461 4876 S.
3497 4823 3600 4904 Ba:

2009 4890 2455 4964 silium,iinterr.
2502 4892 2536 4947 9
2582 4891 2775 4962 Regni.
2829 4890 3001 4948 fusius
3034 4890 3447 4964 disputaturum,
3504 4895 3597 4947 sed

2009 4962 2164 5017 valde
2192 4963 2282 5018 hic
2304 4969 2602 5018 contracta.

2081 5040 2106 5067 υ
2145 5031 2371 5086 Domino
2405 5032 2644 5096 dicente,
2693 5038 2798 5086 etc.
2847 5028 2976 5087 Hmc
3016 5032 3331 5088 testimonia
3368 5041 3497 5088 sunt
3545 5032 3597 5085 in

2010 5102 2362 5171 responsione
2387 5101 2439 5154 in
2465 5108 2612 5171 textu
2642 5098 2852 5171 Graaco.

2084 5169 2117 5221 P—
2150 5171 2257 5228 Sed
2280 5180 2495 5241 temnet.
2535 5169 2696 5241 Lege,
2726 5169 2817 5225 sed
2843 5171 3136 5228 contendet.
3179 5171 3314 5227 Nam
3360 5171 3413 5225 in
3447 5180 3596 5224 textu

2009 5241 2208 5317 (iaceo
2233 5250 2345 5317 est_,_
2379 5238 2506 5297 ἀλλᾶ
2533 5238 2826 5317 «irpicem,
2858 5241 2912 5297 id
2943 5251 3049 5308 est,
3099 5244 3194 5298 sed
3227 5242 3592 5305 contendere;

2011 5313 2211 5381 alioqui
2237 5312 2415 5366 nullus
2439 5319 2524 5366 est
2548 5312 2761 5366 sensus.

2079 5393 2107 5432 (ι
2140 5380 2526 5436 Verumtamen
2567 5398 2669 5435 non
2716 5389 2934 5451 oportet,
2978 5389 3081 5436 etc.
3136 5380 3262 5437 Hmc
3296 5382 3370 5436 ita
3409 5396 3593 5435 emcn-

2017 5453 2167 5517 davi,
2222 5453 2347 5523 quia
2409 5451 2564 5507 valde
2617 5458 2872 5522 corrupta
2937 5461 3095 5507 erant
3157 5453 3211 5506 in
3272 5451 3590 5508 Concordia:

2012 5524 2217 5577 codice.

2088 5603 2109 5630 ι·
2150 5591 2288 5656 Quia
2325 5593 2443 5661 jam
2480 5591 2690 5661 quidem
2734 5593 2966 5656 omnino,
2999 5602 3105 5648 etc.
3145 5590 3246 5647 llic
3288 5592 3438 5648 locus
3479 5608 3584 5647 non

2010 5670 2186 5719 exstat
2214 5662 2266 5717 in
2287 5669 2434 5718 textu
2460 5662 2676 5716 Grmco.

2085 5744 2104 5772 ο
2145 5730 2407 5804 lnterrog.
2444 5731 2478 5787 6
2507 5731 2638 5804 Reg.
2664 5732 2834 5789 fusius
2856 5732 2991 5803 disp.
