  <div class='ocr_page' id='page_1' title='image "/cluster/home/n/w/nwhite01/storage/ocr_20150623/103/hvd.32044054759691/639.png"; bbox 0 0 3948 6182; ppageno 0'>
   <div class='ocr_carea' id='block_1_1' title="bbox 388 384 528 441">
    <p class='ocr_par' dir='ltr' id='par_1_1' title="bbox 388 384 528 441">
     <span class='ocr_line' id='line_1_1' title="bbox 388 384 528 441; baseline -0.014 0"><span class='ocrx_word' id='word_1_1' title='bbox 388 387 411 441; x_wconf 75' lang='grc' dir='ltr'><strong>Ι</strong></span> <span class='ocrx_word' id='word_1_2' title='bbox 426 384 528 440; x_wconf 71' lang='lat'><strong>275</strong></span> 
     </span>
    </p>
   </div>
   <div class='ocr_carea' id='block_1_2' title="bbox 1376 376 2607 436">
    <p class='ocr_par' dir='ltr' id='par_1_2' title="bbox 1376 376 2607 436">
     <span class='ocr_line' id='line_1_2' title="bbox 1376 376 2607 436; baseline -0.003 0"><span class='ocrx_word' id='word_1_3' title='bbox 1376 379 1435 436; x_wconf 89' lang='lat' dir='ltr'><strong>S.</strong></span> <span class='ocrx_word' id='word_1_4' title='bbox 1469 379 1832 436; x_wconf 72' lang='lat' dir='ltr'><strong>BENEDlCTl</strong></span> <span class='ocrx_word' id='word_1_5' title='bbox 1869 378 2163 435; x_wconf 74' lang='lat' dir='ltr'><strong>ABBATIS</strong></span> <span class='ocrx_word' id='word_1_6' title='bbox 2200 376 2607 434; x_wconf 71' lang='lat' dir='ltr'><strong>ANIANENSIS</strong></span> 
     </span>
    </p>
   </div>
   <div class='ocr_carea' id='block_1_3' title="bbox 3522 382 3670 438">
    <p class='ocr_par' dir='ltr' id='par_1_3' title="bbox 3522 382 3670 438">
     <span class='ocr_line' id='line_1_3' title="bbox 3522 382 3670 438; baseline 0.007 -2"><span class='ocrx_word' id='word_1_7' title='bbox 3522 382 3670 438; x_wconf 66' lang='grc' dir='ltr'><strong>ΕΚ</strong></span> 
     </span>
    </p>
   </div>
   <div class='ocr_carea' id='block_1_4' title="bbox 381 492 3668 568">
    <p class='ocr_par' dir='ltr' id='par_1_4' title="bbox 381 492 3668 568">
     <span class='ocr_line' id='line_1_4' title="bbox 381 492 3668 568; baseline 0.001 -16"><span class='ocrx_word' id='word_1_8' title='bbox 381 493 748 555; x_wconf 71' lang='lat' dir='ltr'><strong>fraternitatis</strong></span> <span class='ocrx_word' id='word_1_9' title='bbox 781 497 1071 560; x_wconf 73' lang='lat' dir='ltr'><strong>inseratur,</strong></span> <span class='ocrx_word' id='word_1_10' title='bbox 1120 503 1337 566; x_wconf 90' lang='lat' dir='ltr'><strong>oportet</strong></span> <span class='ocrx_word' id='word_1_11' title='bbox 1369 496 1419 550; x_wconf 90' lang='lat' dir='ltr'><strong>ei</strong></span> <span class='ocrx_word' id='word_1_12' title='bbox 1466 494 1671 568; x_wconf 83' lang='lat' dir='ltr'><strong>injungi</strong></span> <span class='ocrx_word' id='word_1_13' title='bbox 1715 496 1962 565; x_wconf 65' lang='lat' dir='ltr'><strong>qna-dam</strong></span> <span class='ocrx_word' id='word_1_14' title='bbox 1994 501 2044 557; x_wconf 75' lang='grc' dir='ltr'>Α</span> <span class='ocrx_word' id='word_1_15' title='bbox 2070 499 2219 564; x_wconf 80' lang='lat' dir='ltr'><strong>prius</strong></span> <span class='ocrx_word' id='word_1_16' title='bbox 2250 493 2385 547; x_wconf 88' lang='lat' dir='ltr'><strong>foris</strong></span> <span class='ocrx_word' id='word_1_17' title='bbox 2413 493 2621 563; x_wconf 89' lang='lat' dir='ltr'><strong>positus</strong></span> <span class='ocrx_word' id='word_1_18' title='bbox 2641 507 2758 562; x_wconf 79' lang='lat' dir='ltr'><strong>ejus</strong></span> <span class='ocrx_word' id='word_1_19' title='bbox 2780 492 3058 556; x_wconf 71' lang='lat' dir='ltr'><strong>nomilites</strong></span> <span class='ocrx_word' id='word_1_20' title='bbox 3074 493 3194 548; x_wconf 86' lang='lat' dir='ltr'><strong>sire</strong></span> <span class='ocrx_word' id='word_1_21' title='bbox 3213 494 3479 565; x_wconf 78' lang='lat' dir='ltr'><strong>patientia</strong></span> <span class='ocrx_word' id='word_1_22' title='bbox 3507 514 3668 554; x_wconf 76' lang='grc' dir='ltr'><strong>ωηι-</strong></span> 
     </span>
    </p>
   </div>
   <div class='ocr_carea' id='block_1_5' title="bbox 383 587 1965 661">
    <p class='ocr_par' dir='ltr' id='par_1_5' title="bbox 383 587 1965 661">
     <span class='ocr_line' id='line_1_5' title="bbox 383 587 1965 661; baseline -0.006 -11"><span class='ocrx_word' id='word_1_23' title='bbox 383 594 653 651; x_wconf 86' lang='lat' dir='ltr'><strong>laboriosa</strong></span> <span class='ocrx_word' id='word_1_24' title='bbox 682 606 869 661; x_wconf 86' lang='lat' dir='ltr'><strong>opera,</strong></span> <span class='ocrx_word' id='word_1_25' title='bbox 894 597 949 644; x_wconf 89' lang='lat' dir='ltr'><strong>et</strong></span> <span class='ocrx_word' id='word_1_26' title='bbox 980 605 1101 658; x_wconf 75' lang='lat' dir='ltr'><strong>qua:</strong></span> <span class='ocrx_word' id='word_1_27' title='bbox 1127 589 1411 643; x_wconf 89' lang='lat' dir='ltr'><strong>videantur</strong></span> <span class='ocrx_word' id='word_1_28' title='bbox 1446 588 1740 659; x_wconf 88' lang='lat' dir='ltr'><strong>opprobria</strong></span> <span class='ocrx_word' id='word_1_29' title='bbox 1770 587 1965 642; x_wconf 82' lang='lat' dir='ltr'><strong>haberi</strong></span> 
     </span>
    </p>
   </div>
   <div class='ocr_carea' id='block_1_6' title="bbox 378 680 1969 749">
    <p class='ocr_par' dir='ltr' id='par_1_6' title="bbox 378 680 1969 749">
     <span class='ocr_line' id='line_1_6' title="bbox 378 680 1969 749; baseline -0.003 -10"><span class='ocrx_word' id='word_1_30' title='bbox 378 699 411 739; x_wconf 83' lang='lat' dir='ltr'><strong>a</strong></span> <span class='ocrx_word' id='word_1_31' title='bbox 447 682 829 746; x_wconf 71' lang='lat' dir='ltr'><strong>smcularibus;</strong></span> <span class='ocrx_word' id='word_1_32' title='bbox 879 689 936 736; x_wconf 89' lang='lat' dir='ltr'><strong>et</strong></span> <span class='ocrx_word' id='word_1_33' title='bbox 957 681 1234 736; x_wconf 86' lang='lat' dir='ltr'><strong>observari</strong></span> <span class='ocrx_word' id='word_1_34' title='bbox 1267 688 1485 749; x_wconf 82' lang='lat' dir='ltr'><strong>oportet</strong></span> <span class='ocrx_word' id='word_1_35' title='bbox 1514 681 1559 734; x_wconf 87' lang='lat' dir='ltr'><strong>si</strong></span> <span class='ocrx_word' id='word_1_36' title='bbox 1593 680 1828 735; x_wconf 79' lang='lat' dir='ltr'><strong>libenter</strong></span> <span class='ocrx_word' id='word_1_37' title='bbox 1853 681 1969 735; x_wconf 66' lang='lat' dir='ltr'><strong>haec</strong></span> 
     </span>
    </p>
   </div>
   <div class='ocr_carea' id='block_1_7' title="bbox 378 771 1965 842">
    <p class='ocr_par' dir='ltr' id='par_1_7' title="bbox 378 771 1965 842">
     <span class='ocr_line' id='line_1_7' title="bbox 378 771 1965 842; baseline -0.003 -11"><span class='ocrx_word' id='word_1_38' title='bbox 378 785 434 831; x_wconf 92' lang='lat' dir='ltr'><strong>et</strong></span> <span class='ocrx_word' id='word_1_39' title='bbox 452 776 619 829; x_wconf 83' lang='lat' dir='ltr'><strong>libere</strong></span> <span class='ocrx_word' id='word_1_40' title='bbox 641 781 694 827; x_wconf 91' lang='lat' dir='ltr'><strong>et</strong></span> <span class='ocrx_word' id='word_1_41' title='bbox 717 771 1038 827; x_wconf 85' lang='lat' dir='ltr'><strong>lidncialiter</strong></span> <span class='ocrx_word' id='word_1_42' title='bbox 1057 772 1294 842; x_wconf 80' lang='lat' dir='ltr'><strong>expleat,</strong></span> <span class='ocrx_word' id='word_1_43' title='bbox 1338 787 1438 827; x_wconf 88' lang='lat' dir='ltr'><strong>nec</strong></span> <span class='ocrx_word' id='word_1_44' title='bbox 1460 772 1838 827; x_wconf 84' lang='lat' dir='ltr'><strong>confusionem</strong></span> <span class='ocrx_word' id='word_1_45' title='bbox 1872 787 1965 826; x_wconf 88' lang='lat' dir='ltr'><strong>eo-</strong></span> 
     </span>
    </p>
   </div>
   <div class='ocr_carea' id='block_1_8' title="bbox 377 861 1967 934">
    <p class='ocr_par' dir='ltr' id='par_1_8' title="bbox 377 861 1967 934">
     <span class='ocr_line' id='line_1_8' title="bbox 377 861 1967 934; baseline -0.001 -16"><span class='ocrx_word' id='word_1_46' title='bbox 377 880 498 919; x_wconf 85' lang='lat' dir='ltr'><strong>rum</strong></span> <span class='ocrx_word' id='word_1_47' title='bbox 538 863 777 932; x_wconf 77' lang='lat' dir='ltr'><strong>graviter</strong></span> <span class='ocrx_word' id='word_1_48' title='bbox 810 861 977 925; x_wconf 88' lang='lat' dir='ltr'><strong>ferat;</strong></span> <span class='ocrx_word' id='word_1_49' title='bbox 1024 862 1108 916; x_wconf 90' lang='lat' dir='ltr'><strong>vel</strong></span> <span class='ocrx_word' id='word_1_50' title='bbox 1133 863 1319 927; x_wconf 90' lang='lat' dir='ltr'><strong>etiam,</strong></span> <span class='ocrx_word' id='word_1_51' title='bbox 1368 863 1485 916; x_wconf 89' lang='lat' dir='ltr'><strong>siin</strong></span> <span class='ocrx_word' id='word_1_52' title='bbox 1513 862 1699 918; x_wconf 89' lang='lat' dir='ltr'><strong>labore</strong></span> <span class='ocrx_word' id='word_1_53' title='bbox 1736 863 1967 934; x_wconf 78' lang='lat' dir='ltr'><strong>impiger</strong></span> 
     </span>
    </p>
   </div>
   <div class='ocr_carea' id='block_1_9' title="bbox 378 953 1105 1021">
    <p class='ocr_par' dir='ltr' id='par_1_9' title="bbox 378 953 1105 1021">
     <span class='ocr_line' id='line_1_9' title="bbox 378 953 1105 1021; baseline -0.006 -14"><span class='ocrx_word' id='word_1_54' title='bbox 378 953 686 1008; x_wconf 82' lang='lat' dir='ltr'><strong>inveniatur</strong></span> <span class='ocrx_word' id='word_1_55' title='bbox 711 966 774 1005; x_wconf 90' lang='lat' dir='ltr'><strong>ac</strong></span> <span class='ocrx_word' id='word_1_56' title='bbox 804 959 1105 1021; x_wconf 90' lang='lat' dir='ltr'><strong>promptus.</strong></span> 
     </span>
    </p>
   </div>
   <div class='ocr_carea' id='block_1_10' title="bbox 590 1040 1744 1115">
    <p class='ocr_par' dir='ltr' id='par_1_10' title="bbox 590 1040 1744 1115">
     <span class='ocr_line' id='line_1_10' title="bbox 590 1040 1744 1115; baseline -0.001 -18"><span class='ocrx_word' id='word_1_57' title='bbox 590 1043 618 1115; x_wconf 62' lang='grc' dir='ltr'>ᾗ</span> <span class='ocrx_word' id='word_1_58' title='bbox 646 1042 738 1097; x_wconf 77' lang='grc' dir='ltr'><strong>1Χ.</strong></span> <span class='ocrx_word' id='word_1_59' title='bbox 765 1070 838 1081; x_wconf 90' lang='lat'><strong>-—</strong></span> <span class='ocrx_word' id='word_1_60' title='bbox 864 1040 998 1095; x_wconf 91' lang='lat' dir='ltr'><strong>Item</strong></span> <span class='ocrx_word' id='word_1_61' title='bbox 1025 1041 1365 1111; x_wconf 75' lang='lat' dir='ltr'><strong>interrogatio</strong></span> <span class='ocrx_word' id='word_1_62' title='bbox 1396 1054 1421 1081; x_wconf 78' lang='grc' dir='ltr'>ι</span> <span class='ocrx_word' id='word_1_63' title='bbox 1454 1043 1598 1113; x_wconf 85' lang='lat' dir='ltr'><strong>(cap.</strong></span> <span class='ocrx_word' id='word_1_64' title='bbox 1634 1041 1744 1113; x_wconf 82' lang='grc'><strong>18).</strong></span> 
     </span>
    </p>
   </div>
   <div class='ocr_carea' id='block_1_11' title="bbox 440 1132 1963 1203">
    <p class='ocr_par' dir='ltr' id='par_1_11' title="bbox 440 1132 1963 1203">
     <span class='ocr_line' id='line_1_11' title="bbox 440 1132 1963 1203; baseline -0.001 -16"><span class='ocrx_word' id='word_1_65' title='bbox 440 1135 703 1203; x_wconf 83' lang='lat' dir='ltr'><strong>Quoniam</strong></span> <span class='ocrx_word' id='word_1_66' title='bbox 731 1133 991 1203; x_wconf 88' lang='lat' dir='ltr'><strong>scriptum</strong></span> <span class='ocrx_word' id='word_1_67' title='bbox 1018 1141 1101 1187; x_wconf 89' lang='lat' dir='ltr'><strong>est</strong></span> <span class='ocrx_word' id='word_1_68' title='bbox 1132 1150 1145 1185; x_wconf 92' lang='lat'>:</span> <span class='ocrx_word' id='word_1_69' title='bbox 1172 1132 1474 1203; x_wconf 80' lang='lat' dir='ltr'><strong>Redemptio</strong></span> <span class='ocrx_word' id='word_1_70' title='bbox 1498 1134 1689 1187; x_wconf 72' lang='lat' dir='ltr'><strong>anima:</strong></span> <span class='ocrx_word' id='word_1_71' title='bbox 1718 1133 1812 1186; x_wconf 75' lang='grc' dir='ltr'><strong>ιιίνὶ</strong></span> <span class='ocrx_word' id='word_1_72' title='bbox 1836 1148 1963 1202; x_wconf 85' lang='lat' dir='ltr'><strong>pro-</strong></span> 
     </span>
    </p>
   </div>
   <div class='ocr_carea' id='block_1_12' title="bbox 374 1220 1961 1297">
    <p class='ocr_par' dir='ltr' id='par_1_12' title="bbox 374 1220 1961 1297">
     <span class='ocr_line' id='line_1_12' title="bbox 374 1220 1961 1297; baseline -0.001 -18"><span class='ocrx_word' id='word_1_73' title='bbox 374 1220 742 1297; x_wconf 42' lang='lat' dir='ltr'><strong>priw&#39;divitia:</strong></span> <span class='ocrx_word' id='word_1_74' title='bbox 768 1241 886 1294; x_wconf 64' lang='lat' dir='ltr'><strong>ejus</strong></span> <span class='ocrx_word' id='word_1_75' title='bbox 932 1222 1115 1294; x_wconf 84' lang='lat' dir='ltr'><strong>(Prov.</strong></span> <span class='ocrx_word' id='word_1_76' title='bbox 1164 1224 1244 1295; x_wconf 65' lang='grc' dir='ltr'><strong>ς),</strong></span> <span class='ocrx_word' id='word_1_77' title='bbox 1274 1225 1447 1288; x_wconf 88' lang='lat' dir='ltr'><strong>nobis,</strong></span> <span class='ocrx_word' id='word_1_78' title='bbox 1485 1224 1683 1293; x_wconf 88' lang='lat' dir='ltr'><strong>quibus</strong></span> <span class='ocrx_word' id='word_1_79' title='bbox 1722 1239 1829 1277; x_wconf 88' lang='lat' dir='ltr'><strong>non</strong></span> <span class='ocrx_word' id='word_1_80' title='bbox 1865 1239 1961 1278; x_wconf 90' lang='lat' dir='ltr'><strong>ac-</strong></span> 
     </span>
    </p>
   </div>
   <div class='ocr_carea' id='block_1_13' title="bbox 373 1316 1958 1387">
    <p class='ocr_par' dir='ltr' id='par_1_13' title="bbox 373 1316 1958 1387">
     <span class='ocr_line' id='line_1_13' title="bbox 373 1316 1958 1387; baseline -0.002 -13"><span class='ocrx_word' id='word_1_81' title='bbox 373 1319 506 1374; x_wconf 83' lang='lat' dir='ltr'><strong>cidit</strong></span> <span class='ocrx_word' id='word_1_82' title='bbox 545 1319 853 1387; x_wconf 83' lang='lat' dir='ltr'><strong>dispergere</strong></span> <span class='ocrx_word' id='word_1_83' title='bbox 895 1330 995 1385; x_wconf 91' lang='lat' dir='ltr'><strong>pro</strong></span> <span class='ocrx_word' id='word_1_84' title='bbox 1040 1316 1235 1370; x_wconf 63' lang='lat' dir='ltr'><strong>animae</strong></span> <span class='ocrx_word' id='word_1_85' title='bbox 1290 1317 1659 1386; x_wconf 84' lang='lat' dir='ltr'><strong>redemptione</strong></span> <span class='ocrx_word' id='word_1_86' title='bbox 1716 1317 1958 1381; x_wconf 78' lang='lat' dir='ltr'><strong>divitias,</strong></span> 
     </span>
    </p>
   </div>
   <div class='ocr_carea' id='block_1_14' title="bbox 374 1408 1958 1481">
    <p class='ocr_par' dir='ltr' id='par_1_14' title="bbox 374 1408 1958 1481">
     <span class='ocr_line' id='line_1_14' title="bbox 374 1408 1958 1481; baseline 0 -18"><span class='ocrx_word' id='word_1_87' title='bbox 374 1411 502 1481; x_wconf 91' lang='lat' dir='ltr'><strong>quid</strong></span> <span class='ocrx_word' id='word_1_88' title='bbox 533 1409 838 1465; x_wconf 78' lang='lat' dir='ltr'><strong>faciemus?</strong></span> <span class='ocrx_word' id='word_1_89' title='bbox 882 1408 939 1463; x_wconf 90' lang='lat' dir='ltr'><strong>Si</strong></span> <span class='ocrx_word' id='word_1_90' title='bbox 968 1410 1182 1478; x_wconf 86' lang='lat' dir='ltr'><strong>quidem</strong></span> <span class='ocrx_word' id='word_1_91' title='bbox 1219 1408 1505 1471; x_wconf 87' lang='lat' dir='ltr'><strong>voluimus,</strong></span> <span class='ocrx_word' id='word_1_92' title='bbox 1561 1418 1616 1463; x_wconf 90' lang='lat' dir='ltr'><strong>et</strong></span> <span class='ocrx_word' id='word_1_93' title='bbox 1648 1425 1751 1463; x_wconf 90' lang='lat' dir='ltr'><strong>non</strong></span> <span class='ocrx_word' id='word_1_94' title='bbox 1782 1410 1958 1479; x_wconf 90' lang='lat' dir='ltr'><strong>potui-</strong></span> 
     </span>
    </p>
   </div>
   <div class='ocr_carea' id='block_1_15' title="bbox 375 1500 1959 1568">
    <p class='ocr_par' dir='ltr' id='par_1_15' title="bbox 375 1500 1959 1568">
     <span class='ocr_line' id='line_1_15' title="bbox 375 1500 1959 1568; baseline -0.002 -12"><span class='ocrx_word' id='word_1_95' title='bbox 375 1519 512 1566; x_wconf 90' lang='lat' dir='ltr'><strong>mus,</strong></span> <span class='ocrx_word' id='word_1_96' title='bbox 555 1516 823 1555; x_wconf 80' lang='lat' dir='ltr'><strong>memores</strong></span> <span class='ocrx_word' id='word_1_97' title='bbox 869 1501 1038 1554; x_wconf 89' lang='lat' dir='ltr'><strong>simus</strong></span> <span class='ocrx_word' id='word_1_98' title='bbox 1094 1500 1461 1568; x_wconf 86' lang='lat' dir='ltr'><strong>responsionis</strong></span> <span class='ocrx_word' id='word_1_99' title='bbox 1499 1500 1706 1554; x_wconf 76' lang='lat' dir='ltr'><strong>Domini</strong></span> <span class='ocrx_word' id='word_1_100' title='bbox 1745 1502 1809 1554; x_wconf 91' lang='lat' dir='ltr'><strong>ad</strong></span> <span class='ocrx_word' id='word_1_101' title='bbox 1859 1500 1959 1554; x_wconf 87' lang='lat' dir='ltr'><strong>Pe-</strong></span> 
     </span>
    </p>
   </div>
   <div class='ocr_carea' id='block_1_16' title="bbox 373 1590 1953 1647">
    <p class='ocr_par' dir='ltr' id='par_1_16' title="bbox 373 1590 1953 1647">
     <span class='ocr_line' id='line_1_16' title="bbox 373 1590 1953 1647; baseline -0.001 0"><span class='ocrx_word' id='word_1_102' title='bbox 373 1603 514 1647; x_wconf 91' lang='lat' dir='ltr'><strong>trum</strong></span> <span class='ocrx_word' id='word_1_103' title='bbox 545 1610 558 1646; x_wconf 92' lang='lat'><strong>:</strong></span> <span class='ocrx_word' id='word_1_104' title='bbox 595 1607 719 1647; x_wconf 90' lang='lat' dir='ltr'><strong>cum</strong></span> <span class='ocrx_word' id='word_1_105' title='bbox 769 1591 834 1645; x_wconf 89' lang='lat' dir='ltr'><strong>de</strong></span> <span class='ocrx_word' id='word_1_106' title='bbox 882 1591 983 1645; x_wconf 87' lang='lat' dir='ltr'><strong>hac</strong></span> <span class='ocrx_word' id='word_1_107' title='bbox 1020 1604 1077 1644; x_wconf 86' lang='lat' dir='ltr'><strong>re</strong></span> <span class='ocrx_word' id='word_1_108' title='bbox 1114 1590 1377 1645; x_wconf 89' lang='lat' dir='ltr'><strong>sollicitus</strong></span> <span class='ocrx_word' id='word_1_109' title='bbox 1404 1601 1550 1645; x_wconf 84' lang='lat' dir='ltr'><strong>esset</strong></span> <span class='ocrx_word' id='word_1_110' title='bbox 1603 1606 1667 1644; x_wconf 89' lang='lat' dir='ltr'><strong>ac</strong></span> <span class='ocrx_word' id='word_1_111' title='bbox 1710 1591 1953 1646; x_wconf 79' lang='lat' dir='ltr'><strong>diceret:</strong></span> 
     </span>
    </p>
   </div>
   <div class='ocr_carea' id='block_1_17' title="bbox 374 1682 1956 1753">
    <p class='ocr_par' dir='ltr' id='par_1_17' title="bbox 374 1682 1956 1753">
     <span class='ocr_line' id='line_1_17' title="bbox 374 1682 1956 1753; baseline -0.003 -13"><span class='ocrx_word' id='word_1_112' title='bbox 374 1685 510 1740; x_wconf 79' lang='lat' dir='ltr'><strong>Ecce</strong></span> <span class='ocrx_word' id='word_1_113' title='bbox 541 1701 633 1738; x_wconf 88' lang='lat' dir='ltr'><strong>nos</strong></span> <span class='ocrx_word' id='word_1_114' title='bbox 664 1683 960 1737; x_wconf 79' lang='lat' dir='ltr'><strong>dimisimus</strong></span> <span class='ocrx_word' id='word_1_115' title='bbox 989 1683 1166 1737; x_wconf 84' lang='lat' dir='ltr'><strong>omnia</strong></span> <span class='ocrx_word' id='word_1_116' title='bbox 1209 1692 1258 1736; x_wconf 91' lang='lat' dir='ltr'><strong>et</strong></span> <span class='ocrx_word' id='word_1_117' title='bbox 1287 1683 1451 1737; x_wconf 82' lang='lat' dir='ltr'><strong>secuti</strong></span> <span class='ocrx_word' id='word_1_118' title='bbox 1502 1699 1684 1736; x_wconf 84' lang='lat' dir='ltr'><strong>sumus</strong></span> <span class='ocrx_word' id='word_1_119' title='bbox 1712 1691 1783 1746; x_wconf 90' lang='lat' dir='ltr'><strong>te,</strong></span> <span class='ocrx_word' id='word_1_120' title='bbox 1826 1682 1956 1753; x_wconf 79' lang='lat' dir='ltr'><strong>quid</strong></span> 
     </span>
    </p>
   </div>
   <div class='ocr_carea' id='block_1_18' title="bbox 369 1774 1949 1846">
    <p class='ocr_par' dir='ltr' id='par_1_18' title="bbox 369 1774 1949 1846">
     <span class='ocr_line' id='line_1_18' title="bbox 369 1774 1949 1846; baseline -0.001 -15"><span class='ocrx_word' id='word_1_121' title='bbox 369 1795 493 1846; x_wconf 82' lang='lat' dir='ltr'><strong>ergo</strong></span> <span class='ocrx_word' id='word_1_122' title='bbox 534 1776 630 1830; x_wconf 84' lang='lat' dir='ltr'><strong>erit</strong></span> <span class='ocrx_word' id='word_1_123' title='bbox 658 1776 844 1830; x_wconf 84' lang='lat' dir='ltr'><strong>nobis?</strong></span> <span class='ocrx_word' id='word_1_124' title='bbox 878 1774 1094 1846; x_wconf 74' lang='lat' dir='ltr'><strong>(Matth.</strong></span> <span class='ocrx_word' id='word_1_125' title='bbox 1140 1774 1281 1845; x_wconf 74' lang='lat' dir='ltr'><strong>xu.)</strong></span> <span class='ocrx_word' id='word_1_126' title='bbox 1312 1775 1615 1845; x_wconf 58' lang='lat' dir='ltr'><strong>Respondit</strong></span> <span class='ocrx_word' id='word_1_127' title='bbox 1638 1775 1688 1828; x_wconf 89' lang='lat' dir='ltr'><strong>ci</strong></span> <span class='ocrx_word' id='word_1_128' title='bbox 1716 1776 1905 1830; x_wconf 80' lang='lat' dir='ltr'><strong>dicens</strong></span> <span class='ocrx_word' id='word_1_129' title='bbox 1935 1792 1949 1830; x_wconf 92' lang='lat'><strong>:</strong></span> 
     </span>
    </p>
   </div>
   <div class='ocr_carea' id='block_1_19' title="bbox 2068 584 3668 661">
    <p class='ocr_par' dir='ltr' id='par_1_19' title="bbox 2068 584 3668 661">
     <span class='ocr_line' id='line_1_19' title="bbox 2068 584 3668 661; baseline 0.004 -23"><span class='ocrx_word' id='word_1_130' title='bbox 2068 586 2349 656; x_wconf 86' lang='lat' dir='ltr'><strong>probetur.</strong></span> <span class='ocrx_word' id='word_1_131' title='bbox 2381 584 2485 652; x_wconf 81' lang='lat' dir='ltr'><strong>Qui</strong></span> <span class='ocrx_word' id='word_1_132' title='bbox 2514 585 2704 640; x_wconf 88' lang='lat' dir='ltr'><strong>relicto</strong></span> <span class='ocrx_word' id='word_1_133' title='bbox 2741 586 2941 640; x_wconf 75' lang='lat' dir='ltr'><strong>szeculo</strong></span> <span class='ocrx_word' id='word_1_134' title='bbox 2967 585 3033 639; x_wconf 89' lang='lat' dir='ltr'><strong>ad</strong></span> <span class='ocrx_word' id='word_1_135' title='bbox 3065 585 3311 640; x_wconf 82' lang='lat' dir='ltr'><strong>militiam</strong></span> <span class='ocrx_word' id='word_1_136' title='bbox 3339 586 3552 644; x_wconf 79' lang='lat' dir='ltr'><strong>Christi</strong></span> <span class='ocrx_word' id='word_1_137' title='bbox 3576 593 3668 661; x_wconf 79' lang='lat' dir='ltr'><strong>pia</strong></span> 
     </span>
    </p>
   </div>
   <div class='ocr_carea' id='block_1_20' title="bbox 2068 672 3671 746">
    <p class='ocr_par' dir='ltr' id='par_1_20' title="bbox 2068 672 3671 746">
     <span class='ocr_line' id='line_1_20' title="bbox 2068 672 3671 746; baseline 0.004 -19"><span class='ocrx_word' id='word_1_138' title='bbox 2068 682 2124 727; x_wconf 86' lang='lat' dir='ltr'><strong>et</strong></span> <span class='ocrx_word' id='word_1_139' title='bbox 2149 672 2354 729; x_wconf 80' lang='lat' dir='ltr'><strong>salubri</strong></span> <span class='ocrx_word' id='word_1_140' title='bbox 2387 673 2690 728; x_wconf 86' lang='lat' dir='ltr'><strong>humilitate</strong></span> <span class='ocrx_word' id='word_1_141' title='bbox 2722 682 3133 737; x_wconf 79' lang='lat' dir='ltr'><strong>convertuntur,</strong></span> <span class='ocrx_word' id='word_1_142' title='bbox 3187 675 3373 729; x_wconf 87' lang='lat' dir='ltr'><strong>omnia</strong></span> <span class='ocrx_word' id='word_1_143' title='bbox 3416 692 3519 731; x_wconf 86' lang='lat' dir='ltr'><strong>sua</strong></span> <span class='ocrx_word' id='word_1_144' title='bbox 3548 680 3671 746; x_wconf 76' lang='lat' dir='ltr'><strong>pri-</strong></span> 
     </span>
    </p>
   </div>
   <div class='ocr_carea' id='block_1_21' title="bbox 2066 763 3672 833">
    <p class='ocr_par' dir='ltr' id='par_1_21' title="bbox 2066 763 3672 833">
     <span class='ocr_line' id='line_1_21' title="bbox 2066 763 3672 833; baseline 0.003 -15"><span class='ocrx_word' id='word_1_145' title='bbox 2066 779 2216 819; x_wconf 87' lang='lat' dir='ltr'><strong>mum</strong></span> <span class='ocrx_word' id='word_1_146' title='bbox 2239 773 2332 817; x_wconf 88' lang='lat' dir='ltr'><strong>aut</strong></span> <span class='ocrx_word' id='word_1_147' title='bbox 2355 764 2718 833; x_wconf 82' lang='lat' dir='ltr'><strong>indigentibus</strong></span> <span class='ocrx_word' id='word_1_148' title='bbox 2745 763 3008 826; x_wconf 81' lang='lat' dir='ltr'><strong>dividant,</strong></span> <span class='ocrx_word' id='word_1_149' title='bbox 3050 772 3144 816; x_wconf 89' lang='lat' dir='ltr'><strong>aut</strong></span> <span class='ocrx_word' id='word_1_150' title='bbox 3173 767 3511 821; x_wconf 84' lang='lat' dir='ltr'><strong>monasterio</strong></span> <span class='ocrx_word' id='word_1_151' title='bbox 3536 783 3672 822; x_wconf 81' lang='lat' dir='ltr'><strong>con-</strong></span> 
     </span>
    </p>
   </div>
   <div class='ocr_carea' id='block_1_22' title="bbox 2068 851 3669 911">
    <p class='ocr_par' dir='ltr' id='par_1_22' title="bbox 2068 851 3669 911">
     <span class='ocr_line' id='line_1_22' title="bbox 2068 851 3669 911; baseline 0.002 -4"><span class='ocrx_word' id='word_1_152' title='bbox 2068 852 2273 907; x_wconf 80' lang='lat' dir='ltr'><strong>ferant.</strong></span> <span class='ocrx_word' id='word_1_153' title='bbox 2311 852 2464 907; x_wconf 84' lang='lat' dir='ltr'><strong>Tunc</strong></span> <span class='ocrx_word' id='word_1_154' title='bbox 2490 853 2636 908; x_wconf 88' lang='lat' dir='ltr'><strong>enim</strong></span> <span class='ocrx_word' id='word_1_155' title='bbox 2660 852 2804 905; x_wconf 84' lang='lat' dir='ltr'><strong>servi</strong></span> <span class='ocrx_word' id='word_1_156' title='bbox 2831 851 3033 906; x_wconf 84' lang='lat' dir='ltr'><strong>Christi</strong></span> <span class='ocrx_word' id='word_1_157' title='bbox 3060 851 3288 906; x_wconf 86' lang='lat' dir='ltr'><strong>liberum</strong></span> <span class='ocrx_word' id='word_1_158' title='bbox 3315 855 3568 909; x_wconf 86' lang='lat' dir='ltr'><strong>animum</strong></span> <span class='ocrx_word' id='word_1_159' title='bbox 3590 857 3669 911; x_wconf 68' lang='grc' dir='ltr'><strong>ἀίρ</strong></span> 
     </span>
    </p>
   </div>
   <div class='ocr_carea' id='block_1_23' title="bbox 2067 942 3671 1012">
    <p class='ocr_par' dir='ltr' id='par_1_23' title="bbox 2067 942 3671 1012">
     <span class='ocr_line' id='line_1_23' title="bbox 2067 942 3671 1012; baseline 0.001 -14"><span class='ocrx_word' id='word_1_160' title='bbox 2067 943 2209 998; x_wconf 74' lang='lat' dir='ltr'><strong>vina:</strong></span> <span class='ocrx_word' id='word_1_161' title='bbox 2256 943 2462 997; x_wconf 75' lang='lat' dir='ltr'><strong>militia:</strong></span> <span class='ocrx_word' id='word_1_162' title='bbox 2506 942 2763 1006; x_wconf 80' lang='lat' dir='ltr'><strong>olTerunt,</strong></span> <span class='ocrx_word' id='word_1_163' title='bbox 2798 942 3015 1011; x_wconf 79' lang='lat' dir='ltr'><strong>quando</strong></span> <span class='ocrx_word' id='word_1_164' title='bbox 3059 958 3090 996; x_wconf 90' lang='lat' dir='ltr'><strong>a</strong></span> <span class='ocrx_word' id='word_1_165' title='bbox 3128 958 3188 998; x_wconf 90' lang='lat' dir='ltr'><strong>se</strong></span> <span class='ocrx_word' id='word_1_166' title='bbox 3224 945 3339 1012; x_wconf 88' lang='lat' dir='ltr'><strong>spei</strong></span> <span class='ocrx_word' id='word_1_167' title='bbox 3380 945 3671 1001; x_wconf 66' lang='lat' dir='ltr'><strong>sarcularis</strong></span> 
     </span>
    </p>
   </div>
   <div class='ocr_carea' id='block_1_24' title="bbox 2065 1032 3667 1104">
    <p class='ocr_par' dir='ltr' id='par_1_24' title="bbox 2065 1032 3667 1104">
     <span class='ocr_line' id='line_1_24' title="bbox 2065 1032 3667 1104; baseline 0.002 -17"><span class='ocrx_word' id='word_1_168' title='bbox 2065 1032 2278 1087; x_wconf 89' lang='lat' dir='ltr'><strong>vincula</strong></span> <span class='ocrx_word' id='word_1_169' title='bbox 2301 1042 2495 1087; x_wconf 89' lang='lat' dir='ltr'><strong>cuncta</strong></span> <span class='ocrx_word' id='word_1_170' title='bbox 2526 1034 2872 1103; x_wconf 70' lang='lat' dir='ltr'><strong>prmscilunt.</strong></span> <span class='ocrx_word' id='word_1_171' title='bbox 2903 1032 3007 1099; x_wconf 87' lang='lat' dir='ltr'><strong>Qui</strong></span> <span class='ocrx_word' id='word_1_172' title='bbox 3033 1048 3138 1087; x_wconf 92' lang='lat' dir='ltr'><strong>non</strong></span> <span class='ocrx_word' id='word_1_173' title='bbox 3157 1034 3326 1104; x_wconf 63' lang='lat' dir='ltr'><strong>rigida</strong></span> <span class='ocrx_word' id='word_1_174' title='bbox 3354 1035 3667 1091; x_wconf 80' lang='lat' dir='ltr'><strong>intentione</strong></span> 
     </span>
    </p>
   </div>
   <div class='ocr_carea' id='block_1_25' title="bbox 2065 1122 3669 1190">
    <p class='ocr_par' dir='ltr' id='par_1_25' title="bbox 2065 1122 3669 1190">
     <span class='ocr_line' id='line_1_25' title="bbox 2065 1122 3669 1190; baseline 0.002 -13"><span class='ocrx_word' id='word_1_175' title='bbox 2065 1122 2423 1185; x_wconf 79' lang='lat' dir='ltr'><strong>convertitur,</strong></span> <span class='ocrx_word' id='word_1_176' title='bbox 2453 1122 2562 1175; x_wconf 88' lang='lat' dir='ltr'><strong>cito</strong></span> <span class='ocrx_word' id='word_1_177' title='bbox 2587 1132 2677 1175; x_wconf 89' lang='lat' dir='ltr'><strong>aut</strong></span> <span class='ocrx_word' id='word_1_178' title='bbox 2705 1123 2970 1190; x_wconf 65' lang='lat' dir='ltr'><strong>superbia:</strong></span> <span class='ocrx_word' id='word_1_179' title='bbox 2993 1123 3204 1187; x_wconf 87' lang='lat' dir='ltr'><strong>morbo,</strong></span> <span class='ocrx_word' id='word_1_180' title='bbox 3231 1133 3327 1177; x_wconf 86' lang='lat' dir='ltr'><strong>aut</strong></span> <span class='ocrx_word' id='word_1_181' title='bbox 3352 1126 3487 1180; x_wconf 90' lang='lat' dir='ltr'><strong>vitio</strong></span> <span class='ocrx_word' id='word_1_182' title='bbox 3515 1127 3669 1181; x_wconf 78' lang='lat' dir='ltr'><strong>luxu-</strong></span> 
     </span>
    </p>
   </div>
   <div class='ocr_carea' id='block_1_26' title="bbox 2064 1210 3661 1285">
    <p class='ocr_par' dir='ltr' id='par_1_26' title="bbox 2064 1210 3661 1285">
     <span class='ocr_line' id='line_1_26' title="bbox 2064 1210 3661 1285; baseline 0.004 -20"><span class='ocrx_word' id='word_1_183' title='bbox 2064 1210 2160 1265; x_wconf 62' lang='lat' dir='ltr'><strong>riae</strong></span> <span class='ocrx_word' id='word_1_184' title='bbox 2179 1212 2450 1265; x_wconf 87' lang='lat' dir='ltr'><strong>subditur.</strong></span> <span class='ocrx_word' id='word_1_185' title='bbox 2504 1210 2856 1281; x_wconf 84' lang='lat' dir='ltr'><strong>Nequaquam</strong></span> <span class='ocrx_word' id='word_1_186' title='bbox 2901 1226 3030 1281; x_wconf 84' lang='lat' dir='ltr'><strong>ergo</strong></span> <span class='ocrx_word' id='word_1_187' title='bbox 3054 1212 3213 1267; x_wconf 83' lang='lat' dir='ltr'><strong>debet</strong></span> <span class='ocrx_word' id='word_1_188' title='bbox 3235 1229 3267 1267; x_wconf 90' lang='lat' dir='ltr'><strong>a</strong></span> <span class='ocrx_word' id='word_1_189' title='bbox 3295 1223 3551 1285; x_wconf 89' lang='lat' dir='ltr'><strong>tempore</strong></span> <span class='ocrx_word' id='word_1_190' title='bbox 3576 1217 3661 1270; x_wconf 84' lang='lat' dir='ltr'><strong>in-</strong></span> 
     </span>
    </p>
   </div>
   <div class='ocr_carea' id='block_1_27' title="bbox 2063 1302 3664 1375">
    <p class='ocr_par' dir='ltr' id='par_1_27' title="bbox 2063 1302 3664 1375">
     <span class='ocr_line' id='line_1_27' title="bbox 2063 1302 3664 1375; baseline 0.004 -19"><span class='ocrx_word' id='word_1_191' title='bbox 2063 1302 2287 1367; x_wconf 87' lang='lat' dir='ltr'><strong>choare,</strong></span> <span class='ocrx_word' id='word_1_192' title='bbox 2321 1304 2414 1373; x_wconf 90' lang='lat' dir='ltr'><strong>qui</strong></span> <span class='ocrx_word' id='word_1_193' title='bbox 2440 1303 2640 1357; x_wconf 89' lang='lat' dir='ltr'><strong>mundo</strong></span> <span class='ocrx_word' id='word_1_194' title='bbox 2668 1303 2966 1367; x_wconf 89' lang='lat' dir='ltr'><strong>renuntiat,</strong></span> <span class='ocrx_word' id='word_1_195' title='bbox 2994 1317 3060 1356; x_wconf 88' lang='lat' dir='ltr'><strong>ne</strong></span> <span class='ocrx_word' id='word_1_196' title='bbox 3082 1304 3375 1373; x_wconf 87' lang='lat' dir='ltr'><strong>peripsum</strong></span> <span class='ocrx_word' id='word_1_197' title='bbox 3411 1314 3664 1375; x_wconf 81' lang='lat' dir='ltr'><strong>teporem</strong></span> 
     </span>
    </p>
   </div>
   <div class='ocr_carea' id='block_1_28' title="bbox 2061 1392 3663 1451">
    <p class='ocr_par' dir='ltr' id='par_1_28' title="bbox 2061 1392 3663 1451">
     <span class='ocr_line' id='line_1_28' title="bbox 2061 1392 3663 1451; baseline 0.003 -5"><span class='ocrx_word' id='word_1_198' title='bbox 2061 1408 2251 1448; x_wconf 83' lang='lat' dir='ltr'><strong>rursus</strong></span> <span class='ocrx_word' id='word_1_199' title='bbox 2278 1394 2330 1447; x_wconf 91' lang='lat' dir='ltr'><strong>in</strong></span> <span class='ocrx_word' id='word_1_200' title='bbox 2351 1409 2593 1447; x_wconf 88' lang='lat' dir='ltr'><strong>amorem</strong></span> <span class='ocrx_word' id='word_1_201' title='bbox 2613 1393 2792 1448; x_wconf 66' lang='lat' dir='ltr'><strong>sreculi</strong></span> <span class='ocrx_word' id='word_1_202' title='bbox 2814 1393 2990 1447; x_wconf 85' lang='lat' dir='ltr'><strong>cadat.</strong></span> <span class='ocrx_word' id='word_1_203' title='bbox 3015 1392 3206 1448; x_wconf 89' lang='lat' dir='ltr'><strong>Omnis</strong></span> <span class='ocrx_word' id='word_1_204' title='bbox 3225 1409 3531 1450; x_wconf 87' lang='lat' dir='ltr'><strong>conversus</strong></span> <span class='ocrx_word' id='word_1_205' title='bbox 3554 1413 3663 1451; x_wconf 86' lang='lat' dir='ltr'><strong>non</strong></span> 
     </span>
    </p>
   </div>
   <div class='ocr_carea' id='block_1_29' title="bbox 2058 1482 3665 1553">
    <p class='ocr_par' dir='ltr' id='par_1_29' title="bbox 2058 1482 3665 1553">
     <span class='ocr_line' id='line_1_29' title="bbox 2058 1482 3665 1553; baseline 0.003 -16"><span class='ocrx_word' id='word_1_206' title='bbox 2058 1490 2141 1537; x_wconf 83' lang='lat' dir='ltr'><strong>est</strong></span> <span class='ocrx_word' id='word_1_207' title='bbox 2166 1482 2510 1553; x_wconf 88' lang='lat' dir='ltr'><strong>recipiendus</strong></span> <span class='ocrx_word' id='word_1_208' title='bbox 2533 1484 2587 1536; x_wconf 89' lang='lat' dir='ltr'><strong>in</strong></span> <span class='ocrx_word' id='word_1_209' title='bbox 2611 1484 2965 1547; x_wconf 86' lang='lat' dir='ltr'><strong>monasterio,</strong></span> <span class='ocrx_word' id='word_1_210' title='bbox 2984 1485 3087 1537; x_wconf 90' lang='lat' dir='ltr'><strong>nisi</strong></span> <span class='ocrx_word' id='word_1_211' title='bbox 3110 1499 3170 1537; x_wconf 90' lang='lat' dir='ltr'><strong>se</strong></span> <span class='ocrx_word' id='word_1_212' title='bbox 3191 1486 3343 1553; x_wconf 92' lang='lat' dir='ltr'><strong>prius</strong></span> <span class='ocrx_word' id='word_1_213' title='bbox 3370 1497 3394 1524; x_wconf 69' lang='grc' dir='ltr'><strong>ε</strong></span> <span class='ocrx_word' id='word_1_214' title='bbox 3420 1486 3498 1540; x_wconf 88' lang='lat' dir='ltr'><strong>ibi</strong></span> <span class='ocrx_word' id='word_1_215' title='bbox 3524 1488 3665 1542; x_wconf 88' lang='lat' dir='ltr'><strong>seri-</strong></span> 
     </span>
    </p>
   </div>
   <div class='ocr_carea' id='block_1_30' title="bbox 2058 1572 3660 1645">
    <p class='ocr_par' dir='ltr' id='par_1_30' title="bbox 2058 1572 3660 1645">
     <span class='ocr_line' id='line_1_30' title="bbox 2058 1572 3660 1645; baseline 0.003 -18"><span class='ocrx_word' id='word_1_216' title='bbox 2058 1573 2165 1643; x_wconf 90' lang='lat' dir='ltr'><strong>ptis</strong></span> <span class='ocrx_word' id='word_1_217' title='bbox 2229 1589 2341 1628; x_wconf 66' lang='lat' dir='ltr'><strong>suae</strong></span> <span class='ocrx_word' id='word_1_218' title='bbox 2400 1572 2754 1644; x_wconf 75' lang='lat' dir='ltr'><strong>professionis</strong></span> <span class='ocrx_word' id='word_1_219' title='bbox 2811 1574 3161 1643; x_wconf 72' lang='lat' dir='ltr'><strong>spoponderit</strong></span> <span class='ocrx_word' id='word_1_220' title='bbox 3208 1590 3660 1645; x_wconf 84' lang='lat' dir='ltr'><strong>permansurum.</strong></span> 
     </span>
    </p>
   </div>
   <div class='ocr_carea' id='block_1_31' title="bbox 2057 1662 3665 1733">
    <p class='ocr_par' dir='ltr' id='par_1_31' title="bbox 2057 1662 3665 1733">
     <span class='ocr_line' id='line_1_31' title="bbox 2057 1662 3665 1733; baseline 0.002 -17"><span class='ocrx_word' id='word_1_221' title='bbox 2057 1662 2083 1701; x_wconf 77' lang='grc' dir='ltr'><strong>ει</strong></span> <span class='ocrx_word' id='word_1_222' title='bbox 2111 1663 2265 1717; x_wconf 89' lang='lat' dir='ltr'><strong>Sicut</strong></span> <span class='ocrx_word' id='word_1_223' title='bbox 2284 1663 2427 1717; x_wconf 89' lang='lat' dir='ltr'><strong>enim</strong></span> <span class='ocrx_word' id='word_1_224' title='bbox 2457 1663 2510 1716; x_wconf 91' lang='lat' dir='ltr'><strong>bi</strong></span> <span class='ocrx_word' id='word_1_225' title='bbox 2538 1664 2630 1731; x_wconf 91' lang='lat' dir='ltr'><strong>qui</strong></span> <span class='ocrx_word' id='word_1_226' title='bbox 2652 1662 2964 1717; x_wconf 60' lang='lat' dir='ltr'><strong>saecularem</strong></span> <span class='ocrx_word' id='word_1_227' title='bbox 3000 1673 3390 1733; x_wconf 78' lang='lat' dir='ltr'><strong>promoventur</strong></span> <span class='ocrx_word' id='word_1_228' title='bbox 3421 1667 3489 1719; x_wconf 80' lang='lat' dir='ltr'><strong>ad</strong></span> <span class='ocrx_word' id='word_1_229' title='bbox 3516 1666 3665 1721; x_wconf 58' lang='lat' dir='ltr'><strong>milia</strong></span> 
     </span>
    </p>
   </div>
   <div class='ocr_carea' id='block_1_32' title="bbox 2058 1753 3663 1824">
    <p class='ocr_par' dir='ltr' id='par_1_32' title="bbox 2058 1753 3663 1824">
     <span class='ocr_line' id='line_1_32' title="bbox 2058 1753 3663 1824; baseline 0.005 -17"><span class='ocrx_word' id='word_1_230' title='bbox 2058 1754 2210 1818; x_wconf 89' lang='lat' dir='ltr'><strong>tiam,</strong></span> <span class='ocrx_word' id='word_1_231' title='bbox 2240 1755 2293 1808; x_wconf 93' lang='lat' dir='ltr'><strong>in</strong></span> <span class='ocrx_word' id='word_1_232' title='bbox 2324 1753 2589 1824; x_wconf 62' lang='lat' dir='ltr'><strong>legionem</strong></span> <span class='ocrx_word' id='word_1_233' title='bbox 2604 1770 2713 1809; x_wconf 87' lang='lat' dir='ltr'><strong>non</strong></span> <span class='ocrx_word' id='word_1_234' title='bbox 2738 1762 3023 1809; x_wconf 72' lang='lat' dir='ltr'><strong>transeunt</strong></span> <span class='ocrx_word' id='word_1_235' title='bbox 3043 1756 3144 1810; x_wconf 91' lang='lat' dir='ltr'><strong>nisi</strong></span> <span class='ocrx_word' id='word_1_236' title='bbox 3171 1766 3332 1811; x_wconf 87' lang='lat' dir='ltr'><strong>antea</strong></span> <span class='ocrx_word' id='word_1_237' title='bbox 3360 1758 3415 1812; x_wconf 92' lang='lat' dir='ltr'><strong>in</strong></span> <span class='ocrx_word' id='word_1_238' title='bbox 3441 1758 3663 1815; x_wconf 85' lang='lat' dir='ltr'><strong>tabulas</strong></span> 
     </span>
    </p>
   </div>
   <div class='ocr_carea' id='block_1_33' title="bbox 375 1847 1954 1939">
    <p class='ocr_par' dir='ltr' id='par_1_33' title="bbox 375 1865 1947 1939">
     <span class='ocr_line' id='line_1_33' title="bbox 375 1865 1947 1939; baseline -0.003 -16"><span class='ocrx_word' id='word_1_239' title='bbox 375 1867 560 1923; x_wconf 82' lang='lat' dir='ltr'><strong>Omnis</strong></span> <span class='ocrx_word' id='word_1_240' title='bbox 602 1868 692 1939; x_wconf 86' lang='lat' dir='ltr'><strong>qui</strong></span> <span class='ocrx_word' id='word_1_241' title='bbox 716 1866 1224 1938; x_wconf 82' lang='lat' dir='ltr'><strong>reliqueritdomum,</strong></span> <span class='ocrx_word' id='word_1_242' title='bbox 1251 1874 1339 1919; x_wconf 88' lang='lat' dir='ltr'><strong>aut</strong></span> <span class='ocrx_word' id='word_1_243' title='bbox 1371 1865 1580 1935; x_wconf 77' lang='lat' dir='ltr'><strong>fratres,</strong></span> <span class='ocrx_word' id='word_1_244' title='bbox 1607 1876 1697 1919; x_wconf 84' lang='lat' dir='ltr'><strong>aut</strong></span> <span class='ocrx_word' id='word_1_245' title='bbox 1726 1882 1947 1929; x_wconf 85' lang='lat' dir='ltr'><strong>sorores,</strong></span> 
     </span>
    </p>
   </div>
   <div class='ocr_carea' id='block_1_34' title="bbox 2058 1847 3662 1939">
    <p class='ocr_par' dir='ltr' id='par_1_34' title="bbox 2058 1847 3662 1918">
     <span class='ocr_line' id='line_1_34' title="bbox 2058 1847 3662 1918; baseline 0.004 -17"><span class='ocrx_word' id='word_1_246' title='bbox 2058 1847 2440 1912; x_wconf 83' lang='lat' dir='ltr'><strong>conferantur,</strong></span> <span class='ocrx_word' id='word_1_247' title='bbox 2521 1848 2594 1901; x_wconf 87' lang='lat' dir='ltr'><strong>ita</strong></span> <span class='ocrx_word' id='word_1_248' title='bbox 2663 1848 2720 1902; x_wconf 89' lang='lat' dir='ltr'><strong>bi</strong></span> <span class='ocrx_word' id='word_1_249' title='bbox 2772 1848 2865 1917; x_wconf 90' lang='lat' dir='ltr'><strong>qui</strong></span> <span class='ocrx_word' id='word_1_250' title='bbox 2929 1848 2984 1903; x_wconf 93' lang='lat' dir='ltr'><strong>in</strong></span> <span class='ocrx_word' id='word_1_251' title='bbox 3041 1849 3378 1918; x_wconf 86' lang='lat' dir='ltr'><strong>spiritalibus</strong></span> <span class='ocrx_word' id='word_1_252' title='bbox 3456 1854 3662 1908; x_wconf 84' lang='lat' dir='ltr'><strong>castris</strong></span> 
     </span>
    </p>
   </div>
   <div class='ocr_carea' id='block_1_35' title="bbox 371 1955 1951 2031">
    <p class='ocr_par' dir='ltr' id='par_1_35' title="bbox 371 1955 1951 2031">
     <span class='ocr_line' id='line_1_35' title="bbox 371 1955 1951 2031; baseline -0.004 -16"><span class='ocrx_word' id='word_1_253' title='bbox 371 1972 465 2015; x_wconf 86' lang='lat' dir='ltr'><strong>aut</strong></span> <span class='ocrx_word' id='word_1_254' title='bbox 512 1971 735 2031; x_wconf 85' lang='lat' dir='ltr'><strong>patrem,</strong></span> <span class='ocrx_word' id='word_1_255' title='bbox 804 1967 894 2011; x_wconf 85' lang='lat' dir='ltr'><strong>aut</strong></span> <span class='ocrx_word' id='word_1_256' title='bbox 939 1968 1179 2021; x_wconf 85' lang='lat' dir='ltr'><strong>matrem,</strong></span> <span class='ocrx_word' id='word_1_257' title='bbox 1229 1966 1321 2011; x_wconf 87' lang='lat' dir='ltr'><strong>aut</strong></span> <span class='ocrx_word' id='word_1_258' title='bbox 1370 1974 1607 2022; x_wconf 70' lang='lat' dir='ltr'><strong>uxorem,</strong></span> <span class='ocrx_word' id='word_1_259' title='bbox 1653 1955 1951 2027; x_wconf 83' lang='lat' dir='ltr'><strong>centuplum</strong></span> 
     </span>
    </p>
   </div>
   <div class='ocr_carea' id='block_1_36' title="bbox 372 2046 1953 2120">
    <p class='ocr_par' dir='ltr' id='par_1_36' title="bbox 372 2046 1953 2120">
     <span class='ocr_line' id='line_1_36' title="bbox 372 2046 1953 2120; baseline -0.001 -16"><span class='ocrx_word' id='word_1_260' title='bbox 372 2051 614 2119; x_wconf 79' lang='lat' dir='ltr'><strong>accipiet,</strong></span> <span class='ocrx_word' id='word_1_261' title='bbox 640 2058 687 2102; x_wconf 87' lang='lat' dir='ltr'><strong>et</strong></span> <span class='ocrx_word' id='word_1_262' title='bbox 718 2049 875 2101; x_wconf 79' lang='lat' dir='ltr'><strong>vitam</strong></span> <span class='ocrx_word' id='word_1_263' title='bbox 903 2057 1150 2101; x_wconf 75' lang='lat' dir='ltr'><strong>retentam</strong></span> <span class='ocrx_word' id='word_1_264' title='bbox 1177 2058 1517 2120; x_wconf 71' lang='lat' dir='ltr'><strong>consequetur</strong></span> <span class='ocrx_word' id='word_1_265' title='bbox 1555 2046 1765 2119; x_wconf 87' lang='lat' dir='ltr'><strong>(lbid.).</strong></span> <span class='ocrx_word' id='word_1_266' title='bbox 1799 2047 1953 2114; x_wconf 82' lang='lat' dir='ltr'><strong>Quod</strong></span> 
     </span>
    </p>
   </div>
   <div class='ocr_carea' id='block_1_37' title="bbox 371 2139 1947 2214">
    <p class='ocr_par' dir='ltr' id='par_1_37' title="bbox 371 2139 1947 2214">
     <span class='ocr_line' id='line_1_37' title="bbox 371 2139 1947 2214; baseline -0.003 -17"><span class='ocrx_word' id='word_1_267' title='bbox 371 2144 417 2197; x_wconf 89' lang='lat' dir='ltr'><strong>si</strong></span> <span class='ocrx_word' id='word_1_268' title='bbox 454 2158 550 2214; x_wconf 89' lang='lat' dir='ltr'><strong>per</strong></span> <span class='ocrx_word' id='word_1_269' title='bbox 587 2141 963 2212; x_wconf 76' lang='lat' dir='ltr'><strong>negligentiam</strong></span> <span class='ocrx_word' id='word_1_270' title='bbox 1012 2141 1208 2195; x_wconf 88' lang='lat' dir='ltr'><strong>accidit</strong></span> <span class='ocrx_word' id='word_1_271' title='bbox 1255 2140 1506 2210; x_wconf 87' lang='lat' dir='ltr'><strong>cuiquam</strong></span> <span class='ocrx_word' id='word_1_272' title='bbox 1566 2140 1816 2193; x_wconf 88' lang='lat' dir='ltr'><strong>amisisse</strong></span> <span class='ocrx_word' id='word_1_273' title='bbox 1866 2139 1947 2193; x_wconf 83' lang='lat' dir='ltr'><strong>di-</strong></span> 
     </span>
    </p>
   </div>
   <div class='ocr_carea' id='block_1_38' title="bbox 372 2230 1953 2302">
    <p class='ocr_par' dir='ltr' id='par_1_38' title="bbox 372 2230 1953 2302">
     <span class='ocr_line' id='line_1_38' title="bbox 372 2230 1953 2302; baseline -0.003 -13"><span class='ocrx_word' id='word_1_274' title='bbox 372 2235 557 2300; x_wconf 89' lang='lat' dir='ltr'><strong>vitias,</strong></span> <span class='ocrx_word' id='word_1_275' title='bbox 614 2233 698 2289; x_wconf 92' lang='lat' dir='ltr'><strong>vel</strong></span> <span class='ocrx_word' id='word_1_276' title='bbox 746 2248 890 2287; x_wconf 82' lang='lat' dir='ltr'><strong>nunc</strong></span> <span class='ocrx_word' id='word_1_277' title='bbox 938 2232 1195 2286; x_wconf 86' lang='lat' dir='ltr'><strong>adhibeat</strong></span> <span class='ocrx_word' id='word_1_278' title='bbox 1237 2231 1562 2302; x_wconf 87' lang='lat' dir='ltr'><strong>propensius</strong></span> <span class='ocrx_word' id='word_1_279' title='bbox 1591 2230 1852 2296; x_wconf 89' lang='lat' dir='ltr'><strong>studium,</strong></span> <span class='ocrx_word' id='word_1_280' title='bbox 1894 2237 1953 2285; x_wconf 88' lang='lat' dir='ltr'><strong>ut</strong></span> 
     </span>
    </p>
   </div>
   <div class='ocr_carea' id='block_1_39' title="bbox 372 2306 1957 2396">
    <p class='ocr_par' dir='ltr' id='par_1_39' title="bbox 372 2306 1957 2396">
     <span class='ocr_line' id='line_1_39' title="bbox 372 2306 1957 2396; baseline -0.004 -14"><span class='ocrx_word' id='word_1_281' title='bbox 372 2343 437 2382; x_wconf 83' lang='lat' dir='ltr'><strong>ex</strong></span> <span class='ocrx_word' id='word_1_282' title='bbox 499 2339 663 2396; x_wconf 88' lang='lat' dir='ltr'><strong>opere</strong></span> <span class='ocrx_word' id='word_1_283' title='bbox 719 2337 977 2377; x_wconf 89' lang='lat' dir='ltr'><strong>manuum</strong></span> <span class='ocrx_word' id='word_1_284' title='bbox 1026 2322 1260 2392; x_wconf 81' lang='lat' dir='ltr'><strong>largiens</strong></span> <span class='ocrx_word' id='word_1_285' title='bbox 1320 2320 1628 2391; x_wconf 88' lang='lat' dir='ltr'><strong>neglectum</strong></span> <span class='ocrx_word' id='word_1_286' title='bbox 1692 2306 1957 2375; x_wconf 75' lang='lat' dir='ltr'><strong>resarciat</strong></span> 
     </span>
    </p>
   </div>
   <div class='ocr_carea' id='block_1_40' title="bbox 378 2411 1956 2483">
    <p class='ocr_par' dir='ltr' id='par_1_40' title="bbox 378 2411 1956 2483">
     <span class='ocr_line' id='line_1_40' title="bbox 378 2411 1956 2483; baseline -0.004 -11"><span class='ocrx_word' id='word_1_287' title='bbox 378 2432 622 2473; x_wconf 85' lang='lat' dir='ltr'><strong>censum.</strong></span> <span class='ocrx_word' id='word_1_288' title='bbox 649 2414 800 2483; x_wconf 85' lang='lat' dir='ltr'><strong>Quod</strong></span> <span class='ocrx_word' id='word_1_289' title='bbox 832 2415 875 2471; x_wconf 86' lang='lat' dir='ltr'><strong>si</strong></span> <span class='ocrx_word' id='word_1_290' title='bbox 906 2430 1010 2470; x_wconf 90' lang='lat' dir='ltr'><strong>non</strong></span> <span class='ocrx_word' id='word_1_291' title='bbox 1042 2430 1185 2469; x_wconf 88' lang='lat' dir='ltr'><strong>nunc</strong></span> <span class='ocrx_word' id='word_1_292' title='bbox 1213 2413 1428 2483; x_wconf 89' lang='lat' dir='ltr'><strong>quidem</strong></span> <span class='ocrx_word' id='word_1_293' title='bbox 1450 2412 1535 2467; x_wconf 88' lang='lat' dir='ltr'><strong>vel</strong></span> <span class='ocrx_word' id='word_1_294' title='bbox 1567 2420 1777 2482; x_wconf 88' lang='lat' dir='ltr'><strong>tempus</strong></span> <span class='ocrx_word' id='word_1_295' title='bbox 1801 2411 1956 2466; x_wconf 90' lang='lat' dir='ltr'><strong>nobis</strong></span> 
     </span>
    </p>
   </div>
   <div class='ocr_carea' id='block_1_41' title="bbox 378 2500 1954 2577">
    <p class='ocr_par' dir='ltr' id='par_1_41' title="bbox 378 2500 1954 2577">
     <span class='ocr_line' id='line_1_41' title="bbox 378 2500 1954 2577; baseline -0.006 -15"><span class='ocrx_word' id='word_1_296' title='bbox 378 2515 626 2577; x_wconf 83' lang='lat' dir='ltr'><strong>superest</strong></span> <span class='ocrx_word' id='word_1_297' title='bbox 675 2505 760 2559; x_wconf 88' lang='lat' dir='ltr'><strong>vel</strong></span> <span class='ocrx_word' id='word_1_298' title='bbox 808 2506 983 2559; x_wconf 89' lang='lat' dir='ltr'><strong>virtus</strong></span> <span class='ocrx_word' id='word_1_299' title='bbox 1040 2503 1107 2558; x_wconf 91' lang='lat' dir='ltr'><strong>ad</strong></span> <span class='ocrx_word' id='word_1_300' title='bbox 1148 2502 1522 2572; x_wconf 85' lang='lat' dir='ltr'><strong>hujuscemodi</strong></span> <span class='ocrx_word' id='word_1_301' title='bbox 1568 2500 1954 2566; x_wconf 88' lang='lat' dir='ltr'><strong>ministerium,</strong></span> 
     </span>
    </p>
   </div>
   <div class='ocr_carea' id='block_1_42' title="bbox 376 2590 1958 2665">
    <p class='ocr_par' dir='ltr' id='par_1_42' title="bbox 376 2590 1958 2665">
     <span class='ocr_line' id='line_1_42' title="bbox 376 2590 1958 2665; baseline -0.005 -14"><span class='ocrx_word' id='word_1_302' title='bbox 376 2594 689 2651; x_wconf 88' lang='lat' dir='ltr'><strong>consolatur</strong></span> <span class='ocrx_word' id='word_1_303' title='bbox 710 2609 807 2650; x_wconf 90' lang='lat' dir='ltr'><strong>nos</strong></span> <span class='ocrx_word' id='word_1_304' title='bbox 829 2593 1117 2665; x_wconf 80' lang='lat' dir='ltr'><strong>Apostolus</strong></span> <span class='ocrx_word' id='word_1_305' title='bbox 1140 2593 1327 2647; x_wconf 88' lang='lat' dir='ltr'><strong>dicens</strong></span> <span class='ocrx_word' id='word_1_306' title='bbox 1350 2608 1363 2646; x_wconf 89' lang='lat'><strong>:</strong></span> <span class='ocrx_word' id='word_1_307' title='bbox 1395 2590 1516 2645; x_wconf 83' lang='lat' dir='ltr'><strong>Non</strong></span> <span class='ocrx_word' id='word_1_308' title='bbox 1542 2606 1720 2661; x_wconf 76' lang='lat' dir='ltr'><strong>quazro</strong></span> <span class='ocrx_word' id='word_1_309' title='bbox 1734 2605 1851 2661; x_wconf 74' lang='lat' dir='ltr'><strong>qua:</strong></span> <span class='ocrx_word' id='word_1_310' title='bbox 1872 2605 1958 2644; x_wconf 82' lang='lat' dir='ltr'><strong>ve-</strong></span> 
     </span>
    </p>
   </div>
   <div class='ocr_carea' id='block_1_43' title="bbox 372 2682 1226 2756">
    <p class='ocr_par' dir='ltr' id='par_1_43' title="bbox 372 2682 1226 2756">
     <span class='ocr_line' id='line_1_43' title="bbox 372 2682 1226 2756; baseline -0.007 -15"><span class='ocrx_word' id='word_1_311' title='bbox 372 2697 508 2753; x_wconf 82' lang='lat' dir='ltr'><strong>stra,</strong></span> <span class='ocrx_word' id='word_1_312' title='bbox 547 2686 636 2740; x_wconf 83' lang='lat' dir='ltr'><strong>sed</strong></span> <span class='ocrx_word' id='word_1_313' title='bbox 684 2702 773 2740; x_wconf 78' lang='lat' dir='ltr'><strong>vos</strong></span> <span class='ocrx_word' id='word_1_314' title='bbox 820 2683 905 2756; x_wconf 90' lang='lat' dir='ltr'><strong>(II</strong></span> <span class='ocrx_word' id='word_1_315' title='bbox 951 2682 1072 2737; x_wconf 91' lang='lat' dir='ltr'><strong>Cor.</strong></span> <span class='ocrx_word' id='word_1_316' title='bbox 1104 2682 1226 2751; x_wconf 78' lang='lat' dir='ltr'><strong>xu).</strong></span> 
     </span>
    </p>
   </div>
   <div class='ocr_carea' id='block_1_44' title="bbox 517 2768 1812 2848">
    <p class='ocr_par' dir='ltr' id='par_1_44' title="bbox 517 2768 1812 2848">
     <span class='ocr_line' id='line_1_44' title="bbox 517 2768 1812 2848; baseline -0.005 -19"><span class='ocrx_word' id='word_1_317' title='bbox 517 2774 546 2848; x_wconf 82' lang='lat'><strong>§</strong></span> <span class='ocrx_word' id='word_1_318' title='bbox 579 2774 647 2829; x_wconf 79' lang='grc' dir='ltr'><strong>Χ.</strong></span> <span class='ocrx_word' id='word_1_319' title='bbox 672 2805 742 2816; x_wconf 94' lang='grc'><strong>--</strong></span> <span class='ocrx_word' id='word_1_320' title='bbox 776 2774 855 2828; x_wconf 73' lang='lat' dir='ltr'><strong>Ex</strong></span> <span class='ocrx_word' id='word_1_321' title='bbox 887 2774 1105 2828; x_wconf 72' lang='lat' dir='ltr'><strong>REGULA</strong></span> <span class='ocrx_word' id='word_1_322' title='bbox 1131 2786 1316 2827; x_wconf 62' lang='lat' dir='ltr'><strong>ssnon</strong></span> <span class='ocrx_word' id='word_1_323' title='bbox 1343 2768 1539 2827; x_wconf 82' lang='lat' dir='ltr'><strong>lswom</strong></span> <span class='ocrx_word' id='word_1_324' title='bbox 1572 2768 1711 2841; x_wconf 86' lang='lat' dir='ltr'><strong>(cap.</strong></span> <span class='ocrx_word' id='word_1_325' title='bbox 1735 2768 1812 2841; x_wconf 81' lang='lat'><strong>5).</strong></span> 
     </span>
    </p>
   </div>
   <div class='ocr_carea' id='block_1_45' title="bbox 446 2858 1957 2934">
    <p class='ocr_par' dir='ltr' id='par_1_45' title="bbox 446 2858 1957 2934">
     <span class='ocr_line' id='line_1_45' title="bbox 446 2858 1957 2934; baseline -0.006 -13"><span class='ocrx_word' id='word_1_326' title='bbox 446 2868 475 2908; x_wconf 75' lang='grc' dir='ltr'><strong>ι)</strong></span> <span class='ocrx_word' id='word_1_327' title='bbox 515 2867 617 2934; x_wconf 85' lang='lat' dir='ltr'><strong>Qui</strong></span> <span class='ocrx_word' id='word_1_328' title='bbox 674 2881 802 2920; x_wconf 86' lang='lat' dir='ltr'><strong>vero</strong></span> <span class='ocrx_word' id='word_1_329' title='bbox 839 2865 1156 2920; x_wconf 75' lang='lat' dir='ltr'><strong>renuntiatis</strong></span> <span class='ocrx_word' id='word_1_330' title='bbox 1207 2862 1403 2918; x_wconf 58' lang='lat' dir='ltr'><strong>saeculo</strong></span> <span class='ocrx_word' id='word_1_331' title='bbox 1441 2861 1509 2915; x_wconf 89' lang='lat' dir='ltr'><strong>ad</strong></span> <span class='ocrx_word' id='word_1_332' title='bbox 1565 2858 1957 2915; x_wconf 89' lang='lat' dir='ltr'><strong>monasterium</strong></span> 
     </span>
    </p>
   </div>
   <div class='ocr_carea' id='block_1_46' title="bbox 371 2951 1961 3022">
    <p class='ocr_par' dir='ltr' id='par_1_46' title="bbox 371 2951 1961 3022">
     <span class='ocr_line' id='line_1_46' title="bbox 371 2951 1961 3022; baseline -0.006 -10"><span class='ocrx_word' id='word_1_333' title='bbox 371 2957 601 3021; x_wconf 87' lang='lat' dir='ltr'><strong>venerit,</strong></span> <span class='ocrx_word' id='word_1_334' title='bbox 645 2971 748 3009; x_wconf 91' lang='lat' dir='ltr'><strong>non</strong></span> <span class='ocrx_word' id='word_1_335' title='bbox 777 2954 958 3009; x_wconf 87' lang='lat' dir='ltr'><strong>statim</strong></span> <span class='ocrx_word' id='word_1_336' title='bbox 991 2953 1044 3008; x_wconf 89' lang='lat' dir='ltr'><strong>in</strong></span> <span class='ocrx_word' id='word_1_337' title='bbox 1067 2962 1267 3008; x_wconf 74' lang='lat' dir='ltr'><strong>emtum</strong></span> <span class='ocrx_word' id='word_1_338' title='bbox 1291 2951 1619 3022; x_wconf 78' lang='lat' dir='ltr'><strong>delegantlus</strong></span> <span class='ocrx_word' id='word_1_339' title='bbox 1642 2958 1726 3006; x_wconf 88' lang='lat' dir='ltr'><strong>est</strong></span> <span class='ocrx_word' id='word_1_340' title='bbox 1767 2965 1961 3004; x_wconf 83' lang='lat' dir='ltr'><strong>mona-</strong></span> 
     </span>
    </p>
   </div>
   <div class='ocr_carea' id='block_1_47' title="bbox 377 3041 1959 3112">
    <p class='ocr_par' dir='ltr' id='par_1_47' title="bbox 377 3041 1959 3112">
     <span class='ocr_line' id='line_1_47' title="bbox 377 3041 1959 3112; baseline -0.004 -10"><span class='ocrx_word' id='word_1_341' title='bbox 377 3048 623 3102; x_wconf 89' lang='lat' dir='ltr'><strong>chorum.</strong></span> <span class='ocrx_word' id='word_1_342' title='bbox 678 3047 857 3101; x_wconf 81' lang='lat' dir='ltr'><strong>Vitam</strong></span> <span class='ocrx_word' id='word_1_343' title='bbox 909 3045 1053 3100; x_wconf 87' lang='lat' dir='ltr'><strong>enim</strong></span> <span class='ocrx_word' id='word_1_344' title='bbox 1104 3042 1527 3112; x_wconf 83' lang='lat' dir='ltr'><strong>uniuscujusque</strong></span> <span class='ocrx_word' id='word_1_345' title='bbox 1568 3042 1622 3097; x_wconf 90' lang='lat' dir='ltr'><strong>in</strong></span> <span class='ocrx_word' id='word_1_346' title='bbox 1674 3041 1959 3112; x_wconf 87' lang='lat' dir='ltr'><strong>hospitalis</strong></span> 
     </span>
    </p>
   </div>
   <div class='ocr_carea' id='block_1_48' title="bbox 373 3132 1958 3202">
    <p class='ocr_par' dir='ltr' id='par_1_48' title="bbox 373 3132 1958 3202">
     <span class='ocr_line' id='line_1_48' title="bbox 373 3132 1958 3202; baseline -0.003 -11"><span class='ocrx_word' id='word_1_347' title='bbox 373 3136 597 3191; x_wconf 87' lang='lat' dir='ltr'><strong>servitio</strong></span> <span class='ocrx_word' id='word_1_348' title='bbox 623 3136 793 3189; x_wconf 90' lang='lat' dir='ltr'><strong>tribus</strong></span> <span class='ocrx_word' id='word_1_349' title='bbox 820 3135 1094 3189; x_wconf 89' lang='lat' dir='ltr'><strong>mensibus</strong></span> <span class='ocrx_word' id='word_1_350' title='bbox 1123 3134 1459 3188; x_wconf 89' lang='lat' dir='ltr'><strong>considerari</strong></span> <span class='ocrx_word' id='word_1_351' title='bbox 1486 3140 1716 3202; x_wconf 78' lang='lat' dir='ltr'><strong>oportet,</strong></span> <span class='ocrx_word' id='word_1_352' title='bbox 1760 3132 1958 3201; x_wconf 84' lang='lat' dir='ltr'><strong>quibus</strong></span> 
     </span>
    </p>
   </div>
   <div class='ocr_carea' id='block_1_49' title="bbox 2059 1936 3663 2009">
    <p class='ocr_par' dir='ltr' id='par_1_49' title="bbox 2059 1936 3663 2009">
     <span class='ocr_line' id='line_1_49' title="bbox 2059 1936 3663 2009; baseline 0.006 -20"><span class='ocrx_word' id='word_1_353' title='bbox 2059 1947 2084 1975; x_wconf 80' lang='grc' dir='ltr'><strong>ο</strong></span> <span class='ocrx_word' id='word_1_354' title='bbox 2111 1936 2529 1991; x_wconf 72' lang='lat' dir='ltr'><strong>cwlestimilitia</strong></span> <span class='ocrx_word' id='word_1_355' title='bbox 2565 1945 2689 1992; x_wconf 88' lang='lat' dir='ltr'><strong>sunt</strong></span> <span class='ocrx_word' id='word_1_356' title='bbox 2717 1938 2989 2008; x_wconf 80' lang='lat' dir='ltr'><strong>Signandi,</strong></span> <span class='ocrx_word' id='word_1_357' title='bbox 3018 1938 3123 1993; x_wconf 91' lang='lat' dir='ltr'><strong>nisi</strong></span> <span class='ocrx_word' id='word_1_358' title='bbox 3144 1939 3296 2008; x_wconf 90' lang='lat' dir='ltr'><strong>prius</strong></span> <span class='ocrx_word' id='word_1_359' title='bbox 3310 1939 3663 2009; x_wconf 80' lang='lat' dir='ltr'><strong>professione</strong></span> 
     </span>
    </p>
   </div>
   <div class='ocr_carea' id='block_1_50' title="bbox 2052 2026 3664 2105">
    <p class='ocr_par' dir='ltr' id='par_1_50' title="bbox 2052 2026 3664 2105">
     <span class='ocr_line' id='line_1_50' title="bbox 2052 2026 3664 2105; baseline 0.006 -26"><span class='ocrx_word' id='word_1_360' title='bbox 2052 2026 2202 2080; x_wconf 87' lang='lat' dir='ltr'><strong>verbi</strong></span> <span class='ocrx_word' id='word_1_361' title='bbox 2229 2027 2521 2097; x_wconf 87' lang='lat' dir='ltr'><strong>autscripti</strong></span> <span class='ocrx_word' id='word_1_362' title='bbox 2537 2036 2840 2093; x_wconf 87' lang='lat' dir='ltr'><strong>teneantur,</strong></span> <span class='ocrx_word' id='word_1_363' title='bbox 2856 2028 2909 2082; x_wconf 91' lang='lat' dir='ltr'><strong>in</strong></span> <span class='ocrx_word' id='word_1_364' title='bbox 2931 2032 3664 2105; x_wconf 77' lang='lat' dir='ltr'><strong>numerumsocietatemqne</strong></span> 
     </span>
    </p>
   </div>
   <div class='ocr_carea' id='block_1_51' title="bbox 2053 2120 3211 2192">
    <p class='ocr_par' dir='ltr' id='par_1_51' title="bbox 2053 2120 3211 2192">
     <span class='ocr_line' id='line_1_51' title="bbox 2053 2120 3211 2192; baseline 0.002 -18"><span class='ocrx_word' id='word_1_365' title='bbox 2053 2133 2330 2174; x_wconf 84' lang='lat' dir='ltr'><strong>servorum</strong></span> <span class='ocrx_word' id='word_1_366' title='bbox 2361 2120 2562 2176; x_wconf 88' lang='lat' dir='ltr'><strong>Christi</strong></span> <span class='ocrx_word' id='word_1_367' title='bbox 2586 2121 2819 2175; x_wconf 88' lang='lat' dir='ltr'><strong>transire</strong></span> <span class='ocrx_word' id='word_1_368' title='bbox 2844 2137 2950 2177; x_wconf 88' lang='lat' dir='ltr'><strong>non</strong></span> <span class='ocrx_word' id='word_1_369' title='bbox 2981 2124 3211 2192; x_wconf 89' lang='lat' dir='ltr'><strong>possint.</strong></span> 
     </span>
    </p>
   </div>
   <div class='ocr_carea' id='block_1_52' title="bbox 2267 2210 3454 2286">
    <p class='ocr_par' dir='ltr' id='par_1_52' title="bbox 2267 2210 3454 2286">
     <span class='ocr_line' id='line_1_52' title="bbox 2267 2210 3454 2286; baseline 0.003 -20"><span class='ocrx_word' id='word_1_370' title='bbox 2267 2211 2295 2286; x_wconf 84' lang='lat'><strong>§</strong></span> <span class='ocrx_word' id='word_1_371' title='bbox 2334 2212 2423 2267; x_wconf 78' lang='lat' dir='ltr'><strong>XI.</strong></span> <span class='ocrx_word' id='word_1_372' title='bbox 2461 2214 2619 2269; x_wconf 79' lang='lat' dir='ltr'><strong>—Ex</strong></span> <span class='ocrx_word' id='word_1_373' title='bbox 2647 2214 2867 2270; x_wconf 74' lang='lat' dir='ltr'><strong>Rscuu</strong></span> <span class='ocrx_word' id='word_1_374' title='bbox 2904 2210 3177 2270; x_wconf 78' lang='lat' dir='ltr'><strong>annsou</strong></span> <span class='ocrx_word' id='word_1_375' title='bbox 3204 2216 3343 2286; x_wconf 86' lang='lat' dir='ltr'><strong>(cap.</strong></span> <span class='ocrx_word' id='word_1_376' title='bbox 3374 2216 3454 2285; x_wconf 82' lang='lat'><strong>5).</strong></span> 
     </span>
    </p>
   </div>
   <div class='ocr_carea' id='block_1_53' title="bbox 2127 2304 3654 2378">
    <p class='ocr_par' dir='ltr' id='par_1_53' title="bbox 2127 2304 3654 2378">
     <span class='ocr_line' id='line_1_53' title="bbox 2127 2304 3654 2378; baseline -0.001 -19"><span class='ocrx_word' id='word_1_377' title='bbox 2127 2304 2185 2359; x_wconf 88' lang='lat' dir='ltr'><strong>Si</strong></span> <span class='ocrx_word' id='word_1_378' title='bbox 2209 2307 2331 2375; x_wconf 88' lang='lat' dir='ltr'><strong>quis</strong></span> <span class='ocrx_word' id='word_1_379' title='bbox 2369 2306 2555 2360; x_wconf 85' lang='lat' dir='ltr'><strong>veniat</strong></span> <span class='ocrx_word' id='word_1_380' title='bbox 2594 2306 2912 2374; x_wconf 80' lang='lat' dir='ltr'><strong>religionem</strong></span> <span class='ocrx_word' id='word_1_381' title='bbox 2952 2316 3213 2378; x_wconf 79' lang='lat' dir='ltr'><strong>expetens</strong></span> <span class='ocrx_word' id='word_1_382' title='bbox 3255 2309 3654 2362; x_wconf 83' lang='lat' dir='ltr'><strong>monasterium</strong></span> 
     </span>
    </p>
   </div>
   <div class='ocr_carea' id='block_1_54' title="bbox 2055 2396 3647 2463">
    <p class='ocr_par' dir='ltr' id='par_1_54' title="bbox 2055 2396 3647 2463">
     <span class='ocr_line' id='line_1_54' title="bbox 2055 2396 3647 2463; baseline 0.001 -12"><span class='ocrx_word' id='word_1_383' title='bbox 2055 2398 2377 2463; x_wconf 87' lang='lat' dir='ltr'><strong>intraturus,</strong></span> <span class='ocrx_word' id='word_1_384' title='bbox 2418 2396 2436 2436; x_wconf 76' lang='grc' dir='ltr'>ί</span> <span class='ocrx_word' id='word_1_385' title='bbox 2478 2398 2582 2452; x_wconf 84' lang='lat' dir='ltr'><strong>nisi</strong></span> <span class='ocrx_word' id='word_1_386' title='bbox 2626 2400 2773 2452; x_wconf 84' lang='lat' dir='ltr'><strong>enim</strong></span> <span class='ocrx_word' id='word_1_387' title='bbox 2807 2398 3021 2452; x_wconf 85' lang='lat' dir='ltr'><strong>sobrius</strong></span> <span class='ocrx_word' id='word_1_388' title='bbox 3065 2400 3191 2452; x_wconf 82' lang='lat' dir='ltr'><strong>anni</strong></span> <span class='ocrx_word' id='word_1_389' title='bbox 3226 2400 3434 2453; x_wconf 86' lang='lat' dir='ltr'><strong>circulo</strong></span> <span class='ocrx_word' id='word_1_390' title='bbox 3484 2402 3512 2438; x_wconf 74' lang='grc' dir='ltr'><strong>ε</strong></span> <span class='ocrx_word' id='word_1_391' title='bbox 3549 2409 3647 2453; x_wconf 85' lang='lat' dir='ltr'><strong>aut</strong></span> 
     </span>
    </p>
   </div>
   <div class='ocr_carea' id='block_1_55' title="bbox 2055 2488 3647 2560">
    <p class='ocr_par' dir='ltr' id='par_1_55' title="bbox 2055 2488 3647 2560">
     <span class='ocr_line' id='line_1_55' title="bbox 2055 2488 3647 2560; baseline -0.001 -15"><span class='ocrx_word' id='word_1_392' title='bbox 2055 2496 2205 2545; x_wconf 84' lang='lat' dir='ltr'><strong>certe</strong></span> <span class='ocrx_word' id='word_1_393' title='bbox 2233 2488 2279 2542; x_wconf 92' lang='lat' dir='ltr'><strong>si</strong></span> <span class='ocrx_word' id='word_1_394' title='bbox 2302 2488 2481 2542; x_wconf 80' lang='lat' dir='ltr'><strong>abbati</strong></span> <span class='ocrx_word' id='word_1_395' title='bbox 2505 2490 2680 2543; x_wconf 90' lang='lat' dir='ltr'><strong>visum</strong></span> <span class='ocrx_word' id='word_1_396' title='bbox 2709 2489 2872 2543; x_wconf 90' lang='lat' dir='ltr'><strong>fuerit</strong></span> <span class='ocrx_word' id='word_1_397' title='bbox 2899 2489 3293 2559; x_wconf 71' lang='lat' dir='ltr'><strong>aliquantulum</strong></span> <span class='ocrx_word' id='word_1_398' title='bbox 3315 2498 3647 2560; x_wconf 88' lang='lat' dir='ltr'><strong>temperare,</strong></span> 
     </span>
    </p>
   </div>
   <div class='ocr_carea' id='block_1_56' title="bbox 2056 2581 3649 2653">
    <p class='ocr_par' dir='ltr' id='par_1_56' title="bbox 2056 2581 3649 2653">
     <span class='ocr_line' id='line_1_56' title="bbox 2056 2581 3649 2653; baseline 0.001 -18"><span class='ocrx_word' id='word_1_399' title='bbox 2056 2590 2346 2652; x_wconf 87' lang='lat' dir='ltr'><strong>antequam</strong></span> <span class='ocrx_word' id='word_1_400' title='bbox 2376 2596 2468 2636; x_wconf 78' lang='lat' dir='ltr'><strong>sex</strong></span> <span class='ocrx_word' id='word_1_401' title='bbox 2507 2596 2722 2636; x_wconf 88' lang='lat' dir='ltr'><strong>menses</strong></span> <span class='ocrx_word' id='word_1_402' title='bbox 2751 2581 2962 2637; x_wconf 91' lang='lat' dir='ltr'><strong>dierum</strong></span> <span class='ocrx_word' id='word_1_403' title='bbox 3002 2597 3226 2636; x_wconf 88' lang='lat' dir='ltr'><strong>numero</strong></span> <span class='ocrx_word' id='word_1_404' title='bbox 3246 2583 3649 2653; x_wconf 83' lang='lat' dir='ltr'><strong>compleantur,</strong></span> 
     </span>
    </p>
   </div>
   <div class='ocr_carea' id='block_1_57' title="bbox 2057 2670 3651 2743">
    <p class='ocr_par' dir='ltr' id='par_1_57' title="bbox 2057 2670 3651 2743">
     <span class='ocr_line' id='line_1_57' title="bbox 2057 2670 3651 2743; baseline 0.001 -18"><span class='ocrx_word' id='word_1_405' title='bbox 2057 2672 2445 2727; x_wconf 83' lang='lat' dir='ltr'><strong>monachorum</strong></span> <span class='ocrx_word' id='word_1_406' title='bbox 2493 2673 2853 2727; x_wconf 88' lang='lat' dir='ltr'><strong>contubernio</strong></span> <span class='ocrx_word' id='word_1_407' title='bbox 2875 2687 2983 2726; x_wconf 91' lang='lat' dir='ltr'><strong>non</strong></span> <span class='ocrx_word' id='word_1_408' title='bbox 2999 2670 3258 2743; x_wconf 84' lang='lat' dir='ltr'><strong>jungatur</strong></span> <span class='ocrx_word' id='word_1_409' title='bbox 3289 2691 3303 2725; x_wconf 91' lang='lat'><strong>:</strong></span> <span class='ocrx_word' id='word_1_410' title='bbox 3328 2682 3391 2726; x_wconf 90' lang='lat' dir='ltr'><strong>ut</strong></span> <span class='ocrx_word' id='word_1_411' title='bbox 3413 2673 3468 2727; x_wconf 88' lang='lat' dir='ltr'><strong>in</strong></span> <span class='ocrx_word' id='word_1_412' title='bbox 3497 2682 3651 2727; x_wconf 86' lang='lat' dir='ltr'><strong>tanto</strong></span> 
     </span>
    </p>
   </div>
   <div class='ocr_carea' id='block_1_58' title="bbox 2057 2761 3652 2834">
    <p class='ocr_par' dir='ltr' id='par_1_58' title="bbox 2057 2761 3652 2834">
     <span class='ocr_line' id='line_1_58' title="bbox 2057 2761 3652 2834; baseline -0.001 -15"><span class='ocrx_word' id='word_1_413' title='bbox 2057 2764 2235 2833; x_wconf 90' lang='lat' dir='ltr'><strong>spatio</strong></span> <span class='ocrx_word' id='word_1_414' title='bbox 2266 2761 2663 2834; x_wconf 83' lang='lat' dir='ltr'><strong>ignorantibus,</strong></span> <span class='ocrx_word' id='word_1_415' title='bbox 2701 2762 2879 2833; x_wconf 87' lang='lat' dir='ltr'><strong>qualis</strong></span> <span class='ocrx_word' id='word_1_416' title='bbox 2908 2763 2979 2817; x_wconf 90' lang='lat' dir='ltr'><strong>sit</strong></span> <span class='ocrx_word' id='word_1_417' title='bbox 3006 2764 3236 2826; x_wconf 85' lang='lat' dir='ltr'><strong>futurus,</strong></span> <span class='ocrx_word' id='word_1_418' title='bbox 3266 2764 3549 2825; x_wconf 85' lang='lat' dir='ltr'><strong>ostendat,</strong></span> <span class='ocrx_word' id='word_1_419' title='bbox 3593 2774 3652 2819; x_wconf 90' lang='lat' dir='ltr'><strong>et</strong></span> 
     </span>
    </p>
   </div>
   <div class='ocr_carea' id='block_1_59' title="bbox 2058 2851 3647 2923">
    <p class='ocr_par' dir='ltr' id='par_1_59' title="bbox 2058 2851 3647 2923">
     <span class='ocr_line' id='line_1_59' title="bbox 2058 2851 3647 2923; baseline 0 -15"><span class='ocrx_word' id='word_1_420' title='bbox 2058 2853 2251 2909; x_wconf 87' lang='lat' dir='ltr'><strong>diurna</strong></span> <span class='ocrx_word' id='word_1_421' title='bbox 2291 2851 2670 2906; x_wconf 89' lang='lat' dir='ltr'><strong>observatione</strong></span> <span class='ocrx_word' id='word_1_422' title='bbox 2711 2867 2901 2906; x_wconf 87' lang='lat' dir='ltr'><strong>carere</strong></span> <span class='ocrx_word' id='word_1_423' title='bbox 2946 2853 3139 2923; x_wconf 84' lang='lat' dir='ltr'><strong>possit,</strong></span> <span class='ocrx_word' id='word_1_424' title='bbox 3188 2852 3234 2906; x_wconf 87' lang='lat' dir='ltr'><strong>si</strong></span> <span class='ocrx_word' id='word_1_425' title='bbox 3270 2852 3404 2921; x_wconf 88' lang='lat' dir='ltr'><strong>quid</strong></span> <span class='ocrx_word' id='word_1_426' title='bbox 3456 2868 3647 2908; x_wconf 85' lang='lat' dir='ltr'><strong>secum</strong></span> 
     </span>
    </p>
   </div>
   <div class='ocr_carea' id='block_1_60' title="bbox 2058 2941 3649 3014">
    <p class='ocr_par' dir='ltr' id='par_1_60' title="bbox 2058 2941 3649 3014">
     <span class='ocr_line' id='line_1_60' title="bbox 2058 2941 3649 3014; baseline 0.001 -16"><span class='ocrx_word' id='word_1_427' title='bbox 2058 2942 2398 2998; x_wconf 86' lang='lat' dir='ltr'><strong>crudelitatis</strong></span> <span class='ocrx_word' id='word_1_428' title='bbox 2427 2941 2691 2997; x_wconf 88' lang='lat' dir='ltr'><strong>attulerit.</strong></span> <span class='ocrx_word' id='word_1_429' title='bbox 2728 2943 2800 2996; x_wconf 82' lang='lat' dir='ltr'><strong>At</strong></span> <span class='ocrx_word' id='word_1_430' title='bbox 2825 2957 2953 2997; x_wconf 87' lang='lat' dir='ltr'><strong>vero</strong></span> <span class='ocrx_word' id='word_1_431' title='bbox 2979 2944 3193 3012; x_wconf 89' lang='lat' dir='ltr'><strong>quando</strong></span> <span class='ocrx_word' id='word_1_432' title='bbox 3228 2945 3381 3014; x_wconf 89' lang='lat' dir='ltr'><strong>prius</strong></span> <span class='ocrx_word' id='word_1_433' title='bbox 3421 2944 3491 2998; x_wconf 89' lang='lat' dir='ltr'><strong>ad</strong></span> <span class='ocrx_word' id='word_1_434' title='bbox 3525 2961 3649 3000; x_wconf 78' lang='lat' dir='ltr'><strong>nio-</strong></span> 
     </span>
    </p>
   </div>
   <div class='ocr_carea' id='block_1_61' title="bbox 2059 3033 3647 3105">
    <p class='ocr_par' dir='ltr' id='par_1_61' title="bbox 2059 3033 3647 3105">
     <span class='ocr_line' id='line_1_61' title="bbox 2059 3033 3647 3105; baseline 0 -17"><span class='ocrx_word' id='word_1_435' title='bbox 2059 3033 2359 3088; x_wconf 88' lang='lat' dir='ltr'><strong>nasterium</strong></span> <span class='ocrx_word' id='word_1_436' title='bbox 2394 3034 2560 3099; x_wconf 89' lang='lat' dir='ltr'><strong>venit,</strong></span> <span class='ocrx_word' id='word_1_437' title='bbox 2612 3041 2669 3089; x_wconf 88' lang='lat' dir='ltr'><strong>et</strong></span> <span class='ocrx_word' id='word_1_438' title='bbox 2710 3033 2877 3104; x_wconf 90' lang='lat' dir='ltr'><strong>recipi</strong></span> <span class='ocrx_word' id='word_1_439' title='bbox 2924 3049 2985 3089; x_wconf 87' lang='lat' dir='ltr'><strong>se</strong></span> <span class='ocrx_word' id='word_1_440' title='bbox 3030 3035 3083 3088; x_wconf 90' lang='lat' dir='ltr'><strong>in</strong></span> <span class='ocrx_word' id='word_1_441' title='bbox 3130 3049 3359 3090; x_wconf 89' lang='lat' dir='ltr'><strong>numero</strong></span> <span class='ocrx_word' id='word_1_442' title='bbox 3401 3036 3647 3105; x_wconf 77' lang='lat' dir='ltr'><strong>postulat</strong></span> 
     </span>
    </p>
   </div>
   <div class='ocr_carea' id='block_1_62' title="bbox 2059 3126 3647 3197">
    <p class='ocr_par' dir='ltr' id='par_1_62' title="bbox 2059 3126 3647 3197">
     <span class='ocr_line' id='line_1_62' title="bbox 2059 3126 3647 3197; baseline 0.003 -18"><span class='ocrx_word' id='word_1_443' title='bbox 2059 3126 2466 3186; x_wconf 89' lang='lat' dir='ltr'><strong>monachorum.</strong></span> <span class='ocrx_word' id='word_1_444' title='bbox 2511 3126 2877 3197; x_wconf 87' lang='lat' dir='ltr'><strong>interrogetur</strong></span> <span class='ocrx_word' id='word_1_445' title='bbox 2936 3126 3005 3181; x_wconf 89' lang='lat' dir='ltr'><strong>ab</strong></span> <span class='ocrx_word' id='word_1_446' title='bbox 3046 3140 3112 3181; x_wconf 86' lang='lat' dir='ltr'><strong>eo</strong></span> <span class='ocrx_word' id='word_1_447' title='bbox 3150 3136 3330 3183; x_wconf 90' lang='lat' dir='ltr'><strong>utrum</strong></span> <span class='ocrx_word' id='word_1_448' title='bbox 3375 3128 3520 3184; x_wconf 89' lang='lat' dir='ltr'><strong>liber</strong></span> <span class='ocrx_word' id='word_1_449' title='bbox 3553 3131 3647 3184; x_wconf 91' lang='lat' dir='ltr'><strong>sit.</strong></span> 
     </span>
    </p>
   </div>
   <div class='ocr_carea' id='block_1_63' title="bbox 371 3211 3651 3297">
    <p class='ocr_par' dir='ltr' id='par_1_63' title="bbox 371 3211 3651 3297">
     <span class='ocr_line' id='line_1_63' title="bbox 371 3211 3651 3297; baseline -0.002 -18"><span class='ocrx_word' id='word_1_450' title='bbox 371 3226 609 3297; x_wconf 88' lang='lat' dir='ltr'><strong>peractis</strong></span> <span class='ocrx_word' id='word_1_451' title='bbox 635 3226 703 3280; x_wconf 88' lang='lat' dir='ltr'><strong>ad</strong></span> <span class='ocrx_word' id='word_1_452' title='bbox 730 3233 930 3279; x_wconf 64' lang='lat' dir='ltr'><strong>costum</strong></span> <span class='ocrx_word' id='word_1_453' title='bbox 962 3233 1162 3279; x_wconf 73' lang='lat' dir='ltr'><strong>sancta:</strong></span> <span class='ocrx_word' id='word_1_454' title='bbox 1187 3223 1622 3294; x_wconf 85' lang='lat' dir='ltr'><strong>congregationis</strong></span> <span class='ocrx_word' id='word_1_455' title='bbox 1664 3223 1945 3278; x_wconf 81' lang='lat' dir='ltr'><strong>accedere.</strong></span> <span class='ocrx_word' id='word_1_456' title='bbox 1985 3211 2027 3267; x_wconf 88' lang='lat' dir='ltr'><strong>C</strong></span> <span class='ocrx_word' id='word_1_457' title='bbox 2055 3212 2181 3269; x_wconf 65' lang='lat' dir='ltr'><strong>Haec</strong></span> <span class='ocrx_word' id='word_1_458' title='bbox 2209 3214 2390 3269; x_wconf 89' lang='lat' dir='ltr'><strong>abbati</strong></span> <span class='ocrx_word' id='word_1_459' title='bbox 2407 3217 2642 3284; x_wconf 91' lang='lat' dir='ltr'><strong>primum</strong></span> <span class='ocrx_word' id='word_1_460' title='bbox 2671 3231 2797 3271; x_wconf 91' lang='lat' dir='ltr'><strong>cum</strong></span> <span class='ocrx_word' id='word_1_461' title='bbox 2835 3216 3157 3273; x_wconf 78' lang='lat' dir='ltr'><strong>satisfecerit</strong></span> <span class='ocrx_word' id='word_1_462' title='bbox 3180 3219 3484 3288; x_wconf 86' lang='lat' dir='ltr'><strong>responsio,</strong></span> <span class='ocrx_word' id='word_1_463' title='bbox 3509 3220 3651 3290; x_wconf 84' lang='lat' dir='ltr'><strong>adji-</strong></span> 
     </span>
    </p>
   </div>
   <div class='ocr_carea' id='block_1_64' title="bbox 374 3313 1955 3386">
    <p class='ocr_par' dir='ltr' id='par_1_64' title="bbox 374 3313 1955 3386">
     <span class='ocr_line' id='line_1_64' title="bbox 374 3313 1955 3386; baseline -0.003 -13"><span class='ocrx_word' id='word_1_464' title='bbox 374 3315 559 3386; x_wconf 85' lang='lat' dir='ltr'><strong>Neque</strong></span> <span class='ocrx_word' id='word_1_465' title='bbox 591 3317 736 3371; x_wconf 87' lang='lat' dir='ltr'><strong>enim</strong></span> <span class='ocrx_word' id='word_1_466' title='bbox 766 3314 965 3385; x_wconf 88' lang='lat' dir='ltr'><strong>suscipi</strong></span> <span class='ocrx_word' id='word_1_467' title='bbox 1003 3314 1149 3369; x_wconf 88' lang='lat' dir='ltr'><strong>intus</strong></span> <span class='ocrx_word' id='word_1_468' title='bbox 1175 3329 1497 3384; x_wconf 88' lang='lat' dir='ltr'><strong>quemquam</strong></span> <span class='ocrx_word' id='word_1_469' title='bbox 1529 3314 1800 3379; x_wconf 89' lang='lat' dir='ltr'><strong>convenit,</strong></span> <span class='ocrx_word' id='word_1_470' title='bbox 1849 3313 1955 3368; x_wconf 88' lang='lat' dir='ltr'><strong>nisi</strong></span> 
     </span>
    </p>
   </div>
   <div class='ocr_carea' id='block_1_65' title="bbox 445 3488 1145 3561">
    <p class='ocr_par' dir='ltr' id='par_1_65' title="bbox 445 3488 1145 3561">
     <span class='ocr_line' id='line_1_65' title="bbox 445 3488 1145 3561; baseline -0.006 -16"><span class='ocrx_word' id='word_1_471' title='bbox 445 3505 471 3532; x_wconf 80' lang='grc' dir='ltr'>ι</span> <span class='ocrx_word' id='word_1_472' title='bbox 511 3490 705 3545; x_wconf 87' lang='lat' dir='ltr'><strong>lnterr.</strong></span> <span class='ocrx_word' id='word_1_473' title='bbox 736 3489 805 3545; x_wconf 88' lang='lat'><strong>89</strong></span> <span class='ocrx_word' id='word_1_474' title='bbox 832 3488 1145 3561; x_wconf 76' lang='lat' dir='ltr'><strong>Reg._l_)rev.</strong></span> 
     </span>
    </p>
   </div>
   <div class='ocr_carea' id='block_1_66' title="bbox 446 3554 1955 3628">
    <p class='ocr_par' dir='ltr' id='par_1_66' title="bbox 446 3554 1955 3628">
     <span class='ocr_line' id='line_1_66' title="bbox 446 3554 1955 3628; baseline -0.001 -14"><span class='ocrx_word' id='word_1_475' title='bbox 446 3562 474 3603; x_wconf 72' lang='grc' dir='ltr'><strong>ιι</strong></span> <span class='ocrx_word' id='word_1_476' title='bbox 516 3562 617 3627; x_wconf 83' lang='lat' dir='ltr'><strong>Qui</strong></span> <span class='ocrx_word' id='word_1_477' title='bbox 647 3578 785 3624; x_wconf 81' lang='lat' dir='ltr'><strong>vero,</strong></span> <span class='ocrx_word' id='word_1_478' title='bbox 824 3554 941 3614; x_wconf 57' lang='lat' dir='ltr'><strong>etc:</strong></span> <span class='ocrx_word' id='word_1_479' title='bbox 973 3559 1099 3615; x_wconf 65' lang='lat' dir='ltr'><strong>llaec</strong></span> <span class='ocrx_word' id='word_1_480' title='bbox 1123 3559 1390 3613; x_wconf 88' lang='lat' dir='ltr'><strong>habentur</strong></span> <span class='ocrx_word' id='word_1_481' title='bbox 1416 3556 1470 3611; x_wconf 90' lang='lat' dir='ltr'><strong>in</strong></span> <span class='ocrx_word' id='word_1_482' title='bbox 1501 3554 1705 3628; x_wconf 84' lang='lat' dir='ltr'><strong>Regula</strong></span> <span class='ocrx_word' id='word_1_483' title='bbox 1754 3572 1955 3613; x_wconf 82' lang='lat' dir='ltr'><strong>excusa</strong></span> 
     </span>
    </p>
   </div>
   <div class='ocr_carea' id='block_1_67' title="bbox 375 3629 910 3699">
    <p class='ocr_par' dir='ltr' id='par_1_67' title="bbox 375 3629 910 3699">
     <span class='ocr_line' id='line_1_67' title="bbox 375 3629 910 3699; baseline -0.011 -10"><span class='ocrx_word' id='word_1_484' title='bbox 375 3633 432 3689; x_wconf 91' lang='lat' dir='ltr'><strong>S.</strong></span> <span class='ocrx_word' id='word_1_485' title='bbox 458 3632 672 3695; x_wconf 51' lang='lat' dir='ltr'><strong>lsizlori,</strong></span> <span class='ocrx_word' id='word_1_486' title='bbox 702 3646 823 3699; x_wconf 91' lang='lat' dir='ltr'><strong>cap.</strong></span> <span class='ocrx_word' id='word_1_487' title='bbox 858 3629 910 3683; x_wconf 75' lang='grc'><strong>4.</strong></span> 
     </span>
    </p>
   </div>
   <div class='ocr_carea' id='block_1_68' title="bbox 447 3696 1955 3820">
    <p class='ocr_par' dir='ltr' id='par_1_68' title="bbox 447 3696 1955 3820">
     <span class='ocr_line' id='line_1_68' title="bbox 447 3696 1955 3770; baseline -0.003 -14"><span class='ocrx_word' id='word_1_488' title='bbox 447 3714 467 3740; x_wconf 73' lang='grc' dir='ltr'>α</span> <span class='ocrx_word' id='word_1_489' title='bbox 505 3702 530 3756; x_wconf 87' lang='grc'><em>1</em></span> <span class='ocrx_word' id='word_1_490' title='bbox 541 3703 586 3755; x_wconf 86' lang='lat' dir='ltr'><strong>bi</strong></span> <span class='ocrx_word' id='word_1_491' title='bbox 602 3696 809 3770; x_wconf 76' lang='lat' dir='ltr'><strong>scriptis</strong></span> <span class='ocrx_word' id='word_1_492' title='bbox 840 3717 949 3753; x_wconf 67' lang='lat' dir='ltr'><strong>suae</strong></span> <span class='ocrx_word' id='word_1_493' title='bbox 977 3698 1337 3769; x_wconf 84' lang='lat' dir='ltr'><strong>professionis,</strong></span> <span class='ocrx_word' id='word_1_494' title='bbox 1359 3709 1464 3754; x_wconf 88' lang='lat' dir='ltr'><strong>etc.</strong></span> <span class='ocrx_word' id='word_1_495' title='bbox 1494 3698 1552 3753; x_wconf 90' lang='lat' dir='ltr'><strong>In</strong></span> <span class='ocrx_word' id='word_1_496' title='bbox 1585 3696 1788 3769; x_wconf 82' lang='lat' dir='ltr'><strong>Regula</strong></span> <span class='ocrx_word' id='word_1_497' title='bbox 1809 3698 1955 3753; x_wconf 85' lang='lat' dir='ltr'><strong>edita</strong></span> 
     </span>
     <span class='ocr_line' id='line_1_69' title="bbox 447 3769 1607 3820; baseline 0 0"><span class='ocrx_word' id='word_1_498' title='bbox 447 3789 495 3820; x_wconf 79' lang='lat' dir='ltr'><strong>se</strong></span> <span class='ocrx_word' id='word_1_499' title='bbox 531 3774 722 3820; x_wconf 83' lang='lat' dir='ltr'><strong>scrinto</strong></span> <span class='ocrx_word' id='word_1_500' title='bbox 755 3787 807 3820; x_wconf 86' lang='lat' dir='ltr'><strong>se</strong></span> <span class='ocrx_word' id='word_1_501' title='bbox 830 3769 1161 3820; x_wconf 80' lang='lat' dir='ltr'><strong>suononderit</strong></span> <span class='ocrx_word' id='word_1_502' title='bbox 1186 3784 1607 3820; x_wconf 76' lang='lat' dir='ltr'><strong>permansurum.</strong></span> 
     </span>
    </p>
   </div>
   <div class='ocr_carea' id='block_1_69' title="bbox 442 3771 1607 3823">
    <p class='ocr_par' dir='ltr' id='par_1_69' title="bbox 442 3771 1607 3823">
     <span class='ocr_line' id='line_1_70' title="bbox 442 3771 1607 3823; baseline -0.002 0"><span class='ocrx_word' id='word_1_503' title='bbox 442 3789 495 3823; x_wconf 82' lang='lat' dir='ltr'><strong>se</strong></span> <span class='ocrx_word' id='word_1_504' title='bbox 531 3774 722 3823; x_wconf 76' lang='lat' dir='ltr'><strong>scripto</strong></span> <span class='ocrx_word' id='word_1_505' title='bbox 755 3787 807 3823; x_wconf 90' lang='lat' dir='ltr'><strong>se</strong></span> <span class='ocrx_word' id='word_1_506' title='bbox 830 3771 1161 3823; x_wconf 78' lang='lat' dir='ltr'><strong>suonouderit</strong></span> <span class='ocrx_word' id='word_1_507' title='bbox 1185 3784 1607 3823; x_wconf 78' lang='lat' dir='ltr'><strong>permansurum.</strong></span> 
     </span>
    </p>
   </div>
   <div class='ocr_carea' id='block_1_70' title="bbox 376 3772 1956 3911">
    <p class='ocr_par' dir='ltr' id='par_1_70' title="bbox 376 3772 1956 3911">
     <span class='ocr_line' id='line_1_71' title="bbox 376 3772 1607 3852; baseline -0.005 -25"><span class='ocrx_word' id='word_1_508' title='bbox 376 3772 495 3844; x_wconf 81' lang='lat' dir='ltr'><strong>Ipse</strong></span> <span class='ocrx_word' id='word_1_509' title='bbox 531 3774 722 3841; x_wconf 86' lang='lat' dir='ltr'><strong>scripto</strong></span> <span class='ocrx_word' id='word_1_510' title='bbox 755 3787 807 3824; x_wconf 90' lang='lat' dir='ltr'><strong>se</strong></span> <span class='ocrx_word' id='word_1_511' title='bbox 830 3772 1161 3852; x_wconf 78' lang='lat' dir='ltr'><strong>speponderit</strong></span> <span class='ocrx_word' id='word_1_512' title='bbox 1183 3784 1607 3841; x_wconf 85' lang='lat' dir='ltr'><strong>permansurum.</strong></span> 
     </span>
     <span class='ocr_line' id='line_1_72' title="bbox 445 3838 1956 3911; baseline -0.005 -15"><span class='ocrx_word' id='word_1_513' title='bbox 445 3841 471 3880; x_wconf 74' lang='grc' dir='ltr'>ἀ</span> <span class='ocrx_word' id='word_1_514' title='bbox 517 3840 668 3896; x_wconf 82' lang='lat' dir='ltr'><strong>Sient</strong></span> <span class='ocrx_word' id='word_1_515' title='bbox 709 3841 847 3911; x_wconf 69' lang='lat' dir='ltr'><strong>enim</strong></span> <span class='ocrx_word' id='word_1_516' title='bbox 883 3840 934 3893; x_wconf 86' lang='lat' dir='ltr'><strong>lu</strong></span> <span class='ocrx_word' id='word_1_517' title='bbox 986 3838 1075 3911; x_wconf 86' lang='lat' dir='ltr'><strong>qui</strong></span> <span class='ocrx_word' id='word_1_518' title='bbox 1106 3840 1175 3911; x_wconf 80' lang='lat' dir='ltr'><strong>ad</strong></span> <span class='ocrx_word' id='word_1_519' title='bbox 1217 3839 1523 3911; x_wconf 52' lang='lat' dir='ltr'><strong>svecularem</strong></span> <span class='ocrx_word' id='word_1_520' title='bbox 1562 3847 1956 3911; x_wconf 68' lang='lat' dir='ltr'><strong>promoventur</strong></span> 
     </span>
    </p>
   </div>
   <div class='ocr_carea' id='block_1_71' title="bbox 373 3907 1952 3977">
    <p class='ocr_par' dir='ltr' id='par_1_71' title="bbox 373 3907 1952 3977">
     <span class='ocr_line' id='line_1_73' title="bbox 373 3907 1952 3977; baseline -0.003 -11"><span class='ocrx_word' id='word_1_521' title='bbox 373 3911 635 3975; x_wconf 82' lang='lat' dir='ltr'><strong>militiam,</strong></span> <span class='ocrx_word' id='word_1_522' title='bbox 669 3919 773 3965; x_wconf 88' lang='lat' dir='ltr'><strong>etc.</strong></span> <span class='ocrx_word' id='word_1_523' title='bbox 807 3907 1037 3964; x_wconf 78' lang='lat' dir='ltr'><strong>Tirortés</strong></span> <span class='ocrx_word' id='word_1_524' title='bbox 1072 3908 1201 3963; x_wconf 91' lang='lat' dir='ltr'><strong>olim</strong></span> <span class='ocrx_word' id='word_1_525' title='bbox 1232 3909 1417 3964; x_wconf 74' lang='lat' dir='ltr'><strong>Roma:</strong></span> <span class='ocrx_word' id='word_1_526' title='bbox 1453 3907 1667 3977; x_wconf 80' lang='lat' dir='ltr'><strong>expleto</strong></span> <span class='ocrx_word' id='word_1_527' title='bbox 1710 3908 1952 3962; x_wconf 89' lang='lat' dir='ltr'><strong>tirocinii</strong></span> 
     </span>
    </p>
   </div>
   <div class='ocr_carea' id='block_1_72' title="bbox 378 3978 1954 4049">
    <p class='ocr_par' dir='ltr' id='par_1_72' title="bbox 378 3978 1954 4049">
     <span class='ocr_line' id='line_1_74' title="bbox 378 3978 1954 4049; baseline -0.004 -13"><span class='ocrx_word' id='word_1_528' title='bbox 378 3982 460 4036; x_wconf 90' lang='lat' dir='ltr'><strong>sui</strong></span> <span class='ocrx_word' id='word_1_529' title='bbox 494 3990 753 4049; x_wconf 88' lang='lat' dir='ltr'><strong>tempore,</strong></span> <span class='ocrx_word' id='word_1_530' title='bbox 800 3980 854 4034; x_wconf 90' lang='lat' dir='ltr'><strong>in</strong></span> <span class='ocrx_word' id='word_1_531' title='bbox 890 3995 997 4049; x_wconf 84' lang='lat' dir='ltr'><strong>quo</strong></span> <span class='ocrx_word' id='word_1_532' title='bbox 1033 3979 1199 4034; x_wconf 90' lang='lat' dir='ltr'><strong>multa</strong></span> <span class='ocrx_word' id='word_1_533' title='bbox 1243 3979 1557 4049; x_wconf 88' lang='lat' dir='ltr'><strong>probatione</strong></span> <span class='ocrx_word' id='word_1_534' title='bbox 1585 3978 1823 4049; x_wconf 85' lang='lat' dir='ltr'><strong>adhibita</strong></span> <span class='ocrx_word' id='word_1_535' title='bbox 1854 3995 1954 4032; x_wconf 67' lang='lat' dir='ltr'><strong>es-</strong></span> 
     </span>
    </p>
   </div>
   <div class='ocr_carea' id='block_1_73' title="bbox 374 4046 1955 4121">
    <p class='ocr_par' dir='ltr' id='par_1_73' title="bbox 374 4046 1955 4121">
     <span class='ocr_line' id='line_1_75' title="bbox 374 4046 1955 4121; baseline -0.003 -16"><span class='ocrx_word' id='word_1_536' title='bbox 374 4046 735 4121; x_wconf 77' lang='lat' dir='ltr'><strong>perimentum</strong></span> <span class='ocrx_word' id='word_1_537' title='bbox 767 4050 849 4121; x_wconf 88' lang='lat' dir='ltr'><strong>sui</strong></span> <span class='ocrx_word' id='word_1_538' title='bbox 887 4046 1100 4121; x_wconf 73' lang='lat' dir='ltr'><strong>dabant</strong></span> <span class='ocrx_word' id='word_1_539' title='bbox 1120 4066 1187 4103; x_wconf 90' lang='lat' dir='ltr'><strong>an</strong></span> <span class='ocrx_word' id='word_1_540' title='bbox 1215 4046 1418 4121; x_wconf 60' lang='lat' dir='ltr'><strong>militim</strong></span> <span class='ocrx_word' id='word_1_541' title='bbox 1440 4055 1620 4121; x_wconf 67' lang='lat' dir='ltr'><strong>essm!</strong></span> <span class='ocrx_word' id='word_1_542' title='bbox 1643 4046 1839 4109; x_wconf 81' lang='lat' dir='ltr'><strong>idonei,</strong></span> <span class='ocrx_word' id='word_1_543' title='bbox 1868 4063 1955 4101; x_wconf 86' lang='lat' dir='ltr'><strong>eo-</strong></span> 
     </span>
    </p>
   </div>
   <div class='ocr_carea' id='block_1_74' title="bbox 377 4118 1951 4189">
    <p class='ocr_par' dir='ltr' id='par_1_74' title="bbox 377 4118 1951 4189">
     <span class='ocr_line' id='line_1_76' title="bbox 377 4118 1951 4189; baseline -0.001 -17"><span class='ocrx_word' id='word_1_544' title='bbox 377 4118 497 4173; x_wconf 78' lang='lat' dir='ltr'><strong>rum</strong></span> <span class='ocrx_word' id='word_1_545' title='bbox 527 4120 744 4173; x_wconf 88' lang='lat' dir='ltr'><strong>nomine</strong></span> <span class='ocrx_word' id='word_1_546' title='bbox 775 4119 828 4172; x_wconf 92' lang='lat' dir='ltr'><strong>in</strong></span> <span class='ocrx_word' id='word_1_547' title='bbox 857 4118 1154 4189; x_wconf 84' lang='lat' dir='ltr'><strong>matriculis</strong></span> <span class='ocrx_word' id='word_1_548' title='bbox 1183 4120 1404 4189; x_wconf 90' lang='lat' dir='ltr'><strong>scripto,</strong></span> <span class='ocrx_word' id='word_1_549' title='bbox 1437 4119 1561 4172; x_wconf 85' lang='lat' dir='ltr'><strong>dato</strong></span> <span class='ocrx_word' id='word_1_550' title='bbox 1586 4126 1951 4189; x_wconf 75' lang='lat' dir='ltr'><strong>sacramento,</strong></span> 
     </span>
    </p>
   </div>
   <div class='ocr_carea' id='block_1_75' title="bbox 376 4187 1950 4257">
    <p class='ocr_par' dir='ltr' id='par_1_75' title="bbox 376 4187 1950 4257">
     <span class='ocr_line' id='line_1_77' title="bbox 376 4187 1950 4257; baseline 0 -15"><span class='ocrx_word' id='word_1_551' title='bbox 376 4189 430 4242; x_wconf 93' lang='lat' dir='ltr'><strong>in</strong></span> <span class='ocrx_word' id='word_1_552' title='bbox 455 4189 693 4257; x_wconf 82' lang='lat' dir='ltr'><strong>legiones</strong></span> <span class='ocrx_word' id='word_1_553' title='bbox 714 4188 1220 4257; x_wconf 77' lang='lat' dir='ltr'><strong>conscribebantur,</strong></span> <span class='ocrx_word' id='word_1_554' title='bbox 1278 4187 1337 4242; x_wconf 82' lang='lat' dir='ltr'><strong>ut</strong></span> <span class='ocrx_word' id='word_1_555' title='bbox 1379 4189 1536 4242; x_wconf 88' lang='lat' dir='ltr'><strong>docet</strong></span> <span class='ocrx_word' id='word_1_556' title='bbox 1582 4188 1817 4257; x_wconf 86' lang='lat' dir='ltr'><strong>Isidorus</strong></span> <span class='ocrx_word' id='word_1_557' title='bbox 1858 4187 1950 4242; x_wconf 91' lang='lat' dir='ltr'><strong>lib.</strong></span> 
     </span>
    </p>
   </div>
   <div class='ocr_carea' id='block_1_76' title="bbox 374 4255 1951 4337">
    <p class='ocr_par' dir='ltr' id='par_1_76' title="bbox 374 4255 1951 4337">
     <span class='ocr_line' id='line_1_78' title="bbox 374 4255 1951 4337; baseline 0.001 -27"><span class='ocrx_word' id='word_1_558' title='bbox 374 4274 447 4313; x_wconf 87' lang='lat' dir='ltr'><strong>vu</strong></span> <span class='ocrx_word' id='word_1_559' title='bbox 489 4255 661 4337; x_wconf 62' lang='lat' dir='ltr'><strong>orig,</strong></span> <span class='ocrx_word' id='word_1_560' title='bbox 686 4274 805 4337; x_wconf 50' lang='lat' dir='ltr'><strong>e-ap.</strong></span> <span class='ocrx_word' id='word_1_561' title='bbox 839 4257 893 4337; x_wconf 63' lang='grc' dir='ltr'><strong>ᾇ,</strong></span> <span class='ocrx_word' id='word_1_562' title='bbox 918 4265 978 4337; x_wconf 79' lang='lat' dir='ltr'><strong>_et</strong></span> <span class='ocrx_word' id='word_1_563' title='bbox 1014 4255 1268 4337; x_wconf 59' lang='lat' dir='ltr'><strong>}’eg_etius</strong></span> <span class='ocrx_word' id='word_1_564' title='bbox 1294 4257 1388 4337; x_wconf 78' lang='lat' dir='ltr'><strong>lib.</strong></span> <span class='ocrx_word' id='word_1_565' title='bbox 1417 4273 1456 4337; x_wconf 65' lang='lat' dir='ltr'><strong>tt</strong></span> <span class='ocrx_word' id='word_1_566' title='bbox 1494 4258 1559 4309; x_wconf 87' lang='lat' dir='ltr'><strong>de</strong></span> <span class='ocrx_word' id='word_1_567' title='bbox 1589 4256 1662 4310; x_wconf 80' lang='lat' dir='ltr'><strong>Rc</strong></span> <span class='ocrx_word' id='word_1_568' title='bbox 1706 4257 1951 4337; x_wconf 69' lang='lat' dir='ltr'><strong>militari,</strong></span> 
     </span>
    </p>
   </div>
   <div class='ocr_carea' id='block_1_77' title="bbox 373 4326 1953 4398">
    <p class='ocr_par' dir='ltr' id='par_1_77' title="bbox 373 4326 1953 4398">
     <span class='ocr_line' id='line_1_79' title="bbox 373 4326 1953 4398; baseline 0 -17"><span class='ocrx_word' id='word_1_569' title='bbox 373 4342 495 4398; x_wconf 91' lang='lat' dir='ltr'><strong>cap.</strong></span> <span class='ocrx_word' id='word_1_570' title='bbox 525 4326 558 4380; x_wconf 82' lang='lat'><strong>5</strong></span> <span class='ocrx_word' id='word_1_571' title='bbox 592 4326 604 4381; x_wconf 83' lang='grc' dir='ltr'>Ξ</span> <span class='ocrx_word' id='word_1_572' title='bbox 638 4345 671 4398; x_wconf 11' lang='grc' dir='ltr'><strong>ιζ</strong></span> <span class='ocrx_word' id='word_1_573' title='bbox 709 4327 887 4381; x_wconf 87' lang='lat' dir='ltr'><strong>Lectis</strong></span> <span class='ocrx_word' id='word_1_574' title='bbox 910 4326 1237 4398; x_wconf 78' lang='lat' dir='ltr'><strong>junioribus,</strong></span> <span class='ocrx_word' id='word_1_575' title='bbox 1281 4327 1476 4398; x_wconf 84' lang='lat' dir='ltr'><strong>animis</strong></span> <span class='ocrx_word' id='word_1_576' title='bbox 1512 4326 1953 4398; x_wconf 4' lang='lat' dir='ltr'><strong>(corporibusque</strong></span> 
     </span>
    </p>
   </div>
   <div class='ocr_carea' id='block_1_78' title="bbox 372 4396 1954 4467">
    <p class='ocr_par' dir='ltr' id='par_1_78' title="bbox 372 4396 1954 4467">
     <span class='ocr_line' id='line_1_80' title="bbox 372 4396 1954 4467; baseline 0 -16"><span class='ocrx_word' id='word_1_577' title='bbox 372 4396 778 4467; x_wconf 59' lang='lat' dir='ltr'><strong>praestantibus,</strong></span> <span class='ocrx_word' id='word_1_578' title='bbox 834 4397 1032 4467; x_wconf 87' lang='lat' dir='ltr'><strong>additis</strong></span> <span class='ocrx_word' id='word_1_579' title='bbox 1088 4398 1248 4451; x_wconf 89' lang='lat' dir='ltr'><strong>etiam</strong></span> <span class='ocrx_word' id='word_1_580' title='bbox 1301 4396 1576 4467; x_wconf 81' lang='lat' dir='ltr'><strong>exercitiis</strong></span> <span class='ocrx_word' id='word_1_581' title='bbox 1625 4396 1954 4462; x_wconf 81' lang='lat' dir='ltr'><strong>quotidianis</strong></span> 
     </span>
    </p>
   </div>
   <div class='ocr_carea' id='block_1_79' title="bbox 376 4464 1953 4549">
    <p class='ocr_par' dir='ltr' id='par_1_79' title="bbox 376 4464 1953 4549">
     <span class='ocr_line' id='line_1_81' title="bbox 376 4464 1953 4549; baseline 0.001 -29"><span class='ocrx_word' id='word_1_582' title='bbox 376 4464 714 4549; x_wconf 50' lang='lat' dir='ltr'><strong>Eluatuorvel</strong></span> <span class='ocrx_word' id='word_1_583' title='bbox 745 4482 814 4549; x_wconf 78' lang='lat' dir='ltr'><strong>eo_</strong></span> <span class='ocrx_word' id='word_1_584' title='bbox 837 4466 1067 4549; x_wconf 75' lang='lat' dir='ltr'><strong>amplius</strong></span> <span class='ocrx_word' id='word_1_585' title='bbox 1093 4468 1382 4549; x_wconf 68' lang='lat' dir='ltr'><strong>mensium,</strong></span> <span class='ocrx_word' id='word_1_586' title='bbox 1409 4464 1564 4549; x_wconf 66' lang='lat' dir='ltr'><strong>jussu</strong></span> <span class='ocrx_word' id='word_1_587' title='bbox 1588 4466 1953 4547; x_wconf 76' lang='lat' dir='ltr'><strong>auspiciisque</strong></span> 
     </span>
    </p>
   </div>
   <div class='ocr_carea' id='block_1_80' title="bbox 2056 3306 3648 3380">
    <p class='ocr_par' dir='ltr' id='par_1_80' title="bbox 2056 3306 3648 3380">
     <span class='ocr_line' id='line_1_82' title="bbox 2056 3306 3648 3380; baseline 0.003 -18"><span class='ocrx_word' id='word_1_588' title='bbox 2056 3306 2167 3363; x_wconf 87' lang='lat' dir='ltr'><strong>ciat</strong></span> <span class='ocrx_word' id='word_1_589' title='bbox 2196 3307 2240 3362; x_wconf 83' lang='lat' dir='ltr'><strong>si</strong></span> <span class='ocrx_word' id='word_1_590' title='bbox 2284 3307 2431 3363; x_wconf 89' lang='lat' dir='ltr'><strong>nulla</strong></span> <span class='ocrx_word' id='word_1_591' title='bbox 2463 3319 2659 3378; x_wconf 63' lang='lat' dir='ltr'><strong>praater</strong></span> <span class='ocrx_word' id='word_1_592' title='bbox 2713 3308 3021 3364; x_wconf 89' lang='lat' dir='ltr'><strong>devotionis</strong></span> <span class='ocrx_word' id='word_1_593' title='bbox 3060 3325 3281 3365; x_wconf 86' lang='lat' dir='ltr'><strong>causam</strong></span> <span class='ocrx_word' id='word_1_594' title='bbox 3324 3311 3648 3380; x_wconf 84' lang='lat' dir='ltr'><strong>compulsos</strong></span> 
     </span>
    </p>
   </div>
   <div class='ocr_carea' id='block_1_81' title="bbox 2057 3482 3649 3556">
    <p class='ocr_par' dir='ltr' id='par_1_81' title="bbox 2057 3482 3649 3556">
     <span class='ocr_line' id='line_1_83' title="bbox 2057 3482 3649 3556; baseline 0.003 -20"><span class='ocrx_word' id='word_1_595' title='bbox 2057 3499 2199 3542; x_wconf 84' lang='lat' dir='ltr'><strong>rare.</strong></span> <span class='ocrx_word' id='word_1_596' title='bbox 2249 3490 2356 3556; x_wconf 85' lang='lat' dir='ltr'><strong>etc.</strong></span> <span class='ocrx_word' id='word_1_597' title='bbox 2413 3482 2657 3538; x_wconf 78' lang='lat' dir='ltr'><strong>Diximus</strong></span> <span class='ocrx_word' id='word_1_598' title='bbox 2691 3498 2857 3553; x_wconf 87' lang='lat' dir='ltr'><strong>supra</strong></span> <span class='ocrx_word' id='word_1_599' title='bbox 2890 3484 3224 3556; x_wconf 80' lang='lat' dir='ltr'><strong>probationis</strong></span> <span class='ocrx_word' id='word_1_600' title='bbox 3262 3493 3479 3556; x_wconf 85' lang='lat' dir='ltr'><strong>tempus</strong></span> <span class='ocrx_word' id='word_1_601' title='bbox 3508 3485 3649 3541; x_wconf 68' lang='lat' dir='ltr'><strong>oliui</strong></span> 
     </span>
    </p>
   </div>
   <div class='ocr_carea' id='block_1_82' title="bbox 2056 3553 3644 3627">
    <p class='ocr_par' dir='ltr' id='par_1_82' title="bbox 2056 3553 3644 3627">
     <span class='ocr_line' id='line_1_84' title="bbox 2056 3553 3644 3627; baseline 0.001 -20"><span class='ocrx_word' id='word_1_602' title='bbox 2056 3562 2152 3627; x_wconf 80' lang='lat' dir='ltr'><strong>aut</strong></span> <span class='ocrx_word' id='word_1_603' title='bbox 2200 3553 2364 3607; x_wconf 90' lang='lat' dir='ltr'><strong>trium</strong></span> <span class='ocrx_word' id='word_1_604' title='bbox 2397 3560 2827 3627; x_wconf 73' lang='lat' dir='ltr'><strong>annorum,_‘_aut</strong></span> <span class='ocrx_word' id='word_1_605' title='bbox 2854 3554 3014 3627; x_wconf 74' lang='lat' dir='ltr'><strong>unius</strong></span> <span class='ocrx_word' id='word_1_606' title='bbox 3045 3556 3170 3609; x_wconf 76' lang='lat' dir='ltr'><strong>anni</strong></span> <span class='ocrx_word' id='word_1_607' title='bbox 3198 3553 3394 3624; x_wconf 70' lang='lat' dir='ltr'><strong>spatio,</strong></span> <span class='ocrx_word' id='word_1_608' title='bbox 3436 3566 3496 3611; x_wconf 90' lang='lat' dir='ltr'><strong>ut</strong></span> <span class='ocrx_word' id='word_1_609' title='bbox 3522 3556 3644 3627; x_wconf 78' lang='lat' dir='ltr'><strong>pln-</strong></span> 
     </span>
    </p>
   </div>
   <div class='ocr_carea' id='block_1_83' title="bbox 2060 3622 3647 3695">
    <p class='ocr_par' dir='ltr' id='par_1_83' title="bbox 2060 3622 3647 3695">
     <span class='ocr_line' id='line_1_85' title="bbox 2060 3622 3647 3695; baseline 0.002 -18"><span class='ocrx_word' id='word_1_610' title='bbox 2060 3622 2273 3695; x_wconf 84' lang='lat' dir='ltr'><strong>rimum,</strong></span> <span class='ocrx_word' id='word_1_611' title='bbox 2309 3624 2593 3677; x_wconf 89' lang='lat' dir='ltr'><strong>terminari</strong></span> <span class='ocrx_word' id='word_1_612' title='bbox 2621 3623 2859 3695; x_wconf 86' lang='lat' dir='ltr'><strong>solitum.</strong></span> <span class='ocrx_word' id='word_1_613' title='bbox 2894 3623 2952 3679; x_wconf 94' lang='lat' dir='ltr'><strong>Si</strong></span> <span class='ocrx_word' id='word_1_614' title='bbox 2982 3634 3160 3679; x_wconf 90' lang='lat' dir='ltr'><strong>tamen</strong></span> <span class='ocrx_word' id='word_1_615' title='bbox 3188 3622 3416 3695; x_wconf 71' lang='lat' dir='ltr'><strong>persona</strong></span> <span class='ocrx_word' id='word_1_616' title='bbox 3451 3622 3647 3680; x_wconf 76' lang='lat' dir='ltr'><strong>mona—</strong></span> 
     </span>
    </p>
   </div>
   <div class='ocr_carea' id='block_1_84' title="bbox 2055 3693 3645 3764">
    <p class='ocr_par' dir='ltr' id='par_1_84' title="bbox 2055 3693 3645 3764">
     <span class='ocr_line' id='line_1_86' title="bbox 2055 3693 3645 3764; baseline 0.003 -19"><span class='ocrx_word' id='word_1_617' title='bbox 2055 3693 2281 3746; x_wconf 89' lang='lat' dir='ltr'><strong>sterium</strong></span> <span class='ocrx_word' id='word_1_618' title='bbox 2314 3701 2575 3763; x_wconf 88' lang='lat' dir='ltr'><strong>appetens</strong></span> <span class='ocrx_word' id='word_1_619' title='bbox 2597 3693 2847 3764; x_wconf 87' lang='lat' dir='ltr'><strong>religiose</strong></span> <span class='ocrx_word' id='word_1_620' title='bbox 2876 3696 2928 3748; x_wconf 91' lang='lat' dir='ltr'><strong>in</strong></span> <span class='ocrx_word' id='word_1_621' title='bbox 2956 3695 3155 3749; x_wconf 88' lang='lat' dir='ltr'><strong>mundo</strong></span> <span class='ocrx_word' id='word_1_622' title='bbox 3183 3693 3430 3761; x_wconf 70' lang='lat' dir='ltr'><strong>vixisset,</strong></span> <span class='ocrx_word' id='word_1_623' title='bbox 3455 3707 3555 3750; x_wconf 89' lang='lat' dir='ltr'><strong>aut</strong></span> <span class='ocrx_word' id='word_1_624' title='bbox 3584 3698 3645 3750; x_wconf 84' lang='lat' dir='ltr'><strong>in</strong></span> 
     </span>
    </p>
   </div>
   <div class='ocr_carea' id='block_1_85' title="bbox 2055 3763 3647 3835">
    <p class='ocr_par' dir='ltr' id='par_1_85' title="bbox 2055 3763 3647 3835">
     <span class='ocr_line' id='line_1_87' title="bbox 2055 3763 3647 3835; baseline 0.003 -21"><span class='ocrx_word' id='word_1_625' title='bbox 2055 3776 2119 3835; x_wconf 78' lang='lat' dir='ltr'><strong>ea</strong></span> <span class='ocrx_word' id='word_1_626' title='bbox 2147 3771 2387 3835; x_wconf 85' lang='lat' dir='ltr'><strong>tempore</strong></span> <span class='ocrx_word' id='word_1_627' title='bbox 2408 3763 2746 3832; x_wconf 86' lang='lat' dir='ltr'><strong>probationis</strong></span> <span class='ocrx_word' id='word_1_628' title='bbox 2769 3764 3060 3835; x_wconf 85' lang='lat' dir='ltr'><strong>singularis</strong></span> <span class='ocrx_word' id='word_1_629' title='bbox 3088 3766 3306 3833; x_wconf 87' lang='lat' dir='ltr'><strong>quidam</strong></span> <span class='ocrx_word' id='word_1_630' title='bbox 3332 3766 3647 3821; x_wconf 79' lang='lat' dir='ltr'><strong>devotionis</strong></span> 
     </span>
    </p>
   </div>
   <div class='ocr_carea' id='block_1_86' title="bbox 2056 3829 3647 3905">
    <p class='ocr_par' dir='ltr' id='par_1_86' title="bbox 2056 3829 3647 3905">
     <span class='ocr_line' id='line_1_88' title="bbox 2056 3829 3647 3905; baseline 0.003 -22"><span class='ocrx_word' id='word_1_631' title='bbox 2056 3829 2238 3887; x_wconf 79' lang='lat' dir='ltr'><strong>fervor</strong></span> <span class='ocrx_word' id='word_1_632' title='bbox 2259 3829 2572 3905; x_wconf 70' lang='lat' dir='ltr'><strong>elusisset;</strong></span> <span class='ocrx_word' id='word_1_633' title='bbox 2610 3843 2735 3890; x_wconf 88' lang='lat' dir='ltr'><strong>ante</strong></span> <span class='ocrx_word' id='word_1_634' title='bbox 2782 3829 3123 3905; x_wconf 55' lang='lat' dir='ltr'><strong>prt&#39;eliuitum&#39;</strong></span> <span class='ocrx_word' id='word_1_635' title='bbox 3144 3844 3353 3905; x_wconf 90' lang='lat' dir='ltr'><strong>tempus</strong></span> <span class='ocrx_word' id='word_1_636' title='bbox 3388 3837 3459 3891; x_wconf 87' lang='lat' dir='ltr'><strong>ad</strong></span> <span class='ocrx_word' id='word_1_637' title='bbox 3492 3837 3647 3891; x_wconf 87' lang='lat' dir='ltr'><strong>babi-</strong></span> 
     </span>
    </p>
   </div>
   <div class='ocr_carea' id='block_1_87' title="bbox 2058 3903 3642 3977">
    <p class='ocr_par' dir='ltr' id='par_1_87' title="bbox 2058 3903 3642 3977">
     <span class='ocr_line' id='line_1_89' title="bbox 2058 3903 3642 3977; baseline 0.004 -22"><span class='ocrx_word' id='word_1_638' title='bbox 2058 3909 2197 3977; x_wconf 81' lang='lat' dir='ltr'><strong>tum,</strong></span> <span class='ocrx_word' id='word_1_639' title='bbox 2247 3917 2341 3977; x_wconf 68' lang='lat' dir='ltr'><strong>seu</strong></span> <span class='ocrx_word' id='word_1_640' title='bbox 2365 3903 2754 3977; x_wconf 79' lang='lat' dir='ltr'><strong>professionem</strong></span> <span class='ocrx_word' id='word_1_641' title='bbox 2784 3903 3202 3977; x_wconf 72' lang='lat' dir='ltr'><strong>admittebatur.</strong></span> <span class='ocrx_word' id='word_1_642' title='bbox 3229 3903 3307 3959; x_wconf 83' lang='lat' dir='ltr'><strong>lta</strong></span> <span class='ocrx_word' id='word_1_643' title='bbox 3332 3908 3529 3960; x_wconf 88' lang='lat' dir='ltr'><strong>statuit</strong></span> <span class='ocrx_word' id='word_1_644' title='bbox 3549 3921 3607 3977; x_wconf 77' lang='lat' dir='ltr'><strong>sy</strong></span> <span class='ocrx_word' id='word_1_645' title='bbox 3624 3935 3642 3945; x_wconf 75' lang='grc' dir='ltr'><strong><em>ο</em></strong></span> 
     </span>
    </p>
   </div>
   <div class='ocr_carea' id='block_1_88' title="bbox 2056 3972 3645 4044">
    <p class='ocr_par' dir='ltr' id='par_1_88' title="bbox 2056 3972 3645 4044">
     <span class='ocr_line' id='line_1_90' title="bbox 2056 3972 3645 4044; baseline 0.004 -19"><span class='ocrx_word' id='word_1_646' title='bbox 2056 3972 2231 4044; x_wconf 76' lang='lat' dir='ltr'><strong>nodus</strong></span> <span class='ocrx_word' id='word_1_647' title='bbox 2272 3972 2868 4041; x_wconf 72' lang='lat' dir='ltr'><strong>Constantinopolimia</strong></span> <span class='ocrx_word' id='word_1_648' title='bbox 2901 3976 3072 4044; x_wconf 85' lang='lat' dir='ltr'><strong>prima</strong></span> <span class='ocrx_word' id='word_1_649' title='bbox 3111 3984 3166 4029; x_wconf 85' lang='lat' dir='ltr'><strong>et</strong></span> <span class='ocrx_word' id='word_1_650' title='bbox 3195 3977 3457 4043; x_wconf 84' lang='lat' dir='ltr'><strong>secunda,</strong></span> <span class='ocrx_word' id='word_1_651' title='bbox 3515 3972 3645 4031; x_wconf 65' lang='lat' dir='ltr'><strong>can.</strong></span> 
     </span>
    </p>
   </div>
   <div class='ocr_carea' id='block_1_89' title="bbox 2056 4040 3646 4117">
    <p class='ocr_par' dir='ltr' id='par_1_89' title="bbox 2056 4040 3646 4117">
     <span class='ocr_line' id='line_1_91' title="bbox 2056 4040 3646 4117; baseline 0.003 -23"><span class='ocrx_word' id='word_1_652' title='bbox 2056 4041 2127 4117; x_wconf 25' lang='grc' dir='ltr'><strong>ξμς</strong></span> <span class='ocrx_word' id='word_1_653' title='bbox 2159 4040 2217 4117; x_wconf 67' lang='grc' dir='ltr'><strong>ᾝ</strong></span> <span class='ocrx_word' id='word_1_654' title='bbox 2247 4048 2293 4097; x_wconf 75' lang='grc' dir='ltr'><em>εἰ</em></span> <span class='ocrx_word' id='word_1_655' title='bbox 2323 4049 2477 4113; x_wconf 75' lang='grc' dir='ltr'><strong>μήπω</strong></span> <span class='ocrx_word' id='word_1_656' title='bbox 2505 4067 2584 4105; x_wconf 77' lang='grc' dir='ltr'><strong>τις</strong></span> <span class='ocrx_word' id='word_1_657' title='bbox 2617 4040 2693 4117; x_wconf 67' lang='grc' dir='ltr'><strong>εἴη</strong></span> <span class='ocrx_word' id='word_1_658' title='bbox 2714 4048 2836 4117; x_wconf 70' lang='grc' dir='ltr'>ἁνήρ</span> <span class='ocrx_word' id='word_1_659' title='bbox 2864 4040 3105 4111; x_wconf 35' lang='lat' dir='ltr'><strong>sudorem,</strong></span> <span class='ocrx_word' id='word_1_660' title='bbox 3128 4040 3212 4099; x_wconf 67' lang='lat' dir='ltr'><strong>xui</strong></span> <span class='ocrx_word' id='word_1_661' title='bbox 3233 4049 3320 4101; x_wconf 80' lang='grc' dir='ltr'><strong>τὸν</strong></span> <span class='ocrx_word' id='word_1_662' title='bbox 3350 4051 3646 4117; x_wconf 71' lang='grc' dir='ltr'><strong>μοναχαέν</strong></span> 
     </span>
    </p>
   </div>
   <div class='ocr_carea' id='block_1_90' title="bbox 2056 4113 3642 4189">
    <p class='ocr_par' dir='ltr' id='par_1_90' title="bbox 2056 4113 3642 4189">
     <span class='ocr_line' id='line_1_92' title="bbox 2056 4113 3642 4189; baseline 0 -21"><span class='ocrx_word' id='word_1_663' title='bbox 2056 4113 2164 4189; x_wconf 56' lang='grc' dir='ltr'><strong>βίῳ</strong></span> <span class='ocrx_word' id='word_1_664' title='bbox 2189 4114 2240 4189; x_wconf 55' lang='grc' dir='ltr'><strong>ᾖν</strong></span> <span class='ocrx_word' id='word_1_665' title='bbox 2265 4121 2338 4189; x_wconf 71' lang='grc' dir='ltr'>τῷ</span> <span class='ocrx_word' id='word_1_666' title='bbox 2364 4123 2587 4189; x_wconf 54' lang='lat' dir='ltr'><strong>uocatur?»</strong></span> <span class='ocrx_word' id='word_1_667' title='bbox 2615 4113 2840 4189; x_wconf 53' lang='lat' dir='ltr'><strong>Stamina</strong></span> <span class='ocrx_word' id='word_1_668' title='bbox 2860 4122 3118 4189; x_wconf 63' lang='grc' dir='ltr'><strong>σχήμσςτς·</strong></span> <span class='ocrx_word' id='word_1_669' title='bbox 3163 4120 3247 4170; x_wconf 76' lang='grc' dir='ltr'><strong>ἐπὶ</strong></span> <span class='ocrx_word' id='word_1_670' title='bbox 3406 4113 3642 4171; x_wconf 46' lang='lat' dir='ltr'><strong>sumito-4</strong></span> 
     </span>
    </p>
   </div>
   <div class='ocr_carea' id='block_1_91' title="bbox 2054 4182 3646 4262">
    <p class='ocr_par' dir='ltr' id='par_1_91' title="bbox 2054 4182 3646 4262">
     <span class='ocr_line' id='line_1_93' title="bbox 2054 4182 3646 4262; baseline 0.004 -26"><span class='ocrx_word' id='word_1_671' title='bbox 2054 4182 2237 4262; x_wconf 61' lang='grc' dir='ltr'><strong>ἁνδξὸς</strong></span> <span class='ocrx_word' id='word_1_672' title='bbox 2263 4182 2334 4262; x_wconf 55' lang='grc' dir='ltr'><strong>εἰς</strong></span> <span class='ocrx_word' id='word_1_673' title='bbox 2361 4182 2649 4262; x_wconf 51' lang='lat' dir='ltr'><strong>animmque</strong></span> <span class='ocrx_word' id='word_1_674' title='bbox 2665 4182 3005 4262; x_wconf 52' lang='grc' dir='ltr'><strong>ςπανῖιλῆἆσξὶ</strong></span> <span class='ocrx_word' id='word_1_675' title='bbox 3029 4187 3055 4242; x_wconf 85' lang='grc' dir='ltr'>ὁ</span> <span class='ocrx_word' id='word_1_676' title='bbox 3083 4182 3398 4262; x_wconf 38' lang='lat' dir='ltr'><strong>sanguine:</strong></span> <span class='ocrx_word' id='word_1_677' title='bbox 3429 4189 3646 4262; x_wconf 63' lang='grc' dir='ltr'><strong>ἀρκέσει</strong></span> 
     </span>
    </p>
   </div>
   <div class='ocr_carea' id='block_1_92' title="bbox 2055 4254 3645 4327">
    <p class='ocr_par' dir='ltr' id='par_1_92' title="bbox 2055 4254 3645 4327">
     <span class='ocr_line' id='line_1_94' title="bbox 2055 4254 3645 4327; baseline 0.001 -18"><span class='ocrx_word' id='word_1_678' title='bbox 2055 4256 2261 4327; x_wconf 65' lang='grc' dir='ltr'><strong>χρόνος.</strong></span> <span class='ocrx_word' id='word_1_679' title='bbox 2279 4254 2336 4307; x_wconf 83' lang='lat' dir='ltr'><strong>1d</strong></span> <span class='ocrx_word' id='word_1_680' title='bbox 2362 4264 2467 4320; x_wconf 85' lang='lat' dir='ltr'><strong>est,</strong></span> <span class='ocrx_word' id='word_1_681' title='bbox 2489 4254 2612 4314; x_wconf 70' lang='lat' dir='ltr'><strong>«vel</strong></span> <span class='ocrx_word' id='word_1_682' title='bbox 2634 4256 2677 4327; x_wconf 87' lang='lat' dir='ltr'><strong>si</strong></span> <span class='ocrx_word' id='word_1_683' title='bbox 2707 4256 2829 4327; x_wconf 88' lang='lat' dir='ltr'><strong>quis</strong></span> <span class='ocrx_word' id='word_1_684' title='bbox 2850 4258 3084 4327; x_wconf 81' lang='lat' dir='ltr'><strong>nondum</strong></span> <span class='ocrx_word' id='word_1_685' title='bbox 3100 4254 3540 4326; x_wconf 58' lang='lat' dir='ltr'><strong>sit&#39;religiosus&#39;et</strong></span> <span class='ocrx_word' id='word_1_686' title='bbox 3565 4268 3645 4310; x_wconf 83' lang='lat' dir='ltr'><strong>ta-</strong></span> 
     </span>
    </p>
   </div>
   <div class='ocr_carea' id='block_1_93' title="bbox 2056 4324 3636 4396">
    <p class='ocr_par' dir='ltr' id='par_1_93' title="bbox 2056 4324 3636 4396">
     <span class='ocr_line' id='line_1_95' title="bbox 2056 4324 3636 4396; baseline 0.005 -22"><span class='ocrx_word' id='word_1_687' title='bbox 2056 4324 2182 4396; x_wconf 61' lang='lat' dir='ltr'><strong>men</strong></span> <span class='ocrx_word' id='word_1_688' title='bbox 2204 4324 2366 4396; x_wconf 83' lang='lat' dir='ltr'><strong>vitam</strong></span> <span class='ocrx_word' id='word_1_689' title='bbox 2394 4324 2767 4396; x_wconf 85' lang='lat' dir='ltr'><strong>monachicam</strong></span> <span class='ocrx_word' id='word_1_690' title='bbox 2795 4326 2846 4378; x_wconf 92' lang='lat' dir='ltr'><strong>in</strong></span> <span class='ocrx_word' id='word_1_691' title='bbox 2872 4325 3060 4380; x_wconf 85' lang='lat' dir='ltr'><strong>habitu</strong></span> <span class='ocrx_word' id='word_1_692' title='bbox 3085 4324 3328 4381; x_wconf 59' lang='lat' dir='ltr'><strong>saeculari</strong></span> <span class='ocrx_word' id='word_1_693' title='bbox 3344 4341 3636 4396; x_wconf 83' lang='lat' dir='ltr'><strong>peragens.</strong></span> 
     </span>
    </p>
   </div>
   <div class='ocr_carea' id='block_1_94' title="bbox 2057 4391 3640 4465">
    <p class='ocr_par' dir='ltr' id='par_1_94' title="bbox 2057 4391 3640 4465">
     <span class='ocr_line' id='line_1_96' title="bbox 2057 4391 3640 4465; baseline 0.004 -20"><span class='ocrx_word' id='word_1_694' title='bbox 2057 4391 2170 4446; x_wconf 88' lang='lat' dir='ltr'><strong>Tali</strong></span> <span class='ocrx_word' id='word_1_695' title='bbox 2195 4394 2339 4465; x_wconf 90' lang='lat' dir='ltr'><strong>enim</strong></span> <span class='ocrx_word' id='word_1_696' title='bbox 2390 4395 2509 4448; x_wconf 86' lang='lat' dir='ltr'><strong>viro</strong></span> <span class='ocrx_word' id='word_1_697' title='bbox 2536 4395 2616 4465; x_wconf 82' lang='lat' dir='ltr'><strong>ad</strong></span> <span class='ocrx_word' id='word_1_698' title='bbox 2645 4395 3037 4465; x_wconf 77' lang='lat' dir='ltr'><strong>experientiam</strong></span> <span class='ocrx_word' id='word_1_699' title='bbox 3068 4391 3437 4451; x_wconf 73' lang='lat' dir='ltr'><strong>omnimodam</strong></span> <span class='ocrx_word' id='word_1_700' title='bbox 3460 4391 3640 4451; x_wconf 62' lang='lat' dir='ltr'><strong>scute-</strong></span> 
     </span>
    </p>
   </div>
   <div class='ocr_carea' id='block_1_95' title="bbox 2055 4464 3639 4537">
    <p class='ocr_par' dir='ltr' id='par_1_95' title="bbox 2055 4464 3639 4537">
     <span class='ocr_line' id='line_1_97' title="bbox 2055 4464 3639 4537; baseline 0.001 -21"><span class='ocrx_word' id='word_1_701' title='bbox 2055 4471 2167 4516; x_wconf 88' lang='lat' dir='ltr'><strong>stre</strong></span> <span class='ocrx_word' id='word_1_702' title='bbox 2195 4464 2430 4537; x_wconf 74' lang='lat' dir='ltr'><strong>spatium</strong></span> <span class='ocrx_word' id='word_1_703' title='bbox 2456 4464 2765 4537; x_wconf 44' lang='lat' dir='ltr'><strong>sufficiet.)</strong></span> <span class='ocrx_word' id='word_1_704' title='bbox 2796 4464 2859 4537; x_wconf 64' lang='lat' dir='ltr'><strong>S.</strong></span> <span class='ocrx_word' id='word_1_705' title='bbox 2895 4465 3229 4537; x_wconf 81' lang='lat' dir='ltr'><strong>Fructuosus</strong></span> <span class='ocrx_word' id='word_1_706' title='bbox 3269 4467 3639 4537; x_wconf 85' lang='lat' dir='ltr'><strong>archiepisco—</strong></span> 
     </span>
    </p>
   </div>
   <div class='ocr_carea' id='block_1_96' title="bbox 376 4534 3636 4615">
    <p class='ocr_par' dir='ltr' id='par_1_96' title="bbox 376 4534 3636 4615">
     <span class='ocr_line' id='line_1_98' title="bbox 376 4534 3636 4615; baseline 0 -25"><span class='ocrx_word' id='word_1_707' title='bbox 376 4534 712 4615; x_wconf 76' lang='lat' dir='ltr'><strong>iiivictissimi</strong></span> <span class='ocrx_word' id='word_1_708' title='bbox 736 4534 994 4615; x_wconf 64' lang='lat' dir='ltr'><strong>principis</strong></span> <span class='ocrx_word' id='word_1_709' title='bbox 1023 4536 1165 4607; x_wconf 85' lang='lat' dir='ltr'><strong>legio</strong></span> <span class='ocrx_word' id='word_1_710' title='bbox 1186 4535 1480 4615; x_wconf 73' lang='lat' dir='ltr'><strong>formatur.</strong></span> <span class='ocrx_word' id='word_1_711' title='bbox 1509 4534 1945 4615; x_wconf 66' lang='lat' dir='ltr'><strong>Nampuueturis</strong></span> <span class='ocrx_word' id='word_1_712' title='bbox 1972 4555 2026 4615; x_wconf 80' lang='lat' dir='ltr'><strong>D</strong></span> <span class='ocrx_word' id='word_1_713' title='bbox 2053 4548 2174 4615; x_wconf 57' lang='lat' dir='ltr'><strong>pus:</strong></span> <span class='ocrx_word' id='word_1_714' title='bbox 2203 4548 2323 4603; x_wconf 87' lang='lat' dir='ltr'><strong>cap.</strong></span> <span class='ocrx_word' id='word_1_715' title='bbox 2369 4534 2465 4615; x_wconf 75' lang='lat'><strong>20_</strong></span> <span class='ocrx_word' id='word_1_716' title='bbox 2484 4534 2699 4615; x_wconf 60' lang='lat' dir='ltr'><strong>Regula}</strong></span> <span class='ocrx_word' id='word_1_717' title='bbox 2730 4553 2743 4589; x_wconf 89' lang='lat'><strong>:</strong></span> <span class='ocrx_word' id='word_1_718' title='bbox 2776 4554 2794 4586; x_wconf 75' lang='grc' dir='ltr'>ι</span> <span class='ocrx_word' id='word_1_719' title='bbox 2829 4535 2983 4615; x_wconf 78' lang='lat' dir='ltr'><strong>Quod</strong></span> <span class='ocrx_word' id='word_1_720' title='bbox 3006 4536 3050 4590; x_wconf 91' lang='lat' dir='ltr'><strong>si</strong></span> <span class='ocrx_word' id='word_1_721' title='bbox 3076 4537 3301 4615; x_wconf 78' lang='lat' dir='ltr'><strong>quilibet</strong></span> <span class='ocrx_word' id='word_1_722' title='bbox 3338 4534 3636 4615; x_wconf 55' lang='lat' dir='ltr'><strong>conversus</strong></span> 
     </span>
    </p>
   </div>
   <div class='ocr_carea' id='block_1_97' title="bbox 379 4604 1948 4677">
    <p class='ocr_par' dir='ltr' id='par_1_97' title="bbox 379 4604 1948 4677">
     <span class='ocr_line' id='line_1_99' title="bbox 379 4604 1948 4677; baseline 0.001 -17"><span class='ocrx_word' id='word_1_723' title='bbox 379 4608 432 4677; x_wconf 86' lang='lat' dir='ltr'><strong>in</strong></span> <span class='ocrx_word' id='word_1_724' title='bbox 474 4618 595 4662; x_wconf 91' lang='lat' dir='ltr'><strong>cute</strong></span> <span class='ocrx_word' id='word_1_725' title='bbox 619 4604 833 4676; x_wconf 82' lang='lat' dir='ltr'><strong>punctis</strong></span> <span class='ocrx_word' id='word_1_726' title='bbox 870 4604 1300 4677; x_wconf 53' lang='lat' dir='ltr'><strong>m&#39;ilites&#39;scripti,</strong></span> <span class='ocrx_word' id='word_1_727' title='bbox 1332 4615 1387 4660; x_wconf 88' lang='lat' dir='ltr'><strong>et</strong></span> <span class='ocrx_word' id='word_1_728' title='bbox 1426 4605 1723 4677; x_wconf 81' lang='lat' dir='ltr'><strong>matriculis</strong></span> <span class='ocrx_word' id='word_1_729' title='bbox 1760 4604 1948 4662; x_wconf 86' lang='lat' dir='ltr'><strong>inserti</strong></span> 
     </span>
    </p>
   </div>
   <div class='ocr_carea' id='block_1_98' title="bbox 370 4674 1949 4746">
    <p class='ocr_par' dir='ltr' id='par_1_98' title="bbox 370 4674 1949 4746">
     <span class='ocr_line' id='line_1_100' title="bbox 370 4674 1949 4746; baseline 0.001 -17"><span class='ocrx_word' id='word_1_730' title='bbox 370 4674 559 4746; x_wconf 90' lang='lat' dir='ltr'><strong>jurare</strong></span> <span class='ocrx_word' id='word_1_731' title='bbox 601 4674 772 4731; x_wconf 75' lang='lat' dir='ltr'><strong>solent</strong></span> <span class='ocrx_word' id='word_1_732' title='bbox 808 4691 902 4745; x_wconf 89' lang='lat' dir='ltr'><strong>per</strong></span> <span class='ocrx_word' id='word_1_733' title='bbox 941 4677 1130 4746; x_wconf 86' lang='lat' dir='ltr'><strong>Deum,</strong></span> <span class='ocrx_word' id='word_1_734' title='bbox 1171 4674 1226 4730; x_wconf 79' lang='lat' dir='ltr'><strong>et</strong></span> <span class='ocrx_word' id='word_1_735' title='bbox 1267 4691 1361 4746; x_wconf 88' lang='lat' dir='ltr'><strong>per</strong></span> <span class='ocrx_word' id='word_1_736' title='bbox 1411 4675 1707 4739; x_wconf 86' lang='lat' dir='ltr'><strong>Christum,</strong></span> <span class='ocrx_word' id='word_1_737' title='bbox 1769 4686 1823 4729; x_wconf 88' lang='lat' dir='ltr'><strong>et</strong></span> <span class='ocrx_word' id='word_1_738' title='bbox 1850 4692 1949 4744; x_wconf 85' lang='lat' dir='ltr'><strong>per</strong></span> 
     </span>
    </p>
   </div>
   <div class='ocr_carea' id='block_1_99' title="bbox 377 4745 1947 4828">
    <p class='ocr_par' dir='ltr' id='par_1_99' title="bbox 377 4745 1947 4828">
     <span class='ocr_line' id='line_1_101' title="bbox 377 4745 1947 4828; baseline -0.001 -26"><span class='ocrx_word' id='word_1_739' title='bbox 377 4745 680 4828; x_wconf 39' lang='lat' dir='ltr'><strong>Spiritum;</strong></span> <span class='ocrx_word' id='word_1_740' title='bbox 711 4755 766 4802; x_wconf 90' lang='lat' dir='ltr'><strong>et</strong></span> <span class='ocrx_word' id='word_1_741' title='bbox 794 4762 891 4817; x_wconf 88' lang='lat' dir='ltr'><strong>per</strong></span> <span class='ocrx_word' id='word_1_742' title='bbox 920 4745 1663 4828; x_wconf 35' lang='lat' dir='ltr'><strong>majestatem’imperatoris,</strong></span> <span class='ocrx_word' id='word_1_743' title='bbox 1704 4760 1838 4828; x_wconf 79' lang='lat' dir='ltr'><strong>quae</strong></span> <span class='ocrx_word' id='word_1_744' title='bbox 1866 4761 1947 4800; x_wconf 90' lang='lat' dir='ltr'><strong>se-</strong></span> 
     </span>
    </p>
   </div>
   <div class='ocr_carea' id='block_1_100' title="bbox 374 4816 1947 4887">
    <p class='ocr_par' dir='ltr' id='par_1_100' title="bbox 374 4816 1947 4887">
     <span class='ocr_line' id='line_1_102' title="bbox 374 4816 1947 4887; baseline -0.002 -15"><span class='ocrx_word' id='word_1_745' title='bbox 374 4816 612 4872; x_wconf 83' lang='lat' dir='ltr'><strong>cundum</strong></span> <span class='ocrx_word' id='word_1_746' title='bbox 646 4816 812 4872; x_wconf 86' lang='lat' dir='ltr'><strong>Deum</strong></span> <span class='ocrx_word' id='word_1_747' title='bbox 854 4817 1037 4887; x_wconf 83' lang='lat' dir='ltr'><strong>generi</strong></span> <span class='ocrx_word' id='word_1_748' title='bbox 1083 4817 1316 4887; x_wconf 76' lang='lat' dir='ltr'><strong>humano</strong></span> <span class='ocrx_word' id='word_1_749' title='bbox 1345 4816 1609 4886; x_wconf 84' lang='lat' dir='ltr'><strong>diligenda</strong></span> <span class='ocrx_word' id='word_1_750' title='bbox 1638 4824 1722 4887; x_wconf 87' lang='lat' dir='ltr'><strong>est</strong></span> <span class='ocrx_word' id='word_1_751' title='bbox 1748 4825 1802 4869; x_wconf 90' lang='lat' dir='ltr'><strong>et</strong></span> <span class='ocrx_word' id='word_1_752' title='bbox 1851 4832 1947 4887; x_wconf 90' lang='lat' dir='ltr'><strong>co-</strong></span> 
     </span>
    </p>
   </div>
   <div class='ocr_carea' id='block_1_101' title="bbox 376 4885 1948 4956">
    <p class='ocr_par' dir='ltr' id='par_1_101' title="bbox 376 4885 1948 4956">
     <span class='ocr_line' id='line_1_103' title="bbox 376 4885 1948 4956; baseline -0.001 -15"><span class='ocrx_word' id='word_1_753' title='bbox 376 4887 566 4952; x_wconf 83' lang='lat' dir='ltr'><strong>lenda;</strong></span> <span class='ocrx_word' id='word_1_754' title='bbox 601 4907 618 4939; x_wconf 78' lang='grc'><strong>»</strong></span> <span class='ocrx_word' id='word_1_755' title='bbox 654 4895 708 4940; x_wconf 89' lang='lat' dir='ltr'><strong>et</strong></span> <span class='ocrx_word' id='word_1_756' title='bbox 736 4887 826 4941; x_wconf 89' lang='lat' dir='ltr'><strong>lib.</strong></span> <span class='ocrx_word' id='word_1_757' title='bbox 862 4885 915 4951; x_wconf 43' lang='lat'><strong>‘1,</strong></span> <span class='ocrx_word' id='word_1_758' title='bbox 957 4901 1076 4956; x_wconf 87' lang='lat' dir='ltr'><strong>cap.</strong></span> <span class='ocrx_word' id='word_1_759' title='bbox 1106 4891 1176 4939; x_wconf 88' lang='lat'><strong>8:</strong></span> <span class='ocrx_word' id='word_1_760' title='bbox 1217 4904 1233 4934; x_wconf 80' lang='grc' dir='ltr'>ι</span> <span class='ocrx_word' id='word_1_761' title='bbox 1269 4885 1375 4939; x_wconf 86' lang='lat' dir='ltr'><strong>Sed</strong></span> <span class='ocrx_word' id='word_1_762' title='bbox 1402 4885 1506 4940; x_wconf 88' lang='lat' dir='ltr'><strong>non</strong></span> <span class='ocrx_word' id='word_1_763' title='bbox 1533 4886 1714 4939; x_wconf 87' lang='lat' dir='ltr'><strong>statim</strong></span> <span class='ocrx_word' id='word_1_764' title='bbox 1736 4886 1948 4953; x_wconf 80' lang='lat' dir='ltr'><strong>punctis</strong></span> 
     </span>
    </p>
   </div>
   <div class='ocr_carea' id='block_1_102' title="bbox 378 4956 1948 5027">
    <p class='ocr_par' dir='ltr' id='par_1_102' title="bbox 378 4956 1948 5027">
     <span class='ocr_line' id='line_1_104' title="bbox 378 4956 1948 5027; baseline -0.002 -15"><span class='ocrx_word' id='word_1_765' title='bbox 378 4957 654 5027; x_wconf 82' lang='lat' dir='ltr'><strong>signorum</strong></span> <span class='ocrx_word' id='word_1_766' title='bbox 679 4956 1052 5012; x_wconf 80' lang='lat' dir='ltr'><strong>inscribendas</strong></span> <span class='ocrx_word' id='word_1_767' title='bbox 1073 4965 1156 5013; x_wconf 90' lang='lat' dir='ltr'><strong>est</strong></span> <span class='ocrx_word' id='word_1_768' title='bbox 1179 4956 1302 5020; x_wconf 90' lang='lat' dir='ltr'><strong>tiro,</strong></span> <span class='ocrx_word' id='word_1_769' title='bbox 1325 4971 1510 5009; x_wconf 89' lang='lat' dir='ltr'><strong>verum</strong></span> <span class='ocrx_word' id='word_1_770' title='bbox 1534 4964 1658 5027; x_wconf 83' lang='lat' dir='ltr'><strong>ante</strong></span> <span class='ocrx_word' id='word_1_771' title='bbox 1687 4956 1948 5010; x_wconf 79' lang='lat' dir='ltr'><strong>exercitio</strong></span> 
     </span>
    </p>
   </div>
   <div class='ocr_carea' id='block_1_103' title="bbox 376 5025 1947 5097">
    <p class='ocr_par' dir='ltr' id='par_1_103' title="bbox 376 5025 1947 5097">
     <span class='ocr_line' id='line_1_105' title="bbox 376 5025 1947 5097; baseline 0 -17"><span class='ocrx_word' id='word_1_772' title='bbox 376 5025 800 5097; x_wconf 73' lang='lat' dir='ltr'><strong>prmteiitaudus,</strong></span> <span class='ocrx_word' id='word_1_773' title='bbox 838 5036 897 5081; x_wconf 92' lang='lat' dir='ltr'><strong>ut</strong></span> <span class='ocrx_word' id='word_1_774' title='bbox 925 5035 1105 5081; x_wconf 89' lang='lat' dir='ltr'><strong>utrum</strong></span> <span class='ocrx_word' id='word_1_775' title='bbox 1149 5040 1273 5079; x_wconf 88' lang='lat' dir='ltr'><strong>vere</strong></span> <span class='ocrx_word' id='word_1_776' title='bbox 1312 5033 1464 5080; x_wconf 86' lang='lat' dir='ltr'><strong>tanto</strong></span> <span class='ocrx_word' id='word_1_777' title='bbox 1508 5025 1657 5095; x_wconf 87' lang='lat' dir='ltr'><strong>operi</strong></span> <span class='ocrx_word' id='word_1_778' title='bbox 1699 5034 1854 5094; x_wconf 89' lang='lat' dir='ltr'><strong>aptus</strong></span> <span class='ocrx_word' id='word_1_779' title='bbox 1877 5026 1947 5080; x_wconf 90' lang='lat' dir='ltr'><strong>sit</strong></span> 
     </span>
    </p>
   </div>
   <div class='ocr_carea' id='block_1_104' title="bbox 376 5097 880 5167">
    <p class='ocr_par' dir='ltr' id='par_1_104' title="bbox 376 5097 880 5167">
     <span class='ocr_line' id='line_1_106' title="bbox 376 5097 880 5167; baseline -0.008 -15"><span class='ocrx_word' id='word_1_780' title='bbox 376 5097 820 5167; x_wconf 67' lang='lat' dir='ltr'><strong>pos:itdignosei.</strong></span> <span class='ocrx_word' id='word_1_781' title='bbox 847 5116 880 5167; x_wconf 13' lang='grc' dir='ltr'><strong>γι</strong></span> 
     </span>
    </p>
   </div>
   <div class='ocr_carea' id='block_1_105' title="bbox 457 5163 1946 5235">
    <p class='ocr_par' dir='ltr' id='par_1_105' title="bbox 457 5163 1946 5235">
     <span class='ocr_line' id='line_1_107' title="bbox 457 5163 1946 5235; baseline -0.002 -15"><span class='ocrx_word' id='word_1_782' title='bbox 457 5178 481 5206; x_wconf 75' lang='grc' dir='ltr'><strong>ο</strong></span> <span class='ocrx_word' id='word_1_783' title='bbox 520 5163 726 5220; x_wconf 64' lang='grc' dir='ltr'><strong>ϐωιὶδιὶ</strong></span> <span class='ocrx_word' id='word_1_784' title='bbox 764 5165 951 5220; x_wconf 82' lang='lat' dir='ltr'><strong>militia</strong></span> <span class='ocrx_word' id='word_1_785' title='bbox 976 5176 1095 5220; x_wconf 84' lang='lat' dir='ltr'><strong>sunt</strong></span> <span class='ocrx_word' id='word_1_786' title='bbox 1115 5165 1379 5235; x_wconf 82' lang='lat' dir='ltr'><strong>signandi.</strong></span> <span class='ocrx_word' id='word_1_787' title='bbox 1408 5163 1717 5232; x_wconf 78' lang='lat' dir='ltr'><strong>Metaphora</strong></span> <span class='ocrx_word' id='word_1_788' title='bbox 1744 5163 1899 5217; x_wconf 85' lang='lat' dir='ltr'><strong>ducta</strong></span> <span class='ocrx_word' id='word_1_789' title='bbox 1931 5205 1946 5230; x_wconf 89' lang='lat'><strong>,</strong></span> 
     </span>
    </p>
   </div>
   <div class='ocr_carea' id='block_1_106' title="bbox 380 5235 1952 5306">
    <p class='ocr_par' dir='ltr' id='par_1_106' title="bbox 380 5235 1952 5306">
     <span class='ocr_line' id='line_1_108' title="bbox 380 5235 1952 5306; baseline -0.002 -16"><span class='ocrx_word' id='word_1_790' title='bbox 380 5250 411 5290; x_wconf 66' lang='grc' dir='ltr'><em>ε</em></span> <span class='ocrx_word' id='word_1_791' title='bbox 432 5237 709 5300; x_wconf 87' lang='lat' dir='ltr'><strong>militibus,</strong></span> <span class='ocrx_word' id='word_1_792' title='bbox 736 5237 825 5306; x_wconf 91' lang='lat' dir='ltr'><strong>qui</strong></span> <span class='ocrx_word' id='word_1_793' title='bbox 856 5236 1069 5305; x_wconf 81' lang='lat' dir='ltr'><strong>expleto</strong></span> <span class='ocrx_word' id='word_1_794' title='bbox 1101 5236 1351 5289; x_wconf 88' lang='lat' dir='ltr'><strong>tirocinio</strong></span> <span class='ocrx_word' id='word_1_795' title='bbox 1380 5235 1698 5306; x_wconf 83' lang='lat' dir='ltr'><strong>quihusdam</strong></span> <span class='ocrx_word' id='word_1_796' title='bbox 1723 5244 1952 5306; x_wconf 85' lang='lat' dir='ltr'><strong>punctu-</strong></span> 
     </span>
    </p>
   </div>
   <div class='ocr_carea' id='block_1_107' title="bbox 383 5304 1952 5428">
    <p class='ocr_par' dir='ltr' id='par_1_107' title="bbox 383 5304 1952 5428">
     <span class='ocr_line' id='line_1_109' title="bbox 383 5304 1952 5428; baseline 0.001 -69"><span class='ocrx_word' id='word_1_797' title='bbox 383 5306 551 5428; x_wconf 86' lang='lat' dir='ltr'><strong>ris</strong></span> <span class='ocrx_word' id='word_1_798' title='bbox 579 5316 702 5386; x_wconf 83' lang='lat' dir='ltr'><strong>cute</strong></span> <span class='ocrx_word' id='word_1_799' title='bbox 740 5304 1112 5377; x_wconf 81' lang='lat' dir='ltr'><strong>signabantur,</strong></span> <span class='ocrx_word' id='word_1_800' title='bbox 1135 5316 1191 5359; x_wconf 91' lang='lat' dir='ltr'><strong>ut</strong></span> <span class='ocrx_word' id='word_1_801' title='bbox 1216 5306 1418 5361; x_wconf 86' lang='lat' dir='ltr'><strong>clarum</strong></span> <span class='ocrx_word' id='word_1_802' title='bbox 1441 5313 1525 5359; x_wconf 90' lang='lat' dir='ltr'><strong>est</strong></span> <span class='ocrx_word' id='word_1_803' title='bbox 1549 5319 1611 5359; x_wconf 77' lang='lat' dir='ltr'><strong>ex</strong></span> <span class='ocrx_word' id='word_1_804' title='bbox 1650 5304 1831 5358; x_wconf 83' lang='lat' dir='ltr'><strong>citatis</strong></span> <span class='ocrx_word' id='word_1_805' title='bbox 1852 5305 1952 5360; x_wconf 81' lang='lat' dir='ltr'><strong>Ve-</strong></span> 
     </span>
     <span class='ocr_line' id='line_1_110' title="bbox 385 5384 688 5428; baseline 0 0"><span class='ocrx_word' id='word_1_806' title='bbox 385 5384 511 5428; x_wconf 79' lang='lat' dir='ltr'><strong>uetn</strong></span> <span class='ocrx_word' id='word_1_807' title='bbox 554 5392 688 5428; x_wconf 84' lang='lat' dir='ltr'><strong>OCIS.</strong></span> 
     </span>
    </p>
   </div>
   <div class='ocr_carea' id='block_1_108' title="bbox 416 5376 688 5431">
    <p class='ocr_par' dir='ltr' id='par_1_108' title="bbox 416 5376 688 5431">
     <span class='ocr_line' id='line_1_111' title="bbox 416 5376 688 5431; baseline -0.004 -1"><span class='ocrx_word' id='word_1_808' title='bbox 416 5376 511 5431; x_wconf 88' lang='lat' dir='ltr'><strong>etii</strong></span> <span class='ocrx_word' id='word_1_809' title='bbox 536 5376 688 5431; x_wconf 87' lang='lat' dir='ltr'><strong>locis.</strong></span> 
     </span>
    </p>
   </div>
   <div class='ocr_carea' id='block_1_109' title="bbox 384 5391 1949 5514">
    <p class='ocr_par' dir='ltr' id='par_1_109' title="bbox 384 5391 1949 5514">
     <span class='ocr_line' id='line_1_112' title="bbox 416 5391 688 5431; baseline -0.004 -1"><span class='ocrx_word' id='word_1_810' title='bbox 416 5391 688 5431; x_wconf 76' lang='lat' dir='ltr'><strong>etntocis.</strong></span> 
     </span>
     <span class='ocr_line' id='line_1_113' title="bbox 384 5391 1949 5514; baseline -0.001 -15"><span class='ocrx_word' id='word_1_811' title='bbox 384 5391 415 5514; x_wconf 37' lang='grc' dir='ltr'>ἐ</span> <span class='ocrx_word' id='word_1_812' title='bbox 461 5444 480 5484; x_wconf 75' lang='grc' dir='ltr'>ί</span> <span class='ocrx_word' id='word_1_813' title='bbox 524 5444 647 5499; x_wconf 83' lang='lat' dir='ltr'><strong>Nisi</strong></span> <span class='ocrx_word' id='word_1_814' title='bbox 669 5447 809 5500; x_wconf 87' lang='lat' dir='ltr'><strong>enim</strong></span> <span class='ocrx_word' id='word_1_815' title='bbox 851 5444 1074 5501; x_wconf 86' lang='lat' dir='ltr'><strong>sobrius.</strong></span> <span class='ocrx_word' id='word_1_816' title='bbox 1118 5445 1628 5514; x_wconf 15' lang='lat' dir='ltr'><strong>Locusicorruptus,</strong></span> <span class='ocrx_word' id='word_1_817' title='bbox 1682 5451 1737 5497; x_wconf 88' lang='lat' dir='ltr'><strong>et</strong></span> <span class='ocrx_word' id='word_1_818' title='bbox 1766 5442 1949 5513; x_wconf 84' lang='lat' dir='ltr'><strong>legen-</strong></span> 
     </span>
    </p>
   </div>
   <div class='ocr_carea' id='block_1_110' title="bbox 385 5511 1949 5586">
    <p class='ocr_par' dir='ltr' id='par_1_110' title="bbox 385 5511 1949 5586">
     <span class='ocr_line' id='line_1_114' title="bbox 385 5511 1949 5586; baseline -0.001 -20"><span class='ocrx_word' id='word_1_819' title='bbox 385 5511 512 5567; x_wconf 85' lang='lat' dir='ltr'><strong>dum</strong></span> <span class='ocrx_word' id='word_1_820' title='bbox 539 5526 597 5568; x_wconf 90' lang='lat' dir='ltr'><strong>ut</strong></span> <span class='ocrx_word' id='word_1_821' title='bbox 624 5515 676 5570; x_wconf 89' lang='lat' dir='ltr'><strong>in</strong></span> <span class='ocrx_word' id='word_1_822' title='bbox 701 5514 873 5571; x_wconf 87' lang='lat' dir='ltr'><strong>altero</strong></span> <span class='ocrx_word' id='word_1_823' title='bbox 896 5516 1190 5586; x_wconf 78' lang='lat' dir='ltr'><strong>exemplari</strong></span> <span class='ocrx_word' id='word_1_824' title='bbox 1224 5533 1235 5565; x_wconf 77' lang='grc' dir='ltr'><strong><em>τ</em></strong></span> <span class='ocrx_word' id='word_1_825' title='bbox 1268 5513 1387 5568; x_wconf 61' lang='grc' dir='ltr'><strong>Νἰδί</strong></span> <span class='ocrx_word' id='word_1_826' title='bbox 1410 5511 1584 5586; x_wconf 80' lang='lat' dir='ltr'><strong>elapso</strong></span> <span class='ocrx_word' id='word_1_827' title='bbox 1610 5515 1778 5586; x_wconf 84' lang='lat' dir='ltr'><strong>prius,</strong></span> <span class='ocrx_word' id='word_1_828' title='bbox 1818 5511 1949 5577; x_wconf 82' lang='lat' dir='ltr'><strong>etc.,</strong></span> 
     </span>
    </p>
   </div>
   <div class='ocr_carea' id='block_1_111' title="bbox 388 5584 1952 5642">
    <p class='ocr_par' dir='ltr' id='par_1_111' title="bbox 388 5584 1952 5642">
     <span class='ocr_line' id='line_1_115' title="bbox 388 5584 1952 5642; baseline 0.002 -8"><span class='ocrx_word' id='word_1_829' title='bbox 388 5592 447 5635; x_wconf 87' lang='lat' dir='ltr'><strong>ut</strong></span> <span class='ocrx_word' id='word_1_830' title='bbox 471 5596 661 5638; x_wconf 87' lang='lat' dir='ltr'><strong>sensus</strong></span> <span class='ocrx_word' id='word_1_831' title='bbox 687 5586 777 5642; x_wconf 87' lang='lat' dir='ltr'><strong>sit.</strong></span> <span class='ocrx_word' id='word_1_832' title='bbox 806 5585 1016 5641; x_wconf 79' lang='lat' dir='ltr'><strong>Nullum</strong></span> <span class='ocrx_word' id='word_1_833' title='bbox 1042 5584 1095 5640; x_wconf 81' lang='lat' dir='ltr'><strong>in</strong></span> <span class='ocrx_word' id='word_1_834' title='bbox 1140 5584 1366 5638; x_wconf 89' lang='lat' dir='ltr'><strong>fratrum</strong></span> <span class='ocrx_word' id='word_1_835' title='bbox 1390 5584 1804 5640; x_wconf 85' lang='lat' dir='ltr'><strong>contubernium</strong></span> <span class='ocrx_word' id='word_1_836' title='bbox 1832 5598 1952 5637; x_wconf 85' lang='lat' dir='ltr'><strong>esse</strong></span> 
     </span>
    </p>
   </div>
   <div class='ocr_carea' id='block_1_112' title="bbox 386 5650 1947 5730">
    <p class='ocr_par' dir='ltr' id='par_1_112' title="bbox 386 5650 1947 5730">
     <span class='ocr_line' id='line_1_116' title="bbox 386 5650 1947 5730; baseline 0.001 -27"><span class='ocrx_word' id='word_1_837' title='bbox 386 5650 929 5730; x_wconf 76' lang='lat' dir='ltr'><strong>admittendum,_nisi</strong></span> <span class='ocrx_word' id='word_1_838' title='bbox 965 5664 1084 5726; x_wconf 88' lang='lat' dir='ltr'><strong>post</strong></span> <span class='ocrx_word' id='word_1_839' title='bbox 1114 5655 1271 5709; x_wconf 90' lang='lat' dir='ltr'><strong>unius</strong></span> <span class='ocrx_word' id='word_1_840' title='bbox 1304 5656 1453 5721; x_wconf 89' lang='lat' dir='ltr'><strong>anni,</strong></span> <span class='ocrx_word' id='word_1_841' title='bbox 1492 5663 1587 5707; x_wconf 90' lang='lat' dir='ltr'><strong>aut</strong></span> <span class='ocrx_word' id='word_1_842' title='bbox 1618 5654 1809 5707; x_wconf 88' lang='lat' dir='ltr'><strong>saltem</strong></span> <span class='ocrx_word' id='word_1_843' title='bbox 1854 5668 1947 5707; x_wconf 79' lang='lat' dir='ltr'><strong>sex</strong></span> 
     </span>
    </p>
   </div>
   <div class='ocr_carea' id='block_1_113' title="bbox 387 5723 1017 5778">
    <p class='ocr_par' dir='ltr' id='par_1_113' title="bbox 387 5723 1017 5778">
     <span class='ocr_line' id='line_1_117' title="bbox 387 5723 1017 5778; baseline 0.005 -5"><span class='ocrx_word' id='word_1_844' title='bbox 387 5723 651 5774; x_wconf 68' lang='lat' dir='ltr'><strong>triensiqu</strong></span> <span class='ocrx_word' id='word_1_845' title='bbox 672 5723 1017 5778; x_wconf 79' lang='lat' dir='ltr'><strong>curriculum.</strong></span> 
     </span>
    </p>
   </div>
   <div class='ocr_carea' id='block_1_114' title="bbox 460 5787 1949 5863">
    <p class='ocr_par' dir='ltr' id='par_1_114' title="bbox 460 5787 1949 5863">
     <span class='ocr_line' id='line_1_118' title="bbox 460 5787 1949 5863; baseline 0.002 -19"><span class='ocrx_word' id='word_1_846' title='bbox 460 5793 485 5833; x_wconf 74' lang='lat'><em>‘</em></span> <span class='ocrx_word' id='word_1_847' title='bbox 522 5787 672 5844; x_wconf 78' lang='lat' dir='ltr'><strong>Certe</strong></span> <span class='ocrx_word' id='word_1_848' title='bbox 692 5792 929 5846; x_wconf 80' lang='lat' dir='ltr'><strong>siabbati</strong></span> <span class='ocrx_word' id='word_1_849' title='bbox 966 5795 1127 5847; x_wconf 83' lang='lat' dir='ltr'><strong>visum</strong></span> <span class='ocrx_word' id='word_1_850' title='bbox 1160 5792 1315 5860; x_wconf 78' lang='lat' dir='ltr'><strong>fuerit</strong></span> <span class='ocrx_word' id='word_1_851' title='bbox 1337 5790 1720 5861; x_wconf 82' lang='lat' dir='ltr'><strong>aliquantulum</strong></span> <span class='ocrx_word' id='word_1_852' title='bbox 1757 5800 1949 5863; x_wconf 78' lang='lat' dir='ltr'><strong>tempe-</strong></span> 
     </span>
    </p>
   </div>
   <div class='ocr_carea' id='block_1_115' title="bbox 2050 4603 3633 4669">
    <p class='ocr_par' dir='ltr' id='par_1_115' title="bbox 2050 4603 3633 4669">
     <span class='ocr_line' id='line_1_119' title="bbox 2050 4603 3633 4669; baseline 0.001 -11"><span class='ocrx_word' id='word_1_853' title='bbox 2050 4603 2206 4658; x_wconf 87' lang='lat' dir='ltr'><strong>bonis</strong></span> <span class='ocrx_word' id='word_1_854' title='bbox 2241 4619 2305 4658; x_wconf 88' lang='lat' dir='ltr'><strong>ac</strong></span> <span class='ocrx_word' id='word_1_855' title='bbox 2346 4605 2497 4669; x_wconf 78' lang='lat' dir='ltr'><strong>puris</strong></span> <span class='ocrx_word' id='word_1_856' title='bbox 2542 4603 2781 4660; x_wconf 85' lang='lat' dir='ltr'><strong>moribus</strong></span> <span class='ocrx_word' id='word_1_857' title='bbox 2803 4604 3035 4669; x_wconf 86' lang='lat' dir='ltr'><strong>enitens,</strong></span> <span class='ocrx_word' id='word_1_858' title='bbox 3063 4603 3275 4661; x_wconf 83' lang='lat' dir='ltr'><strong>abbatis</strong></span> <span class='ocrx_word' id='word_1_859' title='bbox 3315 4615 3373 4661; x_wconf 89' lang='lat' dir='ltr'><strong>et</strong></span> <span class='ocrx_word' id='word_1_860' title='bbox 3407 4607 3633 4661; x_wconf 83' lang='lat' dir='ltr'><strong>aliorum</strong></span> 
     </span>
    </p>
   </div>
   <div class='ocr_carea' id='block_1_116' title="bbox 2050 4670 3636 4746">
    <p class='ocr_par' dir='ltr' id='par_1_116' title="bbox 2050 4670 3636 4746">
     <span class='ocr_line' id='line_1_120' title="bbox 2050 4670 3636 4746; baseline 0.003 -21"><span class='ocrx_word' id='word_1_861' title='bbox 2050 4672 2281 4746; x_wconf 86' lang='lat' dir='ltr'><strong>fratrum</strong></span> <span class='ocrx_word' id='word_1_862' title='bbox 2324 4670 2645 4746; x_wconf 66' lang='lat' dir='ltr'><strong>spiritalium</strong></span> <span class='ocrx_word' id='word_1_863' title='bbox 2669 4675 2831 4729; x_wconf 90' lang='lat' dir='ltr'><strong>fuerit</strong></span> <span class='ocrx_word' id='word_1_864' title='bbox 2851 4674 3056 4744; x_wconf 87' lang='lat' dir='ltr'><strong>judicio</strong></span> <span class='ocrx_word' id='word_1_865' title='bbox 3084 4676 3488 4746; x_wconf 86' lang='lat' dir='ltr'><strong>comprobatus,</strong></span> <span class='ocrx_word' id='word_1_866' title='bbox 3536 4692 3636 4745; x_wconf 75' lang='lat' dir='ltr'><strong>pro</strong></span> 
     </span>
    </p>
   </div>
   <div class='ocr_carea' id='block_1_117' title="bbox 2050 4743 3635 4816">
    <p class='ocr_par' dir='ltr' id='par_1_117' title="bbox 2050 4743 3635 4816">
     <span class='ocr_line' id='line_1_121' title="bbox 2050 4743 3635 4816; baseline 0.003 -20"><span class='ocrx_word' id='word_1_867' title='bbox 2050 4743 2244 4816; x_wconf 82' lang='lat' dir='ltr'><strong>merito</strong></span> <span class='ocrx_word' id='word_1_868' title='bbox 2273 4752 2329 4797; x_wconf 87' lang='lat' dir='ltr'><strong>et</strong></span> <span class='ocrx_word' id='word_1_869' title='bbox 2353 4744 2729 4813; x_wconf 81' lang='lat' dir='ltr'><strong>purificatione</strong></span> <span class='ocrx_word' id='word_1_870' title='bbox 2754 4761 2866 4799; x_wconf 71' lang='lat' dir='ltr'><strong>sua:</strong></span> <span class='ocrx_word' id='word_1_871' title='bbox 2886 4743 3239 4816; x_wconf 71' lang='lat' dir='ltr'><strong>conscientia:</strong></span> <span class='ocrx_word' id='word_1_872' title='bbox 3275 4746 3515 4816; x_wconf 85' lang='lat' dir='ltr'><strong>celerius</strong></span> <span class='ocrx_word' id='word_1_873' title='bbox 3538 4743 3635 4816; x_wconf 82' lang='lat' dir='ltr'><strong>po-</strong></span> 
     </span>
    </p>
   </div>
   <div class='ocr_carea' id='block_1_118' title="bbox 2049 4812 3632 4886">
    <p class='ocr_par' dir='ltr' id='par_1_118' title="bbox 2049 4812 3632 4886">
     <span class='ocr_line' id='line_1_122' title="bbox 2049 4812 3632 4886; baseline 0.003 -22"><span class='ocrx_word' id='word_1_874' title='bbox 2049 4814 2182 4886; x_wconf 83' lang='lat' dir='ltr'><strong>terit</strong></span> <span class='ocrx_word' id='word_1_875' title='bbox 2219 4812 2447 4886; x_wconf 69' lang='lat' dir='ltr'><strong>fratrum</strong></span> <span class='ocrx_word' id='word_1_876' title='bbox 2480 4817 2785 4886; x_wconf 83' lang='lat' dir='ltr'><strong>consortiis</strong></span> <span class='ocrx_word' id='word_1_877' title='bbox 2825 4815 3061 4870; x_wconf 87' lang='lat' dir='ltr'><strong>misceri.</strong></span> <span class='ocrx_word' id='word_1_878' title='bbox 3109 4837 3128 4870; x_wconf 73' lang='grc' dir='ltr'><strong><em>ι</em></strong></span> <span class='ocrx_word' id='word_1_879' title='bbox 3178 4815 3381 4886; x_wconf 81' lang='lat' dir='ltr'><strong>Regula</strong></span> <span class='ocrx_word' id='word_1_880' title='bbox 3427 4812 3632 4870; x_wconf 78' lang='lat' dir='ltr'><strong>Tariia~</strong></span> 
     </span>
    </p>
   </div>
   <div class='ocr_carea' id='block_1_119' title="bbox 2048 4884 3633 4955">
    <p class='ocr_par' dir='ltr' id='par_1_119' title="bbox 2048 4884 3633 4955">
     <span class='ocr_line' id='line_1_123' title="bbox 2048 4884 3633 4955; baseline 0.003 -21"><span class='ocrx_word' id='word_1_881' title='bbox 2048 4884 2217 4955; x_wconf 84' lang='lat' dir='ltr'><strong>tensis</strong></span> <span class='ocrx_word' id='word_1_882' title='bbox 2242 4900 2255 4936; x_wconf 92' lang='lat'>:</span> <span class='ocrx_word' id='word_1_883' title='bbox 2292 4901 2309 4933; x_wconf 78' lang='grc' dir='ltr'>ι</span> <span class='ocrx_word' id='word_1_884' title='bbox 2343 4884 2409 4936; x_wconf 88' lang='lat' dir='ltr'><strong>Et</strong></span> <span class='ocrx_word' id='word_1_885' title='bbox 2438 4885 2537 4955; x_wconf 80' lang='lat' dir='ltr'><strong>nisi</strong></span> <span class='ocrx_word' id='word_1_886' title='bbox 2554 4886 2765 4955; x_wconf 78' lang='lat' dir='ltr'><strong>expleto</strong></span> <span class='ocrx_word' id='word_1_887' title='bbox 2789 4888 3119 4941; x_wconf 85' lang='lat' dir='ltr'><strong>annonullus</strong></span> <span class='ocrx_word' id='word_1_888' title='bbox 3148 4884 3362 4941; x_wconf 78' lang='lat' dir='ltr'><strong>mutare</strong></span> <span class='ocrx_word' id='word_1_889' title='bbox 3388 4886 3633 4940; x_wconf 81' lang='lat' dir='ltr'><strong>habitum</strong></span> 
     </span>
    </p>
   </div>
   <div class='ocr_carea' id='block_1_120' title="bbox 2045 4952 3632 5025">
    <p class='ocr_par' dir='ltr' id='par_1_120' title="bbox 2045 4952 3632 5025">
     <span class='ocr_line' id='line_1_124' title="bbox 2045 4952 3632 5025; baseline 0.003 -21"><span class='ocrx_word' id='word_1_890' title='bbox 2045 4953 2407 5025; x_wconf 81' lang='lat' dir='ltr'><strong>permittatur.</strong></span> <span class='ocrx_word' id='word_1_891' title='bbox 2430 4952 2535 5025; x_wconf 81' lang='lat' dir='ltr'><strong>sed</strong></span> <span class='ocrx_word' id='word_1_892' title='bbox 2565 4958 2608 5009; x_wconf 87' lang='lat' dir='ltr'><strong>si</strong></span> <span class='ocrx_word' id='word_1_893' title='bbox 2622 4952 2950 5025; x_wconf 54' lang='lat' dir='ltr'><strong>&#39;ptenitentis</strong></span> <span class='ocrx_word' id='word_1_894' title='bbox 2988 4956 3152 5013; x_wconf 90' lang='lat' dir='ltr'><strong>fuerit</strong></span> <span class='ocrx_word' id='word_1_895' title='bbox 3192 4966 3342 5011; x_wconf 88' lang='lat' dir='ltr'><strong>tanta</strong></span> <span class='ocrx_word' id='word_1_896' title='bbox 3373 4970 3632 5022; x_wconf 82' lang='lat' dir='ltr'><strong>compun-</strong></span> 
     </span>
    </p>
   </div>
   <div class='ocr_carea' id='block_1_121' title="bbox 2053 5022 3632 5096">
    <p class='ocr_par' dir='ltr' id='par_1_121' title="bbox 2053 5022 3632 5096">
     <span class='ocr_line' id='line_1_125' title="bbox 2053 5022 3632 5096; baseline 0.003 -21"><span class='ocrx_word' id='word_1_897' title='bbox 2053 5022 2164 5075; x_wconf 90' lang='lat' dir='ltr'><strong>ctio</strong></span> <span class='ocrx_word' id='word_1_898' title='bbox 2179 5025 2366 5096; x_wconf 69' lang='lat' dir='ltr'><strong>ut_hoc</strong></span> <span class='ocrx_word' id='word_1_899' title='bbox 2387 5024 2485 5077; x_wconf 73' lang='lat' dir='ltr'><strong>sibi</strong></span> <span class='ocrx_word' id='word_1_900' title='bbox 2501 5022 2888 5096; x_wconf 66' lang='lat' dir='ltr'><strong>supplicatione</strong></span> <span class='ocrx_word' id='word_1_901' title='bbox 2900 5027 3113 5082; x_wconf 86' lang='lat' dir='ltr'><strong>assidua</strong></span> <span class='ocrx_word' id='word_1_902' title='bbox 3132 5030 3332 5096; x_wconf 80' lang='lat' dir='ltr'><strong>exigat.</strong></span> <span class='ocrx_word' id='word_1_903' title='bbox 3348 5041 3458 5096; x_wconf 91' lang='lat' dir='ltr'><strong>non</strong></span> <span class='ocrx_word' id='word_1_904' title='bbox 3474 5041 3632 5096; x_wconf 76' lang='lat' dir='ltr'><strong>uege-</strong></span> 
     </span>
    </p>
   </div>
   <div class='ocr_carea' id='block_1_122' title="bbox 2058 5091 3627 5164">
    <p class='ocr_par' dir='ltr' id='par_1_122' title="bbox 2058 5091 3627 5164">
     <span class='ocr_line' id='line_1_126' title="bbox 2058 5091 3627 5164; baseline -0.001 -16"><span class='ocrx_word' id='word_1_905' title='bbox 2058 5098 2160 5164; x_wconf 71' lang='lat' dir='ltr'><strong>tur.</strong></span> <span class='ocrx_word' id='word_1_906' title='bbox 2186 5113 2211 5164; x_wconf 14' lang='grc' dir='ltr'><strong>»ί</strong></span> <span class='ocrx_word' id='word_1_907' title='bbox 2239 5091 2468 5148; x_wconf 80' lang='lat' dir='ltr'><strong>Sanetus</strong></span> <span class='ocrx_word' id='word_1_908' title='bbox 2482 5091 2749 5150; x_wconf 74' lang='lat' dir='ltr'><strong>Cmsarius</strong></span> <span class='ocrx_word' id='word_1_909' title='bbox 2772 5096 3116 5154; x_wconf 82' lang='lat' dir='ltr'><strong>Arelatensis.</strong></span> <span class='ocrx_word' id='word_1_910' title='bbox 3173 5091 3292 5164; x_wconf 60' lang='lat' dir='ltr'><strong>ea&#39;p.</strong></span> <span class='ocrx_word' id='word_1_911' title='bbox 3317 5096 3351 5148; x_wconf 79' lang='grc'><strong>5</strong></span> <span class='ocrx_word' id='word_1_912' title='bbox 3380 5091 3627 5163; x_wconf 69' lang='grc' dir='ltr'><strong>Βεςιιὶῖεε</strong></span> 
     </span>
    </p>
   </div>
   <div class='ocr_carea' id='block_1_123' title="bbox 2061 5160 3631 5234">
    <p class='ocr_par' dir='ltr' id='par_1_123' title="bbox 2061 5160 3631 5234">
     <span class='ocr_line' id='line_1_127' title="bbox 2061 5160 3631 5234; baseline 0.003 -20"><span class='ocrx_word' id='word_1_913' title='bbox 2061 5178 2081 5212; x_wconf 70' lang='grc' dir='ltr'>ι</span> <span class='ocrx_word' id='word_1_914' title='bbox 2111 5160 2215 5216; x_wconf 86' lang='lat' dir='ltr'><strong>Sed</strong></span> <span class='ocrx_word' id='word_1_915' title='bbox 2247 5164 2338 5216; x_wconf 90' lang='lat' dir='ltr'><strong>uni</strong></span> <span class='ocrx_word' id='word_1_916' title='bbox 2372 5179 2439 5218; x_wconf 78' lang='lat' dir='ltr'><strong>ex</strong></span> <span class='ocrx_word' id='word_1_917' title='bbox 2475 5166 2779 5220; x_wconf 89' lang='lat' dir='ltr'><strong>senioribus</strong></span> <span class='ocrx_word' id='word_1_918' title='bbox 2808 5168 3028 5230; x_wconf 89' lang='lat' dir='ltr'><strong>tradita,</strong></span> <span class='ocrx_word' id='word_1_919' title='bbox 3050 5160 3253 5219; x_wconf 80' lang='lat' dir='ltr'><strong>annum</strong></span> <span class='ocrx_word' id='word_1_920' title='bbox 3275 5160 3551 5234; x_wconf 79' lang='lat' dir='ltr'><strong>integrum</strong></span> <span class='ocrx_word' id='word_1_921' title='bbox 3579 5165 3631 5219; x_wconf 85' lang='lat' dir='ltr'><strong>in</strong></span> 
     </span>
    </p>
   </div>
   <div class='ocr_carea' id='block_1_124' title="bbox 2055 5235 3628 5306">
    <p class='ocr_par' dir='ltr' id='par_1_124' title="bbox 2055 5235 3628 5306">
     <span class='ocr_line' id='line_1_128' title="bbox 2055 5235 3628 5306; baseline 0.003 -21"><span class='ocrx_word' id='word_1_922' title='bbox 2055 5243 2121 5306; x_wconf 79' lang='lat' dir='ltr'><strong>eo</strong></span> <span class='ocrx_word' id='word_1_923' title='bbox 2157 5247 2262 5301; x_wconf 92' lang='lat' dir='ltr'><strong>quo</strong></span> <span class='ocrx_word' id='word_1_924' title='bbox 2302 5235 2448 5306; x_wconf 87' lang='lat' dir='ltr'><strong>venit</strong></span> <span class='ocrx_word' id='word_1_925' title='bbox 2479 5235 2665 5289; x_wconf 78' lang='lat' dir='ltr'><strong>habitu</strong></span> <span class='ocrx_word' id='word_1_926' title='bbox 2690 5245 3017 5306; x_wconf 83' lang='lat' dir='ltr'><strong>perseveret.</strong></span> <span class='ocrx_word' id='word_1_927' title='bbox 3066 5237 3139 5290; x_wconf 90' lang='lat' dir='ltr'><strong>De</strong></span> <span class='ocrx_word' id='word_1_928' title='bbox 3171 5236 3288 5304; x_wconf 89' lang='lat' dir='ltr'><strong>ipso</strong></span> <span class='ocrx_word' id='word_1_929' title='bbox 3317 5242 3509 5306; x_wconf 79' lang='lat' dir='ltr'><strong>tamen</strong></span> <span class='ocrx_word' id='word_1_930' title='bbox 3533 5235 3628 5306; x_wconf 49' lang='lat' dir='ltr'><strong>ba.</strong></span> 
     </span>
    </p>
   </div>
   <div class='ocr_carea' id='block_1_125' title="bbox 2056 5300 3629 5367">
    <p class='ocr_par' dir='ltr' id='par_1_125' title="bbox 2056 5300 3629 5367">
     <span class='ocr_line' id='line_1_129' title="bbox 2056 5300 3629 5367; baseline 0.001 -12"><span class='ocrx_word' id='word_1_931' title='bbox 2056 5300 2187 5355; x_wconf 82' lang='lat' dir='ltr'><strong>bitu</strong></span> <span class='ocrx_word' id='word_1_932' title='bbox 2209 5305 2483 5367; x_wconf 81' lang='lat' dir='ltr'><strong>mutando,</strong></span> <span class='ocrx_word' id='word_1_933' title='bbox 2533 5306 2619 5359; x_wconf 92' lang='lat' dir='ltr'><strong>vel</strong></span> <span class='ocrx_word' id='word_1_934' title='bbox 2659 5300 2799 5359; x_wconf 75' lang='lat' dir='ltr'><strong>lecto</strong></span> <span class='ocrx_word' id='word_1_935' title='bbox 2840 5307 2892 5359; x_wconf 88' lang='lat' dir='ltr'><strong>in</strong></span> <span class='ocrx_word' id='word_1_936' title='bbox 2927 5306 3110 5360; x_wconf 85' lang='lat' dir='ltr'><strong>schola</strong></span> <span class='ocrx_word' id='word_1_937' title='bbox 3155 5300 3428 5366; x_wconf 81' lang='lat' dir='ltr'><strong>habendo.</strong></span> <span class='ocrx_word' id='word_1_938' title='bbox 3470 5305 3544 5358; x_wconf 90' lang='lat' dir='ltr'><strong>sit</strong></span> <span class='ocrx_word' id='word_1_939' title='bbox 3577 5304 3629 5357; x_wconf 81' lang='lat' dir='ltr'><strong>in</strong></span> 
     </span>
    </p>
   </div>
   <div class='ocr_carea' id='block_1_126' title="bbox 2057 5374 3624 5445">
    <p class='ocr_par' dir='ltr' id='par_1_126' title="bbox 2057 5374 3624 5445">
     <span class='ocr_line' id='line_1_130' title="bbox 2057 5374 3624 5445; baseline 0.001 -21"><span class='ocrx_word' id='word_1_940' title='bbox 2057 5380 2324 5445; x_wconf 80' lang='lat' dir='ltr'><strong>potestate</strong></span> <span class='ocrx_word' id='word_1_941' title='bbox 2357 5374 2594 5445; x_wconf 89' lang='lat' dir='ltr'><strong>prioris:</strong></span> <span class='ocrx_word' id='word_1_942' title='bbox 2623 5384 2678 5429; x_wconf 88' lang='lat' dir='ltr'><strong>et</strong></span> <span class='ocrx_word' id='word_1_943' title='bbox 2714 5376 2982 5445; x_wconf 89' lang='lat' dir='ltr'><strong>quomodo</strong></span> <span class='ocrx_word' id='word_1_944' title='bbox 3026 5388 3313 5445; x_wconf 85' lang='lat' dir='ltr'><strong>personam</strong></span> <span class='ocrx_word' id='word_1_945' title='bbox 3362 5375 3451 5445; x_wconf 85' lang='lat' dir='ltr'><strong>vel</strong></span> <span class='ocrx_word' id='word_1_946' title='bbox 3479 5388 3624 5429; x_wconf 83' lang='lat' dir='ltr'><strong>eom-</strong></span> 
     </span>
    </p>
   </div>
   <div class='ocr_carea' id='block_1_127' title="bbox 2054 5443 3628 5505">
    <p class='ocr_par' dir='ltr' id='par_1_127' title="bbox 2054 5443 3628 5505">
     <span class='ocr_line' id='line_1_131' title="bbox 2054 5443 3628 5505; baseline 0.001 -10"><span class='ocrx_word' id='word_1_947' title='bbox 2054 5443 2398 5496; x_wconf 87' lang='lat' dir='ltr'><strong>uuuctionem</strong></span> <span class='ocrx_word' id='word_1_948' title='bbox 2433 5444 2642 5505; x_wconf 81' lang='lat' dir='ltr'><strong>viderit,</strong></span> <span class='ocrx_word' id='word_1_949' title='bbox 2697 5443 2771 5499; x_wconf 82' lang='lat' dir='ltr'><strong>ita</strong></span> <span class='ocrx_word' id='word_1_950' title='bbox 2813 5446 2898 5500; x_wconf 91' lang='lat' dir='ltr'><strong>vel</strong></span> <span class='ocrx_word' id='word_1_951' title='bbox 2923 5443 3154 5501; x_wconf 85' lang='lat' dir='ltr'><strong>celerius</strong></span> <span class='ocrx_word' id='word_1_952' title='bbox 3173 5444 3258 5499; x_wconf 87' lang='lat' dir='ltr'><strong>vel</strong></span> <span class='ocrx_word' id='word_1_953' title='bbox 3289 5444 3500 5498; x_wconf 89' lang='lat' dir='ltr'><strong>tardius</strong></span> <span class='ocrx_word' id='word_1_954' title='bbox 3523 5454 3628 5497; x_wconf 78' lang='lat' dir='ltr'><strong>stu-</strong></span> 
     </span>
    </p>
   </div>
   <div class='ocr_carea' id='block_1_128' title="bbox 2054 5510 3623 5584">
    <p class='ocr_par' dir='ltr' id='par_1_128' title="bbox 2054 5510 3623 5584">
     <span class='ocr_line' id='line_1_132' title="bbox 2054 5510 3623 5584; baseline -0.002 -20"><span class='ocrx_word' id='word_1_955' title='bbox 2054 5510 2177 5564; x_wconf 87' lang='lat' dir='ltr'><strong>deat</strong></span> <span class='ocrx_word' id='word_1_956' title='bbox 2205 5519 2525 5584; x_wconf 84' lang='lat' dir='ltr'><strong>temperare.</strong></span> <span class='ocrx_word' id='word_1_957' title='bbox 2567 5532 2585 5564; x_wconf 74' lang='grc' dir='ltr'><strong>ι</strong></span> <span class='ocrx_word' id='word_1_958' title='bbox 2622 5513 2724 5569; x_wconf 89' lang='lat' dir='ltr'><strong>Ubi</strong></span> <span class='ocrx_word' id='word_1_959' title='bbox 2756 5524 2878 5568; x_wconf 90' lang='lat' dir='ltr'><strong>nota</strong></span> <span class='ocrx_word' id='word_1_960' title='bbox 2910 5531 3064 5584; x_wconf 90' lang='lat' dir='ltr'><strong>posse</strong></span> <span class='ocrx_word' id='word_1_961' title='bbox 3096 5514 3309 5584; x_wconf 79' lang='lat' dir='ltr'><strong>differri</strong></span> <span class='ocrx_word' id='word_1_962' title='bbox 3331 5514 3623 5582; x_wconf 72' lang='lat' dir='ltr'><strong>professio-</strong></span> 
     </span>
    </p>
   </div>
   <div class='ocr_carea' id='block_1_129' title="bbox 2055 5581 3624 5654">
    <p class='ocr_par' dir='ltr' id='par_1_129' title="bbox 2055 5581 3624 5654">
     <span class='ocr_line' id='line_1_133' title="bbox 2055 5581 3624 5654; baseline 0.002 -21"><span class='ocrx_word' id='word_1_963' title='bbox 2055 5594 2199 5654; x_wconf 63' lang='lat' dir='ltr'><strong>nem,</strong></span> <span class='ocrx_word' id='word_1_964' title='bbox 2231 5581 2391 5654; x_wconf 88' lang='lat' dir='ltr'><strong>etiam</strong></span> <span class='ocrx_word' id='word_1_965' title='bbox 2441 5584 2708 5652; x_wconf 86' lang='lat' dir='ltr'><strong>completo</strong></span> <span class='ocrx_word' id='word_1_966' title='bbox 2733 5581 3067 5654; x_wconf 79' lang='lat' dir='ltr'><strong>probationis</strong></span> <span class='ocrx_word' id='word_1_967' title='bbox 3087 5600 3249 5638; x_wconf 90' lang='lat' dir='ltr'><strong>anno.</strong></span> <span class='ocrx_word' id='word_1_968' title='bbox 3284 5581 3391 5638; x_wconf 71' lang='lat' dir='ltr'><strong>sed</strong></span> <span class='ocrx_word' id='word_1_969' title='bbox 3412 5598 3624 5637; x_wconf 78' lang='lat' dir='ltr'><strong>sacrum</strong></span> 
     </span>
    </p>
   </div>
   <div class='ocr_carea' id='block_1_130' title="bbox 2056 5648 3625 5723">
    <p class='ocr_par' dir='ltr' id='par_1_130' title="bbox 2056 5648 3625 5723">
     <span class='ocr_line' id='line_1_134' title="bbox 2056 5648 3625 5723; baseline 0.005 -22"><span class='ocrx_word' id='word_1_970' title='bbox 2056 5648 2431 5723; x_wconf 81' lang='lat' dir='ltr'><strong>Tridentinum</strong></span> <span class='ocrx_word' id='word_1_971' title='bbox 2477 5648 2805 5716; x_wconf 80' lang='lat' dir='ltr'><strong>concilium,</strong></span> <span class='ocrx_word' id='word_1_972' title='bbox 2873 5670 3008 5709; x_wconf 89' lang='lat' dir='ltr'><strong>sess.</strong></span> <span class='ocrx_word' id='word_1_973' title='bbox 3048 5653 3140 5715; x_wconf 69' lang='lat'><strong>25,</strong></span> <span class='ocrx_word' id='word_1_974' title='bbox 3191 5670 3314 5723; x_wconf 86' lang='lat' dir='ltr'><strong>cap.</strong></span> <span class='ocrx_word' id='word_1_975' title='bbox 3372 5654 3477 5714; x_wconf 75' lang='grc'><strong>15,</strong></span> <span class='ocrx_word' id='word_1_976' title='bbox 3530 5655 3625 5705; x_wconf 73' lang='lat' dir='ltr'><strong>rie-</strong></span> 
     </span>
    </p>
   </div>
   <div class='ocr_carea' id='block_1_131' title="bbox 2053 5720 3627 5793">
    <p class='ocr_par' dir='ltr' id='par_1_131' title="bbox 2053 5720 3627 5793">
     <span class='ocr_line' id='line_1_135' title="bbox 2053 5720 3627 5793; baseline 0.004 -20"><span class='ocrx_word' id='word_1_977' title='bbox 2053 5720 2228 5793; x_wconf 80' lang='lat' dir='ltr'><strong>crcvit</strong></span> <span class='ocrx_word' id='word_1_978' title='bbox 2258 5722 2474 5793; x_wconf 73' lang='lat' dir='ltr'><strong>nequis</strong></span> <span class='ocrx_word' id='word_1_979' title='bbox 2516 5733 2641 5777; x_wconf 86' lang='lat' dir='ltr'><strong>ante</strong></span> <span class='ocrx_word' id='word_1_980' title='bbox 2668 5724 2936 5793; x_wconf 80' lang='lat' dir='ltr'><strong>expletum</strong></span> <span class='ocrx_word' id='word_1_981' title='bbox 2965 5720 3295 5793; x_wconf 77' lang='lat' dir='ltr'><strong>probationis</strong></span> <span class='ocrx_word' id='word_1_982' title='bbox 3325 5739 3524 5777; x_wconf 83' lang='lat' dir='ltr'><strong>annum</strong></span> <span class='ocrx_word' id='word_1_983' title='bbox 3563 5724 3627 5779; x_wconf 76' lang='lat' dir='ltr'><strong>ad</strong></span> 
     </span>
    </p>
   </div>
   <div class='ocr_carea' id='block_1_132' title="bbox 2055 5789 3238 5863">
    <p class='ocr_par' dir='ltr' id='par_1_132' title="bbox 2055 5789 3238 5863">
     <span class='ocr_line' id='line_1_136' title="bbox 2055 5789 3238 5863; baseline 0.002 -18"><span class='ocrx_word' id='word_1_984' title='bbox 2055 5789 2178 5845; x_wconf 63' lang='lat' dir='ltr'><strong>vitae</strong></span> <span class='ocrx_word' id='word_1_985' title='bbox 2209 5789 2468 5860; x_wconf 74' lang='lat' dir='ltr'><strong>regularis</strong></span> <span class='ocrx_word' id='word_1_986' title='bbox 2495 5789 2880 5863; x_wconf 80' lang='lat' dir='ltr'><strong>professionem</strong></span> <span class='ocrx_word' id='word_1_987' title='bbox 2909 5789 3238 5850; x_wconf 51' lang='lat' dir='ltr'><strong>dimittatur.</strong></span> 
     </span>
    </p>
   </div>
  </div>
