3948 6182
343 322 479 379 i279

1320 313 1386 370 Β.
1432 310 1789 368 BENEDlCTl
1824 309 2112 368 ABBATIS
2149 309 2561 368 ANIANENSlo
2654 336 2663 353 ·-

3460 312 3599 368 ρι’ὶῆ

341 430 573 488 ctenobii
623 436 800 485 mente
849 427 1038 482 devota
1081 422 1400 494 profiteatur
1425 421 1646 492 implere
1676 439 1690 474 :
1721 435 1822 476 nec
1849 434 1912 474 ea
1940 424 1986 482 A
2015 422 2355 489 postmodum
2382 423 2407 462 ιι
2439 422 2494 476 in
2544 419 2735 475 ultimo
2763 417 2932 489 gradu
2961 418 3268 490 recipiatur.
3309 420 3323 459 ί
3358 418 3519 487 Quod
3550 424 3601 481 si

340 520 449 574 ullo
482 533 715 589 unquam
745 526 984 586 tempore
1026 514 1259 578 violare,
1301 527 1476 583 neque
1517 527 1548 566 a
1571 510 1910 567 districtione

342 610 592 674 cmuobii,
618 623 777 678 quam
811 606 1071 676 expetiit,
1120 603 1438 673 polliceatur
1488 601 1756 656 ullatenus
1786 614 1911 655 eva-

343 701 477 771 gari.
506 698 745 767 Cumque
774 698 877 752 hac
924 711 981 751 se
1018 693 1349 765 professione
1370 690 1704 755 astrinxerit,
1743 687 1911 759 subji-

344 789 519 843 ciatur
559 786 755 857 regulis
793 800 955 856 supra
990 784 1226 854 scriptis,
1251 797 1349 854 per
1377 782 1645 837 bonorum
1684 794 1909 849 operum

346 875 664 932 industriam
695 877 1016 944 quandoque
1045 873 1289 938 Domino,
1313 871 1628 942 placiturus.

593 965 621 1038 §
648 964 784 1020 XIV.
814 996 883 1007 —-
910 964 1044 1019 Item
1082 962 1367 1018 Fructuosi
1413 963 1550 1034 (cap.
1576 962 1654 1033 4).

419 1069 444 1099 ι
469 1056 714 1112 Monachi
749 1058 840 1128 qui
882 1057 955 1124 ob
1004 1056 1278 1127 religionis
1322 1056 1600 1111 obtentum
1648 1061 1917 1110 monaste-

347 1148 485 1204 rium
511 1147 717 1219 ingredi
746 1156 954 1217 petunt,
989 1147 1221 1217 primum
1270 1154 1395 1201 ante
1429 1145 1574 1200 fores
1602 1144 1776 1199 tribus
1801 1143 1917 1199 die-

346 1240 446 1295 bus
480 1249 535 1295 ct
556 1239 800 1294 noctibus
830 1238 1114 1303 excubent,
1146 1246 1202 1292 et
1236 1253 1301 1293 ex
1329 1237 1591 1292 industria
1615 1235 1818 1306 iugiter
1845 1234 1915 1290 ab

347 1328 779 1385 hebdomadariis
827 1331 1240 1399 exprobreutur.
1295 1326 1500 1394 Quibus
1554 1324 1745 1389 diebus
1794 1337 1917 1394 per-

347 1419 514 1481 actis,
559 1418 792 1488 primum
822 1418 1220 1487 interrogentur
1257 1425 1436 1472 utrum
1474 1415 1629 1471 liberi
1690 1414 1799 1469 sint
1847 1427 1917 1469 an

348 1508 512 1563 servi.
541 1506 691 1575 Quod
728 1509 774 1563 si
811 1510 950 1564 servi
981 1517 1138 1574 sunt,
1170 1523 1275 1563 non
1321 1507 1672 1577 recipiantur,
1702 1505 1804 1565 nisi
1852 1504 1917 1559 li-

347 1599 608 1654 bertatem
633 1599 662 1639 b
692 1613 721 1653 a
739 1600 957 1671 preprio
982 1599 1201 1655 domino
1228 1614 1340 1669 prae
1372 1599 1619 1653 manibus
1640 1596 1919 1651 attulerint

348 1690 797 1758 praesentandam.
828 1688 1022 1745 ϐιωθτί
1062 1704 1209 1757 vero,
1238 1689 1352 1744 sive
1380 1688 1558 1753 liberi,
1586 1686 1701 1742 sive
1737 1686 1912 1749 servi,

349 1754 462 1834 sive
493 1780 685 1835 divites
735 1794 802 1835 an
851 1794 1117 1851 pauperes
1145 1821 1159 1845 ,
1197 1754 1487 1850 iconjugati
1543 1794 1613 1832 an
1648 1777 1916 1849 virgines,
1948 1754 1995 1814 Β

350 1869 499 1924 stulti
528 1886 595 1924 an
625 1869 918 1940 sapientes,
952 1871 1109 1926 inscii
1160 1886 1228 1925 an
1256 1869 1495 1925 artiﬁces
1519 1908 1533 1934 ,
1585 1866 1821 1923 infantes
1849 1883 1920 1922 an

350 1974 526 2026 senes,
554 1960 600 2015 si
629 1961 894 2031 quispiam
923 1961 1113 2016 horum
1150 1959 1338 2026 fuerit,
1375 1960 1553 2014 acrius
1601 1967 1921 2028 perconteri-

353 2058 441 2101 tur
468 2056 646 2103 utrum
671 2056 816 2104 recte
840 2048 1341 2104 abrenuntiaverint
1379 2063 1447 2102 an
1480 2062 1618 2111 non;
1652 2046 1699 2101 si
1738 2046 1922 2101 omnia

353 2137 580 2194 fecerint
614 2154 733 2209 quae
762 2140 817 2195 in
846 2139 1136 2210 Evangelio
1184 2155 1283 2210 per
1321 2154 1508 2197 vocem
1537 2137 1797 2193 Veritatis
1826 2151 1923 2192 au-

352 2227 569 2284 dierunt
597 2248 611 2284 :
645 2229 749 2297 Qui
779 2246 882 2285 nou
916 2230 1286 2285 renuntiaverit
1325 2229 1565 2284 omnibus
1588 2245 1714 2301 gate
1748 2228 1922 2299 possi-

352 2319 459 2400 det,
487 2335 588 2375 non
619 2329 783 2390 potest
807 2337 951 2376 meus
979 2336 1090 2375 esse
1125 2319 1412 2389 discipulus
1441 2319 1590 2391 (Luc.
1626 2320 1779 2389 xiv);
1814 2331 1835 2361 ο
1868 2327 1926 2377 et

354 2406 482 2462 illud
518 2408 659 2477 quod
693 2408 846 2464 dives
883 2409 1152 2479 quondam
1204 2408 1556 2475 adolescens,
1611 2409 1703 2479 qui
1740 2409 1925 2466 omnia

353 2513 474 2568 qua:
499 2498 551 2553 iu
575 2499 691 2571 lege
730 2508 996 2571 praecepta
1024 2511 1147 2557 sunt
1182 2517 1241 2559 se
1266 2502 1518 2573 implesse
1559 2501 1822 2572 iactabat,
1853 2503 1923 2560 ad

355 2604 515 2659 quem
540 2590 799 2647 Dominus
821 2592 898 2647 ait
923 2610 935 2646 :
964 2590 1022 2648 Si
1045 2595 1117 2649 vis
1140 2595 1397 2665 perfectus
1422 2611 1554 2656 esse.
1590 2595 1739 2659 vade,
1769 2597 1927 2651 vende

355 2695 472 2752 quae
500 2680 677 2747 habes,
699 2689 747 2735 et
794 2680 862 2735 da
890 2683 1204 2753 pauperibus
1228 2697 1246 2735 :
1270 2692 1320 2738 et
1351 2699 1464 2740 rem
1486 2724 1504 2751 ,
1560 2701 1772 2757 sequere
1812 2701 1922 2748 me,

356 2769 567 2824 habebis
598 2771 899 2827 thesaurum
930 2772 984 2826 in
1014 2772 1138 2828 caelo
1162 2773 1376 2845 (Matth.
1402 2773 1797 2847 xix).dlterum
1824 2776 1927 2851 [ad

358 2857 514 2932 eum]
562 2858 818 2916 Dominus
863 2860 1102 2931 loquitur
1138 2880 1151 2917 :
1199 2863 1305 2930 Qui
1358 2864 1467 2920 vult
1510 2882 1622 2920 esse
1665 2868 1926 2938 perfectus

364 2961 388 2989 ο
419 2947 575 3021 [qui]
601 2966 719 3005 cum
760 2951 1006 3022 apostolis
1038 2963 1238 3024 patrem
1274 2964 1322 3009 et
1347 2964 1598 3023 matrem,
1644 2966 1847 3029 reteque
1875 2968 1925 3015 et

362 3040 653 3096 naviculam
680 3041 915 3097 dimittit.
943 3043 1011 3099 Et
1033 3045 1124 3115 qui
1145 3045 1325 3101 omnia
1352 3046 1508 3113 dixit,
1534 3048 1670 3104 nihil
1698 3049 1764 3105 de
1801 3065 1927 3120 pro-

362 3131 478 3202 pria
506 3130 762 3186 facultate
778 3101 1068 3188 reservari.
1084 3136 1392 3190 mandavit:
1429 3101 1621 3192 etlnon
1670 3101 1924 3207 cuilibet,
1951 3101 1998 3164 Ο

361 3221 455 3275 sed
480 3229 671 3276 cuncta
697 3220 945 3278 Christus
971 3223 1298 3293 pauperibus
1323 3226 1593 3296 eroganda
1647 3228 1923 3300 praecepit.

361 3308 477 3366 Non
505 3311 647 3366 enim
678 3312 813 3368 dixit
853 3314 1029 3383 patri,
1070 3330 1177 3370 non
1209 3315 1367 3370 matri
1394 3356 1411 3384 ,
1466 3333 1573 3373 non
1605 3316 1784 3386 fratri,
1817 3336 1925 3379 non

359 3402 681 3473 propinquo,
729 3418 835 3460 non
871 3405 1288 3476 consanguineo,
1328 3421 1436 3462 non
1490 3407 1601 3465 lilio
1637 3410 1928 3480 adoptivo,

362 3506 470 3547 non
506 3493 680 3560 uxori,
718 3492 739 3532 ί
772 3508 880 3550 non
907 3493 1111 3562 liberis,
1146 3511 1250 3551 non
1284 3498 1311 3539 ε
1339 3495 1611 3565 Ecclesim,
1641 3515 1746 3555 non
1776 3501 1929 3571 prin-

362 3584 467 3655 cipi
496 3594 673 3651 terrae,
698 3601 803 3642 non
848 3587 1052 3655 servis,
1100 3589 1339 3659 exceptis
1365 3588 1708 3647 libertatibus
1735 3591 1932 3648 contir-

364 3679 594 3735 mandis.
624 3678 760 3735 Cum
799 3680 938 3748 haec,
965 3696 1086 3754 qua:
1117 3681 1368 3750 diximus,
1393 3684 1554 3740 fuerit
1600 3685 1930 3754 sciscitatus,

364 3813 490 3869 licet
515 3814 844 3899 probationis
855 3830 1019 3899 anno,
1026 3815 1179 3886 juxta
1192 3832 1258 3873 ea
1280 3832 1400 3887 quae
1423 3826 1738 3899 statuuntur
1755 3819 1933 3889 capite

365 3885 653 3969 superiori,
688 3885 886 3969 alioqui
943 3885 1127 3969 secum
1158 3885 1438 3969 pugnaret
1579 3885 1929 3969 Fructuosus.

438 3953 465 3996 δ
497 3953 745 4009 Monachi
766 3953 884 4028 gui_
909 3957 973 4011 ob
1007 3953 1284 4028 religionis
1311 3957 1616 4028 _obtentum,
1645 3968 1751 4014 etc.
1810 3958 1935 4014 Haec

368 4038 474 4097 non
513 4032 728 4080 exstant
763 4025 824 4097 iu_
858 4026 1057 4097 Regula
1086 4025 1187 4082 ms.
1221 4026 1281 4081 S.
1310 4026 1589 4084 Fructuosi
1623 4027 1810 4095 arch.,
1840 4029 1934 4085 sed

368 4093 615 4148 videntur
632 4108 752 4149 esse
777 4093 999 4151 alterius
1020 4096 1321 4151 Fructuosi.

438 4185 469 4225 ι)
505 4184 556 4259 si
580 4186 790 4259 proprio
817 4186 1048 4259 domiuo.
1078 4186 1277 4259 Supple
1297 4188 1576 4259 obtentum.

370 4252 591 4378 an;
610 4252 744 4309 illud
767 4255 904 4327 quod
926 4255 1065 4310 dives
1096 4252 1358 4328 quondam
1384 4258 1702 4313 adolescens.
1735 4257 1937 4331 Supple

438 4393 467 4434 ἀ
501 4392 707 4467 terum
735 4393 805 4448 ad
832 4410 949 4448 eum
973 4393 1229 4467 Dominus
1254 4396 1504 4467 loquitur.
1525 4397 1592 4452 τὸ
1617 4397 1686 4450 ad
1714 4414 1833 4452 eum
1854 4414 1934 4454 re-

369 4462 611 4536 dundat:
646 4479 772 4519 nam
814 4473 937 4534 post
995 4465 1135 4520 hanc
1184 4462 1587 4536 responsionem
1640 4483 1746 4521 non
1794 4469 1933 4524 ultra

369 4532 580 4606 locutus
615 4543 700 4589 est
735 4532 1061 4606 contristato
1099 4532 1423 4606 adolescenti
1446 4575 1460 4598 ,
1511 4536 1607 4591 sed
1657 4539 1935 4606 apostolis.

371 4601 497 4675 Haec
519 4611 697 4659 autem
718 4605 885 4660 verba
912 4621 926 4675 ;
962 4604 1065 4671 Qui
1096 4605 1204 4659 vult
1232 4605 1488 4675 perfectus
1514 4622 1643 4674 esse,
1659 4601 1791 4674 εἷα,
1812 4615 1938 4665 sunt

368 4672 575 4742 prolata
606 4689 672 4729 ex
702 4674 979 4739 memoria,
1016 4689 1120 4729 non
1149 4672 1449 4731 ex’codice.

444 4774 469 4803 ο
510 4761 615 4829 Qui
643 4779 761 4818 cum
786 4762 1051 4833 apostolis.
1076 4766 1144 4820 Τὸ
1173 4765 1261 4836 qui
1298 4764 1582 4821 redundat.
1876 4765 1883 4771 ’

446 4830 467 4872 ί
510 4830 633 4886 Non
663 4831 857 4886 liberis.
887 4832 1108 4886 Seclusa
1143 4842 1320 4886 tamen
1346 4835 1586 4886 legitima
1608 4876 1623 4886 .
1667 4851 1828 4886 auiam
1856 4837 1905 4886 ei

446 4832 467 4872 ί
510 4832 633 4887 Non
663 4832 857 4887 liberis.
887 4832 1108 4889 Seclusa
1143 4832 1320 4891 tamen
1346 4835 1586 4905 legitima
1608 4876 1623 4900 ,
1667 4851 1829 4906 quam
1856 4837 1938 4894 eis

372 4910 585 4958 tenetur
608 4902 759 4959 dare.
804 4902 860 4957 ld
889 4904 1046 4960 docet
1081 4902 1305 4961 Photius
1329 4906 1382 4959 in
1411 4905 1818 4970 Nomocanone,
1852 4907 1937 4962 tit.

368 4973 611 5047 21,_cap.
637 4972 689 5047 1,
723 4981 779 5047 et
814 4973 1202 5047 habeturACod.
1230 4973 1316 5040 L.,
1342 4974 1404 5030 Si
1432 4992 1537 5047 qua
1560 4976 1764 5031 mulier.
1793 4977 1939 5032 ldem

370 5043 437 5098 de
463 5040 575 5098 lilio
598 5043 848 5115 adoptivo
873 5043 1156 5099 dicendum
1176 5052 1279 5098 est.

445 5132 471 5170 8
501 5131 635 5204 ’Νοῃ
648 5131 907 5204 ecclesim.
935 5132 1046 5189 Nisi
1089 5132 1228 5188 forte
1253 5134 1327 5189 sit
1349 5133 1399 5189 ei
1429 5143 1581 5190 curta
1605 5133 1860 5204 supellex,
1885 5141 1944 5190 et

371 5216 461 5273 res
494 5200 775 5273 familiaris
804 5210 1049 5273 angusta.

408 5269 801 5392 i1:ieulétmrsltiuto
850 5269 1021 5343 gradu
1080 5273 1380 5332 recipiatur.
1438 5272 1518 5329 Ad
1570 5273 1941 5344 probationem

371 5349 636 5396 videlicet.

447 5411 463 5450 ί
511 5408 663 5473 Quod
684 5411 730 5465 si
751 5414 936 5483 horum
962 5426 1100 5483 quos
1126 5428 1286 5480 supra
1309 5412 1558 5467 diximus.
1609 5411 1793 5480 Adjeci
1818 5427 1943 5483 pro-

375 5481 927 5554 nontep,quos,qn_od
955 5481 1381 5536 desiderabatur.
1440 5549 1471 5554 _
1557 5549 1569 5554 _
1680 5552 1709 5554 ν
1823 5481 1834 5483 ἡ
1940 5481 1954 5495 ’

448 5548 462 5595 i
514 5546 818 5615 Sequacem.
848 5549 904 5603 ld
932 5559 1037 5613 est,
1071 5559 1414 5606 sectatorem.
1440 5549 1639 5605 Paulus
1662 5552 1940 5613 diaconus,

374 5615 673 5743 gist.
714 5618 1077 5688 Langobard,
1107 5636 1224 5689 cap.
1283 5620 1350 5675 2‘3
1373 5661 1386 5684 ,
1435 5622 1618 5691 hymu.
1655 5621 1720 5676 de
1761 5621 1818 5677 S.
1848 5619 1939 5677 Βα-

372 5700 585 5743 ncutcto
608 5700 622 5737 ε

658 5856 707 5884 κ

2014 512 2207 569 borum
2233 526 2370 583 quos
2391 526 2553 581 supra
2582 510 2818 565 diximus
2844 523 2993 564 more
3019 509 3241 579 pietatis
3285 511 3372 565 vel
3426 527 3605 567 unum

2011 618 2289 657 nummum
2329 604 2493 658 alicui
2544 602 2685 657 male
2714 601 3106 656 abrenuntians
3134 602 3377 673 reliquit,
3407 603 3603 659 statim

2011 708 2135 749 eum
2158 694 2303 750 foras
2323 694 2451 765 pelli
2474 693 2815 757 mandamus,
2837 691 2966 761 quia
3002 707 3109 748 non
3132 708 3254 747 eum
3282 694 3339 748 in
3373 705 3606 764 aposto—

2011 783 2187 839 lorum
2215 799 2461 848 numero,
2488 783 2583 839 sed
2608 782 2834 837 Ananim
2870 791 2926 837 et
2955 781 3201 852 Saphirm
3241 781 3255 832 ί
3297 798 3604 853 sequacem

2012 888 2131 929 esse
2164 874 2427 929 videmus.
2459 870 2657 928 Sciatis
2684 873 2831 927 enim
2857 887 2980 926 eum
3007 887 3112 927 non
3138 886 3297 942 posse
3318 873 3374 928 iu
3404 890 3605 928 mona-

2013 965 2180 1019 sterio
2232 964 2301 1019 ad
2351 978 2660 1019 mensuram
2715 963 2901 1018 venire
2943 963 3230 1027 monachi,
3290 980 3477 1033 neque
3531 966 3602 1019 ad

2013 1064 2387 1126 paupertatem
2410 1055 2739 1110 descendere
2768 1052 2991 1119 Christi,
3019 1068 3193 1124 neque
3230 1054 3603 1109 humilitatem

2015 1148 2319 1218 acquirere,
2351 1161 2525 1217 neque
2572 1146 2828 1202 obediens
2855 1160 2995 1210 esse,
3017 1160 3192 1216 neque
3224 1147 3429 1201 ibidem
3482 1163 3607 1215 per-

2014 1247 2178 1308 petuo
2197 1238 2509 1307 perdurare,
2538 1237 2634 1293 sed
2661 1250 2784 1291 eum
2822 1235 3001 1305 aliqua
3026 1237 3245 1291 occasio
3281 1252 3385 1305 pro
3411 1237 3606 1304 aliquo

2016 1340 2048 1383 a
2077 1329 2160 1385 sui
2199 1326 2390 1382 abbate
2420 1325 2733 1382 monasterii
2763 1325 3120 1395 distringendi
3149 1334 3243 1379 aut
3264 1326 3606 1380 emendandi

2008 1419 2326 1485 accesserit,
2354 1418 2610 1474 continuo
2637 1417 2689 1471 in
2728 1416 3032 1486 superbiam
3074 1426 3279 1487 surget,
3311 1426 3370 1471 et
3395 1418 3609 1471 acerrim

2018 1508 2224 1581 Spiritu
2253 1508 2473 1564 inflatus
2501 1507 2890 1563 monasterium
2920 1505 3128 1576 fugiens
3161 1506 3527 1577 derelinquet.

2337 1598 2366 1670 §
2398 1598 2511 1653 XV.
2538 1628 2609 1639 --
2635 1596 2770 1650 Item
2803 1597 2912 1667 ipse
2939 1596 3079 1666 (cap.
3107 1594 3219 1665 18).

2095 1690 2122 1730 Ιι
2160 1688 2533 1758 Comperimus
2561 1702 2659 1758 per
2707 1686 2887 1742 minus
2915 1694 3072 1742 cauta
3105 1686 3439 1740 monasteria
3459 1727 3476 1747 ,
3506 1686 3610 1754 qui

2023 1796 2146 1838 cum
2178 1779 2524 1841 facultatibus
2565 1777 2679 1833 suis
2725 1776 2878 1846 prius
2929 1775 3155 1846 ingressi
3194 1783 3323 1829 sunt
3347 1814 3363 1837 ,
3406 1782 3609 1842 postea

2023 1871 2335 1940 tepefactos,
2367 1883 2490 1923 cum
2520 1866 2710 1937 grandi
2735 1865 3152 1936 exprobratione
3197 1863 3214 1902 ι
3261 1873 3515 1933 repetere
3550 1871 3614 1918 ct

2023 1962 2300 2028 smculum,
2331 1960 2474 2031 quod
2502 1959 2871 2029 reliquerant,
2917 1963 2979 2011 ut
3011 1969 3174 2011 canes
3232 1953 3298 2008 ad
3338 1954 3609 2008 vomitum

2024 2067 2312 2118 revocate;
2355 2060 2410 2110 et
2436 2065 2558 2111 cum
2588 2049 2700 2105 suis
2724 2046 3062 2119 propinquis,
3091 2044 3237 2116 quod
3265 2044 3611 2100 mouasterio

2024 2143 2385 2208 contulerant,
2420 2140 2524 2196 hoc
2558 2147 2884 2208 extorquere
2906 2177 2921 2203 ,
2974 2146 3031 2192 et
3056 2135 3267 2206 judices
3311 2133 3611 2189 saeculares

2025 2234 2324 2306 requirere,
2354 2241 2412 2290 et
2429 2244 2470 2272 ω
2493 2247 2615 2288 cum
2638 2229 2916 2299 sajonihus
2945 2226 3270 2283 monasteria
3294 2225 3570 2294 dissipare
3588 2265 3607 2289 ,

2024 2333 2082 2382 et
2106 2340 2204 2396 per
2217 2338 2382 2379 unum
2411 2322 2772 2392 negligentem
2788 2318 2985 2374 multos
2997 2316 3266 2387 simplices
3285 2314 3613 2370 deturbatos

2024 2416 2271 2471 videmus
2295 2428 2436 2470 esse.
2463 2412 2697 2467 Proinde
2726 2409 2954 2466 solerter
2991 2406 3381 2479 providendum
3410 2413 3520 2468 est,
3549 2412 3609 2458 et

2026 2507 2173 2564 omni
2199 2506 2499 2563 intentione
2531 2502 2947 2559 discernendum
2971 2541 2986 2567 ,
3035 2507 3095 2556 ut
3130 2498 3267 2555 tales
3312 2513 3422 2552 non
3470 2497 3609 2552 reci-

2025 2597 2257 2667 piantur,
2282 2596 2408 2665 quia
2431 2609 2535 2651 non
2556 2608 2653 2662 pro
2676 2606 2859 2647 amore
2879 2590 3081 2646 Christi
3103 2589 3190 2644 isti
3210 2588 3497 2649 veniunt,u
3513 2588 3611 2641 sed

2027 2689 2200 2744 vicina
2224 2695 2397 2742 morte
2420 2683 2716 2756 perterriti,
2746 2690 2800 2738 et
2827 2679 3159 2737 inﬁrmitatis
3176 2680 3428 2749 anguStia
3456 2693 3613 2732 com-

2023 2779 2185 2850 pulsi,
2213 2793 2320 2833 non
2345 2779 2416 2833 ob
2450 2790 2690 2830 amorem
2718 2762 2997 2829 ccelestem
3026 2771 3250 2834 incitati,
3279 2769 3378 2825 sed
3406 2768 3614 2823 solum-

2024 2871 2186 2928 modo
2215 2884 2428 2941 pinnam
2464 2866 2817 2924 formidantes
2852 2863 3046 2920 inferni
3070 2905 3085 2929 ,
3135 2864 3201 2919 de
3242 2863 3446 2932 quibus
3480 2876 3611 2932 apo-

2026 2961 2194 3017 stolus
2216 2962 2329 3015 ait:
2359 2967 2384 2995 °
2411 2959 2512 3026 Qui
2538 2960 2682 3013 timet
2709 2973 2814 3012 non
2839 2965 2912 3011 est
2947 2955 3203 3026 perfectus
3229 2955 3283 3008 in
3311 2954 3607 3018 charitate,

2024 3050 2274 3122 quoniam
2323 3050 2483 3103 timor
2504 3064 2708 3119 pinnam
2758 3046 2933 3111 habet,
2961 3044 3053 3100 sed
3087 3044 3312 3113 perfecta
3366 3044 3607 3097 charitas

2030 3139 2175 3209 foras
2200 3139 2357 3193 mittit
2379 3139 2616 3192 timorem
2640 3134 2694 3204 (Ι
2717 3134 2879 3190 Joan.
2910 3134 2973 3206 ι).
3008 3133 3122 3188 Non
3156 3140 3282 3188 sunt
3324 3132 3415 3186 isti
3446 3130 3615 3185 disci-

2027 3231 2138 3306 puli
2159 3229 2382 3295 Christi,
2412 3236 2469 3283 et
2495 3241 2600 3282 non
2630 3226 2684 3280 in
2711 3223 2957 3280 Ecclesia
2968 3231 3097 3278 sunt
3125 3220 3472 3292 requirendi,
3514 3221 3616 3276 sed

2030 3321 2085 3375 in
2102 3317 2361 3374 membris
2383 3313 2705 3372 Antichristi
2725 3310 3030 3368 inveniendi
3051 3318 3204 3365 sunt:
3236 3324 3342 3363 non
3363 3321 3495 3363 sunt
3520 3324 3613 3363 ac-

2029 3410 2164 3468 cola
2194 3418 2354 3467 terra:
2379 3405 2837 3478 repromissionis,
2860 3417 2962 3457 nec
2981 3401 3096 3455 veri
3123 3399 3403 3464 Israelita,
3425 3401 3521 3455 sed
3544 3401 3615 3457 de

2029 3499 2323 3570 longinquo
2351 3496 2573 3553 advena:
2617 3503 2673 3551 et
2697 3492 2957 3564 proselyti
2982 3505 2998 3545 :
3028 3492 3122 3547 sed
3146 3503 3318 3559 neque
3344 3489 3612 3545 fratribus

2030 3589 2218 3647 fideles
2263 3601 2439 3658 neque
2485 3586 2539 3642 in
2579 3599 2753 3656 pugna
2788 3582 2993 3638 inventi
3022 3589 3150 3638 sunt
3203 3579 3395 3636 fortes.
3446 3579 3611 3635 Tales

2031 3679 2178 3737 enim
2203 3690 2227 3729 ι)
2253 3679 2309 3733 ἱιι
2330 3675 2570 3734 Levitico
2584 3671 2870 3731 Dominum
2884 3672 3257 3744 cognoscimus
3282 3669 3607 3734 detestasse,

2277 3825 2394 3877 Haec
2414 3827 2542 3876 inter
2562 3826 2710 3875 instar
2734 3822 2946 3872 nectaris

2276 3889 2499 3949 Hiraudo
2517 3887 2703 3949 plectro
2726 3885 2901 3949 claruit
2927 3895 2938 3929 :

2277 3948 2397 3998 Nam
2421 3945 2576 4010 pinxit
2597 3953 2709 4008 apte
2730 3945 2886 4010 lineas

2280 4010 2408 4059 Vitta
2423 4007 2580 4058 sacrae
2602 4007 2914 4069 sequacibus.

2034 4090 2314 4164 Significat
2338 4088 2887 4164 etiamobedientem.
2926 4085 3180 4164 Sidonius
3200 4086 3295 4164 lib.
3320 4100 3418 4151 vn,
3446 4090 3609 4164 epist.

2040 4156 2125 4242 ιζιζ
2153 4160 2363 4242 «.anus
2392 4159 2684 4242 disciplinae
2796 4159 2888 4242 qui
2917 4156 3172 4224 rebelles,
3221 4156 3339 4225 ipse
3370 4156 3611 4231 castiga;

2034 4235 2082 4289 si
2112 4232 2203 4301 qui
2229 4228 2507 4300 sequaces,
2532 4228 2646 4299 ipse
2674 4228 2934 4301 collauda.
2967 4246 2985 4279 ι

2107 4296 2147 4342 ι’
2163 4296 2520 4371 Comperimus
2552 4296 2644 4371 p_er
2683 4298 2854 4371 minus
2901 4305 3058 4371 cauta
3093 4296 3451 4371 monasteria,
3500 4308 3609 4371 etc.

2035 4370 2162 4426 Hmc
2191 4365 2303 4425 non
2322 4378 2447 4425 sunt
2476 4369 2532 4425 S.
2553 4365 2845 4423 Fructuosi
2884 4365 3308 4434 archiepiscopi,
3342 4367 3442 4421 sed
3480 4368 3614 4423 alte-

1960 4435 2012 4496 D
2038 4442 2150 4496 rius
2175 4440 2478 4496 Fructuosi.
2522 4439 2617 4493 llis
2657 4446 2836 4492 autem
2886 4435 3062 4491 simile
3097 4446 3179 4490 est
3205 4434 3337 4488 illud
3363 4435 3611 4492 Cassiani

2038 4510 2133 4565 lib.
2169 4524 2223 4565 tv
2248 4510 2316 4565 de
2342 4507 2607 4564 lnstitutis
2653 4505 3105 4579 renuntiantium,
3144 4518 3281 4579 ca_p._
3308 4504 3382 4558 ιιε
3420 4525 3440 4556 ι
3475 4506 3609 4579 Nam

2038 4594 2137 4651 per
2165 4580 2274 4656 alia
2301 4579 2478 4634 minus
2506 4585 2674 4656 cauta.
2693 4575 3023 4656 monasteria
3052 4574 3374 4656 simpliciter
3394 4578 3611 4656 quidam

2039 4644 2277 4720 suscepti
2294 4663 2491 4720 (eorum
2513 4663 2633 4718 quae
2660 4647 2972 4720 intulerant,
2997 4658 3223 4720 qumque
3249 4644 3310 4720 in
3330 4644 3613 4720 Deiopere

2041 4713 2255 4775 fuerant
2274 4713 2600 4787 dispensaia.
2624 4733 2745 4772 cum
2775 4715 2976 4786 ingenti
2998 4723 3119 4783 posst
3137 4713 3475 4783 blasphemia
3486 4713 3615 4770 ‘rczl-

2040 4789 2354 4845 hibitionem
2382 4802 2603 4857 poscere
2633 4793 2991 4857 mutaverunt.
3026 4802 3046 4835 ι

2117 4858 2136 4898 1
2172 4851 2425 4928 Repeter'e
2442 4867 2490 4910 et
2520 4856 2788 4911 strculum.
2820 4851 3022 4928 Copula
3058 4861 3108 4906 et
3145 4855 3476 4928 transposita
3509 4866 3611 4909 est.

2040 4927 2150 4984 Sed
2189 4922 2344 4998 lege:
2389 4926 2635 4998 Repetere
2671 4922 2963 4986 screulum;
2999 4930 3047 4976 et
3087 4922 3226 4991 quod
3270 4922 3615 4994 reliquerant,

2038 5014 2131 5053 seu
2159 4995 2311 5051 caries
2343 4995 2411 5049 ad
2441 4996 2707 5057 vomitum,
2739 5009 2988 5048 revocare.

2109 5066 2308 5190 allium
2328 5064 2480 5132 sujon
2505 5067 2617 5119 bus.
2638 5062 2865 5132 Sajones
2889 5068 3014 5117 sunt
3038 5060 3278 5125 lictores,
3302 5061 3370 5117 de
3388 5077 3503 5133 quo
3529 5080 3619 5118 ro-

2201 5151 2233 5189 o
2263 5150 2445 5190 supra.

2041 5150 2233 5194 canum
2263 5150 2445 5194 supra.

2114 5150 2474 5258 Ηυὲῗςῗιέξέἱῗιά
2500 5210 2663 5273 morte
2681 5200 2961 5273 perterriti,
2986 5206 3091 5273 etc.
3116 5197 3443 5273 Eorum_qui
3466 5205 3615 5273 gravi

2040 5274 2355 5400 infirmitate
2377 5272 2620 5341 oppressi
2647 5270 2910 5327 cucullam
2941 5270 3259 5334 induerunt,
3291 5270 3621 5340 plenae'sunt

2084 5354 2302 5399 istorue.

2084 5344 2302 5399 istorize.

2115 5420 2140 5448 ο
2171 5411 2274 5478 Qui
2311 5412 2454 5465 timet
2492 5426 2595 5464 non
2630 5418 2704 5463 est
2742 5408 2998 5478 perfectus
3042 5406 3097 5461 in
3135 5407 3414 5463 charitate.
3458 5409 3617 5465 Joan.

2041 5481 2201 5549 epist.
2230 5481 2283 5545 l,
2314 5496 2432 5550 cap.
2462 5494 2515 5533 IV
2538 5520 2553 5545 ,
2592 5479 2682 5533 ubi
2712 5477 2827 5534 haec
2862 5478 3130 5534 sententia
3166 5485 3252 5532 est
3294 5477 3420 5534 aliis
3460 5481 3618 5550 hujus

2042 5551 2144 5605 loci
2169 5550 2434 5606 posterior

2117 5631 2142 5671 P
2170 5616 2236 5673 in
2270 5619 2515 5672 Leuitico.
2546 5616 2661 5671 Non
2700 5616 2887 5673 citavit
2933 5634 3000 5675 ex
3042 5617 3262 5684 codice,
3308 5633 3436 5673 nam
3468 5618 3621 5674 lens

2047 5690 2272 5746 habetur
2308 5689 2486 5753 Deut,
2510 5702 2627 5759 cap.
2664 5703 2752 5742 xx.
