3948 6182
364 189 486 244 1:281

1274 190 1661 249 CONCORDIA
1700 188 2154 248 REGULARUM.
2198 218 2265 228 —-
2304 187 2453 243 CAP.
2496 189 2656 244 LXV.

3460 186 3598 242 1283

357 311 406 355 ct
452 302 506 356 in
573 300 709 356 bello
755 317 823 357 ne
872 310 1192 372 pergerent,
1246 304 1629 374 prohibuisse:
1663 304 1723 360 Si
1770 304 1914 373 quis,
1949 299 2278 371 Ajastiilcat
2304 310 2397 354 aut
2423 300 2779 364 condemnat,
2812 306 2867 354 et
2895 300 3266 354 universorum
3295 298 3453 355 finem
3482 301 3600 371 ipse

356 392 546 460 Inquit,
575 392 628 445 in
660 393 815 445 corde
863 392 1081 461 pavidus
1129 403 1204 448 est
1228 434 1244 458 ,
1277 411 1379 448 non
1399 395 1700 464 egrediatur
1722 394 1786 448 ab
1815 393 1922 447 bel-

351 480 480 545 lum,
504 481 681 544 vadat,
705 490 753 535 et
776 490 1062 536 revertatur
1086 483 1141 536 in
1175 482 1388 537 domum
1417 496 1571 537 suam
1598 499 1611 534 :
1645 499 1708 537 ne
1738 498 1922 553 pavere

350 570 512 638 faciat
546 568 708 622 corda
752 569 979 639 fratrum
1025 587 1281 634 suorum,
1332 571 1467 625 sicut
1493 582 1540 626 et
1584 573 1694 642 ipse
1739 572 1923 625 timore

346 659 651 729 perterritus
679 666 775 713 est.
813 659 889 714 De
915 659 1114 715 talibus
1146 660 1201 714 in
1250 660 1541 731 Evangelio
1566 659 1781 715 Veritas
1807 660 1917 713 ait:

350 747 522 813 Quam
543 746 750 817 difﬁcile
790 756 887 812 est,
915 748 1004 817 qui
1031 748 1278 818 pecunias
1303 748 1513 812 habent,
1535 749 1733 802 intrare
1756 748 1811 801 in
1837 763 1919 800 re-

349 854 506 908 gnum
538 835 819 891 caetorum!
843 836 1058 907 (Matth.
1082 836 1218 907 xxx.)
1240 836 1381 892 Nihil
1415 837 1559 893 enim
1587 838 1654 891 de
1674 836 1921 907 pristinis

349 928 693 984 facultatibus
733 928 845 983 suis
874 940 900 970 ιι
937 928 993 983 in
1026 928 1273 984 eumdem
1302 928 1480 983 locum
1504 928 1592 983 ubi
1624 927 1833 999 ingredi
1860 942 1920 983 se

348 1018 482 1088 petit
526 1018 909 1072 monasterium
973 1017 1058 1072 vel
1101 1033 1242 1074 unus
1296 1032 1549 1073 nummus
1599 1018 1918 1087 recipiatur,

349 1108 445 1163 sed
490 1109 605 1178 ipse
639 1123 800 1163 manu
851 1122 949 1163 sua
975 1115 1170 1163 cuncta
1219 1107 1547 1178 pauperibus
1593 1115 1815 1177 eroget;
1864 1115 1919 1162 et

346 1201 685 1269 postmodum
717 1199 745 1239 b
768 1200 912 1268 quod
940 1200 1200 1270 probatus
1236 1199 1568 1254 monasterio
1588 1200 1689 1255 sub
1717 1199 1919 1270 Regula

348 1290 839 1345 introducaturzet
889 1304 1032 1344 anno
1080 1289 1291 1359 integro
1338 1304 1368 1343 a
1417 1288 1627 1343 cunctis
1660 1288 1920 1345 fratribus

347 1399 414 1439 ex
453 1381 721 1437 industria
762 1380 1023 1436 conviciis
1073 1380 1475 1449 comprobetur.
1525 1379 1591 1433 Et
1631 1387 1918 1450 postquam

346 1474 605 1545 probatus
625 1472 679 1526 in
695 1472 906 1527 cunctis
918 1471 1174 1526 obedieus
1195 1469 1375 1535 fuerit,
1399 1479 1453 1524 et
1475 1485 1581 1525 non
1596 1482 1617 1509 ε
1640 1470 1693 1525 in
1712 1470 1919 1541 plumbi

346 1564 543 1621 lamina
576 1561 829 1626 mollitus,
873 1562 967 1617 sed
995 1576 1122 1617 acer
1152 1561 1526 1632 perduraverit
1563 1572 1623 1617 ut
1672 1562 1878 1618 ferrum
1899 1603 1914 1627 ,

2025 390 2371 453 considerat;
2410 398 2471 444 ut
2501 404 2602 445 nec
2628 397 2900 459 peccator,
2939 389 2986 444 si
3025 387 3239 445 fortiter
3271 390 3593 460 ingemiscit,

2024 479 2275 547 desperet
2321 478 2567 543 veniam,
2615 491 2715 533 nec
2744 475 2924 546 justus
2959 478 3027 531 de
3062 478 3277 548 propria
3315 480 3601 536 sanctitate

2022 566 2276 622 conﬁdat.
2326 564 2472 619 Nihil
2512 565 2768 634 prodest,
2805 565 2849 620 si
2898 564 3094 634 aliquis
3128 565 3193 620 de
3232 581 3399 637 regno
3438 567 3598 625 hodie

2024 655 2353 720 subtractus,
2383 670 2416 708 a
2439 655 2591 725 regni
2613 654 2853 724 potentia
2880 655 3131 711 exclusus
3148 696 3163 722 ,
3190 655 3335 713 ferro
3367 660 3598 714 constri-

2021 754 2141 797 ctus
2164 745 2325 798 hodie
2353 744 2556 799 carceri
2597 753 2681 800 est
2706 746 3079 816 mancipatus:
3121 747 3194 802 ita
3222 747 3359 803 nihil
3385 749 3595 815 obstat,

2021 836 2066 889 si
2095 835 2255 890 hodie
2282 850 2313 889 a
2344 850 2561 891 carcere
2588 836 2711 905 quis
2740 838 2964 906 rapitur,
2999 846 3055 892 et
3085 838 3139 892 in
3182 840 3347 910 regali
3391 841 3596 897 honore

2020 924 2403 979 constituitur-:
2444 923 2624 979 nullus
2651 925 2701 979 ei
2728 925 2916 982 sordes
2939 928 3174 983 carceris
3208 928 3467 998 imputat;
3500 932 3593 985 sed

2019 1012 2121 1068 hoc
2148 1012 2320 1068 solum
2348 1014 2529 1069 laudat
2547 1016 2689 1085 quod
2729 1017 2784 1070 in
2807 1032 2871 1073 eo
2910 1018 3160 1076 miratur.
3191 1019 3282 1076 Sic
3313 1022 3445 1093 nihil
3471 1038 3597 1092 pro-

2019 1103 2139 1158 dest
2155 1102 2304 1172 justo
2328 1103 2467 1160 bene
2493 1106 2693 1171 vivere,
2709 1115 2764 1162 et
2792 1107 2933 1162 male
2952 1108 3117 1163 vitam
3145 1107 3330 1165 finire:
3361 1111 3434 1164 ita
3476 1127 3595 1165 ma-

2019 1209 2182 1265 gnum
2208 1195 2407 1250 bonum
2447 1204 2531 1251 est
2554 1197 2824 1265 peccatori
2865 1198 2931 1252 ad
2968 1198 3341 1267 paenitentiam
3377 1201 3593 1265 redire;

2019 1284 2147 1339 olim
2175 1285 2316 1340 male
2339 1288 2542 1352 vivere,
2569 1295 2625 1341 et
2655 1287 3000 1356 postmodum
3025 1289 3162 1343 bene
3190 1288 3364 1354 finire,
3392 1304 3423 1344 a
3451 1291 3596 1346 nullo

2021 1382 2291 1430 retroacta
2331 1385 2552 1445 peccata
2594 1376 2856 1446 imputata
2885 1376 3108 1433 habere.
3149 1376 3431 1433 Credimus
3449 1377 3597 1448 judi-

2020 1478 2159 1529 cem,
2189 1464 2402 1535 qualem
2432 1466 2485 1520 in
2519 1465 2625 1520 fine
2664 1468 2949 1531 invenerit,
2989 1468 3152 1523 talem
3183 1483 3470 1535 coronare,
3503 1480 3598 1525 aut

2019 1563 2166 1611 certe
2192 1556 2466 1611 damnare.
2500 1556 2568 1611 Et
2594 1557 2840 1626 quamvis
2874 1559 2983 1612 sint
3008 1560 3189 1629 gravia
3227 1559 3448 1626 delicta,
3489 1576 3594 1616 non

343 1651 680 1724 postmodum
704 1657 932 1705 exuatur
963 1650 1312 1707 seacularibus
1356 1651 1618 1716 vestibus,
1640 1658 1697 1707 et
1725 1651 1916 1707 indua—
1941 1647 1989 1707 B
2016 1654 2101 1701 est
2142 1655 2323 1702 tamen
2353 1647 2494 1703 illico
2535 1647 2602 1703 de
2643 1648 2737 1703 Dei
2768 1649 3136 1704 misericordia
3178 1650 3591 1720 desperandum.

342 1751 434 1807 tur
476 1740 786 1797 monasterii
832 1740 1098 1811 religiosis
1140 1739 1502 1811 simplicibus.
1546 1749 1603 1797 et
1636 1743 1921 1796 adnotetur

344 1832 370 1874 δ
403 1834 456 1888 in
483 1841 664 1902 pacto,
690 1845 813 1887 cum
842 1829 1103 1886 fratribus
1123 1871 1138 1896 ,
1166 1838 1223 1886 et
1259 1831 1405 1886 vivat
1436 1831 1579 1887 inter
1625 1833 1920 1888 monachos

344 1921 603 1992 probatus
631 1929 686 1975 et
714 1922 831 1991 ipse
868 1920 1185 1976 monachus.

689 2011 717 2084 ς
746 2011 885 2067 XVI.
915 2042 986 2052 —
1016 2011 1148 2066 Item
1177 2013 1286 2082 ipse
1316 2012 1453 2084 (cap.
1491 2013 1599 2085 l9).

424 2114 447 2142 ο
477 2102 577 2169 Qui
608 2100 949 2173 gravioribus
975 2101 1148 2171 culpis
1172 2116 1232 2156 se
1254 2101 1543 2171 deliquisse
1568 2109 1919 2174 cognoscunt,

345 2192 577 2262 primum
610 2205 705 2246 eos
736 2198 987 2261 optamus
1030 2190 1249 2261 Regulae
1283 2190 1419 2247 colla
1457 2192 1777 2247 submittere
1821 2193 1922 2248 sub

347 2280 729 2350 probatissimo
775 2279 990 2345 abbate,
1035 2280 1089 2334 in
1136 2280 1466 2336 monasterio
1515 2281 1814 2347 desudare,
1866 2290 1922 2338 et

348 2378 536 2426 cuncta
582 2378 847 2426 retroacta
887 2381 1108 2441 peccata
1150 2380 1404 2441 tanquam
1440 2379 1671 2441 aegrotos
1714 2372 1922 2428 medico

345 2461 573 2533 spiritali
606 2461 803 2518 seniori
841 2461 1189 2518 manifestare
1210 2503 1225 2528 ,
1253 2471 1309 2517 et
1333 2463 1474 2518 sicut
1497 2463 1706 2533 publice
1731 2478 1922 2533 pecca—

344 2560 571 2618 verunt,
612 2550 827 2623 publice
856 2553 1150 2622 ptenitere,
1185 2559 1240 2607 et
1274 2551 1585 2621 paenitenda
1624 2552 1768 2608 ultro
1810 2568 1916 2609 non

345 2643 720 2698 committere:
761 2641 1008 2696 timorem
1039 2641 1107 2697 de
1141 2641 1436 2712 supplicio,
1465 2656 1707 2697 amorem
1732 2643 1799 2697 de
1835 2657 1922 2698 re-

345 2748 471 2805 gno,
504 2748 651 2804 spem
674 2733 742 2788 de
771 2727 1137 2789 misericordia
1168 2733 1389 2798 habere,
1427 2741 1482 2788 et
1515 2748 1792 2803 nunquam
1820 2734 1918 2789 de-

345 2839 582 2895 sperare,
616 2822 636 2863 f
670 2823 794 2892 quia
821 2823 873 2878 in
902 2824 1091 2878 ultimo
1111 2832 1195 2879 est
1214 2831 1455 2879 extrema
1476 2825 1599 2879 vitae
1618 2823 1920 2893 justiticare

346 2922 440 2968 aut
466 2913 838 2970 condemnare.
875 2913 1147 2984 Scriptum
1171 2921 1257 2969 est
1291 2913 1475 2968 enim:
1515 2912 1636 2983 Ipse
1654 2913 1917 2985 judicabit

2021 1733 2252 1804 Liquido
2291 1750 2421 1807 ergo
2455 1739 2830 1807 cognoscimus
2857 1738 3172 1808 publicanos
3199 1748 3253 1793 et
3283 1750 3597 1810 peccatores

2021 1825 2170 1880 nullo
2205 1829 2544 1896 praecedente
2585 1830 2810 1894 merito,
2855 1830 2947 1899 qui
2989 1829 3153 1884 futuri
3192 1846 3289 1901 per
3327 1833 3594 1899 justitiam

2021 1927 2177 1972 erant
2213 1917 2538 1984 damnandi,
2587 1920 2817 1991 gratuita
2857 1920 3205 1976 miseratione
3245 1937 3343 1992 per
3378 1924 3596 1979 brevem

2019 2009 2392 2080 paenitentiam
2422 2025 2542 2066 esse
2556 2011 2888 2081 redemptos.
2922 2010 3027 2067 Sed
3055 2027 3163 2067 non
3192 2017 3275 2069 es't
3304 2015 3357 2069 in
3384 2015 3466 2071 eis
3488 2021 3594 2070 tam

2024 2096 2421 2153 consideranda
2444 2114 2695 2155 mensura
2730 2100 2987 2171 temporis
3015 2115 3176 2171 quam
3213 2103 3429 2159 doloris.
3459 2106 3600 2177 Agat

2018 2201 2150 2257 ergo
2198 2189 2567 2259 unusquisque
2611 2190 2828 2261 dignam
2879 2192 3251 2262 paenitentiam
3302 2197 3597 2252 secundum

2020 2280 2305 2350 qualitates
2334 2281 2634 2351 culparum,
2669 2292 2729 2337 ut
2751 2283 2872 2353 quis
2901 2286 2926 2323 8
2952 2284 3006 2338 in
3037 2300 3145 2355 quo
3169 2284 3366 2342 delicto
3394 2302 3452 2344 se
3477 2303 3599 2343 esse

2019 2372 2297 2443 cognoscit
2325 2387 2498 2438 reum,
2525 2374 2591 2428 de
2619 2388 2685 2429 eo
2720 2374 2915 2429 delicto
2942 2390 3164 2431 necesse
3195 2385 3279 2432 est
3306 2379 3598 2435 observare

2018 2461 2252 2530 primum
2280 2462 2572 2516 secundum
2611 2461 2854 2517 instituta
2889 2478 3189 2530 canonum,
3215 2467 3242 2507 ιι
3269 2466 3326 2521 ln
3356 2467 3472 2538 lege
3500 2470 3596 2534 ha-

2019 2550 2181 2605 betur
2215 2560 2277 2605 ut
2316 2553 2439 2621 quis
2475 2552 2561 2607 cui
2601 2561 2860 2622 quantum
2891 2553 3138 2609 intulerit
3173 2557 3459 2622 damnum,
3503 2569 3600 2613 aut

2019 2641 2210 2697 fecerit
2229 2643 2451 2707 caedem,
2480 2650 2573 2697 aut
2593 2644 2945 2698 commoverit
2976 2643 3236 2700 ultionem
3257 2685 3273 2711 ,
3291 2644 3491 2713 iudicis
3514 2648 3598 2703 di-

2018 2731 2250 2787 rimatur
2276 2731 2514 2800 judicio,
2557 2741 2613 2787 et
2656 2733 2720 2788 de
2760 2734 3147 2790 numerositate
3189 2734 3482 2791 solidorum
3526 2738 3597 2793 ad

2019 2837 2174 2877 suum
2199 2823 2489 2877 reducatur
2508 2821 2822 2878 arbitrium:
2847 2836 2915 2877 ne
2941 2820 3171 2879 fortasse
3192 2839 3420 2894 persona
3442 2825 3566 2880 dam
3580 2856 3595 2868 ο

2019 2920 2112 2966 net
2135 2927 2486 2984 oppressum,
2528 2922 2585 2969 et
2625 2914 2716 2982 qui
2752 2913 2909 2985 legali
2951 2929 3182 2970 censura
3221 2917 3590 2975 centenarium

345 3012 573 3057 extrema
603 3011 777 3057 teme.
810 2983 1255 3072 Unumquemque
1280 3001 1539 3058 Dominus
1581 3002 1636 3057 in
1657 2983 1780 3058 Ptine
1821 3012 1916 3058 aut
1942 2983 1986 3046 Ο
2018 2983 2251 3060 habebat
2278 3005 2556 3061 incurrere
2581 2983 2856 3073 damnum,
2899 3005 3111 3061 tertiam
3143 3007 3368 3063 reddat:
3405 3010 3420 3049 ί
3450 3010 3594 3078 quod

417 3145 442 3173 ιι
480 3132 543 3185 In
568 3132 1040 3203 eumdentjocum,
1085 3133 1177 3203 ubi
1217 3133 1420 3203 ingredi
1462 3149 1517 3186 se
1563 3132 1686 3203 petit
1733 3150 1917 3188 monu-

345 3203 578 3282 sterium.
608 3202 770 3272 Lege,
799 3201 865 3256 In
890 3203 1092 3270 eodem,
1121 3202 1209 3257 ubi
1236 3201 1436 3274 ingredi
1464 3219 1519 3257 se
1550 3201 1709 3273 petit,
1737 3220 1918 3258 mona-

345 3285 520 3326 διυηο.

421 3343 445 3380 b
474 3340 625 3413 Quod
654 3341 920 3413 probatus.
954 3341 1454 3413 Vocabulumiquod
1480 3340 1761 3413 reduudat.

419 3422 441 3449 ε
475 3410 539 3532 Ιίι
563 3410 760 3480 plumbi
782 3411 977 3465 lamina
997 3452 1010 3476 ,
1050 3421 1154 3468 ctc.
1185 3412 1260 3467 Ex
1289 3410 1490 3483 Regula
1515 3411 1571 3466 S.
1605 3410 1912 3479 Benedicti,

419 3496 465 3532 ι).
538 3518 552 3532 .

345 3500 465 3535 (σω).
508 3500 552 3533 Ι.

415 3496 738 3621 ἓἸέίραειρ.
764 3549 989 3621 Videtur
1031 3549 1343 3621 legendum,
1393 3550 1448 3621 in
1481 3548 1716 3621 pittacia.
1744 3549 1918 3621 Pitta-

347 3621 512 3681 cium,
539 3634 632 3673 seu
662 3619 968 3688 pictacium,
1001 3619 1317 3684 est‘brevis,
1356 3619 1580 3681 tabella,
1608 3620 1911 3675 matricula.

346 3690 549 3743 Glossae
577 3699 823 3757 veteres:
853 3690 1130 3751 πιττάκων,
1162 3689 1461 3757 pittacium,
1494 3688 1676 3741 brevis.
1714 3689 1917 3744 Glossae

346 3759 536 3813 lsidori
563 3777 576 3811 :
624 3755 929 3821 Pittacium,
966 3755 1182 3825 epistola
1211 3757 1372 3811 brevis
1396 3767 1442 3810 et
1465 3757 1691 3811 modica.

422 3840 446 3867 ε
478 3828 582 3893 Qui
610 3825 932 3896 gravioribus
971 3827 1167 3897 culpis,
1213 3835 1319 3881 etc.
1361 3826 1476 3897 Non
1516 3827 1675 3897 modo
1699 3828 1914 3897 quales-

347 3912 559 3966 cunque
581 3905 911 3967 peccatores,
950 3897 1046 3967 scd
1067 3896 1231 3967 etiam
1272 3897 1308 3967 ii
1349 3896 1440 3967 qui
1469 3896 1772 3967 graviorum
1800 3914 1917 3955 sce-

349 3964 518 4021 lerum
545 3964 870 4021 conscientia
901 3964 1262 4030 stimulantur,
1297 3964 1767 4021 in'mouasterium
1816 3969 1913 4024 ad-

349 4036 596 4092 mittendi
625 4042 768 4106 sunt,
786 4035 843 4106 si
874 4049 984 4106 non
1003 4035 1250 4106 simulata
1275 4044 1579 4106 erratorum
1598 4038 1915 4106 pmnitentia

348 4107 637 4178 ducuntur.
671 4104 919 4178 Christus
940 4104 1167 4178 clamat:
1194 4104 1371 4178 Venite
1394 4105 1466 4178 ad
1495 4104 1801 4178 me,‘o_mnes
1826 4108 1917 4178 qui

348 4175 598 4229 laboratis
618 4182 666 4244 et
689 4175 889 4244 onerati
911 4175 1053 4237 estis,
1076 4184 1123 4227 et
1143 4190 1235 4244 ego
1261 4174 1490 4244 reﬁciant
1516 4191 1620 4229 vos.
1647 4174 1919 4232 Laboran-

350 4254 431 4300 tes
470 4250 595 4299 sunt
628 4243 665 4297 ii
699 4243 791 4312 qui
822 4243 1185 4299 mediocribus
1207 4245 1349 4300 vitiis
1378 4243 1557 4299 afl‘ecti
1586 4255 1750 4312 sunt;
1786 4262 1916 4303 oue—

348 4314 474 4377 rati,
513 4313 604 4383 qui
635 4313 897 4368 scelerum
914 4328 960 4435 ἃ

348 4385 450 4435 sub
481 4382 623 4435 fasce
647 4390 886 4435 aemunt.

348 4385 450 4439 sub
481 4382 623 4438 fasce
647 4390 886 4453 gemunt.
914 4382 1031 4453 Non
1057 4382 1412 4438 obserandum
1443 4392 1527 4439 est
1543 4384 1837 4439 claustrum
1862 4387 1912 4442 ei

347 4454 605 4523 cui‘Deus
629 4452 803 4521 aperit
827 4452 1042 4507 caelum.
1078 4453 1323 4509 Christus
1361 4455 1475 4523 ipse
1511 4453 1826 4523 publicanos
1858 4465 1914 4510 et

345 4509 711 4579 coriclamatés
752 4529 1067 4592 peccatores
1104 4525 1170 4577 ad
1198 4538 1257 4578 se
1296 4509 1527 4578 vocavit:
1565 4522 1623 4577 ln
1666 4509 1916 4579 Historiis

346 4593 729 4662 ecclesiasticis
752 4590 807 4646 et
838 4592 972 4647 Vitis
1008 4590 1225 4645 Patrum
1262 4591 1487 4662 legimus
1514 4591 1822 4662 profligatos
1859 4604 1915 4649 et

346 4662 587 4730 perditos
613 4661 876 4731 homines,
923 4662 1186 4731 immanes
1214 4661 1511 4731 parricidas
1553 4669 1608 4715 et
1641 4661 1912 4730 latrones,

347 4728 401 4785 et
428 4730 743 4800 proscripta:
772 4730 1025 4800 libidinis
1052 4728 1234 4800 lupas,
1277 4730 1343 4783 ad
1382 4728 1655 4784 Christum
1699 4728 1915 4787 tandem

348 4798 985 4870 conversos‘ptenitentim
1009 4798 1275 4870 beneﬁcio
1306 4800 1359 4852 in
1395 4800 1766 4870 sanctissimos
1790 4814 1915 4856 eva-

348 4872 505 4940 sisse.
538 4868 601 4922 Hi
633 4867 758 4940 sunt
783 4868 1020 4940 thesauri
1045 4868 1321 4940 bonitatis,
1351 4867 1623 4940 patientia:
1649 4878 1703 4924 et
1730 4869 1914 4940 longa-

348 4938 611 4993 nimitatis
636 4939 751 5004 Dei,
774 4941 865 5008 qui
888 4939 1037 4992 dives
1058 4938 1110 4991 in
1132 4952 1320 5008 omnes
1340 4935 1431 5006 qui
1458 4935 1709 5008 invocant
1732 4935 1878 4993 illum
1894 4979 1910 5005 ,

350 5007 502 5077 cujus
520 5021 728 5077 manus
752 5005 857 5062 non
887 5016 969 5063 est
999 5006 1310 5062 abbreviata
1334 5005 1368 5070 ,’
1389 5005 1543 5075 cujus
1586 5022 1719 5077 cpns
1747 5009 1913 5062 mise-

352 5076 612 5137 ricordia,
644 5078 800 5147 cujus
827 5091 960 5132 sane
998 5091 1105 5147 non
1148 5083 1231 5131 est
1260 5089 1554 5147 numerus:
1595 5076 1719 5130 nam
1750 5080 1914 5147 mise-

351 5147 588 5202 rationes
609 5143 729 5214 ejus
749 5161 910 5215 super
933 5146 1112 5200 omnia
1134 5160 1295 5214 opera
1315 5143 1448 5211 ejus.
1474 5143 1913 5201 Przestantissimi

350 5224 440 5287 est
463 5215 654 5287 medici
696 5215 997 5287 deploratos
1030 5229 1221 5287 curare
1255 5215 1500 5287 _morbos,
1539 5215 1913 5269 humanissimi

349 5281 646 5339 Salvatoris
665 5299 733 5339 ex
761 5281 974 5339 sentina
1015 5292 1070 5338 et
1108 5282 1355 5354 pollubro
1394 5285 1647 5338 vitiorum
1674 5293 1918 5354 peccato-

348 5368 441 5413 res
467 5355 785 5418 extrahere;
816 5353 1331 5423 magnificentissimi
1372 5354 1513 5423 regis
1542 5361 1627 5407 est
1655 5353 1919 5408 suscitare

349 5423 418 5475 de.
445 5430 588 5477 terra
609 5423 840 5493 inopem,
864 5422 1011 5478 etde
1032 5430 1272 5477 stercore
1294 5424 1503 5543 erigere
1523 5438 1832 5492 pauperem,
1857 5431 1919 5476 ut

350 5491 573 5543 collucet
591 5507 715 5543 eum
736 5508 857 5543 cum
878 5492 1210 5543 nrincinibns
1232 5506 1372 5543 nonn
1398 5494 1413 5543 i
1440 5494 1541 5543 sui.
1574 5512 1590 5543 σ
1613 5500 1786 5543 Uuare
1810 5507 1916 5543 non

350 5491 573 5563 collucet
591 5491 715 5547 cum
736 5508 857 5547 cum
878 5492 1210 5563 principibus
1226 5491 1413 5563 populi
1440 5491 1541 5546 sui.
1574 5512 1590 5543 σ
1613 5500 1916 5563 Quarenon

353 5570 433 5615 cst
461 5562 848 5631 desperandum
882 5561 958 5616 'de
995 5562 1166 5615 malis.
1219 5561 1323 5615 Sed
1361 5575 1458 5630 pro
1493 5563 1649 5632 ipsis,
1693 5570 1750 5615 ut
1792 5561 1918 5615 boni

2016 3133 2168 3197 ﬁant,
2206 3132 2499 3203 studiosius
2539 3131 2966 3203 supplicandum,
3000 3133 3128 3202 quia
3171 3148 3431 3190 numerus
3466 3150 3590 3190 san-

2015 3211 2242 3274 ctarumg
2257 3202 2324 3274 de
2352 3218 2580 3258 numero
2606 3202 2930 3274 semperest
2959 3214 3150 3258 auctus
3178 3204 3467 3274 impiorum
3494 3245 3509 3269 ,
3564 3225 3583 3257 ι

2015 3271 2190 3341 inquit
2211 3271 2268 3327 S.
2292 3272 2526 3342 Prosper
2547 3280 2685 3344 seut.
2721 3271 2840 3327 184.
2863 3272 2948 3344 _Ne
2980 3288 3105 3344 vero
3130 3271 3440 3344 propudiosi
3467 3291 3592 3344 pec-

2015 3351 2267 3412 catorum
2281 3341 2459 3395 mores
2491 3342 2794 3412 religiosam
2823 3341 2991 3412 vitam
3027 3343 3109 3396 vel
3134 3341 3345 3396 leviter
3390 3341 3591 3399 labefa-

2015 3420 2167 3466 ctare
2188 3410 2422 3474 valeant,
2457 3410 2611 3464 circa'
2628 3425 2816 3463 eorum
2848 3411 3027 3479 studia
3056 3413 3146 3479 qui
3175 3412 3479 3479 religiosam
3511 3415 3592 3467 vi-

2018 3452 2128 3534 ἶεῖιὶί
2137 3452 2426 3549 ᾌὶῖῥέἷιίἶί
2440 3452 2620 3549 ,ᾜεὲξ
2630 3452 2834 3532 “signa
2849 3452 3586 3536 ”ὲῖ“’ἰὶιιὲἰίἱυῖ’ἑ›⁰ήξὲἷῦἔιιίῑᾷ

2014 3547 2316 3621 interr-I10
2363 3547 2548 3617 Begul.
2600 3547 2770 3603 fusius
2813 3548 3207 3616 disputatarum
3242 3548 3353 3621 :__Hi
3405 3552 3496 3621 qui
3534 3552 3588 3607 in

2015 3619 2213 3689 saaculo
2240 3620 2405 3689 vitam
2446 3626 2697 3689 sanctam
2742 3625 2985 3689 egerunt,
3017 3628 3142 3673 sunt
3185 3618 3437 3689 religioni
3472 3635 3587 3674 ma-

2014 3688 2415 3762 xime_idonei._
2441 3687 2508 3741 lli
2550 3700 2676 3741 vero
2721 3689 2814 3762 qui
2854 3687 2923 3762 in_
2951 3689 3205 3762 vitiorum
3251 3687 3585 3762 si‘tu_et>p:e-

2015 3758 2145 3814 dore
2178 3757 2418 3813 immersi
2444 3764 2625 3829 erant,
2661 3765 2717 3811 et
2760 3757 2795 3811 ii
2837 3758 2927 3829 qui
2969 3758 3199 3813 mediam
3222 3757 3375 3829 quasi
3419 3757 3587 3813 vitam

2014 3829 2158 3884 inter
2191 3830 2393 3884 bonum
2427 3836 2483 3882 et
2524 3826 2722 3882 malum
2752 3828 3025 3891 tenebant,
3061 3838 3187 3883 sunt
3227 3826 3442 3897 quidem
3472 3844 3592 3883 sus-

2015 3898 2284 3968 cipiendi;
2339 3899 2432 3953 sed
2475 3898 2789 3968 explorandi
2838 3912 3038 3968 eorum
3076 3913 3285 3968 morum
3336 3905 3389 3950 et
3441 3898 3592 3968 inge-

2015 3966 2124 4033 nia,
2155 3984 2223 4023 an
2266 3968 2483 4023 levitate
2519 3966 2752 4038 quadam
2797 3967 2963 4038 animi
3014 3966 3172 4022 facile
3211 3968 3264 4021 in
3310 3966 3583 4038 contraria

2014 4040 2190 4094 studia
2216 4046 2270 4094 et
2288 4038 2513 4094 consilia
2538 4035 2837 4106 mutentur.
2874 4035 2989 4090 Non
3015 4044 3145 4092 sunt
3170 4046 3349 4091 tamen
3382 4037 3450 4090 ab
3474 4037 3590 4106 ipso

2013 4108 2198 4164 limine
2225 4108 2569 4177 desperandi,
2586 4108 2711 4176 quia
2737 4104 2882 4161 nulla
2902 4115 2985 4161 est
3010 4114 3118 4161 tam
3150 4108 3448 4162 inveterata
3470 4104 3591 4175 pec-

2015 4178 2172 4248 candi
2219 4178 2548 4233 consuetudo
2591 4190 2713 4247 quae
2755 4177 2848 4231 Dei
2893 4177 3061 4248 gratia
3106 4184 3180 4248 et_
3199 4177 3391 4248 timore
3428 4185 3591 4245 atque

2013 4246 2217 4303 laboris
2251 4248 2571 4302 assiduitate
2612 4246 2717 4302 non
2746 4246 3115 4316 perviiicatur.
3154 4246 3457 4316 Periculum
3506 4257 3590 4301 est

962 4313 1160 4369 ondere
1183 4325 1528 4383 premuntur,
1563 4322 1617 4369 et
1645 4314 1912 4371 incurvati
1937 4321 1992 4382 D
2017 4317 2322 4372 faciendum
2369 4331 2463 4372 eos
2501 4313 2803 4373 exercendo
2847 4315 3151 4370 durioribus
3190 4314 3481 4370 laboribus.
3530 4316 3589 4370 Si

2015 4388 2146 4458 quid
2171 4388 2345 4458 inesse
2376 4388 2430 4442 in
2472 4387 2558 4458 eis,
2586 4386 2902 4458 constantia:
2945 4384 3452 4458 animadvertimus,
3496 4386 3592 4458 ad-_

2018 4454 2265 4512 mittendi
2305 4465 2466 4522 sunt;
2520 4457 2603 4511 sin
2650 4456 2866 4518 minus,
2919 4454 3268 4521 repudiandi:
3303 4468 3372 4508 ne
3408 4455 3589 4508 caeteri

2022 4524 2219 4598 fratres
2262 4540 2447 4581 eorum
2484 4524 2803 4598 contagione
2845 4532 2901 4577 et
2943 4522 3218 4593 porrigine
3262 4523 3589 4592 coinquinati

2018 4597 2421 4651 contabescant.

2096 4664 2118 4703 ι
2150 4663 2288 4729 Quia
2316 4663 2371 4717 in
2401 4662 2582 4716 ultimo
2609 4669 2706 4730 est.
2735 4659 2898 4730 Lege,
2934 4660 3058 4730 quia
3086 4661 3141 4714 in
3168 4660 3420 4715 altissimo
3445 4671 3540 4715 est.

2095 4735 2121 4773 8
2155 4731 2220 4814 Ut
2251 4734 2375 4814 quis
2406 4734 2461 4785 in
2489 4729 2848 4814 (μιοείίειίεξοξ3
2884 4737 2989 4814 etc.
3022 4729 3229 4814 ldo‘est,
3270 4732 3346 4814 in.
3371 4746 3585 4814 reorum

2019 4798 2394 4858 emendatione
2417 4798 2710 4855 secundum
2746 4798 2923 4854 delicti
2952 4798 3267 4867 qualitatem
3296 4801 3588 4855 observan-

2019 4872 2145 4927 dum
2168 4880 2253 4925 est
2275 4871 2403 4939 quid
2432 4876 2674 4925 statuant
2706 4882 2962 4939 canones.

2088 4941 2118 4981 ιι
2148 4939 2216 4994 1η
2240 4934 2348 5010 lege
2376 4939 2616 5010 habetur,
2637 4945 2745 4992 etc.
2781 4936 2985 4991 Sensus
3019 4943 3134 5010 est:
3160 4934 3217 4991 Si
3242 4936 3365 5005 quis
3390 4936 3460 4991 ob
3484 4952 3589 4992 cte-

2017 5010 2140 5065 dem
2167 5025 2262 5064 seu
2278 5005 2691 5079 percussionem
2719 5014 2933 5079 centum
2969 5005 3167 5079 solidos
3191 5020 3514 5079 componere
3533 5019 3588 5062 et

2018 5079 2228 5133 solvere
2256 5072 2469 5141 debeat,
2490 5076 2774 5131 clementia
2797 5083 2976 5130 tamen
3000 5072 3197 5141 iudicis
3220 5072 3433 5129 tertiam
3458 5077 3590 5131 dun-

2020 5156 2168 5203 taxat
2191 5155 2400 5217 partem
2426 5146 2635 5201 solvere
2659 5152 2883 5217 cogetur
2909 5163 2921 5198 :
2950 5143 3101 5217 _sic_ut
3126 5148 3444 5217 cumAmulta
3460 5146 3585 5217 Deo

2012 5212 2338 5279 debeamus,
2368 5218 2504 5285 ipse
2558 5212 2751 5269 tamen'
2790 5212 3062 5285 singulari
3102 5228 3219 5285 sua
3256 5214 3587 5270 humanitate

2014 5301 2180 5355 parva
2221 5282 2587 5341 satisfactione
2623 5298 2723 5354 pro
2749 5291 2828 5339 tot
2850 5282 2907 5339 et
2934 5282 3097 5338 tantis
3121 5283 3330 5338 delictis
3362 5299 3588 5340 contnu-

2015 5364 2101 5410 lUS
2128 5368 2230 5411 est.

2093 5428 2109 5466 ί
2132 5424 2283 5502 Quod
2311 5425 2373 5502 de
2398 5422 2573 5477 liberis
2599 5423 2911 5479 continetur.
2944 5421 3000 5476 Id
3022 5428 3123 5490 est,
3140 5421 3349 5491 quodin
3381 5422 3496 5502 lege
3518 5439 3584 5480 aa

2018 5495 2203 5551 liberis
2229 5494 2556 5550 continetur.
