3948 6182
337 174 356 228 l
368 170 473 229 283

1319 162 1375 218 S.
1414 160 1770 219 BENEDICTI
1810 160 2101 215 ABBATIS
2136 154 2547 213 ANIANENSIS

3464 158 3607 214 1285

334 287 402 341 de
426 284 614 339 liberis
651 280 975 337 continetur.
1010 278 1166 333 Certe
1196 292 1292 331 nos
1328 292 1450 332 cum
1498 291 1741 332 essemus
1767 276 1907 330 servi
1938 279 1989 336 Α
2016 282 2183 329 tatem
2210 286 2648 343 unumquemque
2676 273 2863 329 venire
2884 286 3275 343 cognoscamus
3309 275 3377 329 ad
3420 293 3615 333 venit“

334 375 566 448 peccati,
607 375 719 429 Deo
762 373 1054 427 miserante
1082 377 1137 425 et
1160 369 1307 423 nullo
1338 379 1524 424 nostro
1555 370 1749 424 merito
1775 383 1914 438 prae-

336 466 580 528 cedente,
607 463 762 517 liberi
789 460 911 515 facti
941 475 1128 515 sumus
1148 458 1394 528 justitire,
1426 468 1482 513 et
1507 459 1573 512 de
1608 460 1919 513 innumero-

337 557 497 611 sitate
523 553 892 623 peccaminum
919 552 972 604 in
994 550 1486 605 misericordissimi
1503 547 1703 617 judicis
1722 550 1919 619 pendet

338 647 563 702 arbitrio
606 645 774 700 nostri
816 643 1024 714 peccati
1062 643 1339 696 debitum:
1384 649 1439 695 et
1478 656 1577 711 pro
1623 643 1919 697 centesimo

338 737 574 807 pondere.
603 742 949 805 peccatorum
981 732 1284 801 iniquitatis
1311 743 1336 771 α
1362 730 1739 801 cognoscimus
1760 737 1921 795 appo-

337 840 467 881 nere
492 826 751 887 villicum,
778 824 870 893 qui
899 824 967 878 de
990 831 1208 877 centum
1250 821 1398 875 cadis
1430 820 1534 875 olei
1572 819 1882 889 octingenta
1903 856 1918 880 ,

339 917 406 972 de
452 925 670 971 centum
722 915 866 969 coris
918 913 1085 967 tritici
1143 911 1533 981 quinquaginta
1582 910 1920 964 decurtatum

339 1010 590 1081 quaesivit
612 1008 872 1069 debitum,
906 1005 1087 1060 statim
1121 1019 1180 1058 se
1214 1004 1466 1073 cognovit
1507 1018 1537 1056 a
1573 1000 1792 1070 proprio
1820 998 1922 1051 Do-

338 1101 488 1155 mino
517 1114 637 1154 esse
657 1099 933 1151 laudatum
968 1095 1118 1168 (Luc.
1152 1097 1288 1167 xvi).
1327 1094 1404 1148 lta
1441 1093 1683 1162 plerique
1713 1097 1839 1145 sunt
1867 1089 1921 1143 in

342 1189 670 1245 monasteria
698 1188 948 1258 ingressi,
985 1187 1077 1254 qui
1118 1187 1187 1239 ob
1224 1184 1614 1238 immanitatem
1655 1180 1920 1236 scelerum

342 1283 372 1322 ι’
395 1288 747 1336 excesserunt
787 1292 1071 1333 numerum
1101 1292 1206 1345 quo
1241 1275 1415 1330 sancti
1456 1288 1689 1329 canones
1722 1282 1744 1311 ο
1775 1271 1922 1326 foras

343 1371 587 1425 ecclesiae
612 1383 770 1439 agere
799 1367 1169 1438 paenitentiam
1201 1370 1547 1429 censuerunt,
1577 1361 1605 1402 ἀ
1641 1371 1694 1417 et
1718 1360 1823 1415 nisi
1867 1360 1923 1414 in

342 1463 450 1518 ﬁne
480 1465 604 1518 vita:
648 1462 1080 1518 communionem
1126 1460 1403 1529 percipere
1430 1464 1780 1529 negaverunt.
1814 1455 1922 1510 Nos

343 1563 523 1609 tamen
545 1552 915 1608 misericordia
938 1551 1151 1605 Domini
1176 1559 1427 1619 cooperta
1449 1548 1819 1618 pusillanimes
1841 1562 1926 1601 su—

2017 366 2327 419 mewm.

2213 452 2424 525 §XVll.
2452 453 2530 508 Ex
2559 453 2778 509 Rasum
2809 454 3149 513 Tunnmsr
3174 456 3316 530 (cap.
3348 457 3430 531 5).

2089 542 2146 599 Si
2175 545 2298 613 quis
2328 543 2451 599 ﬁdei
2480 545 2679 600 ardore
2715 561 3011 603 succensus
3055 550 3377 606 renuntians
3414 551 3623 607 saeculo

2017 634 2407 688 monasterium
2452 631 2467 683 i
2518 649 2728 704 magna:
2764 636 3134 705 dispositionis
3176 640 3408 711 elegerit
3451 657 3623 711 expe-

2019 724 2273 788 tendum,
2314 738 2423 779 non
2453 724 2740 780 confestim
2784 726 3004 781 licentia
3039 729 3309 785 tribuatur
3335 731 3619 797 intrandi,

2020 814 2113 869 sed
2143 814 2376 883 primum
2407 814 2703 870 studiosius
2746 817 3036 888 indagetnr
3056 827 3236 876 utrum
3265 822 3620 890 voluntarie,

2020 919 2088 957 an
2112 905 2437 959 necessitate
2464 904 2643 975 aliqua
2672 915 2898 963 coactus
2923 908 3223 976 advenerit,
3252 918 3353 966 ant
3386 911 3440 967 si
3469 913 3621 967 nulla

2021 994 2299 1049 servitutis
2341 995 2651 1050 conditione
2690 995 2959 1052 obnoxius
2988 1005 3253 1054 teneatur.
3298 1000 3464 1068 Quod
3495 1019 3620 1058 cum

2021 1085 2087 1137 ad
2114 1084 2325 1139 abbatis
2352 1085 2600 1139 notitiam
2630 1087 2921 1156 praeposito
2944 1090 3225 1146 nuntiante
3260 1097 3619 1162 pervenerit,

2021 1174 2115 1227 uni
2163 1173 2231 1227 de
2271 1173 2577 1229 senioribus
2615 1176 2904 1245 deputatus
2934 1180 3119 1233 tandiu
3152 1179 3420 1249 jubeatur
3456 1186 3622 1238 adve-

2020 1263 2294 1318 nientibus
2321 1263 2616 1328 deservire,
2645 1279 2926 1335 quousque
2955 1268 3168 1323 devotio
3190 1269 3308 1337 ejus
3331 1269 3503 1326 fuerit
3532 1290 3623 1343 pa-

2022 1353 2210 1407 tientia
2246 1363 2385 1408 teste
2412 1362 2731 1409 monstrata.
2761 1355 2939 1426 Atque
2961 1366 3023 1412 ut
3051 1358 3378 1416 informetur
3402 1365 3624 1435 regula-

2021 1445 2172 1501 ribus
2212 1445 2540 1516 disciplinis,
2577 1454 2632 1501 et
2667 1462 2787 1516 quae
2827 1446 3010 1504 facere
3050 1450 3272 1518 debeat,
3305 1454 3626 1523 quibusque

2023 1551 2147 1590 eum
2183 1537 2468 1590 conveniat
2505 1537 2745 1602 servire,
2776 1549 3104 1609 cognoscat;
3142 1541 3400 1611 deinceps
3436 1547 3627 1599 omnis

344 1661 466 1700 mus
491 1643 785 1709 consolati,
828 1657 895 1697 ne
932 1642 1082 1712 gravi
1129 1641 1348 1695 tristitia
1392 1640 1654 1695 coarctati
1698 1644 1922 1708 pereant
1950 1631 1997 1690 B
2026 1628 2224 1698 regulce
2266 1629 2578 1684 constitutio
2610 1629 2911 1700 relegatur,
2953 1639 3009 1685 et
3050 1630 3118 1685 ad
3153 1634 3623 1703 comprobandam

344 1736 645 1806 desperati,
678 1735 745 1789 de
777 1733 1119 1788 multitudine
1162 1746 1426 1786 annorum
1471 1732 1537 1785 ad
1568 1731 1786 1784 brevem
1839 1742 1924 1781 re-

347 1829 615 1883 currimus
646 1839 950 1890 numerum,
970 1831 1024 1877 et
1049 1823 1156 1877 cito
1180 1822 1609 1885 reconciliamus,
1630 1834 1791 1889 quam
1815 1818 1923 1873 cito

346 1932 467 1971 eum
496 1915 902 1984 cognoverimus
939 1913 990 1966 in
1022 1912 1280 1982 patientia
1314 1920 1371 1965 et
1396 1910 1703 1965 humilitate
1732 1907 1922 1962 funda-

345 2016 480 2060 tum.
514 2005 650 2072 Quia
675 2013 729 2058 et
769 2011 895 2057 tunc
934 2002 1174 2056 medicus
1215 2000 1284 2055 ab
1328 2000 1589 2055 incisione
1632 1997 1924 2068 suspendet

346 2104 605 2167 aegrotum
626 2137 639 2160 ,
671 2110 793 2150 cum
826 2109 949 2147 eum
980 2108 1076 2162 per
1113 2091 1472 2146 medicamina
1510 2090 1762 2162 cognovit
1804 2106 1923 2147 esse

345 2189 665 2245 sanandum.
703 2186 864 2241 Cibos
889 2200 1018 2239 vero
1060 2183 1194 2238 tales
1218 2183 1298 2238 eis
1323 2182 1675 2251 prsescribere
1703 2181 1925 2236 manda-

345 2295 486 2345 mus,
514 2280 605 2348 qui
633 2293 733 2333 nec
761 2276 1039 2331 lasciviam
1069 2276 1346 2340 nutriant,
1371 2289 1474 2329 nec
1519 2274 1682 2328 nimis
1726 2288 1925 2343 corpus

345 2369 602 2439 aflligant.
634 2367 839 2422 Carnes
867 2375 1078 2430 tamen,
1106 2366 1336 2419 siceram
1368 2364 1455 2420 vel
1495 2364 1675 2417 vinum
1716 2364 1796 2419 eis
1824 2379 1923 2417 au-

347 2460 490 2515 l‘erre
529 2452 866 2512 mandamus.
898 2456 1050 2524 Quod
1086 2455 1130 2511 si
1159 2470 1259 2526 per
1284 2455 1686 2519 inﬁrmitatem,
1723 2461 1817 2509 aut
1845 2455 1927 2508 ni-

347 2554 512 2608 miam
544 2560 903 2616 senectutem,
921 2557 1012 2604 aut
1032 2559 1177 2605 certe
1201 2548 1431 2618 aliquam
1458 2548 1834 2603 necessitatem
1858 2562 1927 2602 ex

344 2644 431 2699 bis
458 2642 795 2698 imbecillitas
825 2639 1074 2711 patuerit,
1102 2639 1157 2694 in
1187 2639 1414 2694 arbitrio
1439 2646 1494 2694 et
1518 2645 1786 2709 potestate
1812 2651 1927 2691 ma-

339 2736 518 2806 jorum
541 2735 809 2804 ponimus.
827 2732 1220 2788 Vestimentum
1241 2745 1371 2786 vero
1393 2730 1664 2786 cilicinum
1685 2728 1926 2801 praebere

338 2822 590 2892 jubemus
619 2821 848 2891 qualiter
870 2835 965 2890 per
1000 2820 1052 2874 id
1080 2819 1387 2889 compuncti
1421 2830 1445 2858 ο
1476 2832 1574 2889 per
1593 2819 1775 2873 haedos
1799 2834 1829 2872 a
1860 2818 1927 2873 si—

346 2915 535 2969 nistris
571 2926 793 2967 suorum
837 2926 1050 2980 semper
1086 2910 1502 2965 reminiscantur
1527 2908 1919 2979 peccaminum.

2023 1717 2386 1772 obedientiam
2416 1718 2532 1788 ejus
2563 1720 2696 1773 dura
2743 1720 2791 1773 ei
2834 1728 2891 1775 et
2933 1735 3126 1790 aspera
3158 1732 3429 1792 prmeepta
3460 1739 3625 1778 man-

2023 1807 2240 1873 dentur,
2274 1807 2409 1862 nihil
2452 1807 2508 1861 in
2546 1817 2814 1878 potestate
2840 1811 2904 1865 de
2941 1812 3028 1866 his
3064 1827 3183 1881 qua:
3209 1827 3395 1868 secum
3428 1814 3624 1869 attulit

2022 1898 2324 1953 habiturus.
2364 1897 2469 1953 Sed
2495 1899 2541 1953 si
2569 1897 2685 1968 ejus
2711 1908 2898 1955 votum
2941 1900 3047 1955 tale
3083 1910 3169 1956 est
3194 1910 3252 1955 ut
3272 1912 3395 1973 quae
3424 1919 3625 1958 mona-

2023 1989 2172 2045 sterii
2200 1990 2387 2044 usibus
2406 1989 2655 2045 conferre
2693 1992 2997 2059 desideret,
3027 1992 3352 2049 oblationem
3393 1993 3518 2063 ejus
3548 1999 3622 2051 ad

2024 2081 2293 2152 integrum
2339 2082 2551 2138 devotio
2593 2085 2807 2138 sincera
2853 2086 3231 2142 commendet:
3280 2096 3337 2142 et
3374 2088 3401 2127 ι
3449 2105 3623 2159 super

2025 2169 2197 2225 altare
2222 2171 2489 2239 instituat,
2524 2174 2667 2227 unde
2692 2174 2903 2243 reposci
2932 2175 3135 2245 aliquid
3158 2175 3501 2249 sacrilegium
3522 2179 3619 2247 ju-

2024 2258 2251 2314 dicatur.
2278 2259 2335 2314 Si
2364 2275 2557 2331 pecora
2583 2259 2870 2330 cujuslibet
2889 2265 3104 2333 generis
3128 2266 3193 2319 ad
3215 2269 3618 2324 monasterium

2022 2363 2131 2419 quo
2165 2349 2497 2419 migraturus
2530 2352 2836 2418 adduxerit,
2879 2351 2949 2407 ab
2991 2354 3183 2410 abbate
3218 2358 3458 2426 pretimn
3486 2374 3620 2413 con-

2025 2446 2303 2508 sequatur,
2336 2441 2422 2495 eui
2445 2441 2512 2495 de
2537 2442 2723 2496 eodem
2747 2442 2921 2511 pretio
2945 2440 3187 2499 faciendo
3214 2447 3361 2515 quod
3381 2447 3620 2504 voluerit

2023 2543 2130 2584 non
2158 2539 2401 2600 negetur.
2431 2530 2561 2598 Quae
2586 2531 2633 2585 si
2669 2532 2839 2587 abbas
2865 2531 3101 2588 noluerit
3127 2549 3447 2605 comparare
3469 2577 3486 2601 ,
3525 2538 3617 2593 cui

2023 2617 2255 2673 voluerit
2293 2620 2530 2676 vendere
2570 2621 2932 2691 permittatur,
2975 2631 3069 2677 aut
3102 2625 3242 2693 quod
3280 2626 3479 2682 melius
3505 2638 3617 2692 est,

2027 2706 2050 2749 1
2091 2710 2376 2779 prmposita
2424 2710 2781 2766 venundanda
2830 2714 3149 2769 committat.
3191 2715 3436 2773 Pretium
3483 2736 3620 2776 vero

2024 2797 2222 2869 ipsum,
2254 2807 2313 2853 ut
2333 2798 2447 2867 jam
2486 2800 2689 2855 dictum
2713 2810 2829 2867 est,
2862 2813 2901 2841 ω
2929 2804 2998 2858 ab
3035 2819 3100 2859 eo
3135 2805 3220 2859 cui
3247 2821 3339 2860 res
3372 2807 3616 2875 fuerant,

2025 2888 2315 2944 dummodo
2341 2890 2394 2943 in
2420 2890 2536 2959 ejus
2577 2891 2711 2945 nihil
2752 2901 3021 2962 potestate
3059 2895 3313 2951 resideat.
3338 2896 3506 2954 Nefas
3532 2909 3624 2955 est

346 3004 572 3058 Lectum
592 3011 773 3057 tamen
800 2971 1045 3056 sternere
1070 2999 1410 3063 mandamus,
1432 2997 1452 3037 ί
1472 2971 1620 3054 (ιο-νίο
1642 3005 1735 3053 aut
1750 3001 1775 3038 ε
1786 2997 1923 3069 psia—
1950 2971 1994 3034 Ο
2026 2979 2170 3033 enim
2199 2987 2261 3034 υῑ
2278 2980 2370 3050 qui
2398 2981 2700 3051 άεαῖυυκιιη
2722 2982 2882 3054 huius
2904 2984 3085 3040 5330"“
3107 2986 3339 3044 intendi!
3356 2991 3617 3055 evadere.

349 3093 475 3156 the,
520 3091 661 3160 quod
701 3090 889 3144 Latine
915 3090 943 3129 ιι
972 3089 1199 3143 historia
1224 3096 1591 3156 nuncupatur,
1639 3095 1734 3142 aut
1776 3096 1925 3144 certe

345 3182 518 3252 paleis
544 3170 815 3244 tenuibus,
840 3180 886 3232 si
908 3178 981 3233 ibi
1013 3180 1208 3232 horum
1240 3178 1373 3232 nihil
1397 3179 1647 3233 habetur:
1680 3178 1925 3248 exceptis

348 3271 577 3328 infirmis
611 3278 667 3327 et
697 3269 862 3324 nimia
894 3276 1171 3325 senectute
1193 3269 1466 3338 depressis
1492 3286 1504 3321 :
1543 3276 1597 3323 et
1643 3267 1745 3338 ipsi
1775 3268 1924 3324 arbi-

348 3362 453 3416 trio
477 3360 761 3415 foveantur
787 3358 1018 3413 abbatis.
1057 3358 1072 3399 ί
1101 3356 1206 3411 Per
1229 3358 1370 3412 hanc
1394 3372 1557 3427 quam
1581 3373 1743 3428 supra
1770 3364 1927 3412 nota~

346 3450 542 3515 vimus,
573 3447 948 3519 paenitentiam
987 3446 1235 3516 dignam,
1266 3452 1322 3499 et
1365 3461 1472 3501 non
1502 3446 1683 3501 ﬁctam
1710 3446 1928 3501 humili-

418 3594 443 3622 α
471 3577 860 3649 Cognoscimus.
890 3575 1123 3631 Videtur
1152 3576 1341 3631 deesse
1365 3576 1436 3649 fré
1464 3576 1658 3630 minus.

419 3651 446 3691 ιι
482 3646 827 3704 Εαῖεεεεενιιηε
867 3662 1161 3711 numerum,
1206 3654 1311 3701 etc.
1348 3646 1625 3700 Annorum
1657 3646 1923 3702 videlicet.

348 3721 484 3776 Nam
514 3719 641 3774 olim
666 3718 990 3787 poeuitentes
1015 3715 1257 3787 plurimis
1290 3716 1450 3787 annis
1475 3729 1576 3784 pro
1603 3715 1924 3787 delictorum

346 3791 614 3861 gravitate
635 3784 757 3843 ante
785 3786 931 3843 fores
954 3784 1199 3843 ecclesiae
1224 3786 1459 3850 stabant,
1486 3792 1546 3839 ut
1566 3800 1729 3855 supra
1757 3786 1927 3842 adno-

349 3868 651 3989 ““I'ti‘w‘igé
693 3924 942 3980 ecclesiae.
989 3923 1161 3995 Lege,
1205 3923 1274 3979 ad
1306 3923 1461 3995 fores
1497 3922 1749 3979 ecclesitr.
1789 3925 1925 3980 Nam

345 3999 476 4054 olim
526 3997 851 4068 pcenitentes
895 3995 963 4050 ad
1015 3993 1162 4051 fores
1208 3993 1452 4050 ecclesiae
1501 3994 1738 4049 stabant.
1794 3996 1926 4053 Vide

348 4083 545 4188 surgit
574 4134 675 4188 nisi
696 4135 752 4187 in
775 4133 880 4202 fine
904 4132 1042 4196 vitta,
1080 4141 1186 4188 etc.
1217 4132 1295 4188 Ea
1324 4132 1427 4189 fuit
1461 4134 1803 4203 antiquorum
1828 4152 1924 4192 ca-

348 4219 547 4260 nonum
574 4203 864 4266 districtio,
892 4210 951 4256 ut
978 4203 1262 4258 atrocioris
1287 4204 1530 4260 criminis
1555 4205 1633 4258 rei
1666 4205 1721 4258 in
1748 4215 1925 4262 morte

350 4283 557 4330 tantum
603 4273 909 4342 reciperent
956 4273 1421 4337 communionem,
1481 4282 1541 4327 ut
1593 4273 1823 4329 habetur
1865 4276 1920 4331 in

347 4361 500 4401 conc.
530 4343 838 4413 Ancyrano,
868 4357 988 4397 can.
1017 4342 1118 4408 27;
1154 4342 1459 4398 Arelatensi
1484 4358 1501 4398 ι
1523 4382 1538 4408 ,
1569 4358 1692 4399 can.
1731 4344 1831 4411 14,
1861 4354 1917 4401 et

347 4413 618 4470 nonnullis
645 4413 783 4468 aliis.

423 4498 445 4525 θ
476 4482 579 4538 Per
608 4483 786 4537 hn'dos
815 4498 848 4535 a
874 4482 1120 4537 sinistris.
1149 4480 1205 4537 ld
1232 4489 1337 4546 est,
1364 4481 1599 4551 qualiter
1622 4483 1725 4539 hoc
1751 4486 1919 4540 vesti-

347 4562 528 4610 mento
555 4553 790 4617 cilicino,
815 4566 880 4606 ex
909 4553 1032 4621 pilis
1052 4553 1276 4607 hircinis
1304 4551 1571 4617 confecto,
1597 4552 1698 4607 sibi
1723 4554 1776 4608 in
1801 4556 1917 4609 ani-

348 4639 493 4678 mum
518 4623 776 4677 inducant
813 4635 873 4691 se
906 4630 1161 4691 tanquam
1208 4623 1391 4677 haedos
1419 4622 1485 4676 ad
1512 4623 1789 4678 sinistram
1820 4625 1916 4680 Dei

347 4704 503 4761 stare
518 4693 587 4747 ob
614 4701 833 4761 peccata
858 4690 1197 4761 judicandos.

424 4764 442 4802 τ
472 4758 825 4817 CorioJuxta
847 4758 1050 4816 morem
1074 4762 1371 4831 antiquum.
1387 4761 1644 4832 Virgilius
1663 4779 1736 4818 vn
1752 4762 1913 4820 Em:

498 4854 720 4904 Pellibus
740 4854 960 4903 incubuit
980 4856 1158 4915 stratis,
1180 4865 1470 4916 somnosque
1499 4857 1685 4916 petivit.

420 4940 445 4979 8
472 4935 710 5008 Psiatho.
740 4937 797 5008 ld
828 4945 931 5001 est,
962 4946 1151 4991 malta.
1185 4936 1318 4992 Vide
1344 4953 1523 5008 supra.

415 5009 443 5048 h
474 5007 728 5062 Historia.
766 5007 869 5078 Pro
900 5008 1438 5078 storea,estculcita;
1466 5026 1484 5058 ι
1514 5008 1656 5078 quod
1679 5009 1749 5063 sit
1771 5017 1915 5065 terra

345 5087 538 5147 strata,
575 5097 593 5130 ι
628 5077 802 5147 inquit
837 5077 894 5131 S.
925 5075 1159 5130 Isidorus
1183 5077 1279 5147 lib.
1314 5094 1382 5132 xx
1409 5075 1584 5147 Origi,
1608 5092 1727 5147 cap.
1756 5079 1839 5132 ll.

421 5149 438 5188 ί
473 5146 578 5220 Per
608 5145 742 5201 hanc
774 5162 931 5218 quam
965 5163 1144 5216 supra.
1182 5145 1258 5201 Ita
1282 5145 1595 5212 emendavi,
1622 5145 1745 5202 cum
1773 5148 1916 5220 lege-

344 5218 651 5287 retur,_lta.’o
677 5232 835 5287 quam
859 5232 1037 5287 supra.

417 5284 434 5356 l
474 5284 1079 5356 llagnte’dispositionis.
1108 5286 1268 5354 Lege,
1298 5302 1487 5355 magna
1515 5286 1867 5356 dispositione.

418 5355 442 5427 lt
468 5354 637 5423 Super
662 5354 829 5409 altare
858 5356 1111 5427 instituat.
1129 5356 1187 5410 ld
1213 5364 1312 5417 est,
1333 5354 1494 5425 super
1519 5354 1690 5410 altare
1716 5367 1900 5427 ponat.

345 5422 485 5479 Olim
509 5437 693 5477 eorum
722 5440 840 5494 quae
877 5425 983 5479 Deo
1011 5426 1374 5481 offerebantur
1398 5422 1605 5496 charta:
1636 5422 1797 5496 super
1829 5428 1906 5482 al—

347 5501 468 5577 tare
492 5496 854 5577 ponebantur,
903 5502 965 5547 ut
1008 5495 1447 5577 ollhrensnmaglis
1476 5495 1902 5577 astringeretttr_:

350 5560 589 5625 Unde,ut
608 5561 695 5615 hic
722 5564 954 5627 additur,
982 5568 1176 5631 reposci
1202 5560 1401 5633 aliquid
1422 5560 1751 5638 sacrilegium
1763 5566 1909 5635 judi-

2024 3078 2268 3124 reservet
2294 3070 2435 3125 unde
2475 3087 2598 3126 eum
2629 3071 2905 3129 infestatio
2948 3075 3210 3132 diabolica
3249 3078 3428 3134 valeat
3470 3080 3621 3136 inre-

2027 3161 2150 3216 tire.
2172 3160 2433 3216 Clientem
2459 3177 2588 3219 vero
2605 3174 2661 3219 ct
2678 3163 2937 3221 famulum
2962 3177 3097 3223 aut"
3120 3180 3399 3239 parentem
3424 3187 3622 3229 secum

2026 3252 2318 3313 exhibens,
2364 3253 2407 3307 si
2451 3254 2687 3324 postulet
2728 3255 2787 3310 in
2830 3259 3162 3314 consortium
3190 3260 3471 3332 religionis
3512 3263 3619 3317 ad-

2027 3340 2189 3409 mitti,
2222 3342 2384 3395 simili
2422 3344 2823 3401 examinatione
2852 3347 3139 3416 probatum
3173 3348 3436 3406 fratribus
3464 3353 3620 3407 venit

2027 3432 2327 3502 aggregari.
2361 3431 2428 3486 Et
2452 3434 2542 3502 qui
2563 3434 2610 3487 ei
2640 3433 2817 3491 fuerat
2842 3445 2969 3491 ante
3009 3438 3064 3491 in
3097 3445 3122 3472 ο
3152 3440 3413 3494 servitute
3436 3440 3619 3509 subje~

2027 3566 2197 3610 catur.
2230 3556 2285 3611 ιιι
2314 3567 2461 3628 patet
2489 3574 2551 3632 ex
2583 3574 2702 3632 capp.
2729 3560 2798 3615 58
2820 3560 3049 3632 Regulae
3071 3562 3127 3618 S.
3152 3564 3458 3620 Benedicti:
3490 3584 3510 3617 ς
3542 3567 3614 3621 Et

2025 3642 2184 3704 manu
2217 3627 2458 3704 sualermt
2483 3627 2836 3704 (petitionem)
2873 3627 3231 3704 superlaltare
3265 3645 3458 3704 ponat;
3492 3658 3512 3689 ι
3545 3652 3615 3691 ex

2026 3695 2212 3777 charta
2240 3695 2998 3777 ulconjs")uniqris‘comitis
3026 3695 3496 3777 A_ndegavensiu}n
3520 3707 3613 3777 (in

2025 3764 2299 3845 Breviculo
2316 3766 2640 3845 fundationis
2656 3767 2719 3845 S._
2735 3769 2789 3823 Ν
2792 3770 2945 3845 iouini
2960 3764 3365 3845 Andega‘uensis)
3384 3792 3437 3845 ει
3453 3764 3617 3845 Ipsis-

2024 3850 2124 3915 quo
2147 3836 2435 3915 videntibus
2458 3848 2504 3891 et
2527 3838 2924 3915 concedentibus
2942 3836 3373 3915 super_valtars
3390 3836 3614 3915 Νἱὲοιαὶ

2026 3905 2191 3983 ipim-tl
2226 3905 2462 3983 chartam
2490 3918 2672 3975 porto;
2704 3928 2722 3960 ι
2748 3916 2805 3963 et
2825 3905 3068 3983 chartam
3089 3910 3297 3983 Berlteii
3321 3912 3607 3983 (Ibidem):

2032 3992 2050 4023 ι
2074 3973 2410 4049 EtBerlteius
2424 3973 2730 4049 cumuxore
2745 3992 2860 4049 sua,
2882 3980 3082 4034 donum
3104 3983 3245 4049 quod
3258 3973 3487 4047 fecerat,
3514 3973 3617 4039 ite-

2028 4058 2146 4095 rum
2177 4044 2358 4122 abbati
2386 4060 2510 4100 cum
2542 4046 2658 4122 ipso
2689 4048 2892 4122 lnissali
2922 4044 3213 4122 concessit,
3243 4059 3300 4122 et
3330 4044 3501 4122 super
3530 4055 3615 4108 al-

2027 4121 2152 4188 tare
2179 4115 2443 4188 posui”)
2472 4129 2538 4188 ex
2571 4114 2822 4188 Magistro
2859 4134 2978 4188 cap.
3004 4119 3074 4175 89
3103 4114 3359 4188 Regulze:
3398 4114 3424 4174 ἱ
3456 4122 3615 4180 Tunc

2027 4181 2115 4236 ille
2140 4181 2316 4238 brevis
2340 4183 2422 4239 vel
2451 4181 2681 4239 donatio
2704 4201 2885 4243 rerum
2911 4181 3131 4244 suarum
3170 4181 3280 4245 ﬂeo
3302 4192 3389 4245 vel
3421 4209 3613 4247 mona-

2026 4252 2192 4334 sterio
2220 4252 2361 4308 facta
2402 4254 2571 4324 ipsius
2606 4255 2882 4312 donatoris
2910 4274 3073 4313 manu
3106 4274 3267 4329 super
3311 4262 3486 4318 altare
3513 4281 3613 4334 po-

1947 4309 1998 4369 D
2024 4329 2203 4375 natur.
2244 4341 2262 4374 ι

2096 4389 2112 4428 ι
2145 4389 2457 4465 Rrwposita.
2482 4392 2643 4464 Lege,
2673 4395 2978 4465 prtrposito.

2090 4471 2131 4541 ιιξ
2155 4461 2231 4541 ᾼὺ
2255 4477 2314 4514 eo
2350 4463 2435 4515 cui
2486 4461 2582 4516 res'
2616 4461 2846 4533 fuerant.
2888 4464 3115 4523 Videtur
3159 4468 3353 4525 deesse
3378 4472 3602 4528 verbum

2016 4540 2449 4678 ῗεῗριὲἶὲἕξςρηι.
2498 4600 2553 4656 ld
2581 4605 3121 4678 est,__propinquumJ
3151 4617 3463 4678 cognatum.
3518 4611 3601 4665 af-

2094 4618 2122 4637 ιι
2150 4618 2449 4654 rorantem.
2498 4618 2553 4656 lt]
2581 4618 2685 4667 εει,
2734 4618 3121 4725 propinquum,
3151 4618 3463 4678 cognatum.
3518 4618 3601 4665 af—

2020 4667 2276 4751 ﬁnem.S.
2301 4670 2674 4751 Hieronymus,
2698 4672 2755 4751 li.
2776 4712 2791 4726 .
2818 4690 2857 4728 ιι
2876 4684 3067 4751 contra
3084 4674 3369 4732 Ruﬁnum:
3397 4699 3415 4731 ι
3443 4680 3550 4736 For
3571 4698 3602 4737 e

2019 4745 2273 4817 parentes
2303 4740 2519 4817 militari
2540 4742 2867 4817 volgarique
2892 4745 3112 4817 nomine
3139 4756 3400 4817 cognatos
3427 4760 3482 4804 et
3517 4751 3599 4805 af-

2021 4808 2595 4888 llnes_noniit1at.i_S.
2650 4808 2918 4869 Caesarius
2962 4808 3317 4875 Arelatensis.
3366 4834 3489 4888 Cap.
3533 4822 3602 4876 38

2023 4876 2271 4946 Regulam
2306 4878 2419 4952 guSi
2446 4880 2567 4948 quis
2594 4895 2724 4935 vero
2751 4898 3063 4952 germanam
3083 4899 3256 4949 suam,
3284 4898 3381 4941 aut
3407 4876 3595 4951 ﬁliam,

2024 4956 2116 5030 aut
2142 4947 2439 5030 quamlibet
2470 4947 2777 5030 ’p'arentem'
2800 4951 2985 5030 videre
3009 4947 3256 5030 voluerit.
3277 4974 3300 5030 ι
3340 4947 3597 5030 S._Greg.

2023 5014 2257 5095 Turonq
2285 5016 2378 5071 lib.
2412 5014 2664 5083 m'Histq
2708 5034 2827 5091 cap.
2859 5021 2964 5095 η)
2998 5039 3018 5072 ‹
3045 5021 3360 5095 Munderius
3412 5014 3594 5095 igitur,

2023 5085 2114 5168 qui
2142 5099 2206 5168 se
2220 5094 2501 5168 pare'ntem
2531 5103 2718 5168 regum
2745 5085 3239 5168 asserebatuelatus
3263 5085 3539 5168 superbia,
3572 5085 3588 5148 ι

2023 5163 2129 5207 etc.
2187 5154 2295 5210 Lex
2344 5154 2804 5232 Burgundionum,
2856 5159 2941 5214 tit.
2990 5159 3083 5225 55,
3128 5160 3155 5232 §
3199 5164 3273 5216 ὃς
3307 5154 3593 5232 (Quodsi

2020 5232 2277 5299 parentes
2322 5224 2513 5295 puellae
2556 5235 2833 5295 parentem
2881 5244 3034 5284 suam
3064 5224 3256 5298 punire
3299 5224 3589 5299 mhterint,

2022 5293 2197 5362 puella
2220 5293 2452 5349 libenter
2476 5293 2710 5350 careat.»

2091 5368 2117 5397 ο
2141 5361 2400 5441 servitute
2426 5364 2709 5441 subjectus,
2745 5374 2850 5421 etc.
2882 5365 2960 5441 Ita
2998 5368 3057 5423 in
3103 5367 3307 5441 Regula
3350 5371 3589 5431 Macarii.

2014 5428 2347 5509 Serapionis,
2375 5441 2429 5489 et
2458 5428 2873 5509 aliorum'suprla
2917 5438 3021 5492 hoc
3060 5428 3275 5509 capite:
3317 5459 3337 5491 ι
3371 5428 3589 5497 Noverit

2005 5497 2119 5566 jam
2144 5497 2271 5577 _'_non
2326 5517 2449 5577 eum
2498 5518 2711 5577 servum
2762 5497 2983 5577 habere,
3028 5497 3140 5561 sed'
3175 5508 3426 5577 fratrem,
3456 5513 3589 5565 utin

2013 5570 2263 5625 omnibus
2299 5571 2571 5641 perfectus
2600 5573 2905 5629 inveniatur
2934 5577 3095 5631 homo
3119 5576 3225 5632 ille.
3248 5597 3269 5632 ι
