3948 6182
340 232 351 282 l
364 231 471 281 285

1258 234 1644 291 CONCORDIA
1685 234 2139 292 RECULARUM.
2183 267 2250 275 --
2291 234 2442 291 CAP.
2484 236 2634 295 LXV.

3452 244 3589 300 1:286

336 358 478 414 ctus,
507 348 675 404 frater
699 358 779 405 est
807 349 860 403 in
890 347 1099 404 Domini
1124 349 1332 419 positus
1356 351 1577 405 servitio
1603 359 1917 419 computan-
1941 357 1994 415 Α
2020 367 2235 421 cunque
2263 352 2492 406 facultas
2520 351 2763 421 pecunim
2786 351 3096 419 latitaverit,
3129 353 3276 409 nullo
3310 356 3467 414 modo
3491 359 3592 414 sub

336 443 459 508 dus,
487 442 611 512 quia
636 443 773 512 apud
799 442 988 506 Deum,
1015 450 1075 496 ut
1103 441 1389 510 Apostolus
1415 443 1570 497 docet
1592 460 1627 507 ,κ
1644 442 1789 496 nulla
1830 450 1913 498 est

337 533 579 602 acceptio
607 547 979 602 personarum.
1010 531 1105 587 Ille
1142 542 1322 588 tamen
1352 535 1451 605 qui
1475 551 1543 589 ex
1566 535 1756 589 humili
1783 550 1913 589 con-

334 621 539 676 ditione
563 628 645 676 est
676 621 727 674 in
758 623 1129 690 germanitatis
1145 623 1451 693 :nqualitate
1479 634 1779 694 susceptus,
1805 640 1911 679 non

334 711 515 783 aliquo
543 711 792 765 elationis
822 720 1028 766 tumore
1057 713 1364 781 superbiat;
1399 713 1491 767 sed
1522 728 1617 782 per
1641 713 1913 767 humilita-

336 812 443 858 tem
471 803 523 856 in
546 816 634 867 co,
664 816 784 871 qua:
811 800 950 856 bona
976 810 1119 867 sunt,
1143 803 1558 857 convalescant:
1594 810 1648 856 et
1677 817 1781 857 non
1818 818 1909 857 so-

335 895 440 949 lum
471 895 519 949 ei
542 893 627 948 cui
655 894 879 963 aequalis
902 892 1123 948 effectus
1142 904 1245 957 est,
1273 893 1367 948 sed
1390 894 1537 948 omni
1562 892 1905 957 fraternitati,

334 997 392 1040 ut
421 1000 580 1040 verus
620 985 854 1040 famulus
880 984 1111 1050 Christi,
1144 999 1265 1039 eum
1300 985 1502 1055 pietate
1530 994 1585 1039 et
1608 985 1910 1040 humilitate

333 1076 618 1129 deserviat.
658 1073 792 1142 Quia
829 1074 969 1129 sicut
992 1074 1041 1130 is
1069 1074 1304 1143 quiesse
1341 1072 1516 1143 major
1546 1075 1830 1129 videbatur
1854 1075 1908 1128 in

333 1168 554 1233 saaculo,
585 1183 682 1237 per
708 1167 1030 1223 humilitatis
1075 1167 1327 1223 affectum
1366 1167 1536 1224 frater
1576 1178 1806 1225 vocatur
1839 1184 1908 1223 ex

333 1259 580 1323 domino,
627 1259 702 1313 ita
744 1259 831 1314 ille
857 1258 941 1313 sui
981 1271 1189 1313 memor
1212 1259 1578 1314 conditionem
1609 1274 1759 1314 suam
1799 1275 1905 1314 non

333 1349 524 1403 altiora
572 1351 836 1418 petendo,
869 1350 1166 1418 despiciat;
1205 1350 1298 1405 sed
1340 1350 1652 1405 testimonio
1685 1350 1907 1405 humili.

334 1438 459 1493 tatis
486 1438 705 1501 exultet,
734 1448 791 1494 ut
817 1440 956 1507 apud
980 1439 1146 1493 Deum
1173 1440 1409 1494 inveniat
1441 1443 1691 1511 gratiam.
1718 1441 1785 1495 Et
1806 1440 1905 1494 nisi

330 1532 544 1599 expleto
584 1547 727 1585 anno
772 1530 951 1587 nullus
996 1538 1209 1586 mutare
1249 1532 1490 1587 habitum
1537 1534 1902 1602 permittatur.

334 1622 438 1677 Sed
477 1622 522 1677 si
570 1622 882 1691 pmnitentis
911 1618 1074 1676 fuerit
1119 1630 1269 1677 tanta
1298 1624 1677 1693 compunctio,
1715 1634 1775 1679 ut
1803 1626 1905 1680 hoc

2014 441 2330 496 monasterii
2374 441 2657 512 disciplina
2696 442 2980 495 diuturnus
3008 443 3209 511 poterit
3233 459 3588 514 permanere;

2013 547 2113 586 nec
2136 531 2461 586 humilitatis
2487 539 2579 585 aut
2603 531 2921 585 obedientize
2964 532 3267 588 institutum
3296 536 3593 605 apprehen-

2012 624 2138 677 dere
2168 623 2385 687 valebit,
2411 638 2512 678 ucc
2535 623 2589 677 in
2614 621 2927 677 monasterii
2953 634 3272 692 paupertate
3296 634 3388 680 aut
3413 626 3594 682 distri-

2011 711 2189 766 ctione
2217 712 2416 780 poterit
2443 726 2563 766 esse
2592 718 2878 765 contentus
2902 728 2916 776 ;
2943 713 3037 766 sed
3056 728 3180 767 mox
3210 721 3269 767 ut
3291 723 3410 768 orta
3428 715 3591 770 fuerit

2011 802 2267 870 qumlibet
2295 802 2672 856 commotionis
2697 802 2929 867 occasio,
2961 804 3118 873 stipis
3147 805 3287 859 illius
3309 821 3468 875 quam
3491 805 3590 861 sibi

2011 892 2309 945 reservavit
2334 892 2526 945 ﬁducia
2551 892 2842 957 animatus,
2875 893 3130 949 continuo
3160 894 3226 949 de
3256 895 3588 951 monasterio

2011 983 2282 1055 fugiturus
2305 982 2630 1052 egredietur.

2364 1070 2530 1142 §XX.
2559 1100 2631 1109 —
2660 1067 2795 1124 Item
2822 1069 2929 1141 ipse
2954 1070 3091 1141 (cap.
3123 1070 3232 1142 21).

2080 1161 2138 1217 Si
2163 1162 2291 1232 quid
2325 1176 2451 1215 vero
2480 1161 2547 1215 ab
2575 1161 2767 1215 eodem
2814 1161 3060 1230 pecuniae
3108 1162 3189 1215 vel
3227 1176 3593 1230 quarumcuu-

2007 1269 2112 1325 que
2142 1269 2321 1308 rerum
2347 1251 2623 1317 offeratur,
2674 1251 2818 1305 nullo
2847 1251 3029 1316 modo,
3057 1252 3147 1321 qui
3185 1262 3443 1321 praesunt,
3471 1270 3592 1310 sus-

2007 1352 2186 1420 cipere
2218 1363 2282 1402 ea
2310 1348 2363 1402 in
2392 1347 2702 1402 monasterii
2733 1345 2920 1401 usibus
2955 1349 3331 1417 acquiescant,
3361 1365 3428 1403 ne
3456 1365 3591 1405 con-

2008 1440 2227 1494 fidentia
2257 1438 2419 1509 hujus
2467 1437 2759 1492 oblationis
2800 1437 3122 1507 dedignctur
3165 1440 3493 1510 pauperibus
3532 1455 3593 1494 se

2005 1529 2264 1585 fratribus
2287 1543 2587 1599 coaequare.
2624 1529 2730 1583 Aut
2759 1536 2904 1583 certe
2928 1529 2972 1584 si
2995 1531 3352 1600 susceperint,
3381 1532 3593 1588 cautius

2003 1637 2101 1692 per
2120 1620 2348 1676 multum
2377 1630 2588 1690 tempus
2607 1620 2856 1690 prudenti
2881 1620 3079 1674 debent
3102 1636 3318 1676 scrvare
3339 1622 3587 1677 consilio.

330 1714 432 1769 sibi
460 1714 847 1784 supplicatione
869 1714 1083 1769 assidua
1106 1715 1305 1784 exigat,
1337 1730 1446 1769 non
1475 1723 1720 1785 negetur.
1750 1716 1905 1783 Quod
1936 1697 1979 1753 Β
2008 1713 2141 1767 Nam
2205 1711 2390 1766 multis
2450 1710 2833 1780 experimentis
2891 1710 3202 1780 frequenter
3256 1713 3588 1783 perhibitum

330 1809 423 1862 uni
456 1805 686 1861 fideliter
711 1807 957 1875 poscenti
985 1806 1334 1872 conceditur,
1364 1823 1474 1862 non
1509 1809 1666 1879 quasi
1699 1808 1901 1863 licitum

330 1898 611 1952 habeatur.
665 1897 999 1952 Vestimenta
1046 1913 1259 1967 quoque
1303 1914 1487 1954 secum
1530 1899 1741 1964 delata,
1784 1915 1905 1970 quae

328 1988 484 2057 primi
511 1987 637 2041 anni
664 2004 792 2042 usus
815 2003 919 2041 non
943 1988 1081 2044 valet
1104 1990 1426 2058 expendere,
1459 1989 1676 2046 redacta
1703 1991 1756 2044 in
1781 2006 1906 2061 pre-

330 2080 483 2143 tium,
515 2080 602 2133 cui
648 2076 813 2134 abbas
842 2080 1188 2149 praeceperit,
1230 2081 1575 2136 tribuuntur:
1616 2082 1740 2153 quia
1778 2099 1903 2137 cum

328 2169 433 2225 alia
457 2171 720 2225 meruerit
770 2170 1110 2234 indumenta,
1162 2172 1371 2240 priores
1410 2183 1435 2212 ει
1468 2173 1678 2227 exubia:
1715 2173 1768 2226 in
1806 2187 1905 2227 sua

329 2275 433 2315 non
461 2271 621 2316 erunt
649 2268 943 2332 potestate,
986 2268 1043 2315 ut
1070 2261 1357 2316 exterioris
1383 2261 1619 2316 hominis
1647 2261 1902 2316 immuta-

328 2353 405 2406 tio
430 2367 552 2405 cum
584 2352 857 2406 interioris
883 2350 1121 2422 perfecta
1148 2351 1303 2420 plena
1351 2351 1561 2407 ratione
1597 2353 1902 2407 conveniat.

326 2441 469 2497 Nihil
492 2443 558 2498 de
580 2443 665 2497 his
684 2458 804 2511 quae
826 2442 1129 2512 perceperit
1152 2441 1202 2496 ei
1225 2441 1294 2496 sit
1314 2441 1521 2496 licitum
1544 2451 1902 2508 commutare,

325 2548 429 2588 nec
469 2548 567 2603 pro
606 2533 905 2603 abjectione
942 2531 1301 2613 viliora,.nec
1341 2547 1438 2601 pro
1481 2532 1764 2588 commodo
1794 2547 1908 2586 mc-

325 2624 501 2691 liora;
540 2623 633 2680 sed
660 2623 1050 2694 qualiacunque
1078 2622 1278 2678 fuerint
1306 2624 1583 2688 attributa,
1627 2640 1749 2679 cum
1783 2640 1907 2696 gra-

326 2716 521 2769 tiarum
549 2715 764 2769 actione
790 2728 889 2769 suo
915 2709 1123 2767 tantum
1154 2712 1275 2767 usui
1304 2711 1619 2767 vindicabit.

468 2802 496 2875 §
523 2802 706 2857 XVIII.
731 2832 804 2843 —
832 2801 911 2857 Ex
956 2800 1170 2857 Rasum
1203 2800 1448 2856 CASSIANI
1480 2798 1618 2873 (cap.
1648 2801 1758 2871 I9).

393 2892 423 2933 δ
453 2892 511 2948 Si
540 2893 662 2962 quis
693 2892 988 2947 monachus
1018 2890 1353 2961 disciplinam
1384 2891 1587 2946 intrare
1611 2891 1901 2957 desiderat,

323 2999 433 3040 non
484 2992 610 3039 ante
660 2982 1049 3039 monasterium
1098 2982 1447 3052 permittatur
1476 2981 1685 3052 ingredi
1738 2997 1900 3052 quam

2004 1801 2267 1870 quosdam
2295 1815 2392 1869 per
2421 1800 2743 1853 monasteria
2786 1799 2963 1853 minus
3003 1810 3161 1854 cauta
3205 1810 3486 1871 susceptos
3526 1817 3591 1857 ca

2005 1906 2126 1960 qtae
2177 1905 2363 1944 secum
2412 1889 2737 1954 detulerant,
2788 1897 2843 1944 et
2890 1905 3010 1959 qua:
3046 1888 3159 1959 jam
3203 1892 3257 1945 itt
3295 1892 3391 1946 Dei
3427 1908 3593 1962 opere

2006 1980 2221 2034 fuerant
2250 1981 2581 2048 dispensata,
2630 1977 2922 2049 tepefactos
2956 1990 3143 2050 postea
3186 1997 3292 2036 non
3341 1983 3459 2037 sine
3503 1985 3588 2037 in-

1998 2069 2141 2139 juria
2173 2069 2486 2122 monasterii
2536 2069 2800 2139 sacrilego
2828 2070 3019 2140 Spiritu
3065 2072 3270 2139 ingenti
3300 2080 3421 2143 post
3445 2072 3588 2128 διειδ-

2004 2160 2217 2229 pbemia
2245 2159 2524 2228 repetisse.

2363 2251 2391 2321 §
2420 2250 2556 2306 XXI.
2592 2281 2663 2293 -—
2691 2251 2825 2306 Item
2852 2254 2958 2323 ipse
2989 2252 3126 2325 (cap.
3152 2252 3265 2327 25).

2076 2338 2102 2379 ἀ
2136 2338 2194 2395 Si
2218 2341 2339 2409 quis
2376 2348 2551 2394 autem
2582 2356 2648 2395 ex
2681 2342 2937 2396 divitibus
2967 2343 3091 2397 huic
3120 2344 3319 2398 mundo
3340 2352 3393 2399 ct
3424 2344 3592 2401 facul-

2006 2432 2208 2485 tatibus
2239 2429 2355 2500 ejus
2393 2432 2687 2496 renuntiat,
2720 2432 2794 2485 ita
2836 2446 3057 2487 necesse
3097 2442 3181 2488 est
3205 2448 3327 2488 eum
3361 2451 3591 2505 congre-

2006 2517 2239 2589 gationis
2269 2518 2608 2587 disciplinam
2657 2528 2930 2588 expetere,
2980 2526 3041 2572 ut
3087 2520 3140 2574 in
3190 2520 3336 2577 nullo
3368 2522 3472 2577 sibi
3518 2539 3586 2578 ex

2004 2611 2091 2664 bis
2111 2622 2230 2678 qum
2258 2607 2476 2677 reliquit
2497 2617 2590 2661 aut
2612 2607 2859 2662 intulerit
2885 2610 3232 2675 monasterio,
3260 2611 3589 2670 blandiatur.

2005 2702 2106 2772 Qui
2131 2702 2178 2758 si
2210 2701 2434 2757 forsitan
2485 2694 2696 2755 fortiori
2748 2700 2911 2755 fuerit
2945 2710 3105 2756 tetate
3152 2710 3461 2772 provectus,
3511 2705 3592 2758 sic

2015 2807 2038 2835 θ
2066 2801 2337 2866 praeparet
2381 2808 2440 2847 se
2481 2791 2733 2846 omnibus
2757 2790 3001 2857 obedire,
3047 2799 3108 2845 ut
3131 2792 3424 2847 secundum
3467 2807 3593 2847 sen—

2005 2886 2230 2943 tentiam
2260 2884 2472 2938 Domini
2509 2882 2527 2921 ί
2557 2884 2625 2937 ad
2651 2882 3050 2954 simplicitatem
3078 2882 3318 2952 pristina:
3347 2882 3591 2939 infantia:

2008 2976 2329 3032 humilitatis
2359 2976 2532 3047 gratia
2576 2984 2916 3037 revertatur;
2950 2983 3006 3029 et
3045 2973 3180 3028 nihil
3224 2974 3324 3028 sibi
3355 2973 3421 3029 de
3451 2989 3585 3029 cou-

326 3073 517 3128 dicbus
547 3072 733 3128 decem
761 3087 857 3128 seu
883 3071 1117 3141 amplius
1159 3078 1285 3125 ante
1313 3069 1509 3141 januas
1533 3071 1900 3141 permanendo
1929 3042 1973 3104 C
2006 3069 2334 3124 sideratione
2376 3067 2577 3130 aetatis,
2605 3066 2690 3121 vel
2719 3079 2985 3120 annorum
3029 3065 3419 3120 numero~itate
3449 3080 3591 3134 prte-

326 3163 615 3227 duraverit,
662 3171 723 3216 ut
771 3162 1027 3217 indicium
1079 3161 1498 3233 perseverantia:
1542 3175 1606 3215 ac
1650 3160 1904 3217 desiderti

325 3253 430 3317 sui,
462 3252 782 3331 humilitatis
809 3253 968 3308 etiam
1014 3252 1100 3307 vel
1143 3253 1416 3323 patientiae
1465 3266 1523 3307 se
1565 3252 1767 3308 habere
1814 3253 1905 3308 de-

327 3353 609 3399 monstret.
638 3343 739 3412 Qui
771 3344 1165 3399 transeuntium
1199 3343 1426 3398 fratrum
1450 3344 1677 3414 genibus
1706 3359 1904 3414 provo-

324 3436 472 3491 lutus
519 3437 587 3491 ab
635 3437 902 3492 universis
949 3437 1016 3491 de
1064 3437 1330 3491 industria
1378 3448 1401 3476 α
1452 3436 1718 3491 refutetur
1743 3445 1907 3505 atque

326 3526 673 3597 despiciatnr,
720 3534 974 3596 tanquam
1020 3526 1246 3580 cuinon
1292 3534 1513 3595 propter
1567 3525 1902 3595 religionem,

326 3618 420 3673 sed
444 3625 665 3686 prepter
710 3617 946 3685 aliquam
978 3618 1356 3670 necessitatem
1398 3625 1612 3684 oportet
1637 3626 1906 3672 monaste-

325 3708 465 3762 rium
493 3707 736 3762 introire.
764 3705 988 3776 Insuper
1023 3705 1185 3759 etiam
1227 3703 1436 3773 injuriis
1461 3707 1908 3773 etexprobratio—

326 3799 485 3855 nibus
526 3813 650 3853 eum
697 3795 950 3861 alliciant,
1000 3803 1061 3850 ut
1106 3795 1535 3865 experimentum
1564 3797 1905 3862 constantia,

327 3889 410 3943 vel
429 3887 641 3957 qualem
674 3886 1015 3942 tolerantiam
1056 3885 1112 3940 in
1161 3886 1551 3941 tentationibus
1578 3886 1905 3956 iujuriarum

323 3980 397 4034 sit
420 3977 728 4040 habiturus,
757 3976 1027 4031 ostendat.

680 4067 709 4140 ᾗ
737 4068 878 4122 ΧΙΧ.
909 4098 981 4108 -
1008 4068 1141 4123 Item
1173 4069 1281 4139 ipse
1309 4067 1446 4141 (cap.
1468 4068 1581 4141 20).

397 4159 638 4228 Cumque
658 4156 824 4213 fuerit
852 4158 906 4212 in
930 4158 1260 4213 monasterio
1279 4159 1570 4228 exploratae
1597 4158 1798 4213 mentis
1825 4175 1909 4213 ar-

326 4253 458 4308 dore
505 4260 808 4320 susceptus,
858 4265 1067 4304 summa
1119 4249 1398 4320 diligentia
1442 4250 1792 4320 perquiritur,
1839 4264 1908 4304 ne

2004 3170 2203 3225 sumat,
2234 3175 2397 3231 quam
2427 3161 2478 3214 in
2525 3159 2723 3214 saeculo
2752 3158 2965 3213 noviter
3011 3171 3382 3229 consumptam
3411 3158 3593 3227 perdi-

2004 3251 2151 3305 disse
2194 3265 2252 3305 se
2293 3258 2481 3319 putet;
2515 3251 2610 3305 sed
2640 3249 2881 3306 novitate
2928 3249 3379 3313 conversationis,
3428 3264 3590 3318 quam

2005 3342 2059 3396 in
2109 3341 2314 3397 Christi
2359 3342 2552 3397 militia
2590 3357 2781 3413 gerere
2816 3342 2987 3412 cupit,
3034 3342 3266 3397 subdere
3318 3357 3378 3397 se
3422 3343 3591 3397 etiam

1998 3430 2308 3500 junioribus
2330 3448 2435 3487 non
2464 3443 2729 3487 moretur.

2345 3525 2372 3598 §
2402 3524 2563 3580 XXII.
2589 3556 2659 3565 —
2681 3526 2813 3579 Item
2835 3526 2943 3597 ipse
2969 3526 3108 3597 (cap.
3137 3526 3251 3599 24).

2081 3614 2263 3671 εϐιιηι
2295 3631 2423 3670 vero
2472 3625 2720 3687 receptus
2770 3617 2890 3684 quis
2919 3616 2973 3671 in
3023 3616 3353 3672 monasterio
3404 3616 3590 3684 fuerit,

2006 3707 2082 3761 ita
2128 3706 2530 3761 fidelitcromui
2577 3707 2804 3776 pristina
2852 3705 3106 3762 facultate
3151 3707 3404 3773 nudetur,
3433 3716 3591 3765 utne

2006 3799 2181 3868 ipsum
2211 3799 2589 3852 vestimentum
2632 3813 2738 3866 quo
2758 3813 2788 3851 a
2816 3798 3012 3853 saeculo
3039 3799 3187 3854 venit
3218 3798 3460 3864 indutus,
3493 3800 3591 3855 ba—

2006 3889 2136 3943 bere
2163 3888 2395 3958 amplius
2433 3888 2817 3957 permittatur;
2850 3888 2947 3943 sed
2984 3888 3038 3943 in
3082 3888 3258 3943 medio
3294 3891 3589 3959 productus

2006 3989 2239 4033 exuatur
2286 3979 2542 4048 propriis,
2573 3986 2627 4032 et
2677 3993 2776 4048 per
2825 3995 3017 4035 manus
3066 3978 3280 4034 abbatis
3339 3980 3592 4036 induatur

2007 4070 2325 4124 monasterii
2349 4070 2721 4124 vestimentis:
2755 4078 2814 4124 ut
2856 4084 2955 4140 per
2983 4071 3085 4124 hoc
3129 4086 3235 4125 non
3262 4071 3590 4126 solum-uui-

2005 4164 2183 4217 versis
2229 4162 2391 4216 rebus
2436 4162 2549 4217 suis
2589 4162 2827 4232 antiquis
2872 4177 2930 4217 se
2959 4163 3171 4217 noverit
3206 4164 3586 4234 exspoliatum,

2006 4268 2193 4307 verum
2241 4253 2404 4307 etiam
2444 4253 2593 4307 omni
2639 4253 2889 4324 superbia
2936 4254 3195 4308 mundiali
3226 4254 3489 4323 deposita,
3520 4255 3589 4310 ad

328 4341 394 4395 de
413 4340 656 4409 pristinis
687 4339 1035 4396 facultatibus
1063 4341 1177 4395 suis
1213 4340 1298 4394 vel
1321 4356 1485 4395 unum
1508 4355 1788 4395 nummum
1819 4355 1903 4394 re-
1928 4375 1980 4433 D
2010 4344 2211 4400 Christi
2262 4353 2632 4414 paupertatem
2687 4356 2742 4401 et
2798 4346 3035 4416 impiam
3084 4346 3428 4401 descendisse
3468 4362 3483 4410 ;
3532 4354 3588 4400 et

328 4432 624 4486 servaverit
649 4432 771 4486 sibi.
803 4430 935 4485 Nam
965 4431 1089 4486 siin
1115 4431 1446 4486 conscientia
1468 4429 1586 4499 ejus
1616 4430 1903 4502 quantula-

400 4577 426 4605 α
455 4564 690 4635 Exubiw.
721 4566 850 4632 Pro,
889 4568 1106 4634 exurite,
1133 4568 1186 4624 id
1207 4577 1310 4635 est,
1335 4570 1658 4625 vestimenta
1682 4569 1903 4624 relicta:

331 4634 581 4704 Virgilius
607 4651 657 4690 tv
690 4635 817 4690 Ain.
840 4655 854 4691 :

450 4725 633 4777 Dulces
653 4731 868 4791 exuviae,
894 4729 1005 4779 dum
1033 4730 1128 4780 fata
1155 4730 1389 4792 Deusque
1415 4731 1660 4780 sinebant.

399 4810 430 4849 δ
461 4808 655 4881 Siquis
686 4813 993 4877 monachus,
1039 4823 1144 4868 etc.
1196 4814 1269 4867 Ex
1322 4813 1413 4867 lib.
1460 4828 1513 4866 tv
1545 4812 1611 4867 de
1641 4811 1909 4867 Institutis

334 4879 780 4950 renuntiantium,
818 4897 937 4950 cap.
966 4882 1019 4937 5.

402 4960 423 4986 ε
446 4947 757 5020 _Re[utetur.
806 4950 862 5004 Id
884 4947 990 5013 est,
1038 4959 1348 5020 respuatur,
1378 4958 1676 5007 recusctur.
1710 4950 1769 5006 S.
1809 4950 1913 5009 Co-

331 5017 634 5082 lutubanus,
663 5034 748 5087 ep.
779 5021 847 5073 ad
877 5017 1134 5076 Setinum:

452 5108 653 5168 Spernit
689 5112 937 5160 avaritiam
959 5125 1206 5171 vanosque
1232 5111 1411 5163 refutat
1435 5112 1664 5160 honOres.

332 5186 390 5257 S.
423 5187 648 5257 Gregor.
678 5189 808 5244 Tur.
838 5192 888 5246 in
916 5192 1054 5247 Vitis
1091 5195 1307 5248 Patrum
1334 5214 1346 5248 :
1378 5212 1396 5245 ι
1429 5193 1672 5257 Cumque
1703 5193 1795 5248 ille
1820 5210 1904 5249 re-

332 5256 551 5338 futaret,
568 5260 780 5313 tandem
801 5262 1008 5338 abbatis
1033 5265 1281 5338 precibus
1304 5278 1467 5334 super
1486 5256 1671 5318 oculos
1700 5264 1901 5319 domini

330 5332 651 5401 sui_si_gnum
676 5332 855 5385 crucis
882 5332 1151 5401 imposuit.
1175 5354 1193 5386 ι

399 5396 426 5435 ἀ
455 5394 513 5450 Si
559 5398 784 5474 quisae
823 5394 1088 5468 divitibus,
1128 5413 1233 5458 etc.
1290 5403 1403 5458 Hoc
1450 5403 1741 5474 capitulum
1792 5420 1900 5459 non

332 5475 518 5544 exstat
558 5468 697 5544 apud
745 5470 1099 5544 Cassianum;
1149 5474 1241 5544 sed
1272 5482 1403 5543 puto
1429 5468 1550 5544 esse
1601 5472 1904 5544 exikegula

330 5536 610 5619 cujusdam
635 5537 838 5619 Patris,
853 5557 1015 5619 quam
1028 5536 1138 5619 dixi
1158 5536 1318 5619 aliain
1340 5558 1460 5598 esse
1477 5559 1507 5596 a
1522 5543 1721 5612 Regula
1751 5536 1905 5619 servi

332 5606 431 5662 Dei
458 5623 471 5670 ;
502 5622 620 5678 quae
638 5611 798 5665 etiam
827 5606 1003 5667 in'hac
1028 5612 1324 5669 Concordia
1358 5606 1645 5684 suppresso
1666 5616 1902 5672 auctoris

2005 4439 2136 4494 nihil
2159 4437 2272 4507 jam
2299 4439 2366 4493 de
2391 4438 2630 4493 crastino
2658 4437 2903 4507 cogitans
2924 4437 3250 4506 pauperibus
3275 4450 3333 4490 se
3358 4436 3386 4476 δ
3406 4451 3587 4504 requa-

2004 4571 2222 4628 nomine
2253 4570 2452 4626 dicitur
2478 4568 2757 4636 cujusdam
2786 4566 2984 4621 Patris.

2083 4653 2108 4682 θ
2137 4639 2405 4710 Prmparet
2427 4656 2500 4692 se.
2526 4634 2719 4693 Addidi
2738 4640 2895 4710 sese,
2919 4637 3060 4710 quod
3082 4634 3511 4710 desiderabatur.

2084 4711 2105 4750 ἲ
2130 4710 2211 4764 Ad
2238 4704 2620 4777 simplicitatem
2666 4706 2901 4776 pristiam
2929 4706 3187 4777 infantiae.
3229 4704 3584 4777 llaecsimpli-

2013 4780 2167 4843 citas,
2198 4775 2357 4848 quam
2385 4778 2636 4833 Christus
2665 4775 3006 4848 Commendat
3030 4776 3095 4848 in,
3113 4775 3419 4848 Evangelia,
3444 4791 3588 4848 sum-

2015 4866 2157 4904 mum
2187 4843 2270 4903 est
2299 4848 2351 4901 in
2380 4847 2638 4917 religione
2659 4848 2877 4917 bonum.
2903 4843 3281 4917 Namgsimpileaf
3315 4844 3582 4917 neminem

2002 4917 2234 4987 judicat.
2265 4914 2515 4971 omnibus
2541 4917 2708 4980 cedit,
2741 4915 2880 4987 nulli
2900 4914 3150 4987 injuriam
3181 4915 3309 4967 facit
3336 4928 3436 4967 nec
3468 4914 3587 4969 red-

2009 4984 2110 5053 dit,
2144 4988 2515 5043 curiositatem
2561 4987 2718 5056 fugit,
2752 4985 2884 5056 nihil
2928 4984 3359 5056 inuovat,_icuras
3394 4997 3583 5056 supcr-

2007 5058 2145 5113 lluas
2167 5074 2198 5112 a
2213 5073 2274 5113 se
2296 5057 2566 5112 amolitur.
2585 5053 2921 5111 sententiam
2949 5069 3103 5107 suam
3132 5053 3253 5107 aliis
3272 5053 3579 5121 postponit:

2008 5128 2136 5196 quia
2167 5129 2232 5183 de
2261 5142 2321 5182 se
2366 5127 2523 5196 vilia,
2561 5126 2626 5181 de
2663 5124 2804 5196 aliis
2828 5122 3037 5196 escelsa
3082 5123 3309 5196 judicat.
3362 5126 3587 5196 semper

2005 5190 2175 5250 ferax
2200 5198 2335 5251 nihil
2373 5190 2610 5259 simulat,
2637 5203 2730 5248 aut
2755 5190 3170 5254 dissimulat,’ac
3194 5190 3418 5262 proinde
3459 5206 3584 5262 cum

2005 5264 2118 5319 Deo
2142 5281 2374 5334 semper,
2407 5265 2499 5335 qui
2546 5273 2631 5320 est
2665 5277 2877 5318 summa
2903 5262 3104 5317 veritas
3147 5259 3212 5315 ct'
3244 5259 3584 5329 simplicitas,

2001 5349 2171 5390 CODVC
2177 5351 2262 5390 ['53
2268 5343 2321 5388 ιυ
2327 5351 2374 5389 ι’.

2080 5406 2106 5445 ⁸
2133 5404 2265 5458 Cum
2298 5420 2413 5459 vero
2436 5408 2817 5473 receptus,_etc.
2839 5399 2962 5473 ΔΗριι
2988 5398 3281 5473 capitulum
3312 5407 3584 5468 sumptum

2008 5481 2182 5528 estex
2214 5473 2490 5537 Cassiano,
2522 5469 2639 5542 cap.
2673 5470 2706 5524 5
2730 5469 3054 5542 libri__citati.

2082 5544 2110 5584 ιι
2142 5542 2400 5613 liquare.
2427 5535 2485 5597 Id
2510 5535 2616 5607 est,
2662 5556 2720 5596 se
2748 5538 2978 5596 similem
3008 5547 3061 5595 et
3088 5551 3275 5609 parem
3318 5535 3581 5607 judicare,

2006 5624 2065 5672 ut
2086 5612 2247 5684 supra
2266 5612 2419 5681 dixit,
2443 5628 2731 5683 cowquare.
