3948 6182
333 161 463 219 ιὲ87

1331 162 1386 219 S.
1430 161 1790 219 BENEDICTI
1831 160 2122 218 ABBATIS
2160 159 2570 218 ANIANENSIS

3473 166 3618 229 1288

329 298 413 351 re,
446 283 641 354 quibus
675 294 700 323 ι
746 282 1116 353 cognominari
1146 280 1414 347 Christus,
1466 289 1521 337 et
1568 297 1799 352 quorum
1850 295 1909 337 se
1936 280 1988 339 A
2014 279 2260 336 referens
2305 279 2513 345 omnia,
2554 279 2696 335 sicut
2735 282 2983 350 superius
3030 280 3295 354 scriptum
3321 292 3431 351 est,
3462 283 3487 325 ι
3515 301 3626 342 an-

327 375 554 431 fratrem
584 388 691 430 non
725 375 942 430 erubuit
969 388 1322 444 nuncupare:
1354 374 1449 429 sed
1494 375 1675 444 potius
1714 374 1904 430 dome-

325 467 479 523 sticis
502 463 619 536 ejus
648 464 911 537 glorietur
939 464 1141 519 factum
1174 479 1232 519 se
1255 478 1376 521 esse
1409 474 1740 522 consortem.

647 557 675 629 §
708 551 893 612 XXIII.
920 587 991 596 —
1018 556 1153 610 Item
1178 556 1287 627 ipse
1309 556 1448 628 (cap.
1480 556 1596 639 25).

394 648 425 689 ια
447 647 539 702 Illa
576 662 708 702 vero
752 661 873 716 quae
902 642 1149 716 deposuit
1183 645 1506 701 vestimenta
1542 656 1564 685 ο
1613 644 1911 716 ιιι-πει)οεὶιο

328 739 612 793 tradantur
637 756 650 791 :
691 752 812 807 qua:
842 737 1029 793 taudiu
1052 736 1120 791 ab
1145 750 1210 791 eo
1245 743 1548 801 serventur,
1575 736 1747 792 donec
1785 752 1912 808 pro-

326 829 499 885 fectus
528 830 956 887 conversationis
976 831 1093 902 ejus
1123 833 1353 888 diversis
1381 832 1773 889 tentationibus
1800 833 1913 888 evi-

325 923 541 980 dentius
562 933 945 994 cognoscatur.
993 925 1061 979 Et
1083 925 1128 981 si
1157 924 1185 965 ἀ
1229 927 1523 980 transactis
1558 926 1742 980 multis
1776 934 1914 981 tem-

325 1017 568 1085 poribus,
597 1017 652 1072 in
691 1017 806 1086 ipso
852 1015 1065 1072 fervore
1092 1032 1200 1088 quo
1229 1017 1506 1088 ingressus
1552 1026 1637 1073 est
1662 1018 1914 1088 perstite-

327 1106 419 1171 rit,
454 1106 569 1177 ipsa
595 1107 918 1162 vestimenta
960 1106 1155 1177 quibus
1176 1107 1453 1178 ingressus
1476 1115 1559 1163 est
1587 1109 1913 1178 pauperibus

326 1204 636 1269 erogentur.

642 1288 670 1361 §
700 1287 887 1345 XXIV.
916 1318 989 1329 —
1012 1287 1148 1343 Item
1177 1291 1288 1361 ipse
1318 1290 1458 1364 (cap.
1485 1290 1597 1363 26).

401 1414 424 1441 ε
458 1401 515 1456 Si
536 1417 667 1457 vero
694 1400 871 1472 aliqua
903 1402 1284 1469 murmuratio,
1326 1411 1420 1457 aut
1463 1404 1825 1459 inobedientia
1859 1404 1913 1459 in

327 1510 392 1551 eo
422 1493 587 1548 fuerit
635 1495 990 1565 deprehensa,
1026 1503 1258 1550 exuatur
1308 1497 1624 1552 monasterii
1671 1499 1914 1553 vestibus

328 1584 525 1653 quibus
553 1583 772 1638 indutus
822 1581 1020 1649 fuerat,
1053 1592 1108 1639 et
1157 1585 1446 1641 revestitus
1492 1586 1607 1641 suis
1649 1587 1911 1657 antiquis,

326 1690 446 1744 quae
474 1691 504 1729 a
555 1674 851 1745 Praeposito
882 1684 1301 1742 conservantur,
1337 1675 1357 1714 ί
1406 1674 1505 1747 [et]
1555 1675 1688 1732 foris
1734 1677 1916 1748 expel-

327 1763 508 1818 latur:
542 1764 669 1832 quia
698 1778 805 1817 non
833 1771 918 1817 est
957 1763 1040 1817 fas
1080 1778 1202 1817 cum
1225 1764 1566 1819 vestimentis
1600 1766 1915 1821 monasterii

330 1871 451 1926 qua:
480 1855 696 1925 accepit
742 1855 1053 1910 abscedere.
1103 1854 1245 1909 Nulli
1284 1864 1464 1911 autem
1488 1856 1580 1926 qui
1614 1857 1681 1911 de
1728 1872 1915 1912 mona-

326 1947 495 2002 sterio
518 1948 671 2002 exire
696 1946 830 2013 vult,
865 1947 919 2001 in
947 1946 1123 2017 palam
1155 1948 1436 2003 discedere
1463 1949 1784 2005 conceditur
1811 1951 1916 2006 nisi

326 2036 467 2092 forte
490 2038 631 2092 sicut
671 2051 865 2093 servus
894 2046 1117 2107 captans
1144 2037 1497 2096 densissimas
1537 2041 1795 2098 tenebras
1821 2058 1918 2098 no-

325 2136 413 2183 cte
437 2127 696 2199 defugiat,
730 2135 824 2183 aut
851 2136 1022 2193 certe,
1067 2128 1211 2185 sicut
1234 2130 1483 2200 superius
1510 2132 1765 2195 diximus,
1793 2149 1917 2189 cum

326 2219 643 2274 confusrone
688 2228 922 2275 exuatur
965 2235 1151 2277 coram
1198 2223 1449 2279 omnibus
1500 2223 1778 2291 fratribus,
1809 2228 1834 2267 ε
1863 2237 1917 2283 et

326 2311 571 2380 deposita
595 2313 917 2368 monasterii
944 2325 1092 2369 veste
1120 2314 1371 2385 pellatur.

607 2444 634 2517 §
661 2444 827 2501 XXV.
852 2476 925 2487 —
952 2446 1029 2500 Ex
1060 2446 1281 2503 Rscuu
1309 2446 1628 2507 ORIENTALI.

400 2540 425 2578 ιι
458 2535 514 2593 Si
543 2539 665 2609 quis
701 2540 995 2595 accesserit
1035 2541 1102 2595 ad
1131 2542 1329 2597 ostium
1372 2545 1692 2599 monasterii
1723 2545 1917 2601 volens

325 2629 523 2683 steculo
574 2630 909 2697 renuntiare,
957 2640 1012 2687 et
1064 2631 1295 2688 fratrum
1338 2637 1620 2707 aggregari
1663 2653 1911 2705 numero,

326 2736 432 2773 non
464 2720 661 2775 habeat
688 2720 921 2775 intrandi
952 2721 1281 2789 libertatem,
1328 2726 1423 2781 sed
1454 2727 1606 2796 prius
1636 2728 1915 2782 nuntietur

325 2809 473 2864 Patri
521 2811 877 2877 monasterii;
910 2820 966 2867 et
1022 2815 1266 2870 manebit
1306 2817 1497 2886 paucis
1541 2817 1730 2873 diebus
1783 2816 1915 2873 foris

325 2910 450 2955 ante
493 2901 737 2971 januam,
783 2916 848 2957 ac
877 2902 1158 2958 docebitur
1205 2907 1506 2961 orationem
1542 2907 1905 2974 Dominicam,

323 3001 379 3047 et
414 2993 677 3061 psalmos,
727 3002 959 3062 quantos
995 2996 1196 3064 poterit
1240 2996 1470 3053 discere.
1510 2997 1577 3052 Et
1625 2998 1912 3069 diligenter
1937 2974 1983 3038 δ

326 3082 409 3135 sui
447 3082 877 3150 experimentum
910 3084 1103 3139 dabit:
1151 3100 1220 3140 ne
1273 3084 1413 3142 forte
1459 3086 1586 3142 mali
1639 3088 1914 3158 quidpiam

328 3172 536 3238 fecerit,
583 3181 637 3227 et
672 3174 922 3231 turbatus
976 3175 1045 3231 ad
1098 3175 1287 3232 horam
1338 3179 1536 3235 timore
1582 3178 1914 3249 discesserit,

329 3272 423 3317 aut
448 3264 548 3317 sub
575 3264 754 3334 aliqua
788 3274 1058 3336 potestate
1083 3268 1192 3333 sit;
1223 3276 1493 3324 et'utrum
1518 3271 1691 3340 possit
1715 3284 1917 3327 renun-

332 3356 470 3410 tiare
516 3358 849 3426 parentibus.
897 3367 952 3413 et
979 3361 1254 3430 propriam
1298 3372 1645 3419 contemnere
1691 3363 1919 3420 faculta-

329 3454 459 3500 tem.
492 3446 550 3502 Si
584 3464 706 3501 eum
733 3449 969 3504 viderint
1016 3462 1200 3520 aptum
1234 3453 1300 3507 ad
1340 3454 1544 3521 omnia,
1591 3464 1721 3511 tunc
1759 3458 1919 3512 doce-

327 3536 473 3589 bitur
499 3544 555 3590 et
585 3536 822 3607 reliquas
857 3540 1168 3595 monasterii
1199 3540 1531 3612 disciplinas,
1563 3557 1699 3613 quas
1739 3544 1919 3602 facere

328 3625 543 3691 debeat,
576 3628 840 3697 quibusve
866 3631 1095 3696 servire,
1134 3632 1149 3671 ί
1199 3631 1313 3687 sive
1340 3632 1394 3687 in
1420 3634 1672 3689 vescendi
1700 3636 1914 3701 ordine,

326 3724 388 3770 ut
413 3717 711 3772 instructus
757 3728 921 3790 atque
966 3719 1240 3789 perfectus
1288 3721 1341 3776 in
1389 3723 1537 3778 omni
1586 3738 1749 3794 opere
1777 3725 1919 3782 bono

329 3805 592 3862 fratribus
621 3806 921 3876 copuletur.
964 3806 977 3858 i
1018 3808 1143 3865 llaec
1165 3809 1479 3867 observabit
1505 3821 1688 3868 custos
1710 3811 1913 3883 januae,

403 3927 427 3956 ο
454 3914 844 3999 gognominari.
876 3917 930 3974 ld
952 3928 1073 3999 test,
1116 3920 1259 3977 idem
1283 3934 1482 3999 nomen
1516 3925 1721 3980 sortiri.
1757 3925 1916 3999 Apud

328 3984 648 4058 Cassianum
680 3990 877 4058 legitur
900 4001 917 4042 :
945 3989 1349 4046 Cannumerari.

402 4055 430 4138 ξι
455 4055 561 4111 Illa
582 4055 1171 4138 verontiestimenta_,__etc.
1198 4060 1311 4117 Hoc
1331 4063 1625 4135 capitulum
1643 4076 1917 4138 sumptum

330 4133 414 4179 est
441 4140 504 4197 es
536 4142 655 4197 cap.
690 4127 723 4181 6
751 4126 988 4197 ejusdem
1018 4129 1141 4184 libr.
1174 4146 1250 4185 ιν.

404 4205 426 4267 f
462 4192 939 4267 Brwpositoprud
961 4196 1279 4255 Cassianum
1307 4202 1567 4259 habetur:
1590 4204 1914 4262 (Economo.

399 4262 427 4303 ά
460 4261 760 4321 Transactis
784 4261 963 4343 multis
989 4269 1326 4339 temporibus.
1357 4272 1514 4343 Apud
1544 4261 1911 4332 Cassianum:

335 4332 929 4419 Temporeprocedente.

409 4415 441 4483 (ζ
458 4402 518 4458 Si
538 4402 1117 4483 _aliq_ua_murmt_tratio.
1150 4406 1228 4463 Ex
1255 4426 1377 4483 cap.
1409 4411 1443 4467 6
1469 4411 1709 4482 ejusdem
1733 4415 1829 4470 lib.
1860 4431 1914 4470 tv

331 4473 397 4529 de
422 4473 687 4532 lnstitutis
716 4476 1183 4532 Benuntiantium.

411 4543 429 4616 ζ
463 4543 533 4616 Et
564 4546 712 4616 foris.
739 4547 942 4616 Copula
968 4558 1016 4601 et
1043 4549 1325 4606 redundat.

406 4615 430 4652 8
461 4613 525 4667 Et
549 4615 782 4684 deposita
802 4613 1107 4694 monasterii
1117 4630 1264 4694 peste
1290 4622 1533 4691 pellatur.
1568 4626 1694 4682 Haec
1720 4624 1913 4694 eiectio

329 4692 415 4736 est
443 4698 630 4737 eorum
661 4694 869 4757 tantum
895 4688 986 4754 qui
1017 4688 1330 4757 probantur,
1361 4709 1483 4749 cum
1513 4711 1701 4751 eorum
1741 4688 1909 4751 vesti“-

331 4756 812 4837 nientasmcularia
842 4756 1260 4837 nondumnfuere
1288 4767 1618 4837 pauperibus
1644 4776 1863 4837 erogata
1891 4784 1906 4832 ;

330 4838 395 4876 ac
424 4824 649 4892 proinde
678 4827 816 4881 male
841 4842 871 4880 a
903 4828 1174 4884 nonnullis
1202 4824 1536 4891 eadem-esse
1573 4824 1913 4892 existimatur

332 4893 593 4976 Quintilli-1,
624 4894 691 4976 de
735 4912 839 4965 qua
857 4896 1019 4976 _S._P.
1053 4898 1378 4976 Benedictus
1405 4904 1642 4975 loquitur
1663 4921 1793 4976 cap.
1815 4906 1904 4970 26,

423 4971 479 5016 et
502 4963 600 5045 54._
624 4961 808 5045 Altera
857 4966 1354 5045 habeturnexpulsio
1402 4961 1542 5045 apud
1588 4961 1907 5031 Cassianum

332 5031 454 5085 libr.
490 5049 544 5087 tv
569 5034 635 5087 de
662 5034 860 5101 lnstit.,
889 5051 1007 5106 cap.
1042 5039 1147 5104 lli;
1179 5031 1276 5095 sed
1307 5031 1625 5099 erat'solum
1668 5047 1734 5100 ad
1770 5054 1908 5099 tem-

330 5114 430 5184 pus
455 5121 467 5155 :
499 5118 621 5184 cum
646 5106 769 5174 quis
796 5105 1128 5184 confusionis
1166 5112 1338 5184 gratia
1367 5115 1663 5184 cogebatur
1692 5130 1909 5171 manere

333 5176 446 5252 tres
494 5180 589 5252 aut
620 5184 851 5243 quatuor
903 5177 1018 5233 dies
1069 5176 1221 5233 extra
1266 5180 1413 5238 fores
1437 5176 1800 5252 Vmonasterii,
1852 5193 1913 5240 ut

330 5243 864 5350 supra-observatum
893 5257 995 5301 est.

454 5309 509 5350 Rs
540 5329 654 5350 non.
683 5319 951 5350 nomn-mpii

453 5309 511 5395 Si
539 5314 1188 5395 quisnacgesseritmblajor
1204 5336 1355 5395 Apars
1400 5322 1560 5393 hujus
1609 5326 1803 5395 capitis
1829 5336 1914 5381 est

332 5379 617 5462 elel‘egula
651 5382 708 5438 S.
741 5384 1034 5462 Pachumii,
1065 5379 1286 5462 ai't._2'6.

413 5448 572 5536 :‘Si‘re
676 5459 908 5536 vescendi
931 5448 1113 5536 ordine
1161 5460 1423 5536 Qumdam‘
1446 5464 1660 5529 desunt,
1692 5481 1811 5536 quas
1843 5482 1909 5523 ex

336 5522 569 5591 excitato
602 5522 874 5581 Pachomii
905 5531 1134 5584 articmo
1174 5522 1270 5585 llic
1299 5534 1628 5590 restituenda
1651 5522 1667 5589 ἐ
1710 5522 1829 5591 Sive
1854 5539 1908 5591 in

340 5585 551 5642 collecta
591 5593 818 5648 omnium
866 5597 1114 5666 fratrum,
1160 5601 1265 5655 sire
1314 5585 1553 5658 indomo
1603 5608 1908 5661 nutriendus

1943 4323 1994 4383 D

2012 369 2271 425 nuntians
2298 368 2620 425 senioribus.

2154 458 2392 531 §XXVL
2420 488 2492 499 —
2519 457 2597 514 Ex
2629 457 2852 515 Rasum
2881 459 3147 517 ΜΑθιετιιι
3176 463 3318 533 (cap.
3349 463 3468 536 87).

2088 550 2107 591 ι
2138 551 2465 623 lngredienti
2495 553 2548 607 in
2601 553 2993 608 monasterium
3028 569 3167 609 novo
3207 553 3389 622 fratri,
3420 568 3464 596 ω
3498 555 3626 616 sive

2004 641 2119 712 jam
2142 657 2431 709 converso,
2475 643 2590 698 sive
2634 643 2815 730 adhuc
2858 642 3022 711 laico,
3063 653 3117 701 et
3151 645 3253 701 hoc
3276 649 3490 717 petenti
3524 650 3630 707 de.

2010 733 2143 789 bere
2190 733 2245 787 in
2299 732 2691 788 monasterium
2740 734 2965 806 suscipi,
3024 737 3355 807 respondeat
3401 738 3457 793 ei
3513 739 3627 794 hoc

2010 824 2189 895 primo
2214 823 2383 879 abbas
2413 838 2521 879 non
2550 821 2692 879 forte
2714 839 2840 880 eum
2877 838 3038 896 posse
3061 828 3361 883 constituta
3390 827 3627 900 Regula

2012 929 2361 969 conservare.
2392 913 2528 970 Cum
2551 928 2684 970 vero
2714 914 2803 970 ille
2824 915 3023 971 dixerit
3041 931 3201 987 posse
3228 932 3289 973 se
3317 918 3388 973 ad
3431 919 3624 973 omnia

2011 1004 2253 1071 obedire,
2302 1012 2431 1060 tunc
2482 1004 2599 1059 haec
2650 1007 2966 1061 monasterii
3022 1006 3226 1079 Regula
3269 1008 3324 1064 ei
3376 1008 3622 1080 legatur.

2013 1094 2129 1163 Qua
2157 1094 2363 1167 Regula
2407 1096 2463 1151 in
2506 1094 2738 1152 lectione
2765 1098 3002 1168 expleta,
3034 1108 3064 1137 ιι
3094 1107 3151 1154 et
3176 1101 3364 1155 omnia
3393 1102 3621 1156 abbatis

2011 1188 2193 1243 verbis
2218 1188 2476 1258 praedicta
2501 1204 2625 1245 cum
2657 1204 2718 1245 se
2760 1190 3102 1261 responderit
3128 1207 3305 1248 novus
3341 1192 3521 1249 frater
3550 1196 3625 1249 ad

2012 1278 2195 1333 omnia
2243 1278 2402 1334 factis
2462 1294 2523 1335 se
2572 1294 2695 1335 esse
2738 1289 3010 1350 paratum,
3066 1290 3197 1338 tunc
3223 1282 3398 1339 abbas
3427 1285 3628 1340 subse-

2013 1376 2212 1439 quatur
2252 1377 2310 1424 et
2357 1368 2504 1425 dicat
2537 1386 2551 1423 :
2586 1376 2612 1404 ο
2640 1370 2777 1437 Quid
2828 1370 2895 1426 de
2924 1371 3031 1427 tuis
3064 1372 3245 1437 rebus,
3302 1390 3448 1445 quas
3493 1390 3628 1445 pro-

2012 1459 2133 1529 prio
2153 1458 2379 1514 arbitrio
2408 1459 2618 1515 uteris?
2642 1459 2760 1515 Non
2781 1461 2927 1516 enim
2956 1462 3054 1518 tibi
3078 1464 3297 1534 expedit
3323 1473 3378 1518 te
3408 1465 3501 1521 hic
3521 1482 3625 1535 pro

2016 1562 2177 1603 causa
2206 1548 2299 1603 Dei
2330 1549 2509 1618 posito
2547 1564 2638 1605 res
2663 1558 2787 1604 tuas
2815 1549 2945 1605 alibi
2981 1567 3290 1618 remanere,
3323 1554 3425 1608 sed
3473 1555 3624 1611 sicut

1942 1626 1990 1685 Β
2017 1637 2148 1692 dicit
2197 1636 2503 1709 Scriptura,
2536 1636 2636 1692 Ubi
2658 1648 2709 1693 et
2737 1640 3019 1696 thesaurus
3042 1650 3188 1708 tuus,
3208 1643 3282 1697 ibi
3303 1644 3406 1697 erit
3449 1654 3501 1699 et
3524 1662 3627 1699 cor

2016 1737 2167 1785 tuum
2213 1730 2433 1801 (Matth.
2460 1731 2559 1803 vi).
2608 1729 2743 1786 Nam
2794 1733 2917 1789 ideo
2963 1749 3071 1789 non
3102 1737 3342 1807 expedit,
3373 1753 3449 1794 ne
3476 1738 3628 1794 forte

2018 1821 2325 1878 titillatione
2355 1822 2553 1879 diaboli
2581 1839 2612 1879 a
2658 1824 2820 1880 rebus
2847 1826 2954 1882 tuis
2979 1825 3112 1883 foris
3137 1829 3331 1899 positis
3354 1845 3458 1900 per
3479 1831 3628 1887 desi-

2016 1914 2224 1970 derium
2256 1930 2445 1971 earum
2480 1916 2547 1971 de
2568 1919 2897 1974 monasterio
2923 1929 2948 1969 ι’
2974 1923 3303 1991 provoceris,
3334 1933 3392 1979 et
3422 1924 3624 1981 relicto

2016 2011 2237 2066 servitio
2264 2018 2469 2066 sanctae
2524 2010 2723 2067 scholte
2769 2012 2989 2081 proprio
3037 2014 3228 2070 redeas
3273 2016 3624 2074 militaturus

2015 2100 2263 2166 arbitrio,
2287 2109 2344 2156 et
2363 2102 2504 2156 sicut
2531 2102 2684 2156 canis
2711 2103 3011 2159 delectatus
3033 2104 3223 2160 redeas
3241 2106 3309 2160 ad
3340 2109 3619 2162 vomitum

2016 2198 2168 2246 tuum
2198 2200 2253 2247 et
2283 2191 2485 2247 salivas
2508 2206 2539 2246 a
2572 2200 2625 2246 te
2667 2191 2939 2263 proiectas
2964 2194 3018 2248 in
3042 2202 3245 2250 terram
3273 2197 3456 2253 denuo
3487 2215 3620 2255 eum

2017 2283 2271 2339 sordibus
2294 2284 2601 2340 resorbens.
2627 2294 2654 2335 σι
2683 2285 2790 2340 Sed
2815 2286 2906 2356 qui
2926 2289 3387 2356 perseverantiam
3411 2292 3621 2364 diligit,

2015 2373 2356 2429 occasionem
2385 2375 2651 2446 migrandi
2678 2376 2828 2447 cupit
2868 2378 3102 2433 nescire.
3145 2378 3379 2452 Ideoque
3406 2385 3623 2439 consti-

2016 2467 2223 2524 tuimus
2251 2467 2467 2524 salubre
2498 2469 2806 2537 consilium,
2836 2478 2896 2528 ut
2938 2473 3128 2530 audias
3153 2490 3346 2531 vocem
3388 2475 3620 2533 Domini

2015 2559 2111 2615 tibi
2135 2560 2363 2616 dicentis
2386 2574 2400 2614 :
2432 2570 2455 2599 ι·
2493 2559 2657 2628 Vade,
2684 2563 2845 2618 vende
2870 2565 3065 2630 omnia,
3090 2575 3141 2621 et
3161 2567 3231 2622 da
3253 2569 3623 2639 pauperibus;

2013 2660 2063 2704 et
2087 2652 2223 2718 veni,
2253 2667 2468 2724 sequere
2494 2669 2576 2708 me
2604 2653 2821 2726 (Matth.
2849 2656 2985 2729 nx).
3025 2661 3197 2724 Quam
3223 2675 3355 2730 ergo
3381 2661 3433 2715 si
3454 2664 3622 2733 sequi

2018 2739 2098 2794 vis
2124 2755 2337 2808 vocem,
2362 2743 2537 2800 vende
2571 2760 2692 2815 quae
2723 2746 2914 2811 babes,
2944 2756 3001 2803 et
3032 2763 3193 2806 omne
3230 2753 3471 2821 pretium
3509 2755 3623 2811 huc

2015 2835 2142 2884 ante
2173 2844 2260 2885 me
2286 2831 2460 2896 defer,
2489 2840 2551 2887 ut
2578 2842 2632 2887 te
2658 2843 2926 2904 praesente
2960 2850 2991 2891 a
3019 2851 3107 2892 me
3127 2839 3465 2909 pauperibus
3490 2858 3622 2897 ero-

2014 2927 2195 2990 gatur,
2236 2929 2297 2975 ut
2326 2922 2533 2978 nullum
2563 2924 2762 2981 smculo
2790 2927 2984 2999 pignus
3027 2938 3177 2984 tuum
3227 2945 3515 2990 remaneat
3545 2937 3624 2991 ad

2015 3006 2151 3064 illud
2179 3010 2374 3067 iterum
2400 3016 2728 3071 revertendi.
2752 3016 2875 3073 Ideo
2894 3019 3040 3074 enim
3064 3037 3187 3076 cum
3209 3024 3453 3079 nondum
3482 3038 3505 3065 ι
3530 3030 3625 3082 lir-

2013 3108 2217 3157 matam
2244 3101 2637 3175 ingressionem
2665 3114 2813 3162 tuam
2844 3108 2899 3162 in
2926 3115 3256 3168 monasterio
3286 3112 3483 3181 babes,
3516 3118 3621 3173 tibi

2015 3194 2084 3251 de
2107 3196 2270 3251 rebus
2298 3196 2402 3251 tuis
2431 3196 2604 3253 libera
2629 3200 2808 3256 adhuc
2829 3201 3080 3260 voluntas
3107 3207 3455 3267 conceditur.
3475 3210 3622 3278 Quia

2014 3299 2140 3357 post
2160 3287 2434 3344 ﬁrmatam
2477 3290 2868 3362 ingressionem
2908 3296 3172 3368 discipulo
3195 3300 3309 3357 sive
3338 3301 3394 3357 in
3424 3320 3621 3360 mona-

2016 3378 2207 3445 sterio,
2234 3379 2348 3435 sive
2387 3380 2523 3437 foris
2560 3383 2835 3454 peculiare
2876 3387 3081 3458 aliquid
3123 3391 3326 3449 habere
3362 3408 3394 3447 a
3426 3396 3619 3466 regula

2017 3469 2335 3541 denegatur,
2390 3481 2450 3528 ut
2500 3490 2608 3530 non
2664 3477 2736 3532 sit
2782 3478 2875 3533 ubi
2920 3483 3141 3551 propria
3194 3484 3311 3554 ejus
3356 3486 3615 3543 voluntas

2015 3561 2324 3618 extollatur.
2353 3564 2506 3633 Quod
2540 3565 2731 3642 [enim]
2760 3571 2803 3626 si
2853 3580 3024 3628 totum
3085 3577 3101 3613 ι
3159 3577 3465 3636 distrahere
3515 3580 3617 3637 tibi

2016 3669 2183 3723 grave
2207 3655 2437 3723 videtur,
2458 3667 2663 3714 etsunt
2687 3662 2823 3718 tales
2862 3679 2950 3719 res
2983 3682 3103 3736 qute
3129 3684 3236 3723 una
3279 3678 3461 3726 tecum
3488 3688 3617 3743 pos-

2017 3751 2145 3800 sunt
2170 3748 2499 3804 monasterio
2521 3749 2819 3820 deservire,
2842 3768 2942 3810 nec
2963 3771 3041 3811 ea:
3057 3773 3155 3827 pro
3175 3760 3404 3829 pignore
3424 3776 3619 3819 rever-

2017 3833 2164 3887 tendi
2185 3845 2213 3874 ιι
2238 3835 2436 3891 sacculo
2462 3845 2487 3873 ν
2511 3837 2878 3910 dimittuntur,
2930 3846 3112 3901 omnia
3158 3847 3394 3906 fideliter
3428 3860 3612 3908 tecum

2017 3954 2111 4005 est.
2152 3947 2257 4001 sive
2286 3947 2343 4001 in
2380 3950 2618 4004 vescendi
2643 3953 2845 4010 ordine.

2091 4013 2274 4099 ill-tre
2303 4019 2611 4099 obseruabit,
2638 4032 2759 4099 etc.
2803 4024 2972 4095 llujus
3000 4028 3195 4099 capitis
3224 4031 3468 4089 clausula
3500 4051 3613 4092 non

2017 4094 2196 4161 exstat
2229 4088 2281 4141 in
2312 4087 2516 4161 Regula
2544 4088 2604 4161 VS.
2636 4087 2933 4152 Pachomii.

2090 4156 2116 4234 If
2148 4156 2501 4234 ﬁnnttntitins.
2523 4160 2702 4234 Lege,
2753 4165 2822 4219 Et
2851 4170 3122 4226 nuntians.

2096 4224 2479 4317 lianediendi
2510 4231 2571 4317 ξςι
2599 4224 2995 4317 monasterium,
3028 4224 3134 4295 etc.
3189 4240 3318 4317 {igne
3360 4248 3612 4317 reperire

2019 4297 2350 4381 estiii'ltegl.
2375 4315 2478 4354 ms.
2509 4300 2645 4373 Mag.
2669 4308 2790 4381 cod.
2822 4297 3011 4375 Corbi,
3043 4326 3162 4381 cap.
3194 4312 3284 4368 87.

2089 4366 2281 4490 thive
2298 4370 2414 4490 {um
2436 4366 2703 4428 converso.
2731 4366 3036 4435 Conversus
3069 4366 3171 4448 est,
3202 4366 3297 4452 qui
3315 4383 3435 4454 jam
3488 4405 3609 4444 mo-

2091 4452 2120 4490 c
2162 4452 2224 4490 us
2245 4454 2304 4490 es
2333 4478 2346 4490 .

2017 4448 2224 4492 naeuus
2245 4448 2346 4493 est.

2091 4516 2118 4544 ιι
2140 4505 2411 4600 £510)"qu
2446 4511 2647 4600 abbatis
2691 4516 2877 4600 verbis.
2904 4519 3180 4600 prmdicta.
3230 4522 3307 4600 ita
3338 4527 3435 4600 ᾉίιιΔ
3466 4528 3603 4600 Bcg.

2017 4592 2121 4632 ms.
2140 4576 2310 4659 Lege:
2341 4580 2403 4634 Et
2439 4583 2675 4638 omnibus
2701 4576 3089 4646 abbatis'uerbis
3106 4576 3603 4665 pradicas-fidei

2017 4648 2341 4701 Draadicatts.

2015 4662 2341 4716 praedicans.

2091 4725 2117 4753 ο
2144 4718 2285 4799 Quid
2313 4721 2379 4776 de
2403 4722 2553 4799 rebus
2582 4726 2711 4799 tuis:
2736 4724 2999 4794 Subaudi,
3023 4730 3206 4799 facies.

2089 4786 2468 4914 PtProroceris.
2499 4794 2577 4848 Ita
2602 4796 2656 4849 in
2680 4796 2811 4867 Reg.
2854 4814 2956 4854 ms.
2986 4786 3179 4872 'S'upp.
3198 4786 3354 4859 exire
3398 4807 3465 4861 de
3493 4825 3602 4861 mo—

2089 4876 2114 4914 s
2137 4876 2267 4914 ενι).

2016 4876 2214 4915 nastert
2224 4878 2267 4914 J.

2087 4929 2245 5017 1594
2270 4932 2359 5002 qui
2378 4936 2813 5017 perseverantiam
2851 4937 3041 5017 diligit,
3068 4951 3175 4997 etc.
3192 4943 3256 5017 _ln
3287 4945 3417 5017 Reg.
3449 4964 3550 5002 nis.
3580 4968 3596 5003 :

2023 5018 2042 5051 ι
2090 4999 2228 5081 Quia
2282 4999 2685 5071 perseverantia
2732 4999 3075 5065 occasioiiein
3134 4999 3415 5084 migrandi
3451 4999 3598 5089 cupit

2016 5085 2243 5125 nescire.
2284 5093 2304 5125 ι

2021 5085 2243 5126 nescire.
2284 5093 2304 5125 ι

2021 5208 2034 5220 _
2093 5150 2133 5232 ι’.
2159 5137 2317 5232 Vtzde,
2373 5146 2551 5232 vende.
2599 5147 2675 5200 Ita
2723 5148 2861 5232 apud
2912 5149 3267 5232 Fructuosum
3322 5158 3593 5232 abbatem,

2012 5214 2170 5294 juxta
2198 5218 2404 5294 textum
2431 5214 2679 5294 Graecum
2706 5236 2719 5270 :
2744 5214 2959 5294 "rane,
2988 5225 3251 5294 πώλησον,
3285 5228 3432 5294 quod
3456 5214 3593 5283 idem

2019 5281 2279 5406 spna’taln
2304 5287 2553 5340 versione
2578 5289 2851 5344 communi
2888 5281 3337 5363 'addiunrcopula
3374 5281 3390 5352 ἐ
3435 5281 3593 5365 riui;

2015 5367 2043 5404 ε
2092 5367 2149 5405 ve
2223 5369 2270 5406 e.

2090 5434 2110 5499 ξ
2136 5419 2440 5499 innatam
2460 5428 2849 5499 ingressionem.
2880 5430 2935 5486 l-.l
2963 5441 3066 5497 est,
3087 5436 3464 5494 stabilitatem.

2095 5496 2111 5529 ί
2138 5491 2459 5578 Qistrahere.
2498 5491 2553 5554 ιῐι
2580 5510 2683 5578 est,
2714 5501 2969 5578 vendere,
3002 5491 3065 5561 de
3091 5521 3199 5575 quo
3232 5491 3421 5578 supra.

2086 5575 2112 5603 ιι
2138 5560 2361 5618 Sa'culo.
2392 5565 2517 5631 Pro,
2549 5570 2614 5624 ad
2637 5560 2911 5625 saeculum.

2086 5643 2110 5670 τ
2144 5631 2510 5692 Dimi:tuntur.
2545 5640 2711 5712 Supp.
2737 5645 3070 5700 monasterio.
