3948 6182
309 287 329 339 1
343 283 446 337 ⁸289

1233 269 1625 327 CONCORDIA
1662 264 2125 322 BEGULARUM.
2166 294 2235 306 --
2269 262 2419 317 CAP.
2461 262 2616 318 LXV.

3420 260 3555 316 {290

305 398 359 450 in
381 389 769 446 monasterium
809 383 972 447 defer,
999 384 1130 438 nihil
1188 383 1512 438 subcelando
1562 383 1686 445 Deo,
1734 378 1886 446 cujus
1914 382 1963 438 Α
1991 376 2224 430 nastcrio
2245 391 2512 445 generans
2539 375 2753 444 exigere
2775 374 3062 440 desideret,
3085 375 3099 416 ί
3124 388 3320 430 cavens
3338 390 3557 431 manum

303 494 360 538 te
380 495 502 536 eum
528 476 776 532 omnibus
815 476 976 528 rebus
1000 475 1106 528 tuis
1129 474 1315 528 subdis
1334 474 1586 535 servitio;
1628 473 1718 540 qui
1764 472 1882 524 ubi-

301 588 408 641 que
428 568 608 623 omnia
633 565 866 634 respicit,
891 573 945 618 et
973 563 1106 618 nihil
1125 571 1212 618 est
1234 564 1284 617 ei
1309 563 1578 617 occultum
1609 563 1700 631 qui
1733 576 1886 616 reve-

305 660 382 713 lat
419 658 703 710 absconsa.
747 654 952 706 Memor
996 661 1115 705 esto
1159 650 1363 704 fraudis
1401 651 1622 704 Ananiae
1657 657 1710 702 et
1753 648 1886 715 Sap-

302 749 495 817 pbirze,
512 745 603 813 qui
627 745 692 797 de
713 743 875 795 rebus
895 741 1007 795 suis
1036 740 1146 794 Deo
1166 739 1360 794 oblatis
1388 739 1581 792 exinde
1607 735 1886 790 subcelare

305 838 551 891 volentes
586 843 812 887 mortem
861 838 1175 900 perpetuam
1225 830 1500 882 irrucrunt
1540 840 1565 867 ι
1607 843 1705 896 pro
1761 826 1883 879 ﬁde.

305 929 428 983 Mox
455 936 513 980 ut
540 927 654 979 htec
684 923 917 977 audierit
943 935 1112 976 novus
1136 919 1322 984 frater,
1369 919 1413 972 si
1441 918 1469 958 δ
1499 918 1664 987 priori
1706 917 1885 972 divina

302 1017 571 1074 sententia
601 1015 850 1068 omnibus
878 1011 1174 1074 distractis,
1221 1018 1276 1064 et
1329 1024 1428 1077 per
1457 1023 1647 1062 manus
1674 1009 1886 1063 abbatis

303 1107 564 1177 erogatis,
590 1116 610 1142 ε
643 1101 734 1174 [si]
765 1103 866 1156 hoc
893 1116 991 1169 pro
1030 1109 1178 1154 certo
1204 1099 1454 1157 habuerit
1481 1108 1661 1151 votum
1703 1098 1884 1151 omnia

304 1193 630 1254 distrahere,
658 1198 712 1243 et
739 1187 1067 1242 monasterio
1087 1202 1192 1239 non
1219 1187 1420 1254 aliquid
1451 1201 1750 1249 reservare,
1778 1201 1884 1239 non

302 1293 551 1353 cogatur,
582 1281 683 1336 nisi
712 1296 775 1334 ex
827 1294 922 1332 sua
976 1277 1250 1332 voluntate
1295 1276 1542 1330 voluerit.
1589 1277 1728 1346 Ergo
1760 1292 1884 1332 cum

301 1375 554 1427 omnibus
603 1387 701 1441 per
751 1385 942 1424 manus
989 1369 1200 1422 abbatis
1237 1369 1490 1436 erogatis,
1523 1367 1548 1406 ἀ
1579 1383 1636 1422 se
1668 1367 1884 1422 ﬁrmare

301 1464 637 1517 numasterio
687 1461 930 1522 voluerit,
983 1469 1006 1497 θ
1055 1460 1240 1512 charta
1284 1459 1350 1511 ab
1375 1475 1442 1512 eo
1470 1459 1884 1527 perseverantia

304 1570 411 1607 non
437 1562 668 1622 petatur,
698 1552 824 1620 quia
851 1551 1047 1621 pignus
1080 1548 1200 1602 ﬁdei
1231 1546 1348 1614 eius
1375 1549 1514 1618 apud
1557 1549 1723 1603 Deum
1762 1564 1882 1616 om-

300 1645 452 1697 nium
478 1658 656 1696 rerum
681 1655 897 1696 suarum
920 1654 1018 1707 per
1036 1649 1311 1709 erogatam
1340 1637 1739 1708 elcemosynam
1759 1636 1877 1690 fuit.

1988 481 2142 520 suam
2174 467 2284 522 Deo
2337 475 2394 520 et
2436 467 2672 520 oratorio
2721 465 3034 519 monasterii
3081 481 3177 533 per
3217 466 3558 520 donationem

1988 556 2216 621 otl‘erat,
2283 565 2449 610 totum
2503 554 2964 610 subscribentibus
3017 554 3282 622 religiosis
3335 555 3562 610 testibus

1988 646 2259 714 episcopo,
2297 645 2618 714 presbytero
2643 653 2697 696 et
2725 645 2969 706 diacono,
3001 643 3082 696 vel
3115 644 3276 712 ipsius
3303 644 3559 697 territorii

1987 734 2164 798 clero;
2187 732 2281 786 eti
2321 733 2374 786 in
2404 733 2515 802 ipsa
2537 733 2782 788 cautione
2808 744 2995 786 laxans
3029 733 3130 786 hoc
3163 733 3186 771 ιι
3214 733 3356 801 quod
3393 733 3438 787 si
3465 733 3561 786 ali-

1987 824 2203 891 quando
2233 823 2559 877 monasterio
2581 823 2662 876 vel
2693 823 2808 876 sine
2843 821 3168 894 indulgentia
3215 831 3558 892 peccatorum

1988 930 2019 966 a
2049 913 2158 967 Deo
2187 928 2292 966 non
2322 913 2585 967 discedat.
2615 912 2735 966 Jam
2755 912 2822 966 de
2853 913 2980 980 ipsis
3006 914 3168 968 rebus
3200 913 3368 966 abbas
3389 915 3441 967 in
3464 929 3560 982 po-

1988 1009 2188 1056 testate
2218 1017 2316 1056 sua
2350 1000 2363 1039 ι
2397 1001 2620 1056 mutatis
2649 1013 2687 1040 ω
2710 1001 2966 1070 quidquid
2996 1003 3313 1056 necessariae
3339 1002 3556 1056 utilitati

1986 1091 2305 1145 monasterii
2327 1091 2601 1145 abundare
2626 1092 2841 1156 viderit,
2867 1106 2965 1160 pro
2985 1093 3162 1145 anima
3185 1091 3369 1146 fratris
3392 1093 3559 1161 ipsius

1985 1190 2206 1250 propter
2225 1190 2552 1250 praeceptum
2580 1198 2740 1252 supra
2771 1183 2970 1236 dictum
2998 1182 3251 1251 sequendi
3276 1183 3558 1236 Dominum

1986 1284 2084 1336 per
2111 1270 2507 1342 eleemosynam
2557 1270 2812 1325 distracta
2857 1271 2944 1325 illa
2975 1287 3033 1326 re
3075 1285 3407 1340 supervacua
3437 1284 3561 1338 pre-

1987 1358 2120 1411 tium
2151 1357 2266 1426 ejus
2287 1361 2615 1430 pauperibus
2656 1361 2854 1415 tribuat
2879 1381 2891 1416 :
2919 1369 2977 1416 ut
3003 1365 3143 1431 quod
3171 1362 3259 1416 ille
3280 1362 3560 1431 imperitus

1983 1447 2161 1503 frater
2181 1466 2286 1504 non
2318 1451 2515 1506 meruit
2560 1451 2758 1518 facere,
2787 1469 2886 1522 pro
2911 1453 3002 1507 illo
3039 1454 3138 1508 iste
3172 1453 3323 1522 quasi
3367 1453 3560 1506 doctus

1985 1542 2243 1612 magister
2270 1543 2445 1598 valeat
2473 1545 2785 1614 adimplere.
2814 1557 2842 1584 ιι
2872 1546 2973 1613 Qui
3003 1563 3130 1602 vero
3162 1546 3327 1601 frater
3350 1561 3414 1600 ex
3446 1555 3558 1600 toto

1987 1635 2308 1690 indicaverit
2334 1651 2394 1690 se
2420 1637 2552 1690 nihil
2576 1638 2794 1702 habere,
2812 1639 2960 1708 prius
2981 1640 3297 1708 exquiratur
3315 1655 3345 1692 a
3367 1638 3556 1692 vicinis

304 1732 439 1788 Nam
463 1749 558 1802 per
576 1733 815 1786 omnium
841 1746 1023 1786 rerum
1053 1745 1272 1784 suarum
1293 1729 1660 1798 erogationem
1679 1743 1882 1798 expen-
1911 1721 1958 1779 B
1986 1723 2128 1778 illius
2151 1724 2384 1800 regionis
2406 1725 2496 1779 ubi
2519 1727 2743 1791 mansit;
2772 1737 2828 1780 et
2852 1728 2896 1781 si
2923 1729 3194 1781 inventum
3226 1727 3386 1782 fuerit
3414 1727 3556 1795 quod

303 1840 422 1878 sam
452 1824 794 1892 cognoscitur
825 1824 964 1890 apud
994 1823 1161 1874 Deum
1205 1835 1364 1889 posse
1406 1820 1638 1875 ﬁdeliter
1664 1836 1883 1889 perma-

303 1927 458 1976 nere,
488 1912 576 1980 qui
627 1913 787 1965 rebus
819 1911 932 1966 suis
957 1927 1054 1978 pro
1079 1925 1145 1963 eo
1191 1911 1337 1977 cupit
1379 1924 1486 1964 non
1513 1924 1754 1978 parcere.
1784 1907 1886 1964 So-

303 2001 579 2054 lummodo
627 2002 767 2054 hanc
814 2002 903 2054 det
955 2001 1112 2052 ﬁdem
1153 1999 1253 2052 sibi
1309 1999 1523 2067 penitus
1575 1999 1706 2054 foris
1750 1999 1884 2052 nihil

306 2091 630 2144 remansisse
653 2090 902 2143 celatum.
937 2088 1088 2142 lianc
1118 2089 1240 2142 ideo
1292 2087 1311 2125 ί
1357 2087 1687 2141 voluntatem
1715 2087 1884 2142 abbas

304 2180 728 2250 ingredientibus
785 2180 1010 2242 tribuit,
1081 2187 1141 2231 ut
1199 2193 1304 2231 non
1360 2178 1428 2230 ab
1487 2177 1883 2231 introeuntibus

305 2271 332 2307 ⁸
349 2269 621 2337 judicetur
641 2268 820 2336 potius
850 2283 935 2322 res
957 2265 1234 2320 hominum
1255 2265 1561 2319 desiderare
1582 2278 1742 2332 quam
1764 2265 1884 2317 ani-

301 2371 438 2410 mas.
475 2355 574 2422 Qui
607 2371 734 2410 vero
775 2354 941 2408 frater
987 2355 1088 2409 hoc
1134 2353 1357 2422 elegerit
1394 2367 1518 2407 cum
1564 2353 1725 2406 rebus
1768 2353 1886 2407 suis

299 2445 329 2484 ιι
358 2445 686 2500 monasterio
715 2445 947 2508 tradere,
977 2453 1033 2498 et
1061 2444 1397 2498 distrahendi
1425 2443 1756 2497 voluntatem
1773 2458 1878 2498 non

299 2536 574 2599 habuerit,
591 2551 657 2588 ne
677 2534 967 2603 aliquando
995 2542 1232 2588 mutatus
1247 2549 1274 2586 a
1301 2532 1514 2588 diabolo
1535 2531 1620 2586 vel
1638 2542 1888 2588 armatus

296 2633 520 2693 propter
555 2639 643 2679 res
675 2638 804 2678 suas
857 2623 1150 2692 exigendas
1190 2622 1400 2692 aliquas
1441 2621 1720 2677 molestias
1763 2637 1881 2677 ino-

370 2749 396 2776 ι
431 2736 536 2790 Pro
562 2737 686 2804 ﬁde.
719 2735 777 2790 Id
820 2745 923 2799 est,
957 2744 1016 2788 ut
1060 2733 1319 2802 majorem
1370 2731 1532 2788 ﬁdem
1575 2733 1873 2789 Christiani

295 2805 618 2860 adhiberent
645 2805 921 2874 apostolis.

373 2875 399 2913 δ
431 2874 606 2928 Priori
632 2871 807 2928 divina
837 2874 1111 2927 sententia.
1142 2872 1271 2940 Qua:
1296 2871 1456 2941 paulo
1492 2879 1619 2927 ante
1660 2871 1874 2941 prolata

295 2952 382 2998 est
404 2959 468 2997 ex
500 2944 685 2997 Matth.
719 2959 831 2998 xix.

295 3080 346 3133 Β
372 3023 393 3050 ο
429 3012 487 3067 Si
523 3014 635 3066 hoc.
665 3013 932 3068 Particula
975 3011 1023 3065 si
1064 3012 1348 3076 redundat,
1394 3027 1496 3068 nec
1539 3010 1774 3066 habetur
1819 3011 1878 3066 in

350 3097 433 3133 ea.
477 3097 576 3133 IIIS.

350 3097 433 3135 ΘΕ.
477 3097 576 3135 IIIS.

368 3097 728 3230 iis-Stinfirmare
779 3151 1116 3230 monasterio.
1163 3149 1222 3204 Id
1268 3158 1371 3216 est,
1413 3150 1769 3208 stabilitatem
1815 3154 1873 3210 in

297 3221 628 3288 monasterio
649 3221 981 3288 promittere.

376 3275 616 3362 {Chai-in
647 3275 1061 3362 perseverantior.
1091 3289 1150 3344 ld
1193 3299 1296 3356 est,
1345 3290 1554 3360 petitio,
1597 3304 1692 3346 seu
1740 3306 1872 3362 pro-

295 3357 474 3426 fessio,
495 3357 710 3426 scriptis
747 3362 1014 3415 mandata.

374 3428 393 3500 ς
439 3424 783 3500 Yotuniatem.
812 3428 1162 3500 Dispensandi
1193 3429 1257 3500 de
1279 3429 1436 3500 bonis
1467 3429 1600 3500 suis.

371 3499 397 3536 8
423 3495 703 3568 ludicetur
743 3495 920 3564 potius
963 3515 1042 3568 res
1068 3499 1336 3568 hominum
1374 3498 1672 3568 desiderare
1715 3515 1874 3568 quam

293 3567 522 3618 animus.
552 3564 677 3619 Haec
706 3570 941 3620 notanda
990 3567 1228 3632 Magistri
1257 3567 1522 3620 sententia
1567 3567 1668 3621 hoc
1721 3564 1875 3622 inise-

294 3635 468 3706 [ando
520 3635 764 3706 sarculo,
791 3637 866 3706 in
897 3651 1005 3706 quo
1053 3634 1204 3688 multi
1253 3644 1519 3704 coguntur
1559 3635 1873 3706 religionem

293 3702 482 3758 Graeca
539 3704 767 3758 mercari
801 3702 930 3767 ﬁde,
963 3705 1065 3758 hoc
1094 3712 1200 3766 est,
1249 3702 1498 3771 praesenti
1554 3702 1781 3772 pecunia
1819 3715 1876 3760 et

293 3775 707 3841 praenumeratis
738 3773 994 3836 nummis,
1025 3789 1144 3842 qua:
1172 3782 1258 3826 est
1287 3788 1416 3827 sane
1451 3775 1623 3842 turpis
1648 3773 1873 3829 licitatio

291 3853 350 3895 et
371 3843 708 3914 nundinatio,
737 3843 1330 3914 Simonisrmagiiopus,
1377 3843 1422 3896 si
1469 3843 1571 3914 ﬁat,
1603 3859 1669 3897 ex
1715 3854 1874 3914 pacto

291 3913 487 3983 pretio,
525 3913 760 3983 antiquis
782 3913 1024 3983 conciliis
1049 3912 1576 3983 prohibita,__synodi
1618 3928 1691 3983 vlt
1717 3912 1870 3967 _can.

296 3982 384 4052 19,
415 3997 567 4035 conc.
598 3981 951 4036 Francol'urd.
984 3983 1107 4052 sub,
1127 3980 1320 4052 Carolo
1342 3980 1559 4052 Magno,
1580 3982 1680 4046 l7;
1714 3998 1869 4038 conc.

294 4048 476 4120 Later.
507 4067 594 4120 an.
626 4051 784 4114 1163,
809 4052 946 4119 apud
969 4051 1132 4106 Guill.
1159 4048 1576 4120 Neubrigensem
1605 4052 1696 4106 lib.
1730 4068 1768 4106 ιι
1807 4053 1874 4107 de

293 4117 476 4172 Ges-tis
514 4119 672 4189 Angl.
703 4136 819 4189 cap.
844 4117 951 4185 ‘15;
1003 4129 1058 4173 et
1084 4121 1253 4175 altero
1273 4117 1502 4174 concilio
1522 4119 1873 4176 Lateranensi

295 4190 437 4261 apud
451 4189 710 4261 eumdem
735 4189 828 4243 lib.
856 4206 936 4253 ιιι,
961 4204 1079 4261 cap.
1105 4189 1204 4243 20:
1243 4209 1287 4261 ιλ
1299 4189 1543 4261 βιοηεοὴί
1565 4206 1671 4244 non
1697 4192 1873 4261 pretio

297 4257 629 4325 recipiantur
676 4259 729 4312 in
784 4257 1130 4314 monasterio.
1183 4280 1202 4311 ι
1257 4258 1314 4312 Si
1362 4270 1537 4314 tamen
1587 4257 1716 4315 non'
1743 4271 1872 4316 sunt

296 4322 622 4405 suibcientes
653 4328 914 4392 redditus,
952 4336 1131 4398 potest
1169 4328 1284 4383 dari
1331 4328 1533 4398 aliquid
1582 4330 1638 4384 in
1683 4330 1874 4385 alimo-

298 4411 462 4448 mam.
1497 4445 1500 4447 λ

370 4465 396 4503 h
439 4463 758 4538 Monasterio
801 4466 1026 4520 tradere.
1073 4466 1234 4536 Lege,
1267 4475 1327 4520 ut
1363 4467 1417 4521 in
1454 4467 1586 4538 Reg.
1616 4484 1720 4524 ms.
1749 4486 1762 4522 :
1798 4467 1869 4525 Se

299 4534 612 4586 monasterio
639 4535 863 4588 tradere.

375 4604 390 4640 ί
420 4600 614 4656 Caveas
645 4619 860 4656 manum
878 4620 1048 4667 suam,
1077 4614 1183 4659 etc.
1235 4603 1409 4661 Locus
1430 4605 1668 4671 mutilus,
1697 4607 1776 4662 sic
1800 4622 1868 4662 ex

300 4669 578 4745 Reg.__ms.
607 4672 1008 4745 restituendus:
1043 4672 1240 4727 Caveas
1292 4692 1450 4728 manu
1494 4692 1592 4745 sua
1629 4669 1776 4745 prius
1803 4678 1868 4730 de

297 4740 580 4817 stabilitate
629 4740 787 4794 simul
836 4758 1006 4817 rerum
1042 4758 1261 4817 suarum
1305 4745 1454 4797 brebe
1495 4740 1670 4817 (Legi,
1707 4746 1865 4817 breui)

296 4808 550 4876 adjuncto
574 4826 677 4862 una
705 4827 822 4863 cum
848 4812 1024 4866 anima
1039 4829 1137 4865 sua
1163 4811 1272 4865 Deo
1293 4823 1341 4865 et
1361 4808 1870 4868 oratorio'monastel

296 4878 364 4927 rii
393 4877 599 4944 offerat.
633 4877 841 4935 Caveas
868 4895 1028 4934 manu
1055 4897 1150 4934 sua
1181 4889 1264 4936 est
1287 4883 1592 4937 cautionem
1615 4898 1708 4938 seu
1750 4885 1866 4939 chi-

294 4946 621 5015 rogi-aphum
676 4964 837 5003 manu
902 4966 999 5004 sua
1060 4949 1267 5004 faciens
1319 4953 1628 5006 securitatis
1679 4967 1861 5008 causa.

294 5013 743 5096 Elussteveteres
779 5016 1044 5096 :_C_avis_ti,
1085 5021 1346 5096 ἠσφαᾉίσω
1394 5023 1862 5096 ᾇχςιρργθῄφῃσας.

294 5082 353 5162 I_t_1
382 5092 488 5162 est,
513 5095 684 5162 tutum
713 5086 906 5162 fecisti,
943 5082 1355 5162 chirographum
1387 5082 1866 5162 lééis'ti."lllpianus

293 5152 418 5230 112.1.
444 5169 480 5218 ι,
499 5155 585 5230 ιίιΖ
611 5152 1050 5230 Usufructuarius
1072 5152 1332 5230 q'uoriwdo
1356 5171 1552 5230 caueat.
1585 5180 1604 5212 ι
1629 5152 1692 5215 Si
1713 5162 1866 5230 cujus

294 5223 375 5300 rei
427 5223 768 5300 ususfructus
816 5227 1031 5300 legatus
1079 5223 1182 5289 sit,
1235 5229 1602 5296 aequissimum
1649 5223 1863 5300 praetori

293 5292 469 5364 visum
495 5304 577 5364 est
607 5292 920 5364 legatariufn
947 5311 1159 5350 cavere.
1200 5315 1217 5346 ι

371 5360 494 5441 iniu
519 5363 629 5431 ipsa
653 5360 913 5441 cautione.
931 5365 1122 5420 Cautio
1146 5373 1230 5441 est
1247 5365 1689 5441 chirographum,
1707 5369 1865 5441 char-

296 5438 369 5492 ta,
401 5431 614 5494 litterze,
644 5449 764 5501 quae
786 5436 982 5488 dantur
997 5435 1328 5498 securitatis,
1356 5431 1449 5490 seu
1475 5431 1862 5492 recordationis

295 5514 479 5571 causa.
533 5501 724 5571 Papias
757 5521 770 5557 :
804 5501 990 5556 Cautio
1038 5521 1070 5557 a
1121 5505 1346 5558 cavendo
1378 5505 1519 5558 dicta
1569 5506 1736 5570 breve,
1789 5509 1864 5561 vel

295 5567 390 5648 cita
399 5579 477 5648 rta
496 5567 886 5648 recordationis.
904 5572 1104 5648 Cl‘ossze
1121 5582 1326 5648 veteres
1344 5594 1356 5626 :
1374 5567 1860 5648 Cautio,&e_9di).ua,

297 5636 347 5688 id
377 5647 479 5701 est,
508 5640 790 5694 securitas.
819 5638 1116 5705 Contiones,
1159 5645 1440 5712 ἀσφάλειαι.
1473 5636 1626 5714 Legis
1654 5636 1864 5715 Longo;

613 5733 883 5794 ΡΑτηυι..
930 5734 1090 5796 CIII.

1904 3061 1953 3124 C

1983 1821 2130 1867 certe
2157 1814 2229 1868 sit
2268 1829 2334 1868 ex
2381 1824 2492 1868 toto
2525 1814 2643 1882 ejus
2667 1827 2977 1885 paupertas,
3006 1827 3131 1873 tunc
3159 1819 3282 1872 dato
3309 1833 3559 1886 perseve-

1983 1904 2175 1958 rantia:
2198 1905 2510 1974 ﬁdejussore
2541 1915 2565 1941 ο
2596 1907 2696 1961 sub
2719 1910 2969 1964 cautione
3006 1924 3178 1978 paena:
3218 1910 3554 1978 interposita.

1981 1993 2038 2048 Si
2063 2003 2242 2048 tamen
2253 1995 2367 2063 jam
2392 2006 2554 2052 notus
2577 1997 2761 2064 fuerit,
2803 2011 2829 2048 P
2854 2000 2935 2054 sic
2963 1999 3118 2053 debet
3146 2001 3198 2054 in
3226 2001 3555 2055 monasterio

1981 2083 2202 2152 suscipi,
2231 2099 2298 2138 ne
2323 2083 2463 2140 forte
2491 2085 2760 2155 aliquibus
2786 2089 2946 2142 rebus
2983 2089 3097 2143 suis
3125 2091 3191 2144 ad
3217 2099 3427 2160 tempus
3480 2090 3559 2144 fo-

1980 2173 2058 2228 ris
2086 2184 2112 2223 ει
2137 2176 2546 2240 commendatis,
2599 2179 2824 2233 mentita
2869 2179 2924 2234 in
2961 2182 3288 2236 monasterio
3330 2197 3559 2252 pauper-

1981 2272 2116 2325 tate,
2143 2279 2252 2319 non
2280 2264 2452 2319 solum
2479 2267 2612 2320 nihil
2636 2267 2746 2322 Deo
2772 2284 2871 2338 per
2897 2269 3316 2342 eleemosynam,
3338 2273 3422 2328 vel
3445 2288 3556 2328 mo—

1981 2353 2219 2408 nasterio
2272 2367 2369 2421 per
2419 2355 2764 2412 donationem
2813 2357 3075 2423 conferat,
3132 2362 3226 2416 sed
3279 2362 3437 2416 etiam
3489 2365 3556 2418 ab

1985 2450 2006 2478 τ
2029 2443 2400 2510 spectantibus
2422 2459 2545 2498 eum
2566 2443 2699 2500 foris
2725 2448 2886 2502 rebus
2914 2449 3026 2504 suis
3063 2461 3419 2520 provocatus;
3455 2465 3474 2492 ε
3503 2463 3556 2506 et

1979 2545 2102 2584 cum
2121 2531 2251 2598 quid
2280 2533 2512 2597 venerit,
2544 2544 2704 2590 exeat
2757 2552 2952 2593 causae.
3003 2538 3136 2595 Nam
3190 2557 3312 2597 cum
3349 2544 3552 2598 dederit

1979 2724 2376 2809 bardortim_ti_t.
2403 2727 2490 2791 21,
2515 2728 2551 2783 l.
2572 2729 2644 2809 15
2657 2747 2678 2809 _:
2698 2749 2720 2783 ι
2741 2728 2798 2786 Si
2825 2733 2946 2802 quis
2962 2737 3549 2809 mutuaveritcuiquam

1978 2793 2402 2890 solidos
2420 2793 2858 2890 pet-cautionem;
2878 2822 2896 2854 ι
2925 2811 3028 2857 etc.
3054 2803 3182 2890 Luc.
3214 2823 3307 2890 xvr
3327 2823 3341 2860 :
3365 2793 3553 2890 Arcipe

1979 2869 2280 2944 cautionem
2297 2875 2462 2931 tuam,
2496 2869 2549 2922 iu
2583 2878 2732 2924 textu
2741 2869 2963 2944 tiraeco,
2994 2876 3225 2944 γράμμα,
3257 2877 3307 2930 id
3337 2888 3440 2941 est,
3466 2869 3552 2933 lit-

1980 2939 2144 3012 teras.
2167 2933 2376 3012 _Dici_tur
2398 2945 2454 3012 _et
2472 2947 2711 2994 cautum.
2731 2933 3107 3012 Corippus'l'ib.
3131 2933 3169 2998 ii
3197 2933 3261 3000 de
3280 2933 3551 3004 Laudibus

1980 2998 2180 3056 Justini
2215 3004 2441 3060 minoris
2465 3022 2481 3060 :

2104 3116 2290 3168 Debita
2321 3120 2550 3181 persolvit
2583 3124 2837 3184 genitoris.
2876 3129 3017 3173 cauta
3038 3127 3237 3188 recepit.

1979 3215 2185 3273 Glossa:
2210 3227 2420 3302 veteres
2450 3239 2462 3272 :
2487 3219 2974 3302 Cautumﬁapdig
2986 3227 3340 3302 χιιρόγραφον,
3367 3229 3420 3283 id
3442 3239 3550 3296 est,

1978 3302 2251 3358 securum,
2276 3290 2716 3358 chirographum.

2052 3358 2078 3396 Ιι
2111 3357 2264 3422 Quod
2295 3359 2342 3411 si
2366 3357 2672 3428 aliquando.
2724 3359 2897 3416 Locus
2929 3363 3165 3428 mutilus,
3217 3366 3309 3420 sed
3358 3368 3428 3421 ita
3483 3383 3550 3424 ex

1980 3425 2114 3502 Reg.
2145 3442 2247 3502 ms.
2275 3425 2644 3502 restituendus
2675 3428 2870 3502 :Quod
2894 3432 2941 3484 si
2973 3425 3259 3502 aliguando
3287 3437 3551 3491 discedere

1981 3495 2220 3559 voluerit,
2245 3497 2356 3550 sine
2372 3497 2521 3548 rebus
2546 3497 2656 3549 suis
2679 3497 2744 3550 de
2764 3495 3074 3554 monasterio
3092 3534 3110 3556 ν
3147 3504 3222 3556 vel
3241 3506 3355 3558 sine
3381 3507 3552 3559 indul-

1978 3565 2158 3642 gentia
2175 3575 2501 3642 peccatorum
2525 3582 2556 3617 a
2586 3565 2994 3642 ()eodescerrdat
3009 3587 3029 3642 ς
3055 3571 3190 3642 lege,
3220 3574 3474 3628 discedat.

2057 3632 2075 3671 1
2105 3632 2344 3714 Atinatis.
2374 3633 2430 3714 Id
2450 3643 2554 3714 est,
2577 3632 3406 3714 derelictis.Enniusitarccllus,
3426 3659 3545 3714 cap.

1975 3702 2011 3756 4
2045 3720 2064 3774 :7
2089 3701 2322 3774 illatam,
2353 3703 2729 3774 derelinquere.
2757 3706 2996 3762 Lucilius
3042 3710 3134 3764 lib.
3170 3728 3293 3766 xxv:
3322 3730 3336 3764 :
3371 3701 3549 3768 {Mihi

1976 3771 2331 3843 quidemfnon
2360 3771 2737 3843 persuadetur,
2765 3777 2976 3843 publice
2996 3789 3054 3832 ut
3079 3790 3281 3836 mutem
3313 3799 3482 3837 meos.
3523 3803 3540 3834 ι

2016 3789 2194 3825 niuem
2227 3789 2331 3828 non
2397 3789 2737 3839 ersuaaetur,
2765 3789 2976 3843 publice
2996 3789 3054 3832 ut
3079 3790 3281 3836 mutem
3313 3799 3482 3837 meos.
3523 3803 3540 3834 ι

2013 3910 2024 3922 .
2048 3853 2089 3922 ξπ
2113 3789 2394 3922 Quidqui;
2407 3845 2714 3922 necessariae
2729 3846 3261 3922 utilitatimonasterii
3282 3851 3550 3908 abundare

1977 3910 2184 3988 viderit,
2215 3910 2320 3988 etc.
2349 3910 2595 3988 Notanda
2637 3913 2869 3988 hominis
2911 3918 3208 3988 integritas,
3241 3923 3544 3986 sinceritas,

1977 3979 2212 4060 simulet
2238 3981 2497 4060 Charitas.
2547 3980 2717 4060 Quam
2761 3984 2918 4060 longe
2948 3979 3101 4060 abést
3129 4005 3159 4043 a
3189 3979 3543 4060 quorumdam

1975 4051 2226 4113 avaritia,
2260 4060 2351 4122 aut
2377 4051 2710 4117 curiositate,
2737 4055 2829 4122 qui
2853 4051 2946 4109 aut
2970 4057 3107 4112 bona
3140 4051 3466 4118 no'vitiorum
3486 4063 3543 4116 in

1975 4133 2100 4172 arca
2132 4119 2450 4185 recondunt,
2476 4131 2570 4175 aut
2596 4136 2659 4176 ea
2691 4119 2898 4180 insanis
2945 4127 3406 4186 substructionum
3433 4148 3548 4186 mo-

2137 4189 2429 4270 erigendis,
2457 4191 2830 4270 similibusque
2857 4195 3182 4270 vanitatibus
3205 4201 3544 4270 impendunt,

1974 4255 2267 4330 Christogi'n
2297 4261 2410 4313 suis
2433 4261 2688 4315 membris
2711 4255 2924 4330 algente
2953 4273 3007 4319 et
3035 4255 3326 4324 esuriente.

2047 4337 2074 4407 ξι
2105 4327 2208 4393 Qui
2235 4345 2350 4407 vero
2371 4330 2555 4407 frater.
2576 4330 2654 4385 lta
2678 4333 2728 4387 in
2746 4327 2885 4407 Reg.
2903 4351 3004 4388 ms.
3032 4335 3338 4407 Legendum
3363 4349 3543 4395 tamen

1895 4395 1950 4454 D
1974 4396 2188 4476 videtur
2219 4415 2233 4452 :
2355 4395 2470 4452 uero
2493 4400 2691 4476 frater;
2741 4405 2815 4458 ita
2834 4395 3046 4460 “sensus
3069 4395 3324 4476 postulat,
3351 4418 3405 4464 et
3430 4420 3544 4466 tota

1973 4466 2135 4537 hujus
2159 4467 2354 4537 capitis
2377 4466 2730 4526 constructio.

2042 4534 2068 4610 εξ
2092 4534 2200 4590 Sub
2225 4534 2464 4610 cautione
2491 4555 2652 4604 preme
2680 4543 3003 4610 interposita.
3058 4543 3134 4601 lta
3184 4545 3237 4602 in
3269 4547 3402 4610 Reg.
3436 4563 3540 4603 ms.

1967 4605 2399 4688 Yidetur-t'amen
2426 4608 2611 4688 deesse
2633 4605 2875 4673 verbum,
2921 4614 3259 4688 suscipiatur,
3292 4605 3380 4674 vel
3409 4619 3539 4688 quid

1968 4675 2334 4750 simile._Htec
2377 4687 2556 4750 autem
2594 4693 2768 4750 paena
2811 4693 2893 4736 est
2937 4675 3177 4750 pecunia;
3220 4675 3313 4742 aut
3360 4675 3540 4744 rerum

1966 4745 2424 4826 mquivalentium,
2474 4748 2518 4800 si
2585 4745 2723 4826 forte
2774 4745 3071 4806 monachus
3131 4755 3378 4812 desertor
3423 4757 3536 4811 fur-

1969 4821 2080 4866 tum
2123 4814 2367 4869 intulerit
2414 4819 2760 4885 monasterio,
2809 4829 2866 4873 ut
2912 4835 2975 4874 ex
3021 4826 3369 4892 sequentibus
3390 4827 3539 4882 colli-

1965 4896 2092 4952 gere
2125 4893 2225 4938 est.

2039 4952 2192 5029 P-Sjc
2235 4954 2381 5009 debet
2410 4956 2465 5008 in
2506 4959 2820 5011 monasterio
2857 4959 3070 5029 suscipi.
3115 4962 3251 5019 Dato
3279 4964 3535 5022 nimirum

1967 5021 2090 5075 ﬁdei
2115 5020 2346 5077 iussore.

2034 5100 2062 5140 tt
2091 5093 2496 5168 Commendatis.
2537 5093 2594 5168 Id
2627 5105 2728 5168 est,
2767 5096 2819 5168 in
2848 5096 3147 5166 depositum
3189 5103 3349 5168 datis,
3387 5119 3535 5160 com-

1965 5161 2224 5243 mendare
2247 5163 2391 5243 enim
2428 5171 2512 5218 est
2625 5161 2931 5243 depositum
2954 5167 3102 5224 dare.
3135 5161 3453 5243 Spartianus
3479 5176 3533 5230 in

1964 5228 2264 5304 Pescennio
2283 5230 2473 5301 Nigro:
2506 5251 2524 5284 ι
2552 5228 2708 5304 Idem.
2713 5234 2900 5304 jussit,
2921 5251 2988 5294 ne
3009 5243 3062 5298 in
3086 5228 3236 5298 sonis
3250 5228 3446 5301 milites
3468 5228 3534 5298 ad

1964 5299 2182 5382 bellum
2208 5299 2435 5382 ειη-θός,
2482 5303 2566 5359 vel
2607 5299 2894 5382 argenteos
2939 5324 3191 5370 nummos
3233 5299 3532 5382 portarent.

1963 5369 2058 5452 sed
2092 5370 2306 5452 _pu_hl_ice
2345 5369 2816 5452 commendarent,
2870 5369 3138 5451 recepturi
3185 5369 3307 5450 pést
3351 5369 3532 5452 praelia

1963 5439 2105 5506 quod
2135 5440 2410 5494 dederant.
2459 5462 2477 5494 ι

2043 5518 2062 5544 τ
2104 5507 2484 5588 Spectantibus.
2521 5512 3137 5588 Pro,iexspectantibus.

1996 5588 2058 5660 LI
2102 5578 2169 5628 Et
2199 5595 2314 5660 curn
2341 5583 2464 5650 quid
2489 5587 2704 5660 uenerit,
2735 5578 2881 5643 eieat
2912 5609 3103 5646 causas.
3140 5591 3264 5648 Haec
3291 5598 3537 5660 transpo-

1966 5649 2066 5701 sita
2093 5658 2235 5703 sunt.
2269 5649 2407 5720 Lege
2435 5671 2446 5704 :
2480 5653 2542 5705 Et
2570 5672 2685 5709 cum
2711 5660 2835 5726 quid
2865 5677 3038 5716 causa:
3060 5664 3273 5725 venerit,
3296 5649 3462 5714 exeat:

3116 5752 3190 5814 Μ
