3948 6182
416 282 548 337 ’(291

420 409 446 436 ι
474 400 664 451 cautos
683 387 1024 457 ﬁdeiussores
1046 397 1169 441 eum
1195 396 1376 452 paena,
1395 382 1507 451 jam
1538 392 1664 437 tunc
1694 383 1908 437 demum
1931 380 1982 433 ei
2010 384 2060 441 Α

416 483 447 522 δ
470 497 572 553 pro
598 480 807 535 actibus
834 474 1145 531 monasterii
1193 473 1310 527 sine
1349 473 1652 541 suspicione
1678 484 1867 527 secure
1896 485 1982 525 res

416 568 727 625 monasterii
756 573 848 622 aut
876 564 1047 636 pretia
1087 562 1436 617 emendorum
1473 562 1558 616 vel
1590 573 1612 600 α
1643 570 1982 616 vecturarum

415 656 669 712 alimonia
727 654 1129 709 contradantur.
1187 649 1241 705 Si
1297 665 1426 704 vero
1483 650 1606 704 talis
1660 648 1983 702 monasterio

415 745 694 801 advenerit
720 743 889 797 frater
915 757 1075 811 quem
1104 740 1130 779 ἀ
1160 740 1275 809 ipsa
1318 740 1490 807 patria
1525 737 1871 809 iguoraverit,
1899 735 1983 789 vel

416 836 669 891 omnibus
687 834 937 890 habuerit
957 832 1164 887 vultum
1186 832 1448 901 ignotum,
1466 838 1519 885 et
1544 846 1603 885 se
1628 830 1694 884 ad
1723 836 1985 884 monaste-

417 927 484 981 rii
513 927 827 982 societatem
857 938 880 966 ε
914 924 1128 979 ﬁrmare
1149 923 1537 987 voluerit,cum
1562 923 1752 977 notitia
1775 921 1985 977 abbatis

416 1016 500 1071 vel
529 1016 771 1070 omnium
794 1023 983 1080 exeat;
1031 1022 1086 1067 et
1112 1027 1233 1067 cum
1252 1012 1364 1081 jam
1393 1012 1543 1066 exire
1569 1011 1814 1075 voluerit,
1838 1011 1987 1080 prius

410 1109 550 1179 iuret
578 1126 635 1165 se
663 1110 728 1164 de
748 1108 909 1164 rebus
929 1105 1242 1162 monasterii
1271 1104 1414 1158 nulla
1441 1103 1567 1157 furti
1587 1103 1985 1167 commissione,

415 1209 509 1255 aut
549 1200 683 1254 foris
731 1197 750 1237 ί
799 1206 1113 1252 antecessus
1138 1194 1564 1257 commendasse,
1602 1201 1696 1246 aut
1722 1193 1986 1246 absconsa

416 1303 599 1342 secum
628 1294 894 1355 portasse,
921 1284 1025 1338 nisi
1047 1282 1187 1337 forte
1209 1282 1257 1336 ei
1287 1295 1386 1350 pro
1413 1280 1782 1334 misericordia
1805 1278 1988 1333 volue-

416 1379 492 1432 rit
514 1377 714 1447 aliquid
737 1378 938 1431 donare
968 1374 1152 1439 abbas,
1185 1380 1245 1426 ut
1282 1372 1327 1427 si
1365 1369 1742 1442 periuraverit,
1770 1370 1908 1425 ferat
1930 1369 1987 1423 in

418 1468 597 1522 anima
623 1468 764 1536 quod
810 1466 862 1520 in
902 1479 1133 1534 corpore
1180 1478 1284 1517 non
1339 1462 1515 1532 potuit
1539 1460 1851 1529 adimplere.
1881 1460 1989 1515 Res

416 1567 597 1612 tamen
627 1557 819 1627 quibus
848 1556 1067 1610 indutus
1090 1554 1268 1608 fuerat
1292 1552 1623 1616 monasterii,
1669 1550 1753 1604 vel
1781 1549 1990 1605 calcea-

417 1656 597 1703 tnenta
630 1646 970 1717 remnsignet
998 1643 1213 1708 abbati;
1249 1651 1305 1697 et
1324 1643 1621 1697 remanenti
1664 1642 1716 1695 in
1746 1654 1992 1708 perseve-

414 1739 588 1793 rantia
614 1739 766 1792 fratri
797 1735 1083 1806 proﬁciant
1096 1749 1223 1802 quae
1243 1731 1600 1801 migrantibus
1637 1729 1980 1794 auferuntur;

412 1839 470 1885 et
492 1846 581 1885 res
608 1827 921 1885 monasterii
944 1826 1037 1881 ille
1055 1826 1258 1880 habeat
1277 1823 1368 1893 qui
1398 1823 1452 1876 in
1480 1821 1810 1876 monasterio
1831 1820 1989 1874 habi-

416 1928 529 1985 tat;
557 1928 613 1975 et
630 1918 776 1988 juste
800 1917 873 1971 illi
897 1914 1196 1979 retollatur,
1225 1913 1318 1983 qui
1348 1911 1546 1981 injuste
1564 1912 1772 1965 animos
1803 1925 1933 1964 suos
1955 1925 1987 1963 a

415 2009 820 2079 perseverantia
840 2006 1150 2062 monasterii
1172 2012 1417 2074 separat;
1448 2019 1549 2058 nec
1595 2002 1669 2057 illi
1712 2003 1842 2055 dare
1869 2001 1987 2071 pla-

415 2108 594 2164 ceant,
626 2100 711 2155 cui
755 2100 991 2168 ipsarum
1035 2112 1212 2152 rerum
1243 2099 1267 2137 ⁸
1296 2095 1567 2165 displicuit
1594 2094 1894 2164 disciplina.
1929 2092 1987 2148 Si

416 2204 545 2245 vero
573 2191 647 2244 ita
669 2188 956 2257 iuraverit,
993 2196 1049 2243 et
1083 2202 1190 2243 non
1231 2202 1289 2243 se
1321 2186 1519 2251 ﬁrmet,
1559 2187 1653 2241 sed
1681 2186 1749 2240 ad
1779 2193 1991 2255 tempus

415 2291 740 2346 remoretur,
769 2281 873 2336 hoc
901 2278 1075 2336 solum
1105 2286 1353 2345 testetur,
1395 2285 1457 2332 ut
1503 2279 1619 2332 sine
1664 2276 1853 2331 notitia
1903 2276 1990 2331 vel

416 2370 535 2426 vale
555 2370 788 2435 abbatis,
817 2369 901 2426 vel
926 2383 1050 2424 cum
1079 2367 1222 2423 furto
1248 2383 1354 2422 non
1384 2375 1561 2423 exeat.
1607 2366 1778 2421 Etiam
1801 2381 1866 2421 ex
1892 2366 1992 2420 im-

414 2461 633 2528 proviso
652 2459 989 2517 custodiatur
1012 2468 1068 2514 et
1089 2460 1142 2513 in
1159 2466 1428 2528 potestate
1449 2457 1583 2513 nihil
1604 2457 1829 2522 haheat;
1854 2465 1909 2511 et
1923 2458 1991 2513 ad

416 2549 657 2604 laborem
707 2563 829 2603 cum
880 2547 1140 2603 fratribus
1181 2546 1542 2603 communiter
1589 2546 1912 2616 impellatur,
1932 2555 1992 2601 ut

418 2638 714 2694 laborando
735 2640 898 2694 vivat.
929 2638 985 2693 Si
1024 2647 1201 2693 tamen
1247 2640 1424 2693 nudus
1473 2636 1655 2704 fuerit,
1686 2649 1741 2694 et
1772 2640 1993 2694 induere

417 2744 540 2783 eum
589 2730 755 2785 abbas
798 2730 1049 2794 voluerit,
1098 2730 1165 2784 ad
1216 2738 1426 2799 tempus
1448 2738 1747 2796 utatur;ut
1767 2730 1903 2785 sciat
1934 2745 1993 2785 se

420 2820 561 2889 quod
588 2820 749 2875 habet
775 2835 936 2875 omne
958 2821 1477 2890 reconsignaturum,
1499 2836 1619 2875 cum
1647 2821 1797 2875 exire
1809 2820 1995 2876 volue-

420 2910 520 2976 rit;
546 2918 602 2965 et
620 2910 767 2966 velut
796 2911 1009 2981 ignotus
1061 2911 1259 2965 nullam
1290 2912 1315 2951 ιι
1351 2920 1597 2966 catenam
1644 2912 1766 2967 ﬁdei
1813 2914 1993 2970 abbati

417 3002 483 3054 de
510 3000 799 3054 securitate
821 2999 1103 3054 intulerit:
1135 3000 1249 3055 sive
1274 3001 1321 3055 si
1348 3000 1489 3054 nulla
1532 3002 1854 3057 sacramenti
1888 3002 1993 3058 ﬁde

418 3096 692 3154 teneatur;
719 3104 839 3143 cum
871 3088 1010 3144 forte
1040 3090 1282 3144 incertus
1310 3091 1374 3144 de
1403 3089 1659 3147 ﬁrmitate
1685 3089 1995 3148 fratermis-

417 3192 511 3232 sus
558 3176 723 3231 fuerit
750 3192 873 3231 cum
898 3178 1162 3232 vehiculis
1188 3178 1522 3245 animalium,
1556 3189 1609 3234 et
1646 3184 1995 3237 cmendarum

417 3264 593 3334 pretio
618 3279 821 3327 rerum,
850 3280 972 3319 mox
998 3267 1195 3321 ducatu
1218 3267 1415 3321 diaboli
1466 3268 1694 3325 inventis
1723 3286 1817 3339 per
1836 3286 1996 3327 ocea-

416 3353 626 3409 sionem
653 3354 955 3426 sumptibus
980 3354 1065 3411 vel
1093 3355 1355 3411 vehiculis
1383 3357 1436 3411 in
1467 3356 1670 3414 alienas
1713 3368 1886 3415 terras
1929 3362 1995 3416 de

417 3445 579 3499 rebus
600 3446 1165 3514 monasterii-incipiat
1208 3447 1381 3516 magis
1418 3448 1701 3504 ordinatus
1730 3451 1991 3520 migrare,

416 3551 644 3592 securus
689 3537 755 3592 de
792 3552 851 3593 se
890 3553 988 3608 per
1012 3538 1381 3608 deceptionem
1418 3541 1657 3610 quotidie
1682 3551 1997 3613 exspectan-

421 3628 523 3681 dus
556 3635 613 3682 et
662 3627 1031 3700 prolongando
1080 3637 1175 3683 aut
1221 3630 1392 3695 tarde,
1443 3638 1535 3685 aut
1581 3648 1860 3703 nunquam
1905 3651 1994 3691 se-

416 3718 682 3787 quendus.

491 3838 518 3866 ι
558 3825 870 3903 Qautos.__ld
893 3836 1016 3903 _e_st,_
1038 3828 1286 3903 qui_sunt
1320 3829 1597 3903 solvendo,
1628 3831 1672 3903 s_i
1711 3830 1849 3887 forte
1884 3834 1997 3903 ipse

416 3893 701 4019 ltraqsfuga
741 3896 945 3966 aliquid
986 3893 1244 3954 de'rebus
1285 3893 1598 3955 monasterii
1639 3899 1786 3957 furto
1818 3893 1998 3975 sustu-

437 3980 516 4019 ert
548 4004 562 4018 .

437 3980 562 4020 er“.

492 4035 521 4074 δ
560 4032 669 4110 ξω
700 4033 1017 4110 actibus._ld_
1031 4042 1134 4100 est,
1164 4052 1269 4110 pro
1291 4039 1543 4110 negotiis.

491 4113 516 4182 ξ
556 4102 930 4182 _l’_ectura_rum.
952 4102 1221 4182 _Ve_ctur:e
1256 4102 1523 4165 hoc'loco
1559 4120 1687 4167 sunt
1724 4111 1993 4182 jumenta,

419 4172 632 4236 caballi,
665 4172 802 4226 asini
836 4186 889 4227 et
920 4173 1138 4228 similia.

491 4240 682 4364 ἀῑιηεα
719 4242 913 4312 patria.
949 4241 1007 4295 id
1035 4254 1136 4308 esr,
1161 4245 1311 4315 regio
1344 4247 1399 4301 in
1434 4265 1539 4319 qua
1570 4252 1733 4307 situm
1762 4262 1847 4308 est
1874 4269 1996 4309 mo-

497 4325 522 4364 s
549 4326 742 4364 enum.
1806 4356 1811 4363 .

423 4324 742 4364 naStertum.

495 4356 802 4459 ἷῗῗῖἶίιξάνε
827 4378 1066 4459 uoluerit.
1120 4381 1248 4459 Post
1277 4383 1391 4459 haec
1410 4389 1597 4459 verba,
1622 4356 1865 4459 quaedam
1894 4392 1990 4446 de-
2016 4392 2070 4451 D

421 4456 548 4520 sunt
586 4463 652 4505 ex
690 4449 891 4520 Regula
939 4464 1042 4503 ms.
1077 4453 1405 4508 restituenda
1450 4475 1462 4510 :
1508 4449 1655 4513 Sola'
1673 4462 1986 4515 sacramenti

420 4518 550 4595 ﬁdes
586 4521 665 4595 ab_
685 4535 745 4574 eo
767 4518 1111 4595 exposcam»;
1125 4532 1193 4595 _ut
1215 4523 1565 4595 sialiquando
1587 4528 1651 4582 de
1671 4532 1986 4585 monasterio

420 4590 563 4659 exire
584 4588 820 4659 voluerit,
844 4588 961 4659 curn
986 4590 1169 4643 notitia
1195 4588 1414 4659 abbatis,
1444 4605 1553 4652 etc.

498 4655 519 4695 ί
533 4658 882 4743 ΑΑζιρςσεδεμξ.
903 4656 1107 4743 Glossa}
1128 4669 1336 4743 veteres
1359 4682 1373 4716 ;
1396 4655 1723 4743 antecessum
1755 4667 1990 4743 ἔμπροσ-

418 4730 497 4782 θεν
527 4726 772 4807 βαδίζωγ,
799 4727 1136 4807 id.cst,_ante
1162 4731 1379 4807 vadens.
1424 4733 1521 4807 Hic
1559 4746 1639 4791 est
1668 4726 1799 4807 ergo
1837 4726 1990 4793 a'nte-

418 4796 623 4859 cessus,
656 4797 747 4866 qui
780 4796 930 4866 prius
958 4797 1138 4866 aliquo
1167 4798 1343 4866 iverit,
1371 4811 1431 4856 ut
1465 4805 1715 4860 nimirum
1738 4796 1842 4862 “res
1875 4824 1990 4863 mo—

419 4866 643 4952 nasterii
677 4865 1071 4952 absconderet,
1114 4876 1208 4922 aut
1242 4870 1299 4952 in
1325 4872 1633 4952 depositum
1677 4877 1831 4931 daret
1868 4887 1994 4932 ante

421 4933 603 5006 fugam
634 4952 727 4992 seu
758 4937 963 4990 exitum
990 4952 1019 4990 a
1046 4933 1419 4994 monasterio.-

422 5082 465 5089 ‘_
494 5008 521 5089 β
545 5003 837 5089 ΔΙρὶδςριίειιὶι
862 5004 1158 5089 disciplina.
1192 5008 1294 5089 list
1320 5014 1730 5089 .paronotnas‘ia.
1772 5016 1995 5089 Elegan-

421 5082 506 5149 _ter
532 5072 789 5149 Alcuinus
815 5075 975 5146 epist.
990 5072 1106 5149 :79;
1139 5095 1160 5149 t_
1169 5072 1478 5149 Disciplina
1509 5080 1719 5137 Domini
1756 5072 1990 5142 nonutle-

421 5144 513 5200 bet
539 5158 660 5215 esse
686 5144 942 5215 cuiquam
971 5144 1289 5215 disciplina.
1320 5144 1339 5200 ί

491 5215 519 5253 h
559 5212 811 5269 Galeriani
859 5213 1002 5283 ﬁdei.
1045 5212 1220 5287 Lege:
1263 5214 1507 5273 Chartam
1557 5219 1906 5292 ﬁdejussaris,
1934 5234 1993 5280 ut

420 5295 539 5353 cap.
568 5297 684 5355 seq.

426 5418 438 5430 _
499 5355 543 5430 i_
557 5349 691 5408 Cum
708 5350 774 5406 de
791 5351 1034 5430 omnibus
1050 5368 1212 5430 supra
1232 5354 1411 5430 dictis,
1436 5365 1541 5430 etc.
1576 5358 1700 5415 Haec
1728 5361 1994 5418 habentur

425 5419 477 5473 in
500 5420 638 5500 Reg.
666 5435 779 5500 ms.
797 5419 1037 5491 Magistri
1060 5419 1194 5500 cod.
1225 5419 1414 5500 C_orh.,
1444 5428 1633 5500 eodem
1664 5444 1783 5500 cap.
1810 5432 1899 5487 20.

509 5436 638 5543 “Eg.
666 5436 771 5474 ms.
799 5436 1037 5491 magis“!
1063 5436 1194 5477 uoa.
1225 5436 1414 5490 uort).,
1444 5436 1633 5483 eodem
1664 5444 1783 5500 cap.
1810 5436 1899 5487 ‘20.

497 5486 519 5572 ξ
570 5571 573 5572 ν
597 5497 846 5572 (inventu!
868 5505 1029 5572 nauus
1052 5489 1234 5546 frater.
1263 5491 1342 5548 ita
1368 5498 1579 5551 correxi
1610 5512 1676 5552 ex
1703 5499 1834 5572 Reg.
1865 5518 1991 5567 ms.;

427 5557 519 5627 sed
556 5557 691 5627 adde
713 5559 774 5627 τὸ
802 5557 982 5627 [καίει.

495 5623 521 5663 ιι
560 5623 878 5695 Regulw.'lu
902 5625 1034 5701 Reg.
1065 5643 1165 5686 ms.
1190 5627 1407 5705 legitur,
1430 5650 1462 5691 a
1484 5634 1687 5707 regula,
1717 5647 1885 5695 recte.

1400 269 1460 324 S.
1503 268 1864 325 BENEDICTI
1901 266 2192 324 ABBATlS
2223 265 2629 323 ANIANENSIS
2660 246 2666 252 ’

2018 3062 2065 3126 C

3520 263 3669 318 1⁸2θί

2439 378 2467 451 §
2503 378 2713 434 XXVII.
2735 408 2807 420 —
2826 376 2957 433 Item
2998 377 3135 448 (cap.
3166 378 3280 441 88).

2156 474 2172 511 ί
2208 468 2341 526 Cum
2372 471 2439 527 de
2466 471 2717 527 omnibus
2743 485 2905 541 supra
2930 471 3128 526 dictis:
3158 481 3464 528 conventus
3489 487 3671 527 non:

2081 560 2251 617 frater
2271 562 2296 601 ιι
2320 561 2537 631 Regulae
2562 577 2660 632 per
2682 563 2932 616 abbatem
2954 563 3020 616 de
3046 563 3340 617 stabilitate
3369 561 3668 628 ﬁrmanda,

2080 659 2175 705 attt
2200 649 2340 721 per1
2379 666 2560 705 rerum
2594 653 3010 723 eleemosynam,
3055 661 3148 706 aut
3183 668 3284 722 per
3309 652 3669 708 donationem

2081 741 2426 805 monasterio,
2455 749 2549 793 aut
2580 755 2680 809 per
2715 741 2961 795 chartam
2992 740 3324 809 ﬁdejussoris
3364 742 3669 811 poenalem,

2082 835 2175 880 aut
2201 827 2245 881 si
2288 827 2500 898 ignotus
2530 844 2628 898 per
2650 827 2945 897 juramenti
2978 829 3176 894 ﬁdem,
3215 832 3446 885 duorum
3481 840 3670 885 tamen

2082 916 2347 969 mensium
2374 918 2605 985 spatium
2647 917 2700 970 iu
2736 917 2980 983 inducias
3021 920 3087 971 ad
3126 920 3478 974 tractandum
3524 922 3670 976 acci-

2082 1005 2215 1073 piat.
2266 1005 2588 1061 Lalsorando
2629 1017 2810 1062 tamen
2853 1023 2975 1062 eum
3012 1008 3272 1063 fratribus
3300 1022 3340 1049 ιι
3370 1018 3672 1065 contentus

2083 1109 2310 1148 annonae
2338 1096 2607 1148 communi
2654 1111 2931 1159 mensura,
2973 1107 2999 1134 ιι
3039 1098 3122 1149 vel
3151 1097 3349 1167 regulas
3374 1098 3668 1167 disciplina

2083 1192 2140 1237 et
2189 1187 2847 1252 excommunicationum,
2901 1198 2960 1240 ut
3005 1196 3061 1241 et
3107 1204 3288 1244 mores
3339 1191 3669 1245 monasterii

2083 1274 2295 1342 probet,
2335 1284 2390 1329 et
2425 1290 2454 1328 a
2497 1278 2826 1331 monasterio
2869 1282 2983 1346 ipse
3028 1281 3321 1349 probetur;
3367 1268 3451 1334 etv
3478 1295 3670 1336 secum

2087 1371 2300 1426 tractet.
2335 1367 2379 1420 si
2410 1367 2602 1422 debeat
2633 1383 2692 1423 se
2719 1376 2744 1403 ο
2765 1370 2832 1423 ad
2860 1369 3026 1423 Deum
3058 1371 3296 1435 ﬁrmare,
3327 1381 3423 1426 aut
3450 1374 3525 1428 ad
3553 1374 3669 1427 dia-

2086 1454 2271 1510 bolum
2301 1458 2605 1527 expeditius
2634 1473 2895 1515 remeare.
2918 1460 2972 1514 ln
3002 1462 3196 1529 quibus
3218 1463 3431 1518 duobus
3460 1463 3674 1519 mensi-

2086 1545 2189 1600 bus
2213 1546 2313 1601 sub
2339 1544 2469 1602 cura
2498 1547 2712 1603 illorum
2742 1547 2989 1615 fratrum,
3018 1551 3107 1618 qui
3135 1553 3451 1621 peregrinos
3479 1561 3671 1607 custo-

2089 1636 2273 1701 diunt,
2321 1645 2377 1690 et
2412 1638 2528 1707 ipse
2567 1638 2817 1694 similiter
2853 1655 2922 1695 ex
2966 1640 3671 1709 improviso'custodiatur,

2014 1709 2061 1771 Β
2086 1735 2141 1781 et
2167 1726 2219 1780 in
2246 1727 2382 1781 cella
2408 1728 2813 1797 peregrinorum
2841 1729 3095 1795 dormiat,
3121 1740 3176 1785 et
3202 1733 3483 1802 ingressus
3524 1733 3674 1789 illius

2082 1815 2170 1869 vel
2196 1816 2375 1871 exitus
2402 1816 2456 1869 in
2490 1818 2819 1871 monasterio
2845 1819 3128 1873 custodum
3159 1823 3450 1890 praesentia
3480 1823 3675 1878 videa-

2087 1912 2195 1958 tur.
2242 1903 2311 1958 Et
2351 1904 2499 1958 omni
2526 1905 2658 1959 hora
2710 1905 2758 1960 si
2805 1905 3002 1962 alicubi
3042 1922 3073 1961 a
3119 1918 3389 1964 conventu
3432 1909 3674 1964 fratrum

2085 1991 2395 2055 secesserit,
2416 1990 2646 2047 sollicite
2674 2008 2705 2046 a
2727 1994 3040 2050 custodibus
3072 1998 3402 2065 requiratur,
3431 2014 3505 2051 ne
3529 1998 3678 2053 forte

2086 2083 2347 2151 anticipet
2397 2083 2676 2138 ambulare
2719 2085 2839 2138 sine
2882 2086 3005 2141 vale
3046 2102 3170 2140 cum
3216 2086 3379 2143 furto.
3425 2088 3586 2155 Quod
3621 2092 3675 2145 si

2085 2171 2356 2241 explicitis
2387 2171 2597 2227 duobus
2634 2174 2908 2229 mensibus
2939 2190 3047 2229 non
3080 2177 3328 2246 placabili
3358 2179 3675 2249 disciplina,

2086 2267 2144 2314 et
2169 2260 2313 2315 idem
2339 2261 2669 2315 monasterio
2693 2262 2961 2332 placuerit
2986 2266 3281 2331 ambulare,
3313 2282 3438 2322 eum
3469 2270 3672 2323 notitia

2089 2348 2321 2416 abbatis,
2359 2350 2441 2406 vel
2475 2352 2717 2406 omnium
2747 2363 2870 2422 post
2897 2355 3077 2410 datam
3107 2355 3267 2413 ﬁdem
3307 2359 3512 2415 nullius
3540 2360 3675 2417 furti

2089 2440 2390 2506 commissi,
2415 2440 2502 2496 vel
2538 2442 2926 2514 reeonsignatis
2964 2446 3129 2503 rebus
3164 2450 3504 2515 monasterii,
3536 2467 3674 2521 quas

2089 2532 2157 2587 ad
2180 2538 2390 2601 tempus
2415 2530 2553 2587 forte
2573 2543 2877 2604 acceperat,
2908 2552 3033 2592 mox
3056 2540 3181 2594 data
3211 2541 3487 2596 universis
3514 2557 3670 2612 pace,

2089 2630 2146 2677 et
2191 2631 2413 2693 accepta
2461 2623 2612 2695 virga
2652 2634 2680 2674 Ρ
2712 2631 2770 2680 et
2810 2642 3022 2683 annona
3046 2629 3262 2695 viatica,
3309 2638 3433 2701 post
3472 2631 3677 2688 factam

2089 2713 2414 2778 orationem,
2441 2714 2526 2769 vel
2555 2715 2758 2770 dictum
2797 2732 3031 2784 versum,
3072 2721 3156 2775 vel
3194 2721 3463 2777 redditam
3491 2723 3547 2778 ei
3575 2739 3674 2792 pa-

2090 2815 2239 2867 cem,
2275 2803 2319 2857 si
2352 2811 2533 2858 tamen
2563 2802 2697 2867 vult,
2730 2810 2789 2858 ut
2827 2806 3023 2877 hospes
3066 2810 3352 2873 abscedat;
3388 2818 3448 2865 et
3490 2826 3680 2867 resus-

2093 2889 2258 2960 θίυίεη
2297 2901 2325 2941 ει
2362 2893 2536 2948 vicem
2577 2909 2731 2949 suam
2763 2897 3028 2963 diabolus,
3071 2912 3231 2968 quem
3266 2899 3458 2956 nolens
3492 2902 3676 2971 hospi-

2096 2990 2205 3038 tem
2234 2996 2549 3056 susceperat
2575 2987 2843 3047 Christus.

2449 3099 2476 3171 ᾗ
2504 3100 2734 3157 XXVIII.
2762 3135 2832 3144 —
2853 3103 2988 3159 Item
3027 3106 3164 3176 (cap.
3196 3105 3310 3177 89).

2165 3195 2188 3225 τ
2217 3186 2351 3243 Cum
2393 3191 2619 3261 explete
2648 3195 2874 3249 duorum
2918 3197 3182 3249 mensium
3217 3197 3287 3250 ad
3324 3197 3677 3252 tractandum

2094 3274 2322 3333 induciae
2361 3278 2583 3346 fuerint,
2612 3290 2667 3337 et
2692 3283 2942 3352 placabili
2979 3285 3262 3352 disciplina
3292 3286 3360 3339 ab
3395 3301 3462 3341 eo
3500 3288 3678 3357 magis

2094 3368 2363 3424 stabilitas
2398 3371 2647 3443 eligatur,
2686 3382 2742 3427 et
2775 3376 3234 3444 perseverantiam
3276 3378 3675 3445 repromissam

2092 3456 2244 3513 lectae
2273 3459 2490 3530 Regula:
2520 3462 2776 3518 firmitate
2816 3464 2864 3518 ei
2902 3464 3114 3533 placeat
3156 3464 3477 3534 adimplere,
3510 3466 3677 3520 inter-

2095 3556 2315 3619 rogatus
2357 3549 2426 3605 ab
2472 3551 2668 3608 abbate
2721 3569 2893 3608 novus
2941 3553 3141 3617 frater,
3194 3554 3323 3622 quid
3369 3569 3561 3609 secum
3618 3556 3673 3609 in

2092 3654 2354 3696 concesso
2411 3643 2748 3697 induciarum
2815 3646 2990 3715 spatio
3040 3646 3362 3701 deﬁnisset:
3401 3656 3422 3683 ε
3454 3647 3499 3700 si
3552 3662 3671 3700 cum

2093 3744 2354 3800 responso
2415 3731 2531 3800 ejus
2588 3734 2856 3803 implenda
2914 3735 2969 3788 in
3023 3735 3275 3789 omnibus
3326 3736 3675 3802 promittatur

2170 3840 2187 3880 ι
2234 3840 2448 3916 Herum.
2490 3844 2660 3909 Adde,
2696 3862 2933 3910 suarum,
2964 3855 3023 3900 ut
3050 3847 3279 3900 habetur
3306 3846 3361 3899 in
3392 3845 3530 3916 Reg.
3564 3862 3665 3902 ms.

2134 3960 2139 3965 .
2164 3923 2205 3951 ιιι
2243 3910 2527 3968 Contentus
2556 3931 2779 3969 annonte
2803 3919 3066 3970 communi
3094 3932 3360 3969 mensura.
3388 3910 3675 3971 Ita'emeuo

2093 3983 2214 4038 davi
2240 3998 2327 4053 _ex_
2345 3982 2475 4053 Reg.
2511 3999 2612 4037 ms.

2166 4062 2192 4088 τι
2225 4049 2328 4122 γει
2375 4049 2580 4122 re'gulaa
2631 4054 2907 4122 disciplina
2958 4063 3004 4107 et
3052 4053 3671 4108 excommunicationum.

2093 4120 2336 4244 Clarius:
2374 4120 2464 4175 Vel
2485 4122 2675 4192 regula'
2692 4134 2739 4177 et
2760 4120 3351 4177 excommunicationum
3373 4124 3672 4193 disciplina,

2093 4201 2155 4244 ut
2184 4207 2232 4244 In
2315 4207 2398 4244 ca.
2434 4208 2535 4244 ms.

2092 4201 2155 4245 ut
2184 4192 2232 4244 in
2269 4192 2398 4245 lica.
2434 4208 2535 4244 ms.

2168 4268 2192 4293 ο
2234 4260 2313 4312 Ad
2343 4260 2506 4314 Deum
2537 4262 2770 4330 ﬁrmare.
2807 4261 2861 4315 Id
2890 4268 2994 4325 est,
3024 4260 3373 4316 stabilitatem
3406 4262 3462 4316 in
3493 4277 3676 4317 mona-

2093 4330 2261 4399 sterio
2290 4331 2398 4384 Deo
2428 4333 2762 4399 promittere.

2167 4410 2194 4448 t'
2236 4398 2299 4451 Et
2323 4398 2531 4453 annona
2557 4402 2764 4453 viatica.
2809 4398 2942 4465 Quia
2978 4400 3107 4454 olim
3141 4400 3551 4469 egredientibus
3573 4402 3659 4458 ho-

2092 4469 2322 4540 spitibus
2354 4485 2566 4524 annona
2601 4471 2665 4522 ad
2688 4471 2828 4523 viam
2852 4471 3212 4540 peragendam
3242 4471 3497 4524 dabatur.

2162 4549 2188 4588 τι
2242 4536 2411 4611 Υἱιτεηι
2439 4556 2610 4611 suam.
2644 4540 2785 4611 Lege
2810 4557 2822 4590 :
2849 4536 3020 4593 Civem
3044 4556 3215 4611 suum,
3245 4548 3304 4592 ut
3331 4540 3382 4611 in
3411 4540 3546 4611 Reg.
3569 4554 3669 4596 ms.

2168 4616 2189 4645 τ
2229 4606 2361 4677 Cttm
2391 4609 2607 4677 expiem
2639 4606 2864 4662 duarum
2894 4609 3170 4671 mensium,
3197 4618 3304 4662 etc.
3336 4609 3466 4664 Haec
3493 4606 3671 4665 videre

2092 4686 2178 4748 est
2216 4677 2268 4730 in
2297 4676 2425 4748 Reg.
2452 4676 2552 4732 ms.
2584 4678 2821 4747 Magistri
2851 4679 2969 4733 eod.
2997 4677 3183 4741 Corb.,
3213 4680 3404 4732 eodem
3437 4694 3556 4748 cap.
3580 4679 3666 4740 89,

2096 4746 2150 4799 in
2181 4761 2308 4827 quo,
2335 4746 2786 4829 quemadmodum
2836 4748 2888 4801 in
2918 4748 3126 4829 duobus
3154 4746 3533 4829 superioribus
3554 4751 3672 4829 agit

2095 4815 2404 4886 permixtim
2456 4825 2565 4869 tam
2614 4819 2680 4871 de
2712 4816 2824 4885 jam
2864 4815 3347 4886 conversiS‘qitam
3388 4820 3459 4872 de
3500 4815 3667 4881 laicis,

2096 4900 2195 4956 seu
2221 4885 2288 4956 de
2318 4886 2404 4940 his
2430 4888 2520 4956 qui
2553 4902 2617 4940 ex
2650 4887 2845 4941 saeculo
2875 4887 2943 4940 ad
2972 4885 3357 4941 monasterium
3389 4891 3667 4943 accedunt.

2096 4952 2200 5027 Sed
2237 4954 2338 5027 ista
2379 4971 2409 5009 a
2438 4952 2591 5027 nobis
2617 4957 2996 5026 diStiguentur,
3038 4964 3098 5009 ut
3136 4957 3349 5010 initium
3380 4956 3546 5027 hujus
3585 4974 3669 5011 ca-

2094 5024 2223 5093 pitis
2251 5024 2303 5078 in
2335 5040 2442 5093 quo
2470 5026 2665 5078 «lantur
2707 5024 2912 5080 tantum
2945 5027 3171 5078 duorum
3213 5024 3483 5081 mensium
3521 5027 3669 5081 indu—

2095 5093 2201 5165 ciae.
2236 5094 2304 5147 ad
2346 5096 2718 5164 probationem
2770 5095 2824 5148 in
2873 5095 2989 5164 ipso
3025 5095 3289 5163 hospitio,
3342 5096 3674 5165 intelligatur

2095 5162 2163 5235 de
2180 5160 2295 5235 jam
2320 5160 2616 5228 conversis,
2638 5164 2729 5233 qui
2755 5160 3014 5218 olim'non
3039 5160 3367 5235 tenebantur
3391 5160 3671 5235 migfando

2097 5232 2164 5306 ad
2210 5232 2452 5306 alterum»
2490 5232 2880 5306 monasterium
2915 5234 3064 5306 anni
3097 5234 3293 5306 integri
3345 5232 3671 5306 tyrocinium

2096 5302 2336 5373 iterare;
2363 5304 2454 5356 sed
2496 5304 2793 5372 perspectis
2833 5304 2884 5356 in
2915 5303 3150 5373 hospitio
3187 5302 3381 5358 eorum
3410 5306 3672 5366 moribus,

2098 5371 2524 5443 admittebantur
2575 5373 2629 5425 in
2683 5371 3039 5443 societatem,
3085 5371 3242 5441 juxta
3298 5374 3674 5443 praescriptum

2098 5437 2155 5493 S.
2177 5439 2450 5511 Benedicti
2484 5457 2601 5509 cap.
2630 5444 2696 5495 16
2726 5442 2960 5511 Regulae.

2170 5520 2209 5588 ³.
2232 5508 2290 5562 Si
2322 5526 2439 5563 cum
2477 5508 2718 5581 responso
2747 5508 2883 5581 ejus,
2914 5520 3020 5566 etc.
3070 5511 3146 5565 ita
3175 5510 3319 5567 hunc
3348 5510 3529 5567 locum
3556 5525 3676 5565 cor-

2100 5592 2355 5634 l‘EXImllS.
