3948 6182
344 239 483 294 1293

336 348 668 429 οὺειιὶᾳιῑίε,
717 350 1039 420 respondeat
1082 352 1249 408 abbas
1292 370 1306 409 :

336 442 426 497 die
448 454 475 483 α
499 451 623 512 post
644 441 878 497 Primam
913 443 1114 501 dictam
1148 445 1347 500 missas
1384 445 1667 516 explicitas
1691 447 1911 501 exeunti

334 532 499 588 limen
537 534 759 589 oratorii
805 548 926 588 cum
965 537 1384 606 congregatione
1419 537 1600 592 abbati
1636 537 1815 593 ﬂectet
1844 539 1912 594 ad

334 639 509 696 genua
546 625 662 695 ejus
698 640 869 681 novus
905 626 1078 683 frater
1119 629 1405 693 cervicem,
1438 645 1635 698 rogans
1673 621 1796 683 eum
1829 630 1911 684 vel

335 730 550 771 omnem
599 719 1072 788 congregationem
1121 736 1246 774 eum
1292 721 1490 776 debere
1537 723 1804 776 modicum
1854 722 1909 775 in

334 805 577 860 oratorio
608 808 895 871 remorari,
928 818 983 862 et
1019 824 1179 863 orare
1218 826 1316 878 pro
1345 827 1423 864 se.
1471 809 1514 863 A
1552 811 1747 881 quibus
1784 827 1909 866 mox

335 894 636 950 diutissime
682 911 782 965 pro
829 912 894 951 eo
939 907 1142 953 oretur.
1204 900 1270 953 Et
1315 901 1598 970 completis
1659 901 1910 956 omnibus

335 983 502 1037 abbas
524 984 712 1039 volens
748 987 950 1055 egredi,
987 987 1264 1042 humiliter
1302 991 1639 1058 apprehenso
1667 988 1784 1057 ejus
1812 1006 1900 1045 ve—

334 1073 624 1134 stimento.
668 1077 793 1129 novi
834 1078 1134 1132 retineatur
1168 1095 1327 1133 manu
1363 1081 1630 1155 discipuli,
1667 1082 1759 1151 qui
1795 1083 1911 1137 hazc

334 1161 575 1229 rogando
611 1162 852 1218 insinuet
881 1181 894 1217 :
932 1166 1028 1220 Est
1055 1168 1197 1236 quod
1247 1183 1529 1239 suggeram
1575 1170 1750 1239 primo
1774 1170 1904 1236 Deo,

330 1257 387 1303 et
438 1252 674 1305 oratorio
718 1254 807 1307 isti
854 1264 1061 1319 sancto,
1108 1258 1193 1312 vel
1239 1260 1334 1313 tibi
1381 1268 1437 1313 et
1477 1262 1903 1332 congregationi.

332 1340 465 1395 Cum
498 1345 835 1412 responderit
868 1347 1038 1403 abbas
1074 1348 1296 1403 dicens:
1326 1351 1389 1404 Et
1419 1353 1524 1406 hoc
1567 1353 1742 1422 placet
1779 1353 1908 1408 tibi?

331 1433 689 1502 subsequatur
716 1436 927 1492 futurus
955 1438 1250 1508 discipulus
1279 1457 1291 1492 :
1324 1440 1436 1495 Hoc
1466 1442 1642 1505 primo
1669 1443 1797 1508 Deo,
1827 1444 1907 1499 sic

330 1534 386 1580 et
410 1527 564 1581 mihi.
598 1529 750 1584 Tune
775 1531 921 1585 dicat
950 1532 1118 1588 abbas
1144 1551 1159 1587 :
1185 1534 1341 1599 Vide,
1375 1533 1563 1600 frater,
1595 1536 1730 1590 nihil
1772 1537 1905 1591 mihi

329 1618 624 1686 promittis,
653 1620 745 1673 sed
774 1620 905 1685 Deo,
933 1630 987 1676 et
1014 1622 1142 1677 huic
1175 1623 1414 1677 oratorio
1452 1623 1535 1678 vel
1570 1621 1728 1678 altari
1778 1641 1905 1679 san-

1268 240 1655 299 CONCORDIA
1696 241 2147 298 REGULARUM.
2188 275 2257 284 ——
2293 244 2444 300 CAP.
2487 246 2643 300 LXV.

3443 258 3581 317 1294

1350 354 1460 408 Deo
1506 356 1728 425 gratias.
1791 354 1907 408 Alia
1936 355 1985 415 Α
2011 353 2115 410 hoc
2137 372 2150 408 :
2172 353 2197 394 δ
2228 355 2447 428 Suscipe
2467 374 2566 423 me,
2589 356 2829 425 Domine,
2855 359 3139 416 secundum
3162 364 3368 421 verbum
3410 378 3582 435 tuum,

2008 452 2058 498 et
2082 447 2281 511 vivam,-
2318 457 2364 501 et
2394 464 2496 503 non
2530 448 2824 518 confundas
2855 466 2936 504 me
2966 448 3030 504 ab
3056 457 3436 523 exspectatione
3468 476 3579 515 mea

2012 530 2181 603 (Psal.
2211 536 2421 607 cxvm).
2474 536 2603 592 Post
2644 538 2748 592 hoc
2791 540 3192 608 reSponsorium
3230 543 3378 600 dicat
3415 547 3580 604 abbas

2008 621 2154 676 hunc
2183 638 2438 678 versum:
2484 623 2751 693 Conﬁrma
2799 628 2917 690 hoc,
2965 627 3125 694 Deus,
3166 634 3304 701 quod
3338 649 3581 704 operatus

2008 727 2063 765 es
2088 712 2143 765 in
2168 713 2333 767 nobis.
2365 713 2493 769 Post
2520 730 2677 784 quem
2706 716 2933 783 dictum,
2960 729 2985 758 θ
3008 720 3132 774 data
3158 722 3205 774 ei
3237 724 3304 778 ab
3331 727 3581 783 omnibus

2008 815 2160 869 pace,
2198 802 2465 870 compleat
2500 805 2695 870 abbas;
2737 814 2791 861 et
2835 807 3027 863 tollens
3063 808 3281 866 brevem
3317 813 3382 869 de
3422 831 3585 886 super

2008 889 2176 944 altare
2211 906 2333 946 mox
2362 894 2432 946 ab
2458 908 2524 949 eo
2559 910 2728 950 novus
2761 897 3057 967 discipulus
3097 902 3199 956 sub
3225 902 3245 942 τ
3276 908 3580 976 praepositis

2007 980 2318 1047 ordinetur;
2360 990 2416 1037 et
2445 983 2497 1036 in
2530 1000 2692 1039 manu
2717 1001 2904 1041 eorum
2934 992 3281 1060 consignatus
3310 1010 3431 1050 eum
3463 999 3582 1055 aliis

2008 1069 2264 1126 fratribus
2306 1075 2333 1112 Β
2361 1082 2521 1128 exeat
2573 1074 2887 1145 disciplinae.
2954 1078 3153 1133 Eadem
3209 1098 3440 1152 namque
3495 1088 3581 1143 die

2007 1174 2106 1227 pro
2135 1160 2455 1216 humilitatis
2492 1162 2692 1217 indicio
2720 1180 2914 1233 aquam
2952 1169 3200 1224 manibus
3234 1171 3460 1228 fratrum
3514 1178 3580 1231 ad

2006 1250 2437 1305 communionem
2490 1252 2838 1319 intrantibus,
2881 1255 2993 1325 ipse
3038 1258 3323 1325 ministret,
3365 1271 3419 1316 et
3454 1279 3578 1318 cum

2008 1340 2119 1405 dat,
2170 1341 2448 1396 osculetur
2491 1343 2733 1398 omnium
2784 1360 2996 1411 manus,
3046 1356 3103 1401 et
3144 1358 3293 1417 petat
3346 1353 3585 1424 singulos

2004 1443 2104 1498 pro
2134 1445 2192 1484 se
2221 1430 2418 1485 debere
2441 1447 2620 1488 orare.
2651 1432 2852 1489 Breves
2880 1451 3009 1490 vero
3032 1436 3378 1495 donationum
3410 1443 3584 1500 factos

2005 1535 2035 1573 a
2062 1519 2321 1576 fratribus
2349 1530 2589 1592 tempore
2616 1527 2805 1581 mortis
2837 1542 2949 1581 sum
2975 1528 3141 1583 abbas
3166 1531 3188 1567 ιλ
3219 1532 3271 1585 in
3299 1536 3439 1601 quod
3475 1537 3586 1591 usi-

2005 1607 2105 1662 bus
2154 1612 2467 1666 monasterii
2520 1615 2771 1683 expensis
2830 1617 3155 1678 restituerit,
3209 1622 3223 1659 ί
3264 1627 3584 1678 testamento

331 1715 438 1761 οιο,
476 1706 533 1761 εί
572 1709 639 1762 ad
676 1711 856 1764 omnia
897 1710 1208 1768 obaudieris
1241 1713 1437 1769 divinis
1470 1716 1775 1784 praeceptis,
1818 1717 1903 1771 νει
1932 1703 1979 1761 Β
2006 1713 2105 1753 suo
2131 1700 2360 1767 inserat,
2384 1704 2546 1758 etiam
2576 1707 2790 1759 nomina
2822 1722 3009 1761 eorum
3033 1723 3261 1777 quorum
3289 1723 3585 1769 noscuntur

330 1797 467 1851 meis
516 1800 754 1862 monitis,
806 1800 859 1854 in
912 1802 1000 1856 die
1041 1802 1230 1872 judicii
1284 1811 1336 1857 tu
1379 1819 1634 1859 coronam
1675 1806 1908 1874 accipies

330 1887 592 1942 bonorum
630 1900 867 1956 actuum,
914 1901 971 1947 et
1008 1909 1108 1964 ego
1153 1895 1220 1949 de
1263 1896 1500 1964 peccatis
1544 1897 1682 1950 meis
1725 1896 1904 1949 indul-

332 1981 526 2050 gentia:
564 1980 764 2051 aliquid
812 1985 1189 2051 promerebor;
1241 1986 1332 2055 qui
1373 1995 1431 2041 ut
1472 1987 1743 2042 diabolum
1780 2003 1906 2042 cum

338 2070 536 2125 saaculo
561 2071 828 2139 vinceres,
858 2074 1097 2128 incitavi.
1131 2074 1188 2129 Si
1217 2082 1391 2130 autem
1424 2076 1660 2131 nolueris
1686 2077 1818 2131 mihi
1851 2077 1906 2132 in

334 2158 516 2229 aliquo
567 2159 826 2218 obaudire
854 2202 870 2227 ,
941 2179 1067 2219 ecce
1118 2178 1219 2235 ego
1267 2166 1551 2221 Dominum
1606 2175 1902 2233 contestor,

333 2247 505 2321 [quia]
547 2258 602 2304 et
640 2251 754 2305 htec
784 2255 1128 2325 congregatio
1166 2255 1533 2311 testimonium
1563 2258 1694 2312 mihi
1720 2265 1805 2313 est
1850 2259 1905 2313 in

330 2338 416 2392 die
438 2338 627 2407 judicii
664 2343 978 2409 praebitura,
1004 2345 1156 2414 quia,
1187 2356 1247 2400 ut
1274 2361 1437 2416 supra
1468 2348 1600 2413 dixi,
1630 2364 1754 2403 cum
1794 2365 1903 2405 non

330 2426 487 2492 mihi,
515 2428 599 2481 vel
629 2433 1036 2502 congregationi
1075 2434 1130 2487 in
1158 2435 1339 2504 aliquo
1372 2436 1701 2504 obaudieris,
1733 2439 1787 2492 in
1812 2439 1903 2509 ju-

331 2515 474 2570 dicio
500 2516 595 2571 Dei
633 2533 732 2587 ego
776 2520 1001 2588 solutus,
1040 2531 1100 2578 tu
1142 2539 1270 2580 vero
1302 2540 1403 2595 pro
1445 2534 1533 2580 tua
1576 2528 1778 2595 anima,
1820 2530 1903 2584 vel

330 2610 631 2665 tentatione
667 2612 931 2670 rationem
983 2616 1254 2672 restitues.
1292 2618 1419 2673 Post
1448 2620 1567 2673 haec
1590 2620 1777 2687 verba,
1807 2620 1836 2661 δ
1859 2622 1905 2676 si

327 2713 453 2752 cum
489 2702 651 2757 rebus
682 2718 794 2757 SUlS
836 2706 1124 2767 introierit,
1174 2718 1302 2763 tunc
1331 2708 1420 2763 ille
1448 2711 1625 2765 brevis
1649 2751 1663 2776 ,
1696 2711 1783 2766 vel
1810 2710 1907 2767 do-

327 2789 475 2843 natio
501 2806 681 2844 rerum
708 2809 924 2847 suarum
947 2794 1056 2849 Deo
1080 2796 1161 2851 vel
1191 2800 1517 2853 monasterio
1542 2799 1703 2865 facta,
1736 2801 1905 2871 ipsius

328 2879 605 2934 donatoris
646 2898 806 2936 manu
848 2899 1010 2953 super
1052 2887 1224 2942 altare
1263 2899 1515 2958 ponatur,
1544 2892 1755 2947 dicente
1790 2894 1905 2963 ipso

328 2969 523 3025 fratre:
543 2973 702 3038 Ecce,
731 2974 976 3041 Domine,
1002 2993 1123 3032 cum
1151 2980 1329 3034 anima
1359 2996 1478 3036 mea
1507 2989 1562 3036 et
1586 2992 1904 3054 paupertate

2007 1790 2199 1845 collata
2229 1809 2242 1845 :
2268 1802 2327 1846 ut
2362 1793 2541 1848 nullus
2566 1802 2688 1863 post
2716 1804 2947 1851 mortem
2978 1796 3094 1865 ejus
3126 1798 3263 1853 forte
3293 1802 3360 1855 de
3400 1818 3585 1857 mona-

2007 1882 2176 1937 sterio
2229 1884 2418 1938 exiens
2472 1888 2749 1955 repetendi
2816 1903 2995 1943 rerum
3054 1906 3274 1946 suarum
3333 1893 3582 1950 fiduciam

2006 1975 2232 2041 habeat;
2262 1986 2316 2031 et
2342 1977 2693 2034 stabilitatem
2724 1983 3072 2046 monasterio,
3101 1989 3155 2037 et
3182 1983 3340 2039 fidem
3372 1986 3585 2057 frangat

2007 2064 2265 2132 defuncti,
2299 2069 2385 2123 vel
2421 2069 2565 2125 dicat
2612 2072 2732 2126 sine
2774 2072 3066 2130 donatione
3101 2074 3303 2145 aliquid
3341 2093 3496 2133 suum
3528 2081 3581 2134 in

2007 2158 2341 2212 monasterio
2370 2160 2656 2215 contineri.

2381 2248 2408 2319 §
2446 2249 2635 2303 XXIX.
2662 2280 2734 2291 —
2762 2250 2898 2305 Item
2931 2250 3068 2323 (cap.
3101 2252 3213 2327 90).

2082 2346 2097 2385 ι
2142 2334 2277 2390 Cum
2302 2338 2500 2406 aliquis
2532 2340 2773 2395 novellus
2799 2342 2867 2395 ad
2892 2343 3173 2398 servitium
3198 2343 3294 2399 Dei
3322 2346 3374 2400 in
3399 2362 3586 2404 mona.

2007 2425 2235 2480 stcrium
2273 2426 2576 2498 confugerit
2613 2437 2669 2483 et
2698 2430 3020 2487 indicaverit
3050 2448 3109 2488 se
3142 2435 3281 2490 velle
3307 2441 3581 2506 converti,

2007 2528 2115 2568 non
2142 2515 2193 2569 ei
2220 2516 2474 2570 credatur
2496 2525 2605 2571 tam
2638 2517 2817 2574 facile.
2846 2520 2982 2575 Nam
3011 2521 3135 2577 ficte
3160 2523 3230 2579 ab
3254 2526 3447 2582 abbate
3469 2529 3584 2585 solo

2008 2606 2196 2671 verbo,
2227 2623 2333 2663 non
2364 2606 2539 2673 facto,
2578 2610 2843 2666 habitatio
2886 2613 2936 2667 ei
2988 2617 3307 2671 monasterii
3352 2619 3585 2692 denege-

2008 2701 2116 2748 tur.
2144 2693 2225 2748 Ad
2254 2697 2628 2764 probationem
2665 2701 2850 2768 gravia
2896 2712 3294 2771 proponantur,
3347 2708 3416 2762 ad
3457 2711 3586 2764 obe-

2009 2786 2266 2842 dientiam
2292 2787 2409 2856 ejus
2436 2788 2812 2845 inveniendam
2838 2793 3201 2861 praedicentur
3223 2800 3495 2855 contraria
3525 2811 3581 2857 et

2007 2877 2269 2932 voluntati
2300 2877 2418 2946 ejus
2446 2895 2662 2945 amara,
2702 2882 3017 2952 quotidiana
3043 2882 3250 2952 jejunia
3279 2888 3330 2942 ei
3359 2890 3586 2959 promit-

2009 2975 2213 3021 tantur.
2262 2967 2400 3024 Nam
2445 2977 2503 3025 et
2547 2971 2652 3027 hoc
2697 2986 2765 3026 ex
2809 2971 3039 3028 lectione
3067 2973 3315 3045 Regulae,
3351 2987 3407 3033 et
3441 2979 3585 3035 dicto

327 3073 445 3113 mea
514 3062 774 3132 quidquid
840 3066 973 3120 mihi
1043 3069 1293 3136 donasti,
1345 3072 1439 3126 tibi
1485 3049 1803 3147 reconsigno
1846 3085 1902 3133 ει
1929 3049 1973 3111 C
2004 3057 2216 3112 abbatis
2245 3066 2533 3129 agnoscat,
2563 3062 2691 3130 quia
2729 3061 2783 3115 in
2825 3063 3155 3118 monasterio
3186 3066 3316 3121 nulli
3346 3068 3472 3123 licet
3505 3071 3587 3124 di-

327 3150 524 3218 otl‘ero;
556 3164 612 3209 et
647 3156 720 3211 ibi
760 3157 901 3223 volo,
940 3167 998 3214 ut
1039 3162 1147 3217 sint
1187 3178 1322 3219 mete
1350 3181 1463 3230 res,
1493 3167 1583 3221 ubi
1620 3167 1783 3222 fuerit
1806 3185 1903 3225 cor

327 3258 508 3306 meum
549 3253 605 3300 et
642 3249 822 3302 anima
866 3266 1008 3317 mea,
1051 3253 1153 3307 sub
1192 3265 1455 3324 potestate
1491 3266 1671 3312 tamen
1718 3274 1905 3312 mona-

329 3336 480 3390 sterii
522 3345 579 3392 et
618 3336 848 3406 abbatis,
880 3357 1043 3411 quem
1080 3345 1246 3411 mihi,
1279 3346 1532 3412 Domine,
1579 3349 1632 3401 in
1664 3348 1782 3402 vice
1812 3356 1902 3403 tua

328 3425 628 3482 timendum
660 3432 916 3499 proponis
940 3445 961 3471 ο
988 3449 1109 3487 cum
1159 3436 1237 3488 eis
1265 3436 1437 3489 dicis:
1463 3435 1566 3500 Qui
1609 3454 1699 3490 vos
1730 3439 1899 3501 audit,

328 3535 408 3574 me
435 3522 607 3587 audit,
642 3533 692 3577 et
720 3525 810 3595 qui
847 3543 934 3580 vos
968 3528 1186 3595 spernit,
1217 3544 1296 3580 me
1323 3538 1538 3597 spernit.
1597 3529 1745 3583 Unde
1776 3532 1901 3600 quia

327 3626 425 3681 per
443 3629 563 3668 eum
589 3617 821 3671 nobis-tu
844 3619 1024 3673 omnia
1047 3620 1350 3674 necessaria
1375 3622 1602 3691 cogitas,
1624 3623 1745 3676 ideo
1766 3624 1901 3678 nihil

328 3711 539 3770 oportet
568 3705 843 3774 peculiare
866 3708 1092 3763 habere:
1126 3710 1251 3776 quia
1278 3718 1331 3762 tu
1362 3711 1518 3764 nobis
1561 3711 1626 3765 de
1652 3713 1902 3766 omnibus

325 3806 385 3844 es
428 3793 676 3858 idoneus,
723 3802 776 3849 et
827 3796 878 3849 in
917 3797 1169 3852 omnibus
1217 3797 1417 3852 sullicis
1465 3798 1641 3865 solus,
1691 3807 1747 3853 ut
1789 3800 1901 3869 jam

328 3882 482 3937 nobis
510 3884 691 3938 vivere
732 3894 787 3940 et
826 3902 949 3956 spes
974 3886 1220 3943 Christus
1259 3889 1351 3953 sit,
1394 3898 1450 3943 et
1492 3891 1627 3944 mori
1666 3890 1897 3946 lucrum.

325 3969 453 4023 Pest
480 3972 592 4027 ὶιειεω
617 3974 756 4028 dicta
785 3976 928 4030 dicat
964 3977 1080 4046 ipse
1106 3993 1276 4033 novus
1301 3977 1469 4034 frater
1497 3982 1901 4050 responsorium

398 4117 438 4188 δ’
469 4103 591 4186 Post
619 4109 842 4188 primam
865 4112 1057 4188 dictam
1093 4114 1279 4188 missas
1313 4115 1606 4188 explicitas.
1632 4118 1805 4188 Lege:
1835 4118 1899 4172 Et

324 4184 438 4244 post
469 4177 650 4296 prgin}:
675 4180 827 4233 dictw
856 4183 1043 4235 missas
1080 4177 1531 4253 explicitaszuid
1566 4187 1675 4242 sint
1699 4177 1899 4254 missm,

327 4260 489 4296 Sllm‘t
563 4264 777 4296 IXIIINIS-

327 4260 489 4304 SIIDI“!
524 4260 777 4304 lellllUS.

436 4260 489 4295 rt
524 4260 777 4304 uiximus.

397 4260 432 4399 Ib:
560 4332 676 4371 cum
714 4319 863 4399 rebus
901 4322 1030 4386 suis,
1067 4330 1173 4399 etc.
1221 4323 1347 4380 llaec
1383 4332 1510 4380 sunt
1550 4327 1895 4399 intelligenda

325 4383 392 4437 de
418 4384 591 4451 laicis,
621 4403 724 4441 non
748 4388 815 4442 de
852 4383 1145 4447 conversis.

399 4463 420 4534 ξ
463 4451 692 4534 Qumeis
716 4457 888 4534 dicis;
907 4460 1106 4534 Nempe
1134 4463 1388 4519 Ecclesiae
1426 4468 1750 4534 pastoribus.

396 4520 681 4598 d_Su_scipe
714 4544 817 4592 me,
849 4520 1091 4598 Domine,
1133 4520 1442 4588 secundum.
1479 4520 1695 4590 verbum
1714 4520 1892 4591 tuum.

324 4590 413 4665 lta_
440 4591 493 4646 in
524 4590 655 4665 Reg.
680 4612 763 4651 ms
785 4590 836 4651 in
858 4590 1104 4657 versione
1130 4605 1405 4659 communi
1431 4623 1442 4657 :
1471 4606 1770 4659 Secundum
1798 4607 1900 4661 elo-

324 4662 509 4740 quium
535 4662 705 4729 tuum,
730 4675 798 4740 e_t_
814 4668 1068 4740 Magister
1099 4672 1294 4738 adjecit
1321 4676 1380 4728 τό
1408 4673 1645 4728 Domine.

404 4741 428 4771 ο
464 4730 603 4815 Data
631 4730 1056 4815 omnibus‘pace.
1101 4730 1305 4815 [tl-est,
1326 4744 1475 4815 dato
1506 4744 1690 4815 osculo
1726 4746 1895 4815 pacis,

327 4814 421 4854 seu
450 4801 790 4861 salutatione.
841 4801 973 4862 Nam
1010 4812 1243 4866 novitius
1273 4801 1541 4867 admissus
1570 4813 1636 4867 ad
1663 4801 1896 4871 societa;

328 4880 433 4950 tem
474 4870 701 4950 fratrum
736 4876 894 4950 debet
932 4892 1026 4933 eos
1065 4882 1320 4948 osculari,
1353 4891 1447 4938 aut
1486 4883 1742 4950 salutare,
1784 4886 1900 4940 sive

326 4948 385 5024 ut
428 4945 614 5024 statuit
663 4946 1112 5024 .S.__Benedic_tus,
1136 4945 1322 5006 eorum
1373 4954 1598 5022 pedibus
1636 4945 1894 5024 provolvi.

326 5009 458 5095 Cap.
554 5014 697 5069 Eccl.
729 5017 938 5095 Hierar.
978 5009 1305 5095 _S._Dionysii
1336 5009 1693 5095 Areopagitae,
1724 5026 1777 5078 in
1808 5026 1899 5081 be-

325 5083 631 5159 nedictione
669 5090 922 5159 monachi
978 5090 1135 5159 hujus
1181 5083 1519 5148 salutationis
1548 5083 1631 5147 Vlit
1675 5083 1896 5157 mentio,

326 5156 776 5233 quemadmodum
812 5166 867 5211 et
904 5160 956 5233 in
995 5156 1319 5233 Euchologio
1351 5162 1687 5230 Graécorum,
1726 5166 1779 5217 in
1810 5156 1899 5217 or?

326 5222 462 5307 diale-
498 5226 647 5307 parvi
681 5229 992 5307 schematis,
1024 5237 1109 5288 καὶ
1146 5222 1334 5307 γίνῖται
1370 5222 1684 5299 semente;
1706 5234 1759 5289 id
1792 5242 1897 5299 es"

323 5299 379 5343 et
412 5291 469 5345 fit
497 5291 769 5351 salutatio.

404 5361 421 5398 ί
458 5361 912 5444 Ρναςροξὶςὸδε-Ιιᾳ
934 5371 1170 5444 correxi,
1206 5388 1327 5426 cum
1367 5373 1637 5444 legeretur
1692 5390 1899 5444 prtepa-

324 5429 458 5512 sila;
492 5429 613 5512 quia
663 5437 749 5512 hic
770 5438 1032 5512 Magister
1066 5442 1117 5494 in
1159 5429 1481 5512 unaquaqu
1521 5429 1755 5505 decade,
1803 5429 1897 5497 seu

326 5497 547 5580 tlecania
574 5506 808 5580 instituit
830 5497 964 5563 αὖος
996 5497 1311 5580 praepositos
1342 5497 1516 5566 in'star
1543 5497 1894 5577 decano'rum,

327 5579 386 5621 ut
430 5585 495 5643 ex
524 5578 890 5643 superioribus
940 5578 1128 5634 notum
1170 5588 1272 5637 est.
1315 5582 1383 5635 Et
1417 5583 1557 5636 hanc
1606 5584 1895 5638 lectionem

328 5642 517 5694 suadet
543 5642 861 5713 pronomen,
890 5667 1089 5703 eorum.

2003 3164 2158 3204 cere:
2188 3148 2303 3206 Hoc
2330 3150 2475 3218 volo,
2505 3158 2561 3207 et
2589 3154 2694 3209 hoc
2719 3153 2877 3219 nolo;
2904 3154 3008 3210 hoc
3032 3170 3177 3222 amo,
3205 3165 3259 3212 et
3286 3160 3391 3214 hoc
3415 3162 3539 3216 odio
3567 3181 3579 3216 :

2002 3248 2063 3296 ut
2091 3257 2192 3298 nec
2218 3245 2441 3314 propria
2475 3244 2706 3315 eligatur
2745 3246 3026 3311 voluntas;
3067 3256 3121 3302 et
3155 3249 3291 3303 sciat
3328 3250 3453 3319 quia
3490 3252 3582 3320 qui

2003 3334 2059 3388 in
2087 3337 2422 3390 monasterio
2451 3351 2749 3391 conversus
2778 3336 2960 3400 fuerit,
2993 3339 3251 3407 quidquid
3290 3356 3353 3393 ex
3402 3341 3585 3397 volun-

2003 3432 2115 3479 tate
2136 3439 2234 3479 sua
2254 3425 2507 3492 voluerit,
2527 3426 2630 3480 hoc
2653 3427 2827 3496 magis
2850 3442 2956 3481 non
2985 3428 3348 3496 permittetur.
3373 3431 3585 3497 Quare?

2003 3514 2141 3581 Quia
2169 3524 2291 3571 sunt
2319 3516 2434 3581 vitr,
2467 3533 2584 3587 qua:
2614 3518 2855 3571 videntur
2883 3518 3178 3573 hominibus
3219 3531 3372 3575 rectae
3394 3563 3408 3586 ,
3445 3541 3580 3596 qua-

2004 3620 2120 3658 rum
2153 3604 2277 3665 ﬁnis
2315 3622 2480 3676 usque
2521 3606 2590 3658 ad
2624 3605 2946 3675 profundum
2984 3607 3178 3675 inferni
3212 3608 3482 3680 demergit.
3514 3612 3580 3667 Et

2002 3697 2146 3764 quod
2170 3696 2419 3759 noluerit,
2452 3697 2553 3751 hoc
2578 3697 2820 3766 cogitur;
2844 3704 2906 3751 ut
2930 3697 3174 3752 voluntas
3200 3699 3254 3753 in
3277 3714 3343 3754 eo
3361 3702 3579 3772 propria

2003 3795 2329 3856 amputetur,
2355 3803 2475 3857 qum
2500 3787 2719 3841 inimica
2747 3795 2830 3843 est
2852 3787 2981 3842 Deo.
3008 3788 3110 3855 Qui
3137 3804 3268 3860 ergo
3289 3792 3438 3861 cupit
3459 3806 3580 3862 per-

2002 3876 2141 3931 fecte
2170 3880 2432 3943 converti,
2464 3880 2489 3917 ιι
2518 3878 2780 3948 quidquid
2811 3879 3075 3933 amaverit.
3099 3887 3154 3934 et
3186 3881 3454 3939 desiderio
3480 3885 3577 3939 ha-

2000 3970 2198 4036 buerit,
2228 3972 2277 4025 ei
2307 3973 2628 4041 denegetur;
2656 3980 2712 4026 et
2735 3971 2997 4041 quidquid
3035 3973 3233 4040 oderit,
3262 3975 3312 4028 ei
3342 3980 3586 4045 appona-

2076 4112 2100 4149 ε
2132 4107 2296 4161 Exeat
2320 4105 2629 4177 disciplima.
2663 4105 2856 4176 Supp.,
2888 4110 3079 4176 gratia,
3113 4108 3165 4165 id
3190 4119 3273 4164 est
3307 4125 3428 4167 cum
3455 4113 3578 4169 reli-

2001 4183 2123 4249 quis
2147 4179 2401 4233 fratribus
2429 4186 2517 4232 eat
2543 4176 2610 4249 ad
2639 4179 2820 4231 omnia
2856 4178 3111 4232 exercrtia
3139 4179 3452 4249 disciplinae.
3484 4183 3579 4237 Est

2001 4246 2251 4320 eclipsis,
2297 4249 2510 4319 phrasis
2549 4246 2735 4320 Grteca
2761 4257 2865 4320 :ut
2900 4249 3161 4320 oratione
3186 4250 3238 4303 in
3275 4246 3569 4307 Pisonem.

2004 4318 2135 4387 Quae
2158 4322 2223 4375 sit
2246 4320 2511 4374 hominum
2541 4318 2751 4389 querela
2774 4318 2960 4389 frontis
2983 4328 3105 4372 tute.
3122 4318 3297 4389 ,Supp.
3322 4337 3504 4376 causa.

1921 4392 1974 4451 D
2069 4394 2096 4432 ιι
2128 4392 2195 4445 1η
2215 4392 2354 4461 quod
2385 4388 2561 4444 usibus
2593 4388 2897 4461 monasterii
2917 4388 3161 4461 ex;2ensis_
3188 4388 3486 4445 restituerit.
3520 4393 3574 4447 ln

2002 4462 2134 4533 Reg.
2185 4457 2283 4533 ms.
2335 4462 2564 4531 legitur:
2596 4457 2855 4533 Restiterit
2875 4496 2890 4519 ,
2913 4467 3113 4533 recte,
3146 4458 3264 4533 lege
3283 4469 3498 4533 autem,
3528 4475 3575 4516 et

1996 4525 2136 4603 quo'd
2165 4525 2950 4603 usibuamonasteriieaspensis
2990 4525 3255 4603 restiterit.
3280 4528 3338 4584 ld
3375 4525 3493 4603 est,
3524 4544 3578 4603 et

1998 4597 2161 4672 quod,
2196 4601 2448 4672 omnibus
2478 4597 2731 4672 expensis
2752 4597 2804 4650 in
2834 4611 2964 4672 usus
2999 4598 3600 4672 inonachorum‘faclis,

1999 4666 2106 4727 erit
2143 4671 2343 4725 residui
2388 4686 2449 4722 ex
2488 4666 2731 4737 pecuniis
2760 4674 2815 4721 et
2849 4666 2968 4720 aliis
3010 4668 3172 4722 rebus
3204 4683 3325 4723 cum
3367 4670 3573 4728 chartis

2000 4738 2508 4800 donationum,illud
2545 4739 2596 4791 in
2630 4752 2727 4792 suo
2758 4744 3080 4792 testamento
3111 4737 3455 4794 scribendum
3478 4757 3571 4796 cu-

2002 4819 2082 4864 ret
2111 4811 2277 4863 abbas
2306 4808 2618 4860 moriturus.

2077 4881 2089 4920 i
2130 4878 2457 4932 Testamento
2487 4893 2581 4930 suo
2612 4877 2828 4931 inserat.
2862 4874 2977 4929 Non
3009 4883 3091 4929 cst
3128 4877 3232 4931 hoc
3258 4876 3377 4933 loco
3406 4887 3574 4935 testa-

2003 4958 2240 5003 mentum
2282 4962 2531 5016 suprema
2575 4945 2854 5016 testatoris
2895 4945 3171 5010 voluntas;
3212 4947 3306 5002 sed
3344 4950 3571 5015 charta,

2000 5014 2440 5077 instrumentum,
2472 5014 2778 5089 breviculus
2806 5031 2900 5068 seu
2933 5016 3329 5089 inventarium,
3370 5017 3427 5073 in
3462 5034 3572 5089 quo

2000 5089 2165 5143 abbas
2195 5103 2409 5143 onmem
2438 5086 2668 5156 cmnohii
2696 5084 3053 5140 substantiam
3072 5094 3129 5140 et
3151 5102 3415 5156 expensas
3436 5084 3572 5145 scri-

2000 5158 2182 5227 bebat,
2213 5159 2279 5213 de
2309 5172 2415 5227 quo
2438 5154 2700 5227 vocabulo
2728 5170 2910 5223 supra.

2073 5226 2086 5276 i
2126 5228 2256 5281 Cum
2297 5224 2487 5297 aliquis
2528 5224 2792 5297 novellus,
2831 5232 2935 5280 etc.
2966 5224 3101 5297 Hinc
3130 5226 3369 5297 reperire
3397 5235 3481 5283 est
3513 5228 3585 5282 in'

2001 5295 2132 5369 Reg.
2163 5314 2263 5353 ms.
2289 5295 2410 5369 cod.
2441 5295 2848 5369 Corbn‘codem
2873 5310 3013 5369 _cap.
3042 5295 3142 5361 90;
3178 5295 3357 5369 agitur
3386 5306 3565 5353 autem

1999 5364 2419 5437 hic'specialiter
2440 5368 2507 5422 de
2532 5365 2719 5431 laicis,
2744 5365 2835 5434 qui
2870 5364 2926 5419 in
2967 5364 3297 5422 monasterio
3322 5370 3564 5423 converti

1998 5439 2239 5493 cuniunt.

2066 5453 2403 5578 E‘gtiidquid
2442 5508 2723 5578 amaverit,
2768 5516 2874 5561 etc.
2913 5506 3040 5562 llrec
3082 5506 3564 5578 compendiosa‘ad

1996 5575 2386 5646 perfectionem
2419 5578 2531 5641 via,
2550 5575 2701 5644 juxta
2744 5578 3088 5632 traditionem
3120 5577 3415 5646 priscorum
3449 5576 3565 5630 illo-

1998 5664 2118 5703 rum
2169 5650 2384 5719 Egypti
2434 5649 2850 5715 monachorum;
2904 5647 2994 5717 qui
3032 5663 3094 5703 ea
3139 5646 3411 5717 discipulis
3451 5648 3565 5703 suis
