  <div class='ocr_page' id='page_1' title='image "/cluster/home/n/w/nwhite01/storage/ocr_20150623/103/hvd.32044054759691/649.png"; bbox 0 0 3948 6182; ppageno 0'>
   <div class='ocr_carea' id='block_1_1' title="bbox 368 5698 404 5719">
    <p class='ocr_par' dir='ltr' id='par_1_1' title="bbox 368 5698 404 5719">
     <span class='ocr_line' id='line_1_1' title="bbox 368 5698 404 5719; baseline 0 -3"><span class='ocrx_word' id='word_1_1' title='bbox 368 5698 404 5719; x_wconf 80' lang='lat'><strong><em>/</em></strong></span> 
     </span>
    </p>
   </div>
   <div class='ocr_carea' id='block_1_2' title="bbox 364 235 550 289">
    <p class='ocr_par' dir='ltr' id='par_1_2' title="bbox 364 235 550 289">
     <span class='ocr_line' id='line_1_2' title="bbox 364 235 550 289; baseline -0.005 0"><span class='ocrx_word' id='word_1_2' title='bbox 364 246 371 247; x_wconf 60' lang='lat'><strong><em>&#39;</em></strong></span> <span class='ocrx_word' id='word_1_3' title='bbox 406 235 550 289; x_wconf 64' lang='grc'><strong>1236</strong></span> 
     </span>
    </p>
   </div>
   <div class='ocr_carea' id='block_1_3' title="bbox 1397 228 2624 296">
    <p class='ocr_par' dir='ltr' id='par_1_3' title="bbox 1397 228 2624 296">
     <span class='ocr_line' id='line_1_3' title="bbox 1397 228 2624 296; baseline 0.001 -12"><span class='ocrx_word' id='word_1_4' title='bbox 1397 232 1454 285; x_wconf 91' lang='lat' dir='ltr'><strong>S.</strong></span> <span class='ocrx_word' id='word_1_5' title='bbox 1497 231 1853 296; x_wconf 80' lang='lat' dir='ltr'><strong>BENEDICTI</strong></span> <span class='ocrx_word' id='word_1_6' title='bbox 1889 230 2178 291; x_wconf 75' lang='lat' dir='ltr'><strong>ABBATIS</strong></span> <span class='ocrx_word' id='word_1_7' title='bbox 2214 228 2624 289; x_wconf 73' lang='lat' dir='ltr'><strong>ANIANENSIS</strong></span> 
     </span>
    </p>
   </div>
   <div class='ocr_carea' id='block_1_4' title="bbox 3511 235 3655 288">
    <p class='ocr_par' dir='ltr' id='par_1_4' title="bbox 3511 235 3655 288">
     <span class='ocr_line' id='line_1_4' title="bbox 3511 235 3655 288; baseline 0.014 -2"><span class='ocrx_word' id='word_1_8' title='bbox 3511 235 3655 288; x_wconf 64' lang='grc'><strong>1196</strong></span> 
     </span>
    </p>
   </div>
   <div class='ocr_carea' id='block_1_5' title="bbox 404 314 3658 417">
    <p class='ocr_par' dir='ltr' id='par_1_5' title="bbox 404 314 3658 417">
     <span class='ocr_line' id='line_1_5' title="bbox 404 314 3658 417; baseline -0.002 -11"><span class='ocrx_word' id='word_1_9' title='bbox 404 314 529 414; x_wconf 70' lang='lat' dir='ltr'><strong>tur,</strong></span> <span class='ocrx_word' id='word_1_10' title='bbox 548 350 755 404; x_wconf 86' lang='lat' dir='ltr'><strong>dicente</strong></span> <span class='ocrx_word' id='word_1_11' title='bbox 789 345 1011 400; x_wconf 76' lang='lat' dir='ltr'><strong>D‘Jlllillo</strong></span> <span class='ocrx_word' id='word_1_12' title='bbox 1038 362 1048 396; x_wconf 87' lang='lat'>:</span> <span class='ocrx_word' id='word_1_13' title='bbox 1085 344 1187 417; x_wconf 77' lang='lat' dir='ltr'><strong>Qui</strong></span> <span class='ocrx_word' id='word_1_14' title='bbox 1211 344 1317 412; x_wconf 74' lang='lat' dir='ltr'><strong>vult</strong></span> <span class='ocrx_word' id='word_1_15' title='bbox 1350 362 1493 411; x_wconf 80' lang='lat' dir='ltr'><strong>meus</strong></span> <span class='ocrx_word' id='word_1_16' title='bbox 1523 362 1633 409; x_wconf 83' lang='lat' dir='ltr'><strong>esse</strong></span> <span class='ocrx_word' id='word_1_17' title='bbox 1663 347 1977 414; x_wconf 73' lang='lat' dir='ltr'><strong>discipulus,</strong></span> <span class='ocrx_word' id='word_1_18' title='bbox 2008 351 2060 409; x_wconf 77' lang='grc' dir='ltr'>Α</span> <span class='ocrx_word' id='word_1_19' title='bbox 2086 344 2321 401; x_wconf 84' lang='lat' dir='ltr'><strong>tionibus</strong></span> <span class='ocrx_word' id='word_1_20' title='bbox 2341 344 2425 400; x_wconf 89' lang='lat' dir='ltr'><strong>vel</strong></span> <span class='ocrx_word' id='word_1_21' title='bbox 2453 343 2935 399; x_wconf 86' lang='lat' dir='ltr'><strong>amaricationibus</strong></span> <span class='ocrx_word' id='word_1_22' title='bbox 2954 344 3295 407; x_wconf 78' lang='lat' dir='ltr'><strong>voluntatum</strong></span> <span class='ocrx_word' id='word_1_23' title='bbox 3320 346 3421 401; x_wconf 87' lang='lat' dir='ltr'><strong>sub</strong></span> <span class='ocrx_word' id='word_1_24' title='bbox 3441 342 3658 416; x_wconf 51' lang='lat' dir='ltr'><strong>ﬂetis</strong></span> 
     </span>
    </p>
   </div>
   <div class='ocr_carea' id='block_1_6' title="bbox 413 433 1980 510">
    <p class='ocr_par' dir='ltr' id='par_1_6' title="bbox 413 433 1980 510">
     <span class='ocr_line' id='line_1_6' title="bbox 413 433 1980 510; baseline -0.01 -14"><span class='ocrx_word' id='word_1_25' title='bbox 413 442 624 510; x_wconf 75' lang='lat' dir='ltr'><strong>abneget</strong></span> <span class='ocrx_word' id='word_1_26' title='bbox 649 437 977 507; x_wconf 81' lang='lat' dir='ltr'><strong>semetipsum</strong></span> <span class='ocrx_word' id='word_1_27' title='bbox 1006 433 1123 501; x_wconf 84' lang='lat' dir='ltr'><strong>sibi,</strong></span> <span class='ocrx_word' id='word_1_28' title='bbox 1151 443 1199 495; x_wconf 85' lang='lat' dir='ltr'><strong>et</strong></span> <span class='ocrx_word' id='word_1_29' title='bbox 1217 446 1466 504; x_wconf 79' lang='lat' dir='ltr'><strong>sequatur</strong></span> <span class='ocrx_word' id='word_1_30' title='bbox 1483 452 1565 489; x_wconf 85' lang='lat' dir='ltr'><strong>me</strong></span> <span class='ocrx_word' id='word_1_31' title='bbox 1586 435 1800 507; x_wconf 68' lang='lat' dir='ltr'><strong>(Matth.</strong></span> <span class='ocrx_word' id='word_1_32' title='bbox 1830 434 1980 507; x_wconf 66' lang='lat' dir='ltr'><strong>nn);</strong></span> 
     </span>
    </p>
   </div>
   <div class='ocr_carea' id='block_1_7' title="bbox 412 521 1981 595">
    <p class='ocr_par' dir='ltr' id='par_1_7' title="bbox 412 521 1981 595">
     <span class='ocr_line' id='line_1_7' title="bbox 412 521 1981 595; baseline -0.004 -10"><span class='ocrx_word' id='word_1_33' title='bbox 412 532 514 589; x_wconf 77' lang='lat' dir='ltr'><strong>hoc</strong></span> <span class='ocrx_word' id='word_1_34' title='bbox 538 537 754 593; x_wconf 89' lang='lat' dir='ltr'><strong>est,uon</strong></span> <span class='ocrx_word' id='word_1_35' title='bbox 777 541 949 587; x_wconf 89' lang='lat' dir='ltr'><strong>suam,</strong></span> <span class='ocrx_word' id='word_1_36' title='bbox 981 524 1075 579; x_wconf 87' lang='lat' dir='ltr'><strong>sed</strong></span> <span class='ocrx_word' id='word_1_37' title='bbox 1098 523 1191 579; x_wconf 88' lang='lat' dir='ltr'><strong>Dei</strong></span> <span class='ocrx_word' id='word_1_38' title='bbox 1218 521 1385 592; x_wconf 77' lang='lat' dir='ltr'><strong>faciat</strong></span> <span class='ocrx_word' id='word_1_39' title='bbox 1415 526 1769 595; x_wconf 82' lang='lat' dir='ltr'><strong>voluntatem.</strong></span> <span class='ocrx_word' id='word_1_40' title='bbox 1789 526 1981 583; x_wconf 84' lang='lat' dir='ltr'><strong>Omnia</strong></span> 
     </span>
    </p>
   </div>
   <div class='ocr_carea' id='block_1_8' title="bbox 413 615 1985 688">
    <p class='ocr_par' dir='ltr' id='par_1_8' title="bbox 413 615 1985 688">
     <span class='ocr_line' id='line_1_8' title="bbox 413 615 1985 688; baseline -0.006 -10"><span class='ocrx_word' id='word_1_41' title='bbox 413 623 558 679; x_wconf 89' lang='lat' dir='ltr'><strong>enim</strong></span> <span class='ocrx_word' id='word_1_42' title='bbox 585 621 743 675; x_wconf 89' lang='lat' dir='ltr'><strong>debet</strong></span> <span class='ocrx_word' id='word_1_43' title='bbox 764 632 862 688; x_wconf 88' lang='lat' dir='ltr'><strong>pro</strong></span> <span class='ocrx_word' id='word_1_44' title='bbox 891 616 1118 687; x_wconf 81' lang='lat' dir='ltr'><strong>Domino</strong></span> <span class='ocrx_word' id='word_1_45' title='bbox 1143 616 1439 679; x_wconf 85' lang='lat' dir='ltr'><strong>sustinere,</strong></span> <span class='ocrx_word' id='word_1_46' title='bbox 1470 617 1564 685; x_wconf 88' lang='lat' dir='ltr'><strong>qui</strong></span> <span class='ocrx_word' id='word_1_47' title='bbox 1607 617 1660 671; x_wconf 88' lang='lat' dir='ltr'><strong>in</strong></span> <span class='ocrx_word' id='word_1_48' title='bbox 1688 615 1805 684; x_wconf 84' lang='lat' dir='ltr'><strong>ejus</strong></span> <span class='ocrx_word' id='word_1_49' title='bbox 1837 615 1985 685; x_wconf 89' lang='lat' dir='ltr'><strong>cupit</strong></span> 
     </span>
    </p>
   </div>
   <div class='ocr_carea' id='block_1_9' title="bbox 414 705 1986 782">
    <p class='ocr_par' dir='ltr' id='par_1_9' title="bbox 414 705 1986 782">
     <span class='ocr_line' id='line_1_9' title="bbox 414 705 1986 782; baseline -0.003 -17"><span class='ocrx_word' id='word_1_50' title='bbox 414 711 645 766; x_wconf 88' lang='lat' dir='ltr'><strong>militare</strong></span> <span class='ocrx_word' id='word_1_51' title='bbox 680 708 885 779; x_wconf 74' lang='lat' dir='ltr'><strong>schola.</strong></span> <span class='ocrx_word' id='word_1_52' title='bbox 914 705 1022 775; x_wconf 69' lang='lat' dir='ltr'><strong>Aut</strong></span> <span class='ocrx_word' id='word_1_53' title='bbox 1049 706 1177 775; x_wconf 87' lang='lat' dir='ltr'><strong>quid</strong></span> <span class='ocrx_word' id='word_1_54' title='bbox 1204 705 1348 761; x_wconf 89' lang='lat' dir='ltr'><strong>enim</strong></span> <span class='ocrx_word' id='word_1_55' title='bbox 1384 707 1544 782; x_wconf 83' lang='lat' dir='ltr'><strong>digne</strong></span> <span class='ocrx_word' id='word_1_56' title='bbox 1570 721 1861 775; x_wconf 82' lang='lat' dir='ltr'><strong>possumus</strong></span> <span class='ocrx_word' id='word_1_57' title='bbox 1886 720 1986 776; x_wconf 88' lang='lat' dir='ltr'><strong>pro</strong></span> 
     </span>
    </p>
   </div>
   <div class='ocr_carea' id='block_1_10' title="bbox 415 795 1984 865">
    <p class='ocr_par' dir='ltr' id='par_1_10' title="bbox 415 795 1984 865">
     <span class='ocr_line' id='line_1_10' title="bbox 415 795 1984 865; baseline -0.005 -8"><span class='ocrx_word' id='word_1_58' title='bbox 415 800 639 857; x_wconf 84' lang='lat' dir='ltr'><strong>Domino</strong></span> <span class='ocrx_word' id='word_1_59' title='bbox 670 798 971 864; x_wconf 80' lang='lat' dir='ltr'><strong>sustinere?</strong></span> <span class='ocrx_word' id='word_1_60' title='bbox 996 797 1207 859; x_wconf 88' lang='lat' dir='ltr'><strong>dicente</strong></span> <span class='ocrx_word' id='word_1_61' title='bbox 1235 795 1494 865; x_wconf 76' lang='lat' dir='ltr'><strong>Apostolo</strong></span> <span class='ocrx_word' id='word_1_62' title='bbox 1521 814 1534 851; x_wconf 90' lang='lat'><strong>:</strong></span> <span class='ocrx_word' id='word_1_63' title='bbox 1570 795 1693 850; x_wconf 87' lang='lat' dir='ltr'><strong>Non</strong></span> <span class='ocrx_word' id='word_1_64' title='bbox 1716 806 1837 851; x_wconf 82' lang='lat' dir='ltr'><strong>sunt</strong></span> <span class='ocrx_word' id='word_1_65' title='bbox 1855 812 1984 849; x_wconf 86' lang='lat' dir='ltr'><strong>con-</strong></span> 
     </span>
    </p>
   </div>
   <div class='ocr_carea' id='block_1_11' title="bbox 413 882 1987 961">
    <p class='ocr_par' dir='ltr' id='par_1_11' title="bbox 413 882 1987 961">
     <span class='ocr_line' id='line_1_11' title="bbox 413 882 1987 961; baseline -0.005 -16"><span class='ocrx_word' id='word_1_66' title='bbox 413 890 584 961; x_wconf 78' lang='lat' dir='ltr'><strong>digna:</strong></span> <span class='ocrx_word' id='word_1_67' title='bbox 608 890 875 958; x_wconf 75' lang='lat' dir='ltr'><strong>passiones</strong></span> <span class='ocrx_word' id='word_1_68' title='bbox 891 886 1051 958; x_wconf 72' lang='lat' dir='ltr'><strong>hujus</strong></span> <span class='ocrx_word' id='word_1_69' title='bbox 1078 885 1257 951; x_wconf 68' lang='grc' dir='ltr'><strong>εφαιιί</strong></span> <span class='ocrx_word' id='word_1_70' title='bbox 1276 899 1302 926; x_wconf 77' lang='grc' dir='ltr'><strong>ιι</strong></span> <span class='ocrx_word' id='word_1_71' title='bbox 1327 886 1396 939; x_wconf 90' lang='lat' dir='ltr'><strong>ad</strong></span> <span class='ocrx_word' id='word_1_72' title='bbox 1425 895 1851 956; x_wconf 75' lang='lat' dir='ltr'><strong>superventuram</strong></span> <span class='ocrx_word' id='word_1_73' title='bbox 1876 882 1987 954; x_wconf 82' lang='lat' dir='ltr'><strong>glo-</strong></span> 
     </span>
    </p>
   </div>
   <div class='ocr_carea' id='block_1_12' title="bbox 413 976 1987 1053">
    <p class='ocr_par' dir='ltr' id='par_1_12' title="bbox 413 976 1987 1053">
     <span class='ocr_line' id='line_1_12' title="bbox 413 976 1987 1053; baseline -0.001 -21"><span class='ocrx_word' id='word_1_74' title='bbox 413 987 547 1038; x_wconf 82' lang='lat' dir='ltr'><strong>riam</strong></span> <span class='ocrx_word' id='word_1_75' title='bbox 566 981 736 1053; x_wconf 84' lang='lat' dir='ltr'><strong>(Rom.</strong></span> <span class='ocrx_word' id='word_1_76' title='bbox 762 979 898 1049; x_wconf 78' lang='lat' dir='ltr'><strong>vui).</strong></span> <span class='ocrx_word' id='word_1_77' title='bbox 922 979 989 1047; x_wconf 87' lang='lat' dir='ltr'><strong>Ut</strong></span> <span class='ocrx_word' id='word_1_78' title='bbox 1008 979 1053 1034; x_wconf 90' lang='lat' dir='ltr'><strong>si</strong></span> <span class='ocrx_word' id='word_1_79' title='bbox 1075 978 1251 1049; x_wconf 91' lang='lat' dir='ltr'><strong>ignem</strong></span> <span class='ocrx_word' id='word_1_80' title='bbox 1276 986 1591 1047; x_wconf 85' lang='lat' dir='ltr'><strong>persecutor</strong></span> <span class='ocrx_word' id='word_1_81' title='bbox 1604 993 1762 1033; x_wconf 70' lang='lat' dir='ltr'><strong>servo</strong></span> <span class='ocrx_word' id='word_1_82' title='bbox 1784 976 1987 1033; x_wconf 76' lang='lat' dir='ltr'><strong>Christi</strong></span> 
     </span>
    </p>
   </div>
   <div class='ocr_carea' id='block_1_13' title="bbox 413 1068 1988 1142">
    <p class='ocr_par' dir='ltr' id='par_1_13' title="bbox 413 1068 1988 1142">
     <span class='ocr_line' id='line_1_13' title="bbox 413 1068 1988 1142; baseline -0.006 -9"><span class='ocrx_word' id='word_1_83' title='bbox 413 1077 628 1142; x_wconf 80' lang='lat' dir='ltr'><strong>inferat,</strong></span> <span class='ocrx_word' id='word_1_84' title='bbox 659 1084 719 1129; x_wconf 91' lang='lat' dir='ltr'><strong>nt</strong></span> <span class='ocrx_word' id='word_1_85' title='bbox 749 1070 1058 1142; x_wconf 73' lang='lat' dir='ltr'><strong>temporalis</strong></span> <span class='ocrx_word' id='word_1_86' title='bbox 1092 1070 1241 1135; x_wconf 82' lang='lat' dir='ltr'><strong>calor</strong></span> <span class='ocrx_word' id='word_1_87' title='bbox 1274 1068 1426 1124; x_wconf 86' lang='lat' dir='ltr'><strong>linito</strong></span> <span class='ocrx_word' id='word_1_88' title='bbox 1452 1084 1560 1127; x_wconf 90' lang='lat' dir='ltr'><strong>non</strong></span> <span class='ocrx_word' id='word_1_89' title='bbox 1597 1070 1863 1125; x_wconf 83' lang='lat' dir='ltr'><strong>sentiatur</strong></span> <span class='ocrx_word' id='word_1_90' title='bbox 1897 1069 1988 1124; x_wconf 89' lang='lat' dir='ltr'><strong>do-</strong></span> 
     </span>
    </p>
   </div>
   <div class='ocr_carea' id='block_1_14' title="bbox 414 1160 1988 1231">
    <p class='ocr_par' dir='ltr' id='par_1_14' title="bbox 414 1160 1988 1231">
     <span class='ocr_line' id='line_1_14' title="bbox 414 1160 1988 1231; baseline -0.004 -10"><span class='ocrx_word' id='word_1_91' title='bbox 414 1168 547 1228; x_wconf 87' lang='lat' dir='ltr'><strong>lore,</strong></span> <span class='ocrx_word' id='word_1_92' title='bbox 566 1182 670 1219; x_wconf 85' lang='lat' dir='ltr'><strong>nou</strong></span> <span class='ocrx_word' id='word_1_93' title='bbox 700 1173 880 1217; x_wconf 85' lang='lat' dir='ltr'><strong>tamen</strong></span> <span class='ocrx_word' id='word_1_94' title='bbox 906 1161 1027 1217; x_wconf 87' lang='lat' dir='ltr'><strong>talis</strong></span> <span class='ocrx_word' id='word_1_95' title='bbox 1050 1169 1154 1223; x_wconf 84' lang='lat' dir='ltr'><strong>est,</strong></span> <span class='ocrx_word' id='word_1_96' title='bbox 1177 1160 1350 1229; x_wconf 89' lang='lat' dir='ltr'><strong>qualis</strong></span> <span class='ocrx_word' id='word_1_97' title='bbox 1371 1161 1609 1231; x_wconf 88' lang='lat' dir='ltr'><strong>estignis</strong></span> <span class='ocrx_word' id='word_1_98' title='bbox 1633 1161 1988 1230; x_wconf 79' lang='lat' dir='ltr'><strong>iuexstingui-</strong></span> 
     </span>
    </p>
   </div>
   <div class='ocr_carea' id='block_1_15' title="bbox 414 1250 1989 1329">
    <p class='ocr_par' dir='ltr' id='par_1_15' title="bbox 414 1250 1989 1329">
     <span class='ocr_line' id='line_1_15' title="bbox 414 1250 1989 1329; baseline -0.005 -17"><span class='ocrx_word' id='word_1_99' title='bbox 414 1258 566 1321; x_wconf 82' lang='lat' dir='ltr'><strong>bilis;</strong></span> <span class='ocrx_word' id='word_1_100' title='bbox 596 1265 690 1310; x_wconf 89' lang='lat' dir='ltr'><strong>aut</strong></span> <span class='ocrx_word' id='word_1_101' title='bbox 719 1254 797 1309; x_wconf 90' lang='lat' dir='ltr'><strong>sic</strong></span> <span class='ocrx_word' id='word_1_102' title='bbox 824 1251 1111 1329; x_wconf 79' lang='lat' dir='ltr'><strong>incendit,</strong></span> <span class='ocrx_word' id='word_1_103' title='bbox 1159 1250 1430 1320; x_wconf 81' lang='lat' dir='ltr'><strong>quomodo</strong></span> <span class='ocrx_word' id='word_1_104' title='bbox 1455 1258 1657 1305; x_wconf 84' lang='lat' dir='ltr'><strong>aeterna</strong></span> <span class='ocrx_word' id='word_1_105' title='bbox 1701 1263 1862 1319; x_wconf 61' lang='lat' dir='ltr'><strong>poena</strong></span> <span class='ocrx_word' id='word_1_106' title='bbox 1896 1264 1989 1320; x_wconf 88' lang='lat' dir='ltr'><strong>ge-</strong></span> 
     </span>
    </p>
   </div>
   <div class='ocr_carea' id='block_1_16' title="bbox 414 1344 1983 1417">
    <p class='ocr_par' dir='ltr' id='par_1_16' title="bbox 414 1344 1983 1417">
     <span class='ocr_line' id='line_1_16' title="bbox 414 1344 1983 1417; baseline -0.006 -11"><span class='ocrx_word' id='word_1_107' title='bbox 414 1353 606 1407; x_wconf 74' lang='lat' dir='ltr'><strong>liennze</strong></span> <span class='ocrx_word' id='word_1_108' title='bbox 644 1347 932 1417; x_wconf 85' lang='lat' dir='ltr'><strong>peccatrici</strong></span> <span class='ocrx_word' id='word_1_109' title='bbox 979 1345 1174 1405; x_wconf 67' lang='lat' dir='ltr'><strong>animae</strong></span> <span class='ocrx_word' id='word_1_110' title='bbox 1222 1344 1608 1400; x_wconf 78' lang='lat' dir='ltr'><strong>immortaliter</strong></span> <span class='ocrx_word' id='word_1_111' title='bbox 1652 1352 1983 1400; x_wconf 83' lang='lat' dir='ltr'><strong>reservatur.</strong></span> 
     </span>
    </p>
   </div>
   <div class='ocr_carea' id='block_1_17' title="bbox 415 1434 1986 1509">
    <p class='ocr_par' dir='ltr' id='par_1_17' title="bbox 415 1434 1986 1509">
     <span class='ocr_line' id='line_1_17' title="bbox 415 1434 1986 1509; baseline -0.006 -13"><span class='ocrx_word' id='word_1_112' title='bbox 415 1440 473 1497; x_wconf 84' lang='lat' dir='ltr'><strong>Si</strong></span> <span class='ocrx_word' id='word_1_113' title='bbox 503 1437 712 1509; x_wconf 57' lang='lat' dir='ltr'><strong>ungulae</strong></span> <span class='ocrx_word' id='word_1_114' title='bbox 736 1436 822 1491; x_wconf 88' lang='lat' dir='ltr'><strong>vel</strong></span> <span class='ocrx_word' id='word_1_115' title='bbox 846 1435 1081 1504; x_wconf 84' lang='lat' dir='ltr'><strong>equulei,</strong></span> <span class='ocrx_word' id='word_1_116' title='bbox 1117 1434 1201 1489; x_wconf 89' lang='lat' dir='ltr'><strong>vel</strong></span> <span class='ocrx_word' id='word_1_117' title='bbox 1230 1436 1515 1488; x_wconf 88' lang='lat' dir='ltr'><strong>verberum</strong></span> <span class='ocrx_word' id='word_1_118' title='bbox 1541 1449 1732 1504; x_wconf 66' lang='lat' dir='ltr'><strong>poenas</strong></span> <span class='ocrx_word' id='word_1_119' title='bbox 1755 1435 1986 1505; x_wconf 89' lang='lat' dir='ltr'><strong>ingerat,</strong></span> 
     </span>
    </p>
   </div>
   <div class='ocr_carea' id='block_1_18' title="bbox 415 1525 1990 1603">
    <p class='ocr_par' dir='ltr' id='par_1_18' title="bbox 415 1525 1990 1603">
     <span class='ocr_line' id='line_1_18' title="bbox 415 1525 1990 1603; baseline -0.004 -16"><span class='ocrx_word' id='word_1_120' title='bbox 415 1533 470 1587; x_wconf 88' lang='lat' dir='ltr'><strong>in</strong></span> <span class='ocrx_word' id='word_1_121' title='bbox 498 1532 613 1603; x_wconf 90' lang='lat' dir='ltr'><strong>ipsa</strong></span> <span class='ocrx_word' id='word_1_122' title='bbox 640 1530 792 1599; x_wconf 87' lang='lat' dir='ltr'><strong>parvi</strong></span> <span class='ocrx_word' id='word_1_123' title='bbox 821 1527 1021 1584; x_wconf 87' lang='lat' dir='ltr'><strong>doloris</strong></span> <span class='ocrx_word' id='word_1_124' title='bbox 1052 1526 1338 1581; x_wconf 83' lang='lat' dir='ltr'><strong>tolerantia</strong></span> <span class='ocrx_word' id='word_1_125' title='bbox 1375 1535 1593 1580; x_wconf 63' lang='lat' dir='ltr'><strong>aeternae</strong></span> <span class='ocrx_word' id='word_1_126' title='bbox 1622 1525 1824 1580; x_wconf 65' lang='lat' dir='ltr'><strong>laetitiae</strong></span> <span class='ocrx_word' id='word_1_127' title='bbox 1848 1526 1875 1565; x_wconf 70' lang='grc' dir='ltr'>δ</span> <span class='ocrx_word' id='word_1_128' title='bbox 1900 1539 1990 1580; x_wconf 92' lang='lat' dir='ltr'><strong>co-</strong></span> 
     </span>
    </p>
   </div>
   <div class='ocr_carea' id='block_1_19' title="bbox 418 1617 1989 1688">
    <p class='ocr_par' dir='ltr' id='par_1_19' title="bbox 418 1617 1989 1688">
     <span class='ocr_line' id='line_1_19' title="bbox 418 1617 1989 1688; baseline -0.001 -12"><span class='ocrx_word' id='word_1_129' title='bbox 418 1629 640 1681; x_wconf 87' lang='lat' dir='ltr'><strong>ronatus</strong></span> <span class='ocrx_word' id='word_1_130' title='bbox 665 1619 937 1683; x_wconf 86' lang='lat' dir='ltr'><strong>succedit;</strong></span> <span class='ocrx_word' id='word_1_131' title='bbox 968 1617 1014 1673; x_wconf 88' lang='lat' dir='ltr'><strong>si</strong></span> <span class='ocrx_word' id='word_1_132' title='bbox 1042 1631 1230 1672; x_wconf 90' lang='lat' dir='ltr'><strong>carcer</strong></span> <span class='ocrx_word' id='word_1_133' title='bbox 1268 1632 1368 1673; x_wconf 89' lang='lat' dir='ltr'><strong>nos</strong></span> <span class='ocrx_word' id='word_1_134' title='bbox 1401 1633 1499 1688; x_wconf 88' lang='lat' dir='ltr'><strong>pro</strong></span> <span class='ocrx_word' id='word_1_135' title='bbox 1532 1618 1643 1672; x_wconf 88' lang='lat' dir='ltr'><strong>Deo</strong></span> <span class='ocrx_word' id='word_1_136' title='bbox 1667 1618 1989 1674; x_wconf 82' lang='lat' dir='ltr'><strong>tenebrosus</strong></span> 
     </span>
    </p>
   </div>
   <div class='ocr_carea' id='block_1_20' title="bbox 2084 432 3663 505">
    <p class='ocr_par' dir='ltr' id='par_1_20' title="bbox 2084 432 3663 505">
     <span class='ocr_line' id='line_1_20' title="bbox 2084 432 3663 505; baseline 0 -12"><span class='ocrx_word' id='word_1_137' title='bbox 2084 433 2314 503; x_wconf 72' lang='lat' dir='ltr'><strong>illlperio</strong></span> <span class='ocrx_word' id='word_1_138' title='bbox 2363 432 2694 499; x_wconf 74' lang='lat' dir='ltr'><strong>militamus,</strong></span> <span class='ocrx_word' id='word_1_139' title='bbox 2740 444 2801 488; x_wconf 88' lang='lat' dir='ltr'><strong>ut</strong></span> <span class='ocrx_word' id='word_1_140' title='bbox 2838 441 2966 504; x_wconf 86' lang='lat' dir='ltr'><strong>post</strong></span> <span class='ocrx_word' id='word_1_141' title='bbox 3010 435 3503 505; x_wconf 77' lang='lat' dir='ltr'><strong>peregrinationem</strong></span> <span class='ocrx_word' id='word_1_142' title='bbox 3536 438 3663 493; x_wconf 64' lang='lat' dir='ltr'><strong>vitae</strong></span> 
     </span>
    </p>
   </div>
   <div class='ocr_carea' id='block_1_21' title="bbox 2084 522 3665 597">
    <p class='ocr_par' dir='ltr' id='par_1_21' title="bbox 2084 522 3665 597">
     <span class='ocr_line' id='line_1_21' title="bbox 2084 522 3665 597; baseline 0.005 -19"><span class='ocrx_word' id='word_1_143' title='bbox 2084 523 2269 585; x_wconf 61' lang='grc' dir='ltr'><strong>ωουιί</strong></span> <span class='ocrx_word' id='word_1_144' title='bbox 2315 522 2505 591; x_wconf 85' lang='lat' dir='ltr'><strong>hujus,</strong></span> <span class='ocrx_word' id='word_1_145' title='bbox 2550 538 2674 579; x_wconf 86' lang='lat' dir='ltr'><strong>cum</strong></span> <span class='ocrx_word' id='word_1_146' title='bbox 2714 524 2977 581; x_wconf 81' lang='lat' dir='ltr'><strong>Dominus</strong></span> <span class='ocrx_word' id='word_1_147' title='bbox 3021 536 3207 582; x_wconf 85' lang='lat' dir='ltr'><strong>noster</strong></span> <span class='ocrx_word' id='word_1_148' title='bbox 3237 529 3292 581; x_wconf 90' lang='lat' dir='ltr'><strong>in</strong></span> <span class='ocrx_word' id='word_1_149' title='bbox 3327 527 3537 597; x_wconf 85' lang='lat' dir='ltr'><strong>judicio</strong></span> <span class='ocrx_word' id='word_1_150' title='bbox 3566 547 3665 587; x_wconf 90' lang='lat' dir='ltr'><strong>nos</strong></span> 
     </span>
    </p>
   </div>
   <div class='ocr_carea' id='block_1_22' title="bbox 2085 612 3663 689">
    <p class='ocr_par' dir='ltr' id='par_1_22' title="bbox 2085 612 3663 689">
     <span class='ocr_line' id='line_1_22' title="bbox 2085 612 3663 689; baseline 0.006 -23"><span class='ocrx_word' id='word_1_151' title='bbox 2085 612 2399 677; x_wconf 72' lang='lat' dir='ltr'><strong>accersierit</strong></span> <span class='ocrx_word' id='word_1_152' title='bbox 2423 628 2543 676; x_wconf 88' lang='lat' dir='ltr'><strong>suo,</strong></span> <span class='ocrx_word' id='word_1_153' title='bbox 2571 613 2729 683; x_wconf 85' lang='lat' dir='ltr'><strong>digna</strong></span> <span class='ocrx_word' id='word_1_154' title='bbox 2758 614 2810 668; x_wconf 88' lang='lat' dir='ltr'><strong>ei</strong></span> <span class='ocrx_word' id='word_1_155' title='bbox 2840 623 3025 669; x_wconf 89' lang='lat' dir='ltr'><strong>nostra</strong></span> <span class='ocrx_word' id='word_1_156' title='bbox 3058 631 3223 685; x_wconf 80' lang='lat' dir='ltr'><strong>opera</strong></span> <span class='ocrx_word' id='word_1_157' title='bbox 3254 619 3663 689; x_wconf 86' lang='lat' dir='ltr'><strong>consignemus,</strong></span> 
     </span>
    </p>
   </div>
   <div class='ocr_carea' id='block_1_23' title="bbox 2083 704 3663 779">
    <p class='ocr_par' dir='ltr' id='par_1_23' title="bbox 2083 704 3663 779">
     <span class='ocr_line' id='line_1_23' title="bbox 2083 704 3663 779; baseline 0.004 -20"><span class='ocrx_word' id='word_1_158' title='bbox 2083 704 2374 767; x_wconf 68' lang='lat' dir='ltr'><strong>allen-entes</strong></span> <span class='ocrx_word' id='word_1_159' title='bbox 2418 706 2468 761; x_wconf 90' lang='lat' dir='ltr'><strong>ei</strong></span> <span class='ocrx_word' id='word_1_160' title='bbox 2514 706 2831 775; x_wconf 78' lang='lat' dir='ltr'><strong>patientiam</strong></span> <span class='ocrx_word' id='word_1_161' title='bbox 2866 717 3140 773; x_wconf 85' lang='lat' dir='ltr'><strong>nostram,</strong></span> <span class='ocrx_word' id='word_1_162' title='bbox 3188 724 3288 779; x_wconf 85' lang='lat' dir='ltr'><strong>per</strong></span> <span class='ocrx_word' id='word_1_163' title='bbox 3326 726 3491 779; x_wconf 86' lang='lat' dir='ltr'><strong>quam</strong></span> <span class='ocrx_word' id='word_1_164' title='bbox 3530 712 3663 766; x_wconf 83' lang='lat' dir='ltr'><strong>dura</strong></span> 
     </span>
    </p>
   </div>
   <div class='ocr_carea' id='block_1_24' title="bbox 2084 793 3667 867">
    <p class='ocr_par' dir='ltr' id='par_1_24' title="bbox 2084 793 3667 867">
     <span class='ocr_line' id='line_1_24' title="bbox 2084 793 3667 867; baseline 0.002 -17"><span class='ocrx_word' id='word_1_165' title='bbox 2084 794 2267 850; x_wconf 85' lang='lat' dir='ltr'><strong>omnia</strong></span> <span class='ocrx_word' id='word_1_166' title='bbox 2293 802 2347 848; x_wconf 90' lang='lat' dir='ltr'><strong>et</strong></span> <span class='ocrx_word' id='word_1_167' title='bbox 2372 793 2585 848; x_wconf 89' lang='lat' dir='ltr'><strong>diversa</strong></span> <span class='ocrx_word' id='word_1_168' title='bbox 2614 795 2772 850; x_wconf 87' lang='lat' dir='ltr'><strong>nobis</strong></span> <span class='ocrx_word' id='word_1_169' title='bbox 2797 796 2866 849; x_wconf 86' lang='lat' dir='ltr'><strong>ab</strong></span> <span class='ocrx_word' id='word_1_170' title='bbox 2895 797 3093 850; x_wconf 78' lang='lat' dir='ltr'><strong>a&#39;..bate</strong></span> <span class='ocrx_word' id='word_1_171' title='bbox 3114 797 3400 865; x_wconf 86' lang='lat' dir='ltr'><strong>imperata,</strong></span> <span class='ocrx_word' id='word_1_172' title='bbox 3424 814 3550 866; x_wconf 62' lang='lat' dir='ltr'><strong>qua</strong></span> <span class='ocrx_word' id='word_1_173' title='bbox 3569 814 3667 867; x_wconf 86' lang='lat' dir='ltr'><strong>pro</strong></span> 
     </span>
    </p>
   </div>
   <div class='ocr_carea' id='block_1_25' title="bbox 2085 886 3668 957">
    <p class='ocr_par' dir='ltr' id='par_1_25' title="bbox 2085 886 3668 957">
     <span class='ocr_line' id='line_1_25' title="bbox 2085 886 3668 957; baseline 0.002 -16"><span class='ocrx_word' id='word_1_174' title='bbox 2085 887 2306 949; x_wconf 81' lang='lat' dir='ltr'><strong>nomine</strong></span> <span class='ocrx_word' id='word_1_175' title='bbox 2335 886 2453 955; x_wconf 86' lang='lat' dir='ltr'><strong>ejus</strong></span> <span class='ocrx_word' id='word_1_176' title='bbox 2481 896 2765 955; x_wconf 76' lang='lat' dir='ltr'><strong>gratanter</strong></span> <span class='ocrx_word' id='word_1_177' title='bbox 2809 891 3146 957; x_wconf 85' lang='lat' dir='ltr'><strong>portav&#39;mus</strong></span> <span class='ocrx_word' id='word_1_178' title='bbox 3168 927 3183 954; x_wconf 93' lang='lat'><strong>,</strong></span> <span class='ocrx_word' id='word_1_179' title='bbox 3208 888 3295 943; x_wconf 88' lang='lat' dir='ltr'><strong>vel</strong></span> <span class='ocrx_word' id='word_1_180' title='bbox 3321 890 3668 944; x_wconf 69' lang='lat' dir='ltr'><strong>amat-iratio-</strong></span> 
     </span>
    </p>
   </div>
   <div class='ocr_carea' id='block_1_26' title="bbox 2086 977 3667 1049">
    <p class='ocr_par' dir='ltr' id='par_1_26' title="bbox 2086 977 3667 1049">
     <span class='ocr_line' id='line_1_26' title="bbox 2086 977 3667 1049; baseline -0.001 -15"><span class='ocrx_word' id='word_1_181' title='bbox 2086 977 2546 1049; x_wconf 37' lang='lat' dir='ltr'><strong>nes‘voluntatum</strong></span> <span class='ocrx_word' id='word_1_182' title='bbox 2573 987 2882 1035; x_wconf 90' lang='lat' dir='ltr'><strong>nostrarum</strong></span> <span class='ocrx_word' id='word_1_183' title='bbox 2913 980 3180 1043; x_wconf 89' lang='lat' dir='ltr'><strong>diversas,</strong></span> <span class='ocrx_word' id='word_1_184' title='bbox 3206 994 3345 1048; x_wconf 90' lang='lat' dir='ltr'><strong>quas</strong></span> <span class='ocrx_word' id='word_1_185' title='bbox 3369 995 3474 1049; x_wconf 88' lang='lat' dir='ltr'><strong>pro</strong></span> <span class='ocrx_word' id='word_1_186' title='bbox 3496 981 3667 1034; x_wconf 84' lang='lat' dir='ltr'><strong>nomi-</strong></span> 
     </span>
    </p>
   </div>
   <div class='ocr_carea' id='block_1_27' title="bbox 2088 1042 3664 1141">
    <p class='ocr_par' dir='ltr' id='par_1_27' title="bbox 2088 1042 3664 1141">
     <span class='ocr_line' id='line_1_27' title="bbox 2088 1042 3664 1141; baseline -0.002 -12"><span class='ocrx_word' id='word_1_187' title='bbox 2088 1085 2156 1129; x_wconf 82' lang='lat' dir='ltr'><strong>ne</strong></span> <span class='ocrx_word' id='word_1_188' title='bbox 2179 1042 2273 1126; x_wconf 66' lang='grc' dir='ltr'><strong>ἶ)θί</strong></span> <span class='ocrx_word' id='word_1_189' title='bbox 2307 1070 2394 1127; x_wconf 81' lang='lat' dir='ltr'><strong>vel</strong></span> <span class='ocrx_word' id='word_1_190' title='bbox 2417 1071 2590 1125; x_wconf 86' lang='lat' dir='ltr'><strong>salute</strong></span> <span class='ocrx_word' id='word_1_191' title='bbox 2616 1072 2811 1125; x_wconf 77' lang='lat' dir='ltr'><strong>anima:</strong></span> <span class='ocrx_word' id='word_1_192' title='bbox 2833 1071 3068 1125; x_wconf 84' lang='lat' dir='ltr'><strong>libenter</strong></span> <span class='ocrx_word' id='word_1_193' title='bbox 3090 1073 3261 1141; x_wconf 87' lang='lat' dir='ltr'><strong>magis</strong></span> <span class='ocrx_word' id='word_1_194' title='bbox 3282 1073 3664 1137; x_wconf 82' lang='lat' dir='ltr'><strong>sustinuimus,</strong></span> 
     </span>
    </p>
   </div>
   <div class='ocr_carea' id='block_1_28' title="bbox 2087 1158 3663 1231">
    <p class='ocr_par' dir='ltr' id='par_1_28' title="bbox 2087 1158 3663 1231">
     <span class='ocr_line' id='line_1_28' title="bbox 2087 1158 3663 1231; baseline -0.001 -14"><span class='ocrx_word' id='word_1_195' title='bbox 2087 1162 2328 1225; x_wconf 81' lang='lat' dir='ltr'><strong>dicentes</strong></span> <span class='ocrx_word' id='word_1_196' title='bbox 2356 1161 2585 1231; x_wconf 77' lang='lat' dir='ltr'><strong>Domino</strong></span> <span class='ocrx_word' id='word_1_197' title='bbox 2614 1179 2627 1214; x_wconf 94' lang='lat'><strong>:</strong></span> <span class='ocrx_word' id='word_1_198' title='bbox 2661 1158 2886 1231; x_wconf 83' lang='lat' dir='ltr'><strong>Propter</strong></span> <span class='ocrx_word' id='word_1_199' title='bbox 2911 1172 2960 1215; x_wconf 89' lang='lat' dir='ltr'><strong>te</strong></span> <span class='ocrx_word' id='word_1_200' title='bbox 2985 1162 3367 1230; x_wconf 76' lang='lat' dir='ltr'><strong>mortiﬁcamur</strong></span> <span class='ocrx_word' id='word_1_201' title='bbox 3405 1174 3521 1216; x_wconf 80' lang='lat' dir='ltr'><strong>tota</strong></span> <span class='ocrx_word' id='word_1_202' title='bbox 3553 1164 3663 1229; x_wconf 78' lang='lat' dir='ltr'><strong>die,</strong></span> 
     </span>
    </p>
   </div>
   <div class='ocr_carea' id='block_1_29' title="bbox 2087 1252 3669 1307">
    <p class='ocr_par' dir='ltr' id='par_1_29' title="bbox 2087 1252 3669 1307">
     <span class='ocr_line' id='line_1_29' title="bbox 2087 1252 3669 1307; baseline -0.001 0"><span class='ocrx_word' id='word_1_203' title='bbox 2087 1252 2330 1307; x_wconf 63' lang='lat' dir='ltr'><strong>aestimati</strong></span> <span class='ocrx_word' id='word_1_204' title='bbox 2350 1268 2531 1306; x_wconf 84' lang='lat' dir='ltr'><strong>sumus</strong></span> <span class='ocrx_word' id='word_1_205' title='bbox 2553 1252 2689 1305; x_wconf 85' lang='lat' dir='ltr'><strong>sicut</strong></span> <span class='ocrx_word' id='word_1_206' title='bbox 2718 1267 2834 1305; x_wconf 81' lang='lat' dir='ltr'><strong>oves</strong></span> <span class='ocrx_word' id='word_1_207' title='bbox 2858 1252 3152 1305; x_wconf 72' lang='lat' dir='ltr'><strong>occisionis.</strong></span> <span class='ocrx_word' id='word_1_208' title='bbox 3178 1252 3245 1306; x_wconf 83' lang='lat' dir='ltr'><strong>Et</strong></span> <span class='ocrx_word' id='word_1_209' title='bbox 3269 1267 3394 1306; x_wconf 88' lang='lat' dir='ltr'><strong>cum</strong></span> <span class='ocrx_word' id='word_1_210' title='bbox 3417 1253 3539 1306; x_wconf 75' lang='lat' dir='ltr'><strong>bzcc</strong></span> <span class='ocrx_word' id='word_1_211' title='bbox 3562 1269 3669 1307; x_wconf 66' lang='lat' dir='ltr'><strong>om.</strong></span> 
     </span>
    </p>
   </div>
   <div class='ocr_carea' id='block_1_30' title="bbox 2086 1342 3672 1415">
    <p class='ocr_par' dir='ltr' id='par_1_30' title="bbox 2086 1342 3672 1415">
     <span class='ocr_line' id='line_1_30' title="bbox 2086 1342 3672 1415; baseline -0.001 -17"><span class='ocrx_word' id='word_1_212' title='bbox 2086 1342 2177 1399; x_wconf 88' lang='lat' dir='ltr'><strong>nia</strong></span> <span class='ocrx_word' id='word_1_213' title='bbox 2210 1344 2452 1398; x_wconf 84' lang='lat' dir='ltr'><strong>venerint</strong></span> <span class='ocrx_word' id='word_1_214' title='bbox 2485 1357 2650 1412; x_wconf 88' lang='lat' dir='ltr'><strong>super</strong></span> <span class='ocrx_word' id='word_1_215' title='bbox 2680 1357 2799 1407; x_wconf 87' lang='lat' dir='ltr'><strong>nos,</strong></span> <span class='ocrx_word' id='word_1_216' title='bbox 2829 1342 2982 1397; x_wconf 80' lang='lat' dir='ltr'><strong>obliti</strong></span> <span class='ocrx_word' id='word_1_217' title='bbox 3008 1357 3114 1396; x_wconf 88' lang='lat' dir='ltr'><strong>non</strong></span> <span class='ocrx_word' id='word_1_218' title='bbox 3138 1358 3326 1398; x_wconf 89' lang='lat' dir='ltr'><strong>sumus</strong></span> <span class='ocrx_word' id='word_1_219' title='bbox 3354 1353 3444 1407; x_wconf 90' lang='lat' dir='ltr'><strong>te,</strong></span> <span class='ocrx_word' id='word_1_220' title='bbox 3476 1354 3533 1399; x_wconf 87' lang='lat' dir='ltr'><strong>et</strong></span> <span class='ocrx_word' id='word_1_221' title='bbox 3577 1360 3672 1415; x_wconf 84' lang='lat' dir='ltr'><strong>per</strong></span> 
     </span>
    </p>
   </div>
   <div class='ocr_carea' id='block_1_31' title="bbox 2086 1434 3669 1508">
    <p class='ocr_par' dir='ltr' id='par_1_31' title="bbox 2086 1434 3669 1508">
     <span class='ocr_line' id='line_1_31' title="bbox 2086 1434 3669 1508; baseline 0.003 -19"><span class='ocrx_word' id='word_1_222' title='bbox 2086 1435 2527 1491; x_wconf 83' lang='lat' dir='ltr'><strong>observationem</strong></span> <span class='ocrx_word' id='word_1_223' title='bbox 2576 1434 2899 1489; x_wconf 63' lang='lat' dir='ltr'><strong>obedientia</strong></span> <span class='ocrx_word' id='word_1_224' title='bbox 2953 1435 3138 1504; x_wconf 87' lang='lat' dir='ltr'><strong>inique</strong></span> <span class='ocrx_word' id='word_1_225' title='bbox 3191 1451 3297 1490; x_wconf 90' lang='lat' dir='ltr'><strong>non</strong></span> <span class='ocrx_word' id='word_1_226' title='bbox 3351 1439 3574 1508; x_wconf 88' lang='lat' dir='ltr'><strong>egimus</strong></span> <span class='ocrx_word' id='word_1_227' title='bbox 3618 1438 3669 1493; x_wconf 90' lang='lat' dir='ltr'><strong>in</strong></span> 
     </span>
    </p>
   </div>
   <div class='ocr_carea' id='block_1_32' title="bbox 2088 1525 3668 1594">
    <p class='ocr_par' dir='ltr' id='par_1_32' title="bbox 2088 1525 3668 1594">
     <span class='ocr_line' id='line_1_32' title="bbox 2088 1525 3668 1594; baseline 0.003 -15"><span class='ocrx_word' id='word_1_228' title='bbox 2088 1530 2413 1583; x_wconf 86' lang='lat' dir='ltr'><strong>testamento</strong></span> <span class='ocrx_word' id='word_1_229' title='bbox 2435 1532 2557 1589; x_wconf 89' lang='lat' dir='ltr'><strong>tuo;</strong></span> <span class='ocrx_word' id='word_1_230' title='bbox 2582 1532 2639 1579; x_wconf 90' lang='lat' dir='ltr'><strong>et</strong></span> <span class='ocrx_word' id='word_1_231' title='bbox 2664 1539 2694 1578; x_wconf 90' lang='lat' dir='ltr'><strong>a</strong></span> <span class='ocrx_word' id='word_1_232' title='bbox 2722 1525 3134 1594; x_wconf 81' lang='lat' dir='ltr'><strong>perseverantia</strong></span> <span class='ocrx_word' id='word_1_233' title='bbox 3156 1526 3424 1581; x_wconf 87' lang='lat' dir='ltr'><strong>bonorum</strong></span> <span class='ocrx_word' id='word_1_234' title='bbox 3451 1538 3668 1584; x_wconf 88' lang='lat' dir='ltr'><strong>actuum</strong></span> 
     </span>
    </p>
   </div>
   <div class='ocr_carea' id='block_1_33' title="bbox 2087 1612 3674 1683">
    <p class='ocr_par' dir='ltr' id='par_1_33' title="bbox 2087 1612 3674 1683">
     <span class='ocr_line' id='line_1_33' title="bbox 2087 1612 3674 1683; baseline 0.004 -17"><span class='ocrx_word' id='word_1_235' title='bbox 2087 1612 2173 1666; x_wconf 90' lang='lat' dir='ltr'><strong>vel</strong></span> <span class='ocrx_word' id='word_1_236' title='bbox 2202 1612 2474 1669; x_wconf 86' lang='lat' dir='ltr'><strong>desiderio</strong></span> <span class='ocrx_word' id='word_1_237' title='bbox 2499 1613 2615 1683; x_wconf 86' lang='lat' dir='ltr'><strong>spei</strong></span> <span class='ocrx_word' id='word_1_238' title='bbox 2650 1612 2845 1669; x_wconf 68' lang='lat' dir='ltr'><strong>futurae</strong></span> <span class='ocrx_word' id='word_1_239' title='bbox 2870 1629 2977 1670; x_wconf 85' lang='lat' dir='ltr'><strong>non</strong></span> <span class='ocrx_word' id='word_1_240' title='bbox 3010 1617 3238 1671; x_wconf 88' lang='lat' dir='ltr'><strong>recessit</strong></span> <span class='ocrx_word' id='word_1_241' title='bbox 3272 1625 3425 1671; x_wconf 87' lang='lat' dir='ltr'><strong>retro</strong></span> <span class='ocrx_word' id='word_1_242' title='bbox 3451 1633 3551 1673; x_wconf 88' lang='lat' dir='ltr'><strong>cor</strong></span> <span class='ocrx_word' id='word_1_243' title='bbox 3580 1633 3674 1672; x_wconf 90' lang='lat' dir='ltr'><strong>no-</strong></span> 
     </span>
    </p>
   </div>
   <div class='ocr_carea' id='block_1_34' title="bbox 416 1704 3673 1781">
    <p class='ocr_par' dir='ltr' id='par_1_34' title="bbox 416 1704 3673 1781">
     <span class='ocr_line' id='line_1_34' title="bbox 416 1704 3673 1781; baseline -0.001 -13"><span class='ocrx_word' id='word_1_244' title='bbox 416 1713 711 1777; x_wconf 83' lang='lat' dir='ltr'><strong>reclaudat,</strong></span> <span class='ocrx_word' id='word_1_245' title='bbox 742 1710 1005 1766; x_wconf 78' lang='lat' dir='ltr'><strong>:cdilicata</strong></span> <span class='ocrx_word' id='word_1_246' title='bbox 1033 1724 1101 1765; x_wconf 79' lang='lat' dir='ltr'><strong>ex</strong></span> <span class='ocrx_word' id='word_1_247' title='bbox 1135 1710 1448 1779; x_wconf 76' lang='lat' dir='ltr'><strong>margaritis</strong></span> <span class='ocrx_word' id='word_1_248' title='bbox 1485 1717 1540 1765; x_wconf 87' lang='lat' dir='ltr'><strong>et</strong></span> <span class='ocrx_word' id='word_1_249' title='bbox 1573 1725 1706 1763; x_wconf 86' lang='lat' dir='ltr'><strong>auro</strong></span> <span class='ocrx_word' id='word_1_250' title='bbox 1730 1709 1813 1765; x_wconf 85' lang='lat' dir='ltr'><strong>vel</strong></span> <span class='ocrx_word' id='word_1_251' title='bbox 1843 1725 1991 1781; x_wconf 84' lang='lat' dir='ltr'><strong>gem-</strong></span> <span class='ocrx_word' id='word_1_252' title='bbox 2017 1704 2064 1762; x_wconf 89' lang='lat' dir='ltr'><strong>B</strong></span> <span class='ocrx_word' id='word_1_253' title='bbox 2091 1714 2262 1761; x_wconf 86' lang='lat' dir='ltr'><strong>strum</strong></span> <span class='ocrx_word' id='word_1_254' title='bbox 2293 1725 2306 1759; x_wconf 87' lang='lat'><strong>:</strong></span> <span class='ocrx_word' id='word_1_255' title='bbox 2336 1707 2464 1776; x_wconf 84' lang='lat' dir='ltr'><strong>quia</strong></span> <span class='ocrx_word' id='word_1_256' title='bbox 2494 1722 2600 1761; x_wconf 87' lang='lat' dir='ltr'><strong>non</strong></span> <span class='ocrx_word' id='word_1_257' title='bbox 2624 1707 3032 1764; x_wconf 77' lang='lat' dir='ltr'><strong>declinaverunt</strong></span> <span class='ocrx_word' id='word_1_258' title='bbox 3054 1710 3261 1764; x_wconf 65' lang='lat' dir='ltr'><strong>semitae</strong></span> <span class='ocrx_word' id='word_1_259' title='bbox 3288 1721 3497 1765; x_wconf 73' lang='lat' dir='ltr'><strong>nostrae</strong></span> <span class='ocrx_word' id='word_1_260' title='bbox 3519 1726 3550 1764; x_wconf 85' lang='lat' dir='ltr'><strong>a</strong></span> <span class='ocrx_word' id='word_1_261' title='bbox 3574 1710 3673 1766; x_wconf 88' lang='lat' dir='ltr'><strong>viis</strong></span> 
     </span>
    </p>
   </div>
   <div class='ocr_carea' id='block_1_35' title="bbox 413 1793 1986 1870">
    <p class='ocr_par' dir='ltr' id='par_1_35' title="bbox 413 1793 1986 1870">
     <span class='ocr_line' id='line_1_35' title="bbox 413 1793 1986 1870; baseline -0.003 -12"><span class='ocrx_word' id='word_1_262' title='bbox 413 1804 518 1859; x_wconf 86' lang='lat' dir='ltr'><strong>mis</strong></span> <span class='ocrx_word' id='word_1_263' title='bbox 545 1809 738 1859; x_wconf 88' lang='lat' dir='ltr'><strong>ornata</strong></span> <span class='ocrx_word' id='word_1_264' title='bbox 759 1793 868 1860; x_wconf 69' lang='lat' dir='ltr'><strong>nos</strong></span> <span class='ocrx_word' id='word_1_265' title='bbox 890 1799 1227 1854; x_wconf 82' lang='lat' dir='ltr'><strong>Hierusalem</strong></span> <span class='ocrx_word' id='word_1_266' title='bbox 1255 1807 1555 1870; x_wconf 71' lang='lat' dir='ltr'><strong>exspectat.</strong></span> <span class='ocrx_word' id='word_1_267' title='bbox 1585 1799 1641 1853; x_wconf 90' lang='lat' dir='ltr'><strong>Si</strong></span> <span class='ocrx_word' id='word_1_268' title='bbox 1681 1800 1986 1854; x_wconf 87' lang='lat' dir='ltr'><strong>obscuritas</strong></span> 
     </span>
    </p>
   </div>
   <div class='ocr_carea' id='block_1_36' title="bbox 413 1891 1991 1962">
    <p class='ocr_par' dir='ltr' id='par_1_36' title="bbox 413 1891 1991 1962">
     <span class='ocr_line' id='line_1_36' title="bbox 413 1891 1991 1962; baseline -0.004 -11"><span class='ocrx_word' id='word_1_269' title='bbox 413 1896 678 1951; x_wconf 75' lang='lat' dir='ltr'><strong>clausura:</strong></span> <span class='ocrx_word' id='word_1_270' title='bbox 703 1908 801 1949; x_wconf 90' lang='lat' dir='ltr'><strong>nos</strong></span> <span class='ocrx_word' id='word_1_271' title='bbox 829 1906 928 1962; x_wconf 81' lang='lat' dir='ltr'><strong>pro</strong></span> <span class='ocrx_word' id='word_1_272' title='bbox 958 1892 1071 1946; x_wconf 88' lang='lat' dir='ltr'><strong>Deo</strong></span> <span class='ocrx_word' id='word_1_273' title='bbox 1096 1891 1353 1953; x_wconf 82' lang='lat' dir='ltr'><strong>obcaecet,</strong></span> <span class='ocrx_word' id='word_1_274' title='bbox 1385 1891 1437 1944; x_wconf 91' lang='lat' dir='ltr'><strong>in</strong></span> <span class='ocrx_word' id='word_1_275' title='bbox 1471 1898 1749 1946; x_wconf 87' lang='lat' dir='ltr'><strong>momento</strong></span> <span class='ocrx_word' id='word_1_276' title='bbox 1774 1905 1872 1945; x_wconf 89' lang='lat' dir='ltr'><strong>nos</strong></span> <span class='ocrx_word' id='word_1_277' title='bbox 1892 1904 1991 1960; x_wconf 54' lang='lat' dir='ltr'><strong>po.</strong></span> 
     </span>
    </p>
   </div>
   <div class='ocr_carea' id='block_1_37' title="bbox 416 1980 1988 2053">
    <p class='ocr_par' dir='ltr' id='par_1_37' title="bbox 416 1980 1988 2053">
     <span class='ocr_line' id='line_1_37' title="bbox 416 1980 1988 2053; baseline -0.003 -13"><span class='ocrx_word' id='word_1_278' title='bbox 416 1985 542 2053; x_wconf 80' lang='lat' dir='ltr'><strong>terit</strong></span> <span class='ocrx_word' id='word_1_279' title='bbox 570 1986 897 2046; x_wconf 81' lang='lat' dir='ltr'><strong>obscurare;</strong></span> <span class='ocrx_word' id='word_1_280' title='bbox 922 1980 1016 2041; x_wconf 87' lang='lat' dir='ltr'><strong>sed</strong></span> <span class='ocrx_word' id='word_1_281' title='bbox 1062 1996 1158 2051; x_wconf 79' lang='lat' dir='ltr'><strong>pro</strong></span> <span class='ocrx_word' id='word_1_282' title='bbox 1206 1982 1306 2036; x_wconf 84' lang='lat' dir='ltr'><strong>hac</strong></span> <span class='ocrx_word' id='word_1_283' title='bbox 1332 1981 1418 2036; x_wconf 88' lang='lat' dir='ltr'><strong>illa</strong></span> <span class='ocrx_word' id='word_1_284' title='bbox 1455 1997 1555 2036; x_wconf 88' lang='lat' dir='ltr'><strong>nos</strong></span> <span class='ocrx_word' id='word_1_285' title='bbox 1578 1982 1667 2035; x_wconf 84' lang='lat' dir='ltr'><strong>lux</strong></span> <span class='ocrx_word' id='word_1_286' title='bbox 1700 1982 1753 2036; x_wconf 87' lang='lat' dir='ltr'><strong>in</strong></span> <span class='ocrx_word' id='word_1_287' title='bbox 1788 1991 1988 2037; x_wconf 72' lang='lat' dir='ltr'><strong>a3terna</strong></span> 
     </span>
    </p>
   </div>
   <div class='ocr_carea' id='block_1_38' title="bbox 415 2071 1989 2151">
    <p class='ocr_par' dir='ltr' id='par_1_38' title="bbox 415 2071 1989 2151">
     <span class='ocr_line' id='line_1_38' title="bbox 415 2071 1989 2151; baseline 0 -23"><span class='ocrx_word' id='word_1_288' title='bbox 415 2076 525 2144; x_wconf 74' lang='lat' dir='ltr'><strong>vita</strong></span> <span class='ocrx_word' id='word_1_289' title='bbox 548 2073 829 2151; x_wconf 68' lang='lat' dir='ltr'><strong>suscipiet,</strong></span> <span class='ocrx_word' id='word_1_290' title='bbox 849 2086 971 2140; x_wconf 71' lang='lat' dir='ltr'><strong>qua:</strong></span> <span class='ocrx_word' id='word_1_291' title='bbox 991 2086 1099 2129; x_wconf 87' lang='lat' dir='ltr'><strong>non</strong></span> <span class='ocrx_word' id='word_1_292' title='bbox 1134 2071 1264 2125; x_wconf 84' lang='lat' dir='ltr'><strong>solis</strong></span> <span class='ocrx_word' id='word_1_293' title='bbox 1298 2072 1533 2126; x_wconf 89' lang='lat' dir='ltr'><strong>candore</strong></span> <span class='ocrx_word' id='word_1_294' title='bbox 1558 2072 1643 2126; x_wconf 88' lang='lat' dir='ltr'><strong>vel</strong></span> <span class='ocrx_word' id='word_1_295' title='bbox 1679 2072 1818 2128; x_wconf 69' lang='lat' dir='ltr'><strong>lunae</strong></span> <span class='ocrx_word' id='word_1_296' title='bbox 1837 2113 1852 2139; x_wconf 96' lang='lat'><strong>,</strong></span> <span class='ocrx_word' id='word_1_297' title='bbox 1882 2089 1989 2128; x_wconf 90' lang='lat' dir='ltr'><strong>non</strong></span> 
     </span>
    </p>
   </div>
   <div class='ocr_carea' id='block_1_39' title="bbox 413 2161 1991 2233">
    <p class='ocr_par' dir='ltr' id='par_1_39' title="bbox 413 2161 1991 2233">
     <span class='ocr_line' id='line_1_39' title="bbox 413 2161 1991 2233; baseline -0.001 -13"><span class='ocrx_word' id='word_1_298' title='bbox 413 2165 690 2220; x_wconf 85' lang='lat' dir='ltr'><strong>stellarum</strong></span> <span class='ocrx_word' id='word_1_299' title='bbox 719 2162 872 2227; x_wconf 72' lang='lat' dir='ltr'><strong>cwli,</strong></span> <span class='ocrx_word' id='word_1_300' title='bbox 906 2162 999 2216; x_wconf 88' lang='lat' dir='ltr'><strong>sed</strong></span> <span class='ocrx_word' id='word_1_301' title='bbox 1042 2161 1213 2231; x_wconf 88' lang='lat' dir='ltr'><strong>ipsius</strong></span> <span class='ocrx_word' id='word_1_302' title='bbox 1261 2161 1357 2215; x_wconf 88' lang='lat' dir='ltr'><strong>Dei</strong></span> <span class='ocrx_word' id='word_1_303' title='bbox 1404 2170 1665 2233; x_wconf 86' lang='lat' dir='ltr'><strong>perpetua</strong></span> <span class='ocrx_word' id='word_1_304' title='bbox 1709 2162 1991 2231; x_wconf 85' lang='lat' dir='ltr'><strong>majestate</strong></span> 
     </span>
    </p>
   </div>
   <div class='ocr_carea' id='block_1_40' title="bbox 414 2251 1988 2321">
    <p class='ocr_par' dir='ltr' id='par_1_40' title="bbox 414 2251 1988 2321">
     <span class='ocr_line' id='line_1_40' title="bbox 414 2251 1988 2321; baseline -0.001 -13"><span class='ocrx_word' id='word_1_305' title='bbox 414 2253 634 2310; x_wconf 86' lang='lat' dir='ltr'><strong>lucebit.</strong></span> <span class='ocrx_word' id='word_1_306' title='bbox 665 2251 723 2307; x_wconf 92' lang='lat' dir='ltr'><strong>Si</strong></span> <span class='ocrx_word' id='word_1_307' title='bbox 756 2261 901 2314; x_wconf 75' lang='lat' dir='ltr'><strong>terra</strong></span> <span class='ocrx_word' id='word_1_308' title='bbox 932 2252 1036 2321; x_wconf 79' lang='lat' dir='ltr'><strong>ista</strong></span> <span class='ocrx_word' id='word_1_309' title='bbox 1062 2291 1078 2315; x_wconf 85' lang='lat'><strong>,</strong></span> <span class='ocrx_word' id='word_1_310' title='bbox 1109 2265 1270 2319; x_wconf 85' lang='lat' dir='ltr'><strong>quam</strong></span> <span class='ocrx_word' id='word_1_311' title='bbox 1313 2252 1368 2306; x_wconf 88' lang='lat' dir='ltr'><strong>in</strong></span> <span class='ocrx_word' id='word_1_312' title='bbox 1412 2251 1515 2306; x_wconf 88' lang='lat' dir='ltr'><strong>hac</strong></span> <span class='ocrx_word' id='word_1_313' title='bbox 1541 2253 1650 2306; x_wconf 81' lang='lat' dir='ltr'><strong>vita</strong></span> <span class='ocrx_word' id='word_1_314' title='bbox 1685 2252 1988 2318; x_wconf 88' lang='lat' dir='ltr'><strong>calcamus,</strong></span> 
     </span>
    </p>
   </div>
   <div class='ocr_carea' id='block_1_41' title="bbox 416 2341 1993 2414">
    <p class='ocr_par' dir='ltr' id='par_1_41' title="bbox 416 2341 1993 2414">
     <span class='ocr_line' id='line_1_41' title="bbox 416 2341 1993 2414; baseline -0.003 -13"><span class='ocrx_word' id='word_1_315' title='bbox 416 2343 699 2401; x_wconf 85' lang='lat' dir='ltr'><strong>moriendo</strong></span> <span class='ocrx_word' id='word_1_316' title='bbox 716 2358 821 2414; x_wconf 81' lang='lat' dir='ltr'><strong>pro</strong></span> <span class='ocrx_word' id='word_1_317' title='bbox 844 2343 957 2403; x_wconf 75' lang='lat' dir='ltr'><strong>Deo</strong></span> <span class='ocrx_word' id='word_1_318' title='bbox 990 2341 1353 2399; x_wconf 84' lang='lat' dir='ltr'><strong>meruerimus</strong></span> <span class='ocrx_word' id='word_1_319' title='bbox 1383 2343 1710 2407; x_wconf 88' lang='lat' dir='ltr'><strong>abscedere,</strong></span> <span class='ocrx_word' id='word_1_320' title='bbox 1739 2359 1866 2399; x_wconf 82' lang='lat' dir='ltr'><strong>mox</strong></span> <span class='ocrx_word' id='word_1_321' title='bbox 1902 2359 1993 2399; x_wconf 85' lang='lat' dir='ltr'><strong>su-</strong></span> 
     </span>
    </p>
   </div>
   <div class='ocr_carea' id='block_1_42' title="bbox 416 2432 1990 2509">
    <p class='ocr_par' dir='ltr' id='par_1_42' title="bbox 416 2432 1990 2509">
     <span class='ocr_line' id='line_1_42' title="bbox 416 2432 1990 2509; baseline 0.001 -20"><span class='ocrx_word' id='word_1_322' title='bbox 416 2447 514 2509; x_wconf 76' lang='lat' dir='ltr'><strong>per</strong></span> <span class='ocrx_word' id='word_1_323' title='bbox 557 2433 707 2501; x_wconf 80' lang='lat' dir='ltr'><strong>illam</strong></span> <span class='ocrx_word' id='word_1_324' title='bbox 757 2441 959 2495; x_wconf 79' lang='lat' dir='ltr'><strong>terram</strong></span> <span class='ocrx_word' id='word_1_325' title='bbox 1005 2432 1283 2490; x_wconf 85' lang='lat' dir='ltr'><strong>ambulare</strong></span> <span class='ocrx_word' id='word_1_326' title='bbox 1328 2444 1592 2504; x_wconf 88' lang='lat' dir='ltr'><strong>perpetuo</strong></span> <span class='ocrx_word' id='word_1_327' title='bbox 1643 2434 1990 2505; x_wconf 79' lang='lat' dir='ltr'><strong>deputamur,</strong></span> 
     </span>
    </p>
   </div>
   <div class='ocr_carea' id='block_1_43' title="bbox 413 2522 1993 2595">
    <p class='ocr_par' dir='ltr' id='par_1_43' title="bbox 413 2522 1993 2595">
     <span class='ocr_line' id='line_1_43' title="bbox 413 2522 1993 2595; baseline 0.002 -18"><span class='ocrx_word' id='word_1_328' title='bbox 413 2539 534 2595; x_wconf 69' lang='lat' dir='ltr'><strong>quae</strong></span> <span class='ocrx_word' id='word_1_329' title='bbox 561 2524 762 2593; x_wconf 84' lang='lat' dir='ltr'><strong>septies</strong></span> <span class='ocrx_word' id='word_1_330' title='bbox 791 2532 1019 2593; x_wconf 64' lang='lat' dir='ltr'><strong>argento</strong></span> <span class='ocrx_word' id='word_1_331' title='bbox 1049 2522 1297 2578; x_wconf 87' lang='lat' dir='ltr'><strong>lucidior.</strong></span> <span class='ocrx_word' id='word_1_332' title='bbox 1331 2522 1388 2577; x_wconf 88' lang='lat' dir='ltr'><strong>Si</strong></span> <span class='ocrx_word' id='word_1_333' title='bbox 1418 2540 1547 2579; x_wconf 88' lang='lat' dir='ltr'><strong>vero</strong></span> <span class='ocrx_word' id='word_1_334' title='bbox 1583 2539 1704 2593; x_wconf 72' lang='lat' dir='ltr'><strong>qua:</strong></span> <span class='ocrx_word' id='word_1_335' title='bbox 1735 2534 1993 2595; x_wconf 88' lang='lat' dir='ltr'><strong>putantur</strong></span> 
     </span>
    </p>
   </div>
   <div class='ocr_carea' id='block_1_44' title="bbox 417 2613 1995 2687">
    <p class='ocr_par' dir='ltr' id='par_1_44' title="bbox 417 2613 1995 2687">
     <span class='ocr_line' id='line_1_44' title="bbox 417 2613 1995 2687; baseline 0.003 -19"><span class='ocrx_word' id='word_1_336' title='bbox 417 2615 580 2687; x_wconf 56' lang='lat' dir='ltr'><strong>iusius</strong></span> <span class='ocrx_word' id='word_1_337' title='bbox 606 2613 787 2681; x_wconf 63' lang='lat' dir='ltr'><strong>Samnii</strong></span> <span class='ocrx_word' id='word_1_338' title='bbox 817 2628 939 2675; x_wconf 82' lang='lat' dir='ltr'><strong>esse</strong></span> <span class='ocrx_word' id='word_1_339' title='bbox 963 2613 1189 2676; x_wconf 62' lang='lat' dir='ltr'><strong>deliciae,</strong></span> <span class='ocrx_word' id='word_1_340' title='bbox 1209 2629 1332 2683; x_wconf 72' lang='lat' dir='ltr'><strong>qua:</strong></span> <span class='ocrx_word' id='word_1_341' title='bbox 1348 2615 1635 2684; x_wconf 87' lang='lat' dir='ltr'><strong>inquinant</strong></span> <span class='ocrx_word' id='word_1_342' title='bbox 1657 2618 1841 2686; x_wconf 86' lang='lat' dir='ltr'><strong>potius</strong></span> <span class='ocrx_word' id='word_1_343' title='bbox 1861 2628 1884 2657; x_wconf 76' lang='grc' dir='ltr'><strong>ο</strong></span> <span class='ocrx_word' id='word_1_344' title='bbox 1911 2619 1995 2672; x_wconf 90' lang='lat' dir='ltr'><strong>in-</strong></span> 
     </span>
    </p>
   </div>
   <div class='ocr_carea' id='block_1_45' title="bbox 416 2705 1996 2777">
    <p class='ocr_par' dir='ltr' id='par_1_45' title="bbox 416 2705 1996 2777">
     <span class='ocr_line' id='line_1_45' title="bbox 416 2705 1996 2777; baseline 0.002 -15"><span class='ocrx_word' id='word_1_345' title='bbox 416 2714 634 2773; x_wconf 77' lang='lat' dir='ltr'><strong>teranea</strong></span> <span class='ocrx_word' id='word_1_346' title='bbox 661 2714 846 2773; x_wconf 80' lang='lat' dir='ltr'><strong>nostra</strong></span> <span class='ocrx_word' id='word_1_347' title='bbox 874 2720 1039 2777; x_wconf 79' lang='lat' dir='ltr'><strong>quam</strong></span> <span class='ocrx_word' id='word_1_348' title='bbox 1068 2705 1340 2770; x_wconf 80' lang='lat' dir='ltr'><strong>reﬁciunt,</strong></span> <span class='ocrx_word' id='word_1_349' title='bbox 1366 2722 1465 2777; x_wconf 89' lang='lat' dir='ltr'><strong>pro</strong></span> <span class='ocrx_word' id='word_1_350' title='bbox 1492 2708 1602 2762; x_wconf 83' lang='lat' dir='ltr'><strong>Deo</strong></span> <span class='ocrx_word' id='word_1_351' title='bbox 1642 2723 1706 2763; x_wconf 88' lang='lat' dir='ltr'><strong>ea</strong></span> <span class='ocrx_word' id='word_1_352' title='bbox 1749 2718 1996 2765; x_wconf 81' lang='lat' dir='ltr'><strong>contem-</strong></span> 
     </span>
    </p>
   </div>
   <div class='ocr_carea' id='block_1_46' title="bbox 414 2796 1993 2869">
    <p class='ocr_par' dir='ltr' id='par_1_46' title="bbox 414 2796 1993 2869">
     <span class='ocr_line' id='line_1_46' title="bbox 414 2796 1993 2869; baseline -0.006 -1"><span class='ocrx_word' id='word_1_353' title='bbox 414 2799 699 2869; x_wconf 58' lang='grc' dir='ltr'><strong>νωῆωυδ,</strong></span> <span class='ocrx_word' id='word_1_354' title='bbox 730 2798 801 2859; x_wconf 84' lang='lat' dir='ltr'><strong>ad</strong></span> <span class='ocrx_word' id='word_1_355' title='bbox 829 2797 915 2857; x_wconf 66' lang='lat' dir='ltr'><strong>illa</strong></span> <span class='ocrx_word' id='word_1_356' title='bbox 944 2797 1129 2854; x_wconf 84' lang='lat' dir='ltr'><strong>statim</strong></span> <span class='ocrx_word' id='word_1_357' title='bbox 1158 2796 1379 2853; x_wconf 78' lang='lat' dir='ltr'><strong>ﬂumina</strong></span> <span class='ocrx_word' id='word_1_358' title='bbox 1407 2800 1461 2853; x_wconf 90' lang='lat' dir='ltr'><strong>in</strong></span> <span class='ocrx_word' id='word_1_359' title='bbox 1480 2810 1741 2855; x_wconf 65' lang='lat' dir='ltr'><strong>aeternum</strong></span> <span class='ocrx_word' id='word_1_360' title='bbox 1770 2818 1993 2859; x_wconf 86' lang='lat' dir='ltr'><strong>curren-</strong></span> 
     </span>
    </p>
   </div>
   <div class='ocr_carea' id='block_1_47' title="bbox 416 2887 1988 2958">
    <p class='ocr_par' dir='ltr' id='par_1_47' title="bbox 416 2887 1988 2958">
     <span class='ocr_line' id='line_1_47' title="bbox 416 2887 1988 2958; baseline 0.004 -17"><span class='ocrx_word' id='word_1_361' title='bbox 416 2887 489 2943; x_wconf 85' lang='lat' dir='ltr'><strong>tia</strong></span> <span class='ocrx_word' id='word_1_362' title='bbox 519 2895 778 2957; x_wconf 70' lang='grc' dir='ltr'>ροτρειιιο</span> <span class='ocrx_word' id='word_1_363' title='bbox 812 2887 1154 2956; x_wconf 77' lang='lat' dir='ltr'><strong>deputamur,</strong></span> <span class='ocrx_word' id='word_1_364' title='bbox 1181 2903 1305 2956; x_wconf 67' lang='lat' dir='ltr'><strong>quae</strong></span> <span class='ocrx_word' id='word_1_365' title='bbox 1330 2896 1455 2944; x_wconf 87' lang='lat' dir='ltr'><strong>sunt</strong></span> <span class='ocrx_word' id='word_1_366' title='bbox 1491 2890 1688 2954; x_wconf 81' lang='lat' dir='ltr'><strong>mellis,</strong></span> <span class='ocrx_word' id='word_1_367' title='bbox 1718 2901 1774 2946; x_wconf 87' lang='lat' dir='ltr'><strong>et</strong></span> <span class='ocrx_word' id='word_1_368' title='bbox 1800 2892 1988 2958; x_wconf 89' lang='lat' dir='ltr'><strong>lactis,</strong></span> 
     </span>
    </p>
   </div>
   <div class='ocr_carea' id='block_1_48' title="bbox 414 2974 1992 3045">
    <p class='ocr_par' dir='ltr' id='par_1_48' title="bbox 414 2974 1992 3045">
     <span class='ocr_line' id='line_1_48' title="bbox 414 2974 1992 3045; baseline 0.002 -12"><span class='ocrx_word' id='word_1_369' title='bbox 414 2976 525 3043; x_wconf 87' lang='lat' dir='ltr'><strong>vini</strong></span> <span class='ocrx_word' id='word_1_370' title='bbox 553 2986 611 3031; x_wconf 90' lang='lat' dir='ltr'><strong>et</strong></span> <span class='ocrx_word' id='word_1_371' title='bbox 639 2976 746 3038; x_wconf 83' lang='lat' dir='ltr'><strong>olei</strong></span> <span class='ocrx_word' id='word_1_372' title='bbox 773 2974 1106 3033; x_wconf 84' lang='lat' dir='ltr'><strong>abundantia</strong></span> <span class='ocrx_word' id='word_1_373' title='bbox 1145 2976 1334 3045; x_wconf 88' lang='lat' dir='ltr'><strong>plena;</strong></span> <span class='ocrx_word' id='word_1_374' title='bbox 1372 2979 1531 3034; x_wconf 87' lang='lat' dir='ltr'><strong>simul</strong></span> <span class='ocrx_word' id='word_1_375' title='bbox 1558 2988 1614 3035; x_wconf 89' lang='lat' dir='ltr'><strong>et</strong></span> <span class='ocrx_word' id='word_1_376' title='bbox 1638 2980 1850 3035; x_wconf 84' lang='lat' dir='ltr'><strong>illarum</strong></span> <span class='ocrx_word' id='word_1_377' title='bbox 1881 2981 1992 3036; x_wconf 79' lang='lat' dir='ltr'><strong>fru-</strong></span> 
     </span>
    </p>
   </div>
   <div class='ocr_carea' id='block_1_49' title="bbox 415 3045 2066 3133">
    <p class='ocr_par' dir='ltr' id='par_1_49' title="bbox 415 3045 2066 3133">
     <span class='ocr_line' id='line_1_49' title="bbox 415 3045 2066 3133; baseline 0.002 -12"><span class='ocrx_word' id='word_1_378' title='bbox 415 3074 534 3133; x_wconf 85' lang='lat' dir='ltr'><strong>etus</strong></span> <span class='ocrx_word' id='word_1_379' title='bbox 560 3066 815 3129; x_wconf 84' lang='lat' dir='ltr'><strong>arborum</strong></span> <span class='ocrx_word' id='word_1_380' title='bbox 842 3065 1094 3124; x_wconf 82' lang='lat' dir='ltr'><strong>varioset</strong></span> <span class='ocrx_word' id='word_1_381' title='bbox 1120 3065 1368 3122; x_wconf 85' lang='lat' dir='ltr'><strong>diversos</strong></span> <span class='ocrx_word' id='word_1_382' title='bbox 1383 3066 1676 3131; x_wconf 72' lang='lat' dir='ltr'><strong>duodecies</strong></span> <span class='ocrx_word' id='word_1_383' title='bbox 1706 3070 1757 3126; x_wconf 92' lang='lat' dir='ltr'><strong>in</strong></span> <span class='ocrx_word' id='word_1_384' title='bbox 1776 3086 1993 3125; x_wconf 82' lang='lat' dir='ltr'><strong>annum</strong></span> <span class='ocrx_word' id='word_1_385' title='bbox 2021 3045 2066 3107; x_wconf 63' lang='grc' dir='ltr'><strong>δ</strong></span> 
     </span>
    </p>
   </div>
   <div class='ocr_carea' id='block_1_50' title="bbox 416 3156 1995 3223">
    <p class='ocr_par' dir='ltr' id='par_1_50' title="bbox 416 3156 1995 3223">
     <span class='ocr_line' id='line_1_50' title="bbox 416 3156 1995 3223; baseline 0.004 -12"><span class='ocrx_word' id='word_1_386' title='bbox 416 3165 704 3215; x_wconf 87' lang='lat' dir='ltr'><strong>nascentes</strong></span> <span class='ocrx_word' id='word_1_387' title='bbox 729 3170 834 3213; x_wconf 88' lang='lat' dir='ltr'><strong>non</strong></span> <span class='ocrx_word' id='word_1_388' title='bbox 865 3156 1078 3212; x_wconf 89' lang='lat' dir='ltr'><strong>cultura</strong></span> <span class='ocrx_word' id='word_1_389' title='bbox 1105 3158 1359 3223; x_wconf 82' lang='lat' dir='ltr'><strong>hominis,</strong></span> <span class='ocrx_word' id='word_1_390' title='bbox 1387 3160 1485 3213; x_wconf 87' lang='lat' dir='ltr'><strong>sed</strong></span> <span class='ocrx_word' id='word_1_391' title='bbox 1504 3160 1835 3217; x_wconf 83' lang='lat' dir='ltr'><strong>abundantia</strong></span> <span class='ocrx_word' id='word_1_392' title='bbox 1871 3163 1995 3218; x_wconf 88' lang='lat' dir='ltr'><strong>Dei-</strong></span> 
     </span>
    </p>
   </div>
   <div class='ocr_carea' id='block_1_51' title="bbox 417 3245 1994 3323">
    <p class='ocr_par' dir='ltr' id='par_1_51' title="bbox 417 3245 1994 3323">
     <span class='ocr_line' id='line_1_51' title="bbox 417 3245 1994 3323; baseline 0.003 -21"><span class='ocrx_word' id='word_1_393' title='bbox 417 3248 578 3313; x_wconf 85' lang='lat' dir='ltr'><strong>tatis;</strong></span> <span class='ocrx_word' id='word_1_394' title='bbox 610 3248 703 3323; x_wconf 81' lang='lat' dir='ltr'><strong>qui</strong></span> <span class='ocrx_word' id='word_1_395' title='bbox 749 3261 857 3303; x_wconf 89' lang='lat' dir='ltr'><strong>non</strong></span> <span class='ocrx_word' id='word_1_396' title='bbox 903 3245 1046 3305; x_wconf 67' lang='lat' dir='ltr'><strong>{auio</strong></span> <span class='ocrx_word' id='word_1_397' title='bbox 1095 3247 1368 3302; x_wconf 85' lang='lat' dir='ltr'><strong>delectant</strong></span> <span class='ocrx_word' id='word_1_398' title='bbox 1404 3250 1472 3304; x_wconf 87' lang='lat' dir='ltr'><strong>ad</strong></span> <span class='ocrx_word' id='word_1_399' title='bbox 1516 3252 1868 3319; x_wconf 86' lang='lat' dir='ltr'><strong>vescendum,</strong></span> <span class='ocrx_word' id='word_1_400' title='bbox 1910 3252 1994 3307; x_wconf 90' lang='lat' dir='ltr'><strong>vel</strong></span> 
     </span>
    </p>
   </div>
   <div class='ocr_carea' id='block_1_52' title="bbox 414 3336 1991 3412">
    <p class='ocr_par' dir='ltr' id='par_1_52' title="bbox 414 3336 1991 3412">
     <span class='ocr_line' id='line_1_52' title="bbox 414 3336 1991 3412; baseline 0.001 -17"><span class='ocrx_word' id='word_1_401' title='bbox 414 3338 595 3395; x_wconf 78' lang='lat' dir='ltr'><strong>esurio</strong></span> <span class='ocrx_word' id='word_1_402' title='bbox 620 3345 950 3407; x_wconf 85' lang='lat' dir='ltr'><strong>appetuntur</strong></span> <span class='ocrx_word' id='word_1_403' title='bbox 977 3336 1043 3397; x_wconf 84' lang='lat' dir='ltr'><strong>ad</strong></span> <span class='ocrx_word' id='word_1_404' title='bbox 1073 3336 1538 3405; x_wconf 86' lang='lat' dir='ltr'><strong>manducandum;</strong></span> <span class='ocrx_word' id='word_1_405' title='bbox 1572 3341 1668 3395; x_wconf 91' lang='lat' dir='ltr'><strong>sed</strong></span> <span class='ocrx_word' id='word_1_406' title='bbox 1707 3351 1991 3412; x_wconf 84' lang='lat' dir='ltr'><strong>postquam</strong></span> 
     </span>
    </p>
   </div>
   <div class='ocr_carea' id='block_1_53' title="bbox 412 3426 1994 3504">
    <p class='ocr_par' dir='ltr' id='par_1_53' title="bbox 412 3426 1994 3504">
     <span class='ocr_line' id='line_1_53' title="bbox 412 3426 1994 3504; baseline 0.004 -22"><span class='ocrx_word' id='word_1_407' title='bbox 412 3427 553 3484; x_wconf 87' lang='lat' dir='ltr'><strong>oculi</strong></span> <span class='ocrx_word' id='word_1_408' title='bbox 587 3434 901 3487; x_wconf 84' lang='lat' dir='ltr'><strong>sanctorum</strong></span> <span class='ocrx_word' id='word_1_409' title='bbox 929 3426 1045 3496; x_wconf 78' lang='lat' dir='ltr'><strong>ipso</strong></span> <span class='ocrx_word' id='word_1_410' title='bbox 1081 3426 1201 3483; x_wconf 88' lang='lat' dir='ltr'><strong>visu</strong></span> <span class='ocrx_word' id='word_1_411' title='bbox 1242 3426 1441 3495; x_wconf 80' lang='lat' dir='ltr'><strong>fuerint</strong></span> <span class='ocrx_word' id='word_1_412' title='bbox 1467 3432 1737 3501; x_wconf 86' lang='lat' dir='ltr'><strong>saginati,</strong></span> <span class='ocrx_word' id='word_1_413' title='bbox 1770 3434 1994 3504; x_wconf 67' lang='lat' dir='ltr'><strong>insuper</strong></span> 
     </span>
    </p>
   </div>
   <div class='ocr_carea' id='block_1_54' title="bbox 416 3517 1990 3589">
    <p class='ocr_par' dir='ltr' id='par_1_54' title="bbox 416 3517 1990 3589">
     <span class='ocr_line' id='line_1_54' title="bbox 416 3517 1990 3589; baseline 0.003 -16"><span class='ocrx_word' id='word_1_414' title='bbox 416 3518 522 3575; x_wconf 87' lang='lat' dir='ltr'><strong>hoc</strong></span> <span class='ocrx_word' id='word_1_415' title='bbox 552 3517 847 3589; x_wconf 69' lang='lat' dir='ltr'><strong>unicuique</strong></span> <span class='ocrx_word' id='word_1_416' title='bbox 888 3517 1029 3586; x_wconf 81' lang='lat' dir='ltr'><strong>sapit</strong></span> <span class='ocrx_word' id='word_1_417' title='bbox 1058 3517 1114 3573; x_wconf 88' lang='lat' dir='ltr'><strong>in</strong></span> <span class='ocrx_word' id='word_1_418' title='bbox 1141 3532 1241 3573; x_wconf 90' lang='lat' dir='ltr'><strong>ore</strong></span> <span class='ocrx_word' id='word_1_419' title='bbox 1275 3518 1419 3589; x_wconf 83' lang='lat' dir='ltr'><strong>quod</strong></span> <span class='ocrx_word' id='word_1_420' title='bbox 1467 3520 1631 3575; x_wconf 78' lang='lat' dir='ltr'><strong>fuerit</strong></span> <span class='ocrx_word' id='word_1_421' title='bbox 1672 3523 1990 3579; x_wconf 86' lang='lat' dir='ltr'><strong>delectatus.</strong></span> 
     </span>
    </p>
   </div>
   <div class='ocr_carea' id='block_1_55' title="bbox 414 3608 1991 3688">
    <p class='ocr_par' dir='ltr' id='par_1_55' title="bbox 414 3608 1991 3688">
     <span class='ocr_line' id='line_1_55' title="bbox 414 3608 1991 3688; baseline 0.002 -21"><span class='ocrx_word' id='word_1_422' title='bbox 414 3611 561 3681; x_wconf 84' lang='lat' dir='ltr'><strong>Ergo</strong></span> <span class='ocrx_word' id='word_1_423' title='bbox 582 3610 743 3688; x_wconf 82' lang='lat' dir='ltr'><strong>digne</strong></span> <span class='ocrx_word' id='word_1_424' title='bbox 764 3608 831 3669; x_wconf 81' lang='lat' dir='ltr'><strong>ad</strong></span> <span class='ocrx_word' id='word_1_425' title='bbox 857 3624 1081 3680; x_wconf 86' lang='lat' dir='ltr'><strong>parvum</strong></span> <span class='ocrx_word' id='word_1_426' title='bbox 1112 3619 1328 3681; x_wconf 85' lang='lat' dir='ltr'><strong>tempus</strong></span> <span class='ocrx_word' id='word_1_427' title='bbox 1346 3610 1568 3680; x_wconf 83' lang='lat' dir='ltr'><strong>jejuniis</strong></span> <span class='ocrx_word' id='word_1_428' title='bbox 1587 3623 1643 3671; x_wconf 90' lang='lat' dir='ltr'><strong>et</strong></span> <span class='ocrx_word' id='word_1_429' title='bbox 1667 3616 1991 3671; x_wconf 89' lang='lat' dir='ltr'><strong>abstinentia</strong></span> 
     </span>
    </p>
   </div>
   <div class='ocr_carea' id='block_1_56' title="bbox 412 3701 1996 3781">
    <p class='ocr_par' dir='ltr' id='par_1_56' title="bbox 412 3701 1996 3781">
     <span class='ocr_line' id='line_1_56' title="bbox 412 3701 1996 3781; baseline 0.003 -25"><span class='ocrx_word' id='word_1_430' title='bbox 412 3717 514 3775; x_wconf 83' lang='lat' dir='ltr'><strong>pro</strong></span> <span class='ocrx_word' id='word_1_431' title='bbox 554 3701 783 3781; x_wconf 70' lang='lat' dir='ltr'><strong>Domino</strong></span> <span class='ocrx_word' id='word_1_432' title='bbox 828 3701 1154 3768; x_wconf 85' lang='lat' dir='ltr'><strong>cruciamur,</strong></span> <span class='ocrx_word' id='word_1_433' title='bbox 1208 3710 1269 3763; x_wconf 88' lang='lat' dir='ltr'><strong>ut</strong></span> <span class='ocrx_word' id='word_1_434' title='bbox 1317 3703 1372 3759; x_wconf 90' lang='lat' dir='ltr'><strong>in</strong></span> <span class='ocrx_word' id='word_1_435' title='bbox 1409 3705 1490 3771; x_wconf 83' lang='lat' dir='ltr'><strong>eis</strong></span> <span class='ocrx_word' id='word_1_436' title='bbox 1525 3721 1646 3776; x_wconf 64' lang='lat' dir='ltr'><strong>quae</strong></span> <span class='ocrx_word' id='word_1_437' title='bbox 1673 3708 1996 3778; x_wconf 70' lang='lat' dir='ltr'><strong>praeparavit</strong></span> 
     </span>
    </p>
   </div>
   <div class='ocr_carea' id='block_1_57' title="bbox 413 3792 1994 3871">
    <p class='ocr_par' dir='ltr' id='par_1_57' title="bbox 413 3792 1994 3871">
     <span class='ocr_line' id='line_1_57' title="bbox 413 3792 1994 3871; baseline 0.001 -20"><span class='ocrx_word' id='word_1_438' title='bbox 413 3793 575 3871; x_wconf 75' lang='lat' dir='ltr'><strong>bouis</strong></span> <span class='ocrx_word' id='word_1_439' title='bbox 597 3792 655 3848; x_wconf 90' lang='lat' dir='ltr'><strong>in</strong></span> <span class='ocrx_word' id='word_1_440' title='bbox 679 3799 1004 3867; x_wconf 80' lang='lat' dir='ltr'><strong>perpetuum</strong></span> <span class='ocrx_word' id='word_1_441' title='bbox 1033 3792 1298 3848; x_wconf 87' lang='lat' dir='ltr'><strong>satiemur</strong></span> <span class='ocrx_word' id='word_1_442' title='bbox 1328 3811 1342 3824; x_wconf 87' lang='grc'><strong>·</strong></span> <span class='ocrx_word' id='word_1_443' title='bbox 1375 3795 1733 3855; x_wconf 88' lang='lat' dir='ltr'><strong>obscuramur</strong></span> <span class='ocrx_word' id='word_1_444' title='bbox 1759 3812 1857 3866; x_wconf 88' lang='lat' dir='ltr'><strong>pro</strong></span> <span class='ocrx_word' id='word_1_445' title='bbox 1882 3796 1994 3853; x_wconf 87' lang='lat' dir='ltr'><strong>Deo</strong></span> 
     </span>
    </p>
   </div>
   <div class='ocr_carea' id='block_1_58' title="bbox 414 3884 1994 3958">
    <p class='ocr_par' dir='ltr' id='par_1_58' title="bbox 414 3884 1994 3958">
     <span class='ocr_line' id='line_1_58' title="bbox 414 3884 1994 3958; baseline 0.003 -18"><span class='ocrx_word' id='word_1_446' title='bbox 414 3903 445 3940; x_wconf 89' lang='lat' dir='ltr'><strong>a</strong></span> <span class='ocrx_word' id='word_1_447' title='bbox 477 3892 829 3956; x_wconf 72' lang='lat' dir='ltr'><strong>persecutore</strong></span> <span class='ocrx_word' id='word_1_448' title='bbox 867 3884 925 3943; x_wconf 85' lang='lat' dir='ltr'><strong>in</strong></span> <span class='ocrx_word' id='word_1_449' title='bbox 958 3899 1209 3949; x_wconf 78' lang='lat' dir='ltr'><strong>carcere,</strong></span> <span class='ocrx_word' id='word_1_450' title='bbox 1252 3892 1313 3939; x_wconf 91' lang='lat' dir='ltr'><strong>ut</strong></span> <span class='ocrx_word' id='word_1_451' title='bbox 1349 3886 1406 3941; x_wconf 90' lang='lat' dir='ltr'><strong>in</strong></span> <span class='ocrx_word' id='word_1_452' title='bbox 1447 3886 1538 3941; x_wconf 91' lang='lat' dir='ltr'><strong>illa</strong></span> <span class='ocrx_word' id='word_1_453' title='bbox 1582 3897 1841 3958; x_wconf 88' lang='lat' dir='ltr'><strong>perpetua</strong></span> <span class='ocrx_word' id='word_1_454' title='bbox 1872 3889 1994 3945; x_wconf 89' lang='lat' dir='ltr'><strong>luce</strong></span> 
     </span>
    </p>
   </div>
   <div class='ocr_carea' id='block_1_59' title="bbox 414 3976 1995 4053">
    <p class='ocr_par' dir='ltr' id='par_1_59' title="bbox 414 3976 1995 4053">
     <span class='ocr_line' id='line_1_59' title="bbox 414 3976 1995 4053; baseline 0.003 -21"><span class='ocrx_word' id='word_1_455' title='bbox 414 3976 738 4053; x_wconf 79' lang='lat' dir='ltr'><strong>fulgeamus,</strong></span> <span class='ocrx_word' id='word_1_456' title='bbox 768 3984 1025 4047; x_wconf 78' lang='lat' dir='ltr'><strong>tanquam</strong></span> <span class='ocrx_word' id='word_1_457' title='bbox 1056 3977 1304 4045; x_wconf 77' lang='lat' dir='ltr'><strong>scintillae</strong></span> <span class='ocrx_word' id='word_1_458' title='bbox 1341 3978 1396 4033; x_wconf 89' lang='lat' dir='ltr'><strong>in</strong></span> <span class='ocrx_word' id='word_1_459' title='bbox 1434 3980 1757 4038; x_wconf 86' lang='lat' dir='ltr'><strong>arundineto</strong></span> <span class='ocrx_word' id='word_1_460' title='bbox 1786 3981 1995 4037; x_wconf 88' lang='lat' dir='ltr'><strong>discur-</strong></span> 
     </span>
    </p>
   </div>
   <div class='ocr_carea' id='block_1_60' title="bbox 414 4050 1995 4143">
    <p class='ocr_par' dir='ltr' id='par_1_60' title="bbox 414 4050 1995 4143">
     <span class='ocr_line' id='line_1_60' title="bbox 414 4050 1995 4143; baseline 0.003 -22"><span class='ocrx_word' id='word_1_461' title='bbox 414 4050 657 4133; x_wconf 57' lang='lat' dir='ltr'><strong>rentesi</strong></span> <span class='ocrx_word' id='word_1_462' title='bbox 688 4075 921 4130; x_wconf 61' lang='lat' dir='ltr'><strong>mortem,</strong></span> <span class='ocrx_word' id='word_1_463' title='bbox 969 4076 1405 4143; x_wconf 84' lang='lat' dir='ltr'><strong>momentaneam</strong></span> <span class='ocrx_word' id='word_1_464' title='bbox 1450 4085 1551 4140; x_wconf 90' lang='lat' dir='ltr'><strong>pro</strong></span> <span class='ocrx_word' id='word_1_465' title='bbox 1599 4070 1710 4126; x_wconf 89' lang='lat' dir='ltr'><strong>Deo</strong></span> <span class='ocrx_word' id='word_1_466' title='bbox 1763 4070 1995 4128; x_wconf 85' lang='lat' dir='ltr'><strong>libenter</strong></span> 
     </span>
    </p>
   </div>
   <div class='ocr_carea' id='block_1_61' title="bbox 415 4154 1994 4232">
    <p class='ocr_par' dir='ltr' id='par_1_61' title="bbox 415 4154 1994 4232">
     <span class='ocr_line' id='line_1_61' title="bbox 415 4154 1994 4232; baseline 0.004 -22"><span class='ocrx_word' id='word_1_467' title='bbox 415 4155 737 4227; x_wconf 83' lang='lat' dir='ltr'><strong>appetimus,</strong></span> <span class='ocrx_word' id='word_1_468' title='bbox 760 4162 822 4208; x_wconf 91' lang='lat' dir='ltr'><strong>ut</strong></span> <span class='ocrx_word' id='word_1_469' title='bbox 848 4154 899 4208; x_wconf 91' lang='lat' dir='ltr'><strong>in</strong></span> <span class='ocrx_word' id='word_1_470' title='bbox 924 4163 1188 4211; x_wconf 65' lang='lat' dir='ltr'><strong>aiternum</strong></span> <span class='ocrx_word' id='word_1_471' title='bbox 1226 4172 1257 4210; x_wconf 91' lang='lat' dir='ltr'><strong>a</strong></span> <span class='ocrx_word' id='word_1_472' title='bbox 1293 4159 1552 4228; x_wconf 71' lang='lat' dir='ltr'><strong>gehennae</strong></span> <span class='ocrx_word' id='word_1_473' title='bbox 1593 4170 1770 4217; x_wconf 91' lang='lat' dir='ltr'><strong>morte</strong></span> <span class='ocrx_word' id='word_1_474' title='bbox 1805 4177 1994 4232; x_wconf 88' lang='lat' dir='ltr'><strong>perpe-</strong></span> 
     </span>
    </p>
   </div>
   <div class='ocr_carea' id='block_1_62' title="bbox 416 4242 1989 4322">
    <p class='ocr_par' dir='ltr' id='par_1_62' title="bbox 416 4242 1989 4322">
     <span class='ocr_line' id='line_1_62' title="bbox 416 4242 1989 4322; baseline 0.006 -25"><span class='ocrx_word' id='word_1_475' title='bbox 416 4253 505 4297; x_wconf 89' lang='lat' dir='ltr'><strong>tua</strong></span> <span class='ocrx_word' id='word_1_476' title='bbox 526 4242 839 4297; x_wconf 89' lang='lat' dir='ltr'><strong>liberemur.</strong></span> <span class='ocrx_word' id='word_1_477' title='bbox 866 4242 1147 4300; x_wconf 84' lang='lat' dir='ltr'><strong>Postremo</strong></span> <span class='ocrx_word' id='word_1_478' title='bbox 1169 4253 1222 4300; x_wconf 90' lang='lat' dir='ltr'><strong>et</strong></span> <span class='ocrx_word' id='word_1_479' title='bbox 1251 4246 1368 4302; x_wconf 88' lang='lat' dir='ltr'><strong>sine</strong></span> <span class='ocrx_word' id='word_1_480' title='bbox 1394 4251 1773 4316; x_wconf 88' lang='lat' dir='ltr'><strong>persecutione</strong></span> <span class='ocrx_word' id='word_1_481' title='bbox 1797 4252 1849 4305; x_wconf 90' lang='lat' dir='ltr'><strong>in</strong></span> <span class='ocrx_word' id='word_1_482' title='bbox 1875 4252 1989 4322; x_wconf 88' lang='lat' dir='ltr'><strong>ipsa</strong></span> 
     </span>
    </p>
   </div>
   <div class='ocr_carea' id='block_1_63' title="bbox 414 4333 1993 4420">
    <p class='ocr_par' dir='ltr' id='par_1_63' title="bbox 414 4333 1993 4420">
     <span class='ocr_line' id='line_1_63' title="bbox 414 4333 1993 4420; baseline 0.005 -31"><span class='ocrx_word' id='word_1_483' title='bbox 414 4333 827 4393; x_wconf 83' lang='lat' dir='ltr'><strong>cbristianitatis</strong></span> <span class='ocrx_word' id='word_1_484' title='bbox 857 4348 988 4402; x_wconf 88' lang='lat' dir='ltr'><strong>pace</strong></span> <span class='ocrx_word' id='word_1_485' title='bbox 1017 4333 1071 4388; x_wconf 92' lang='lat' dir='ltr'><strong>in</strong></span> <span class='ocrx_word' id='word_1_486' title='bbox 1102 4334 1285 4390; x_wconf 84' lang='lat' dir='ltr'><strong>schola</strong></span> <span class='ocrx_word' id='word_1_487' title='bbox 1314 4340 1624 4393; x_wconf 88' lang='lat' dir='ltr'><strong>monasterii</strong></span> <span class='ocrx_word' id='word_1_488' title='bbox 1656 4340 1777 4395; x_wconf 91' lang='lat' dir='ltr'><strong>ideo</strong></span> <span class='ocrx_word' id='word_1_489' title='bbox 1799 4342 1993 4420; x_wconf 71' lang='lat' dir='ltr'><strong>proba-</strong></span> 
     </span>
    </p>
   </div>
   <div class='ocr_carea' id='block_1_64' title="bbox 415 4483 1990 4556">
    <p class='ocr_par' dir='ltr' id='par_1_64' title="bbox 415 4483 1990 4556">
     <span class='ocr_line' id='line_1_64' title="bbox 415 4483 1990 4556; baseline 0.003 -15"><span class='ocrx_word' id='word_1_490' title='bbox 415 4483 789 4556; x_wconf 81' lang='lat' dir='ltr'><strong>imperabant,</strong></span> <span class='ocrx_word' id='word_1_491' title='bbox 824 4498 944 4556; x_wconf 53' lang='lat' dir='ltr'><strong>quae</strong></span> <span class='ocrx_word' id='word_1_492' title='bbox 983 4498 1170 4556; x_wconf 81' lang='lat' dir='ltr'><strong>eorum</strong></span> <span class='ocrx_word' id='word_1_493' title='bbox 1203 4486 1480 4556; x_wconf 10' lang='lat' dir='ltr'><strong>ivcilnntati</strong></span> <span class='ocrx_word' id='word_1_494' title='bbox 1533 4487 1806 4543; x_wconf 86' lang='lat' dir='ltr'><strong>adversari</strong></span> <span class='ocrx_word' id='word_1_495' title='bbox 1843 4490 1990 4545; x_wconf 87' lang='lat' dir='ltr'><strong>vide-</strong></span> 
     </span>
    </p>
   </div>
   <div class='ocr_carea' id='block_1_65' title="bbox 414 4553 1992 4618">
    <p class='ocr_par' dir='ltr' id='par_1_65' title="bbox 414 4553 1992 4618">
     <span class='ocr_line' id='line_1_65' title="bbox 414 4553 1992 4618; baseline 0.002 -8"><span class='ocrx_word' id='word_1_496' title='bbox 414 4553 566 4618; x_wconf 81' lang='lat' dir='ltr'><strong>bant,</strong></span> <span class='ocrx_word' id='word_1_497' title='bbox 605 4562 663 4607; x_wconf 86' lang='lat' dir='ltr'><strong>ut</strong></span> <span class='ocrx_word' id='word_1_498' title='bbox 690 4553 838 4608; x_wconf 77' lang='lat' dir='ltr'><strong>uetat</strong></span> <span class='ocrx_word' id='word_1_499' title='bbox 874 4553 1166 4608; x_wconf 75' lang='lat' dir='ltr'><strong>Cassianus</strong></span> <span class='ocrx_word' id='word_1_500' title='bbox 1201 4555 1291 4609; x_wconf 89' lang='lat' dir='ltr'><strong>lib.</strong></span> <span class='ocrx_word' id='word_1_501' title='bbox 1330 4571 1380 4609; x_wconf 79' lang='lat' dir='ltr'><strong>tv</strong></span> <span class='ocrx_word' id='word_1_502' title='bbox 1405 4558 1470 4610; x_wconf 88' lang='lat' dir='ltr'><strong>de</strong></span> <span class='ocrx_word' id='word_1_503' title='bbox 1500 4558 1767 4613; x_wconf 87' lang='lat' dir='ltr'><strong>lustitntis</strong></span> <span class='ocrx_word' id='word_1_504' title='bbox 1791 4575 1992 4613; x_wconf 83' lang='lat' dir='ltr'><strong>renun-</strong></span> 
     </span>
    </p>
   </div>
   <div class='ocr_carea' id='block_1_66' title="bbox 416 4620 1993 4692">
    <p class='ocr_par' dir='ltr' id='par_1_66' title="bbox 416 4620 1993 4692">
     <span class='ocr_line' id='line_1_66' title="bbox 416 4620 1993 4692; baseline 0.005 -15"><span class='ocrx_word' id='word_1_505' title='bbox 416 4625 690 4687; x_wconf 88' lang='lat' dir='ltr'><strong>tiantium,</strong></span> <span class='ocrx_word' id='word_1_506' title='bbox 720 4639 839 4692; x_wconf 84' lang='lat' dir='ltr'><strong>cap.</strong></span> <span class='ocrx_word' id='word_1_507' title='bbox 889 4625 942 4679; x_wconf 90' lang='lat'><strong>8.</strong></span> <span class='ocrx_word' id='word_1_508' title='bbox 985 4620 1151 4691; x_wconf 85' lang='lat' dir='ltr'><strong>Cujus</strong></span> <span class='ocrx_word' id='word_1_509' title='bbox 1201 4626 1313 4678; x_wconf 73' lang='lat' dir='ltr'><strong>Iiwc</strong></span> <span class='ocrx_word' id='word_1_510' title='bbox 1347 4627 1445 4679; x_wconf 88' lang='lat' dir='ltr'><strong>erit</strong></span> <span class='ocrx_word' id='word_1_511' title='bbox 1476 4626 1774 4682; x_wconf 81' lang='lat' dir='ltr'><strong>sollicitudo</strong></span> <span class='ocrx_word' id='word_1_512' title='bbox 1801 4640 1847 4683; x_wconf 88' lang='lat' dir='ltr'><strong>et</strong></span> <span class='ocrx_word' id='word_1_513' title='bbox 1873 4646 1993 4685; x_wconf 86' lang='lat' dir='ltr'><strong>eru-</strong></span> 
     </span>
    </p>
   </div>
   <div class='ocr_carea' id='block_1_67' title="bbox 416 4692 1989 4816">
    <p class='ocr_par' dir='ltr' id='par_1_67' title="bbox 416 4692 1989 4816">
     <span class='ocr_line' id='line_1_67' title="bbox 416 4692 1989 4816; baseline 0.004 -68"><span class='ocrx_word' id='word_1_514' title='bbox 416 4694 546 4748; x_wconf 87' lang='lat' dir='ltr'><strong>ditio</strong></span> <span class='ocrx_word' id='word_1_515' title='bbox 582 4692 908 4763; x_wconf 84' lang='lat' dir='ltr'><strong>principalis,</strong></span> <span class='ocrx_word' id='word_1_516' title='bbox 940 4708 1031 4762; x_wconf 86' lang='lat' dir='ltr'><strong>per</strong></span> <span class='ocrx_word' id='word_1_517' title='bbox 1051 4709 1207 4761; x_wconf 89' lang='lat' dir='ltr'><strong>quam</strong></span> <span class='ocrx_word' id='word_1_518' title='bbox 1222 4694 1421 4816; x_wconf 63' lang='lat' dir='ltr'><strong>[iunior</strong></span> <span class='ocrx_word' id='word_1_519' title='bbox 1447 4697 1777 4752; x_wconf 81' lang='lat' dir='ltr'><strong>introductus</strong></span> <span class='ocrx_word' id='word_1_520' title='bbox 1805 4716 1989 4754; x_wconf 79' lang='lat' dir='ltr'><strong>ascen-</strong></span> 
     </span>
     <span class='ocr_line' id='line_1_68' title="bbox 418 4762 1989 4816; baseline 0 0"><span class='ocrx_word' id='word_1_521' title='bbox 418 4765 542 4816; x_wconf 84' lang='lat' dir='ltr'><strong>dere</strong></span> <span class='ocrx_word' id='word_1_522' title='bbox 563 4771 937 4816; x_wconf 83' lang='lat' dir='ltr'><strong>consequenter</strong></span> <span class='ocrx_word' id='word_1_523' title='bbox 968 4762 1128 4815; x_wconf 87' lang='lat' dir='ltr'><strong>etiam</strong></span> <span class='ocrx_word' id='word_1_524' title='bbox 1154 4780 1219 4816; x_wconf 88' lang='lat' dir='ltr'><strong>cu</strong></span> <span class='ocrx_word' id='word_1_525' title='bbox 1242 4765 1385 4816; x_wconf 86' lang='lat' dir='ltr'><strong>mina</strong></span> <span class='ocrx_word' id='word_1_526' title='bbox 1415 4768 1747 4816; x_wconf 68' lang='lat' dir='ltr'><strong>perfectionis</strong></span> <span class='ocrx_word' id='word_1_527' title='bbox 1783 4786 1989 4816; x_wconf 75' lang='lat' dir='ltr'><strong>summa</strong></span> 
     </span>
    </p>
   </div>
   <div class='ocr_carea' id='block_1_68' title="bbox 418 4762 1990 4835">
    <p class='ocr_par' dir='ltr' id='par_1_68' title="bbox 418 4762 1990 4835">
     <span class='ocr_line' id='line_1_69' title="bbox 418 4762 1990 4835; baseline 0.003 -17"><span class='ocrx_word' id='word_1_528' title='bbox 418 4765 542 4818; x_wconf 84' lang='lat' dir='ltr'><strong>dere</strong></span> <span class='ocrx_word' id='word_1_529' title='bbox 563 4762 937 4835; x_wconf 73' lang='lat' dir='ltr'><strong>consequenter</strong></span> <span class='ocrx_word' id='word_1_530' title='bbox 968 4762 1128 4815; x_wconf 87' lang='lat' dir='ltr'><strong>etiam</strong></span> <span class='ocrx_word' id='word_1_531' title='bbox 1154 4762 1385 4818; x_wconf 86' lang='lat' dir='ltr'><strong>culmina</strong></span> <span class='ocrx_word' id='word_1_532' title='bbox 1415 4768 1747 4835; x_wconf 77' lang='lat' dir='ltr'><strong>perfectionis</strong></span> <span class='ocrx_word' id='word_1_533' title='bbox 1783 4786 1990 4823; x_wconf 85' lang='lat' dir='ltr'><strong>summa</strong></span> 
     </span>
    </p>
   </div>
   <div class='ocr_carea' id='block_1_69' title="bbox 414 4831 1992 4905">
    <p class='ocr_par' dir='ltr' id='par_1_69' title="bbox 414 4831 1992 4905">
     <span class='ocr_line' id='line_1_70' title="bbox 414 4831 1992 4905; baseline 0.004 -19"><span class='ocrx_word' id='word_1_534' title='bbox 414 4831 742 4905; x_wconf 54' lang='lat' dir='ltr'><strong>pra’valeat.‘</strong></span> <span class='ocrx_word' id='word_1_535' title='bbox 773 4842 827 4886; x_wconf 89' lang='lat' dir='ltr'><strong>ut</strong></span> <span class='ocrx_word' id='word_1_536' title='bbox 856 4832 1038 4905; x_wconf 79' lang='lat' dir='ltr'><strong>doceat</strong></span> <span class='ocrx_word' id='word_1_537' title='bbox 1060 4847 1177 4905; x_wconf 75' lang='lat' dir='ltr'><strong>cum</strong></span> <span class='ocrx_word' id='word_1_538' title='bbox 1211 4831 1641 4903; x_wconf 55' lang='lat' dir='ltr'><strong>penitus&#39;rincere</strong></span> <span class='ocrx_word' id='word_1_539' title='bbox 1682 4837 1992 4904; x_wconf 65' lang='lat' dir='ltr'><strong>voluntates,</strong></span> 
     </span>
    </p>
   </div>
   <div class='ocr_carea' id='block_1_70' title="bbox 412 4901 1993 4975">
    <p class='ocr_par' dir='ltr' id='par_1_70' title="bbox 412 4901 1993 4975">
     <span class='ocr_line' id='line_1_71' title="bbox 412 4901 1993 4975; baseline 0.003 -17"><span class='ocrx_word' id='word_1_540' title='bbox 412 4901 566 4975; x_wconf 76' lang='lat' dir='ltr'><strong>quem</strong></span> <span class='ocrx_word' id='word_1_541' title='bbox 597 4902 829 4975; x_wconf 74' lang='lat' dir='ltr'><strong>studiose</strong></span> <span class='ocrx_word' id='word_1_542' title='bbox 868 4901 1038 4975; x_wconf 24' lang='lat' dir='ltr'><strong>in‘his</strong></span> <span class='ocrx_word' id='word_1_543' title='bbox 1067 4901 1344 4975; x_wconf 81' lang='lat' dir='ltr'><strong>diligenter</strong></span> <span class='ocrx_word' id='word_1_544' title='bbox 1364 4920 1611 4960; x_wconf 79' lang='lat' dir='ltr'><strong>exercens</strong></span> <span class='ocrx_word' id='word_1_545' title='bbox 1642 4907 1754 4960; x_wconf 76' lang='lat' dir='ltr'><strong>lucc</strong></span> <span class='ocrx_word' id='word_1_546' title='bbox 1784 4908 1863 4961; x_wconf 76' lang='lat' dir='ltr'><strong>itii</strong></span> <span class='ocrx_word' id='word_1_547' title='bbox 1892 4901 1993 4962; x_wconf 59' lang='lat' dir='ltr'><strong>imé</strong></span> 
     </span>
    </p>
   </div>
   <div class='ocr_carea' id='block_1_71' title="bbox 411 4972 1993 5048">
    <p class='ocr_par' dir='ltr' id='par_1_71' title="bbox 411 4972 1993 5048">
     <span class='ocr_line' id='line_1_72' title="bbox 411 4972 1993 5048; baseline 0.003 -21"><span class='ocrx_word' id='word_1_548' title='bbox 411 4972 600 5043; x_wconf 71' lang='lat' dir='ltr'><strong>parare</strong></span> <span class='ocrx_word' id='word_1_549' title='bbox 621 4972 688 5041; x_wconf 78' lang='lat' dir='ltr'><strong>de</strong></span> <span class='ocrx_word' id='word_1_550' title='bbox 710 4972 974 5048; x_wconf 80' lang='lat' dir='ltr'><strong>industria</strong></span> <span class='ocrx_word' id='word_1_551' title='bbox 1006 4972 1245 5039; x_wconf 83' lang='lat' dir='ltr'><strong>curabit,</strong></span> <span class='ocrx_word' id='word_1_552' title='bbox 1270 4991 1387 5044; x_wconf 70' lang='lat' dir='ltr'><strong>qua:</strong></span> <span class='ocrx_word' id='word_1_553' title='bbox 1416 4976 1635 5047; x_wconf 81' lang='lat' dir='ltr'><strong>senserit</strong></span> <span class='ocrx_word' id='word_1_554' title='bbox 1673 4977 1849 5031; x_wconf 89' lang='lat' dir='ltr'><strong>animo</strong></span> <span class='ocrx_word' id='word_1_555' title='bbox 1878 4978 1993 5048; x_wconf 84' lang='lat' dir='ltr'><strong>ejus</strong></span> 
     </span>
    </p>
   </div>
   <div class='ocr_carea' id='block_1_72' title="bbox 412 5044 842 5100">
    <p class='ocr_par' dir='ltr' id='par_1_72' title="bbox 412 5044 842 5100">
     <span class='ocr_line' id='line_1_73' title="bbox 412 5044 842 5100; baseline -0.005 -3"><span class='ocrx_word' id='word_1_556' title='bbox 412 5058 527 5100; x_wconf 77' lang='lat' dir='ltr'><strong>esse</strong></span> <span class='ocrx_word' id='word_1_557' title='bbox 548 5044 842 5099; x_wconf 81' lang='lat' dir='ltr'><strong>contraria.</strong></span> 
     </span>
    </p>
   </div>
   <div class='ocr_carea' id='block_1_73' title="bbox 482 5112 1990 5184">
    <p class='ocr_par' dir='ltr' id='par_1_73' title="bbox 482 5112 1990 5184">
     <span class='ocr_line' id='line_1_74' title="bbox 482 5112 1990 5184; baseline 0.004 -17"><span class='ocrx_word' id='word_1_558' title='bbox 482 5125 508 5157; x_wconf 76' lang='grc' dir='ltr'><strong>ι</strong></span> <span class='ocrx_word' id='word_1_559' title='bbox 523 5112 620 5184; x_wconf 60' lang='grc' dir='ltr'><strong>Δρὶιί</strong></span> <span class='ocrx_word' id='word_1_560' title='bbox 640 5119 1068 5184; x_wconf 61' lang='lat' dir='ltr'><strong>“peruenturum</strong></span> <span class='ocrx_word' id='word_1_561' title='bbox 1086 5112 1328 5184; x_wconf 86' lang='lat' dir='ltr'><strong>gloriam.</strong></span> <span class='ocrx_word' id='word_1_562' title='bbox 1346 5113 1405 5169; x_wconf 88' lang='lat' dir='ltr'><strong>In</strong></span> <span class='ocrx_word' id='word_1_563' title='bbox 1428 5114 1677 5171; x_wconf 89' lang='lat' dir='ltr'><strong>versione</strong></span> <span class='ocrx_word' id='word_1_564' title='bbox 1698 5118 1990 5184; x_wconf 89' lang='lat' dir='ltr'><strong>communi,</strong></span> 
     </span>
    </p>
   </div>
   <div class='ocr_carea' id='block_1_74' title="bbox 410 5181 1012 5252">
    <p class='ocr_par' dir='ltr' id='par_1_74' title="bbox 410 5181 1012 5252">
     <span class='ocr_line' id='line_1_75' title="bbox 410 5181 1012 5252; baseline 0.002 -17"><span class='ocrx_word' id='word_1_565' title='bbox 410 5183 478 5236; x_wconf 84' lang='lat' dir='ltr'><strong>ad</strong></span> <span class='ocrx_word' id='word_1_566' title='bbox 506 5181 743 5250; x_wconf 80' lang='lat' dir='ltr'><strong>futuram</strong></span> <span class='ocrx_word' id='word_1_567' title='bbox 767 5181 1012 5252; x_wconf 65' lang='lat' dir='ltr'><strong>gloriam.</strong></span> 
     </span>
    </p>
   </div>
   <div class='ocr_carea' id='block_1_75' title="bbox 482 5250 1991 5328">
    <p class='ocr_par' dir='ltr' id='par_1_75' title="bbox 482 5250 1991 5328">
     <span class='ocr_line' id='line_1_76' title="bbox 482 5250 1991 5328; baseline 0.005 -21"><span class='ocrx_word' id='word_1_568' title='bbox 482 5254 509 5294; x_wconf 79' lang='grc' dir='ltr'>ι’</span> <span class='ocrx_word' id='word_1_569' title='bbox 536 5250 849 5308; x_wconf 81' lang='lat' dir='ltr'><strong>Coronatus.</strong></span> <span class='ocrx_word' id='word_1_570' title='bbox 882 5250 939 5306; x_wconf 86' lang='lat' dir='ltr'><strong>ld</strong></span> <span class='ocrx_word' id='word_1_571' title='bbox 974 5261 1090 5320; x_wconf 88' lang='lat' dir='ltr'><strong>est,</strong></span> <span class='ocrx_word' id='word_1_572' title='bbox 1120 5254 1436 5322; x_wconf 84' lang='lat' dir='ltr'><strong>coronatio;</strong></span> <span class='ocrx_word' id='word_1_573' title='bbox 1472 5255 1525 5311; x_wconf 89' lang='lat' dir='ltr'><strong>in</strong></span> <span class='ocrx_word' id='word_1_574' title='bbox 1556 5255 1688 5328; x_wconf 78' lang='lat' dir='ltr'><strong>Reg.</strong></span> <span class='ocrx_word' id='word_1_575' title='bbox 1718 5272 1822 5312; x_wconf 90' lang='lat' dir='ltr'><strong>ms.</strong></span> <span class='ocrx_word' id='word_1_576' title='bbox 1849 5278 1861 5314; x_wconf 91' lang='lat'><strong>:</strong></span> <span class='ocrx_word' id='word_1_577' title='bbox 1893 5259 1991 5317; x_wconf 86' lang='lat' dir='ltr'><strong>Co-</strong></span> 
     </span>
    </p>
   </div>
   <div class='ocr_carea' id='block_1_76' title="bbox 414 5336 1651 5377">
    <p class='ocr_par' dir='ltr' id='par_1_76' title="bbox 414 5336 1651 5377">
     <span class='ocr_line' id='line_1_77' title="bbox 414 5336 1651 5377; baseline 0.005 -3"><span class='ocrx_word' id='word_1_578' title='bbox 414 5336 566 5377; x_wconf 72' lang='grc' dir='ltr'><strong>τοηα.</strong></span> <span class='ocrx_word' id='word_1_579' title='bbox 1646 5344 1651 5349; x_wconf 84' lang='grc'><strong>’</strong></span> 
     </span>
    </p>
   </div>
   <div class='ocr_carea' id='block_1_77' title="bbox 481 5390 1992 5468">
    <p class='ocr_par' dir='ltr' id='par_1_77' title="bbox 481 5390 1992 5468">
     <span class='ocr_line' id='line_1_78' title="bbox 481 5390 1992 5468; baseline 0.007 -23"><span class='ocrx_word' id='word_1_580' title='bbox 481 5402 506 5432; x_wconf 71' lang='grc' dir='ltr'>α</span> <span class='ocrx_word' id='word_1_581' title='bbox 539 5390 820 5468; x_wconf 61' lang='lat' dir='ltr'><strong>interanea</strong></span> <span class='ocrx_word' id='word_1_582' title='bbox 870 5403 1072 5468; x_wconf 79' lang='lat' dir='ltr'><strong>nostra.</strong></span> <span class='ocrx_word' id='word_1_583' title='bbox 1109 5392 1197 5468; x_wconf 71' lang='lat' dir='ltr'><strong>ita</strong></span> <span class='ocrx_word' id='word_1_584' title='bbox 1246 5394 1300 5449; x_wconf 90' lang='lat' dir='ltr'><strong>in</strong></span> <span class='ocrx_word' id='word_1_585' title='bbox 1342 5394 1476 5467; x_wconf 82' lang='lat' dir='ltr'><strong>Reg.</strong></span> <span class='ocrx_word' id='word_1_586' title='bbox 1510 5412 1613 5452; x_wconf 87' lang='lat' dir='ltr'><strong>ms.</strong></span> <span class='ocrx_word' id='word_1_587' title='bbox 1646 5396 1911 5468; x_wconf 77' lang='lat' dir='ltr'><strong>Magistri,</strong></span> <span class='ocrx_word' id='word_1_588' title='bbox 1940 5401 1992 5456; x_wconf 92' lang='lat' dir='ltr'><strong>id</strong></span> 
     </span>
    </p>
   </div>
   <div class='ocr_carea' id='block_1_78' title="bbox 408 5460 1987 5540">
    <p class='ocr_par' dir='ltr' id='par_1_78' title="bbox 408 5460 1987 5540">
     <span class='ocr_line' id='line_1_79' title="bbox 408 5460 1987 5540; baseline 0.008 -28"><span class='ocrx_word' id='word_1_589' title='bbox 408 5468 517 5540; x_wconf 82' lang='lat' dir='ltr'><strong>est,</strong></span> <span class='ocrx_word' id='word_1_590' title='bbox 544 5460 777 5540; x_wconf 83' lang='lat' dir='ltr'><strong>interna,</strong></span> <span class='ocrx_word' id='word_1_591' title='bbox 804 5478 926 5540; x_wconf 67' lang='lat' dir='ltr'><strong>quae</strong></span> <span class='ocrx_word' id='word_1_592' title='bbox 945 5464 1011 5518; x_wconf 87' lang='lat' dir='ltr'><strong>ad</strong></span> <span class='ocrx_word' id='word_1_593' title='bbox 1033 5465 1269 5519; x_wconf 89' lang='lat' dir='ltr'><strong>animam</strong></span> <span class='ocrx_word' id='word_1_594' title='bbox 1298 5460 1565 5540; x_wconf 51' lang='lat' dir='ltr'><strong>suechnt,</strong></span> <span class='ocrx_word' id='word_1_595' title='bbox 1591 5460 1987 5540; x_wconf 70' lang='lat' dir='ltr'><strong>metaphorice:</strong></span> 
     </span>
    </p>
   </div>
   <div class='ocr_carea' id='block_1_79' title="bbox 409 5533 1991 5601">
    <p class='ocr_par' dir='ltr' id='par_1_79' title="bbox 409 5533 1991 5601">
     <span class='ocr_line' id='line_1_80' title="bbox 409 5533 1991 5601; baseline 0.009 -19"><span class='ocrx_word' id='word_1_596' title='bbox 409 5539 535 5582; x_wconf 82' lang='lat' dir='ltr'><strong>nam</strong></span> <span class='ocrx_word' id='word_1_597' title='bbox 565 5533 780 5601; x_wconf 79' lang='lat' dir='ltr'><strong>proprie</strong></span> <span class='ocrx_word' id='word_1_598' title='bbox 803 5533 1082 5588; x_wconf 88' lang='lat' dir='ltr'><strong>interanea</strong></span> <span class='ocrx_word' id='word_1_599' title='bbox 1112 5544 1240 5590; x_wconf 91' lang='lat' dir='ltr'><strong>sunt</strong></span> <span class='ocrx_word' id='word_1_600' title='bbox 1285 5544 1407 5591; x_wconf 84' lang='lat' dir='ltr'><strong>exta</strong></span> <span class='ocrx_word' id='word_1_601' title='bbox 1431 5577 1446 5601; x_wconf 95' lang='lat'><strong>,</strong></span> <span class='ocrx_word' id='word_1_602' title='bbox 1472 5533 1756 5593; x_wconf 62' lang='lat' dir='ltr'><strong>intestina:</strong></span> <span class='ocrx_word' id='word_1_603' title='bbox 1786 5539 1991 5597; x_wconf 78' lang='lat' dir='ltr'><strong>Glossae</strong></span> 
     </span>
    </p>
   </div>
   <div class='ocr_carea' id='block_1_80' title="bbox 402 5599 1991 5677">
    <p class='ocr_par' dir='ltr' id='par_1_80' title="bbox 402 5599 1991 5677">
     <span class='ocr_line' id='line_1_81' title="bbox 402 5599 1991 5677; baseline 0.011 -29"><span class='ocrx_word' id='word_1_604' title='bbox 402 5604 662 5659; x_wconf 73' lang='lat' dir='ltr'><strong>veteres:</strong></span> <span class='ocrx_word' id='word_1_605' title='bbox 696 5599 996 5667; x_wconf 79' lang='lat' dir='ltr'><strong>lnteranea,</strong></span> <span class='ocrx_word' id='word_1_606' title='bbox 1026 5603 1244 5677; x_wconf 70' lang='grc' dir='ltr'><strong>ἔγκατα,</strong></span> <span class='ocrx_word' id='word_1_607' title='bbox 1278 5606 1332 5659; x_wconf 88' lang='lat' dir='ltr'><strong>id</strong></span> <span class='ocrx_word' id='word_1_608' title='bbox 1365 5599 1473 5677; x_wconf 82' lang='lat' dir='ltr'><strong>est,</strong></span> <span class='ocrx_word' id='word_1_609' title='bbox 1497 5616 1641 5663; x_wconf 79' lang='lat' dir='ltr'><strong>exta.</strong></span> <span class='ocrx_word' id='word_1_610' title='bbox 1667 5607 1819 5665; x_wconf 80' lang='lat' dir='ltr'><strong>Item.</strong></span> <span class='ocrx_word' id='word_1_611' title='bbox 1846 5610 1991 5666; x_wconf 83' lang='lat' dir='ltr'><strong>Inte-</strong></span> 
     </span>
    </p>
   </div>
   <div class='ocr_carea' id='block_1_81' title="bbox 2022 4387 2069 4445">
    <p class='ocr_par' dir='ltr' id='par_1_81' title="bbox 2022 4387 2069 4445">
     <span class='ocr_line' id='line_1_82' title="bbox 2022 4387 2069 4445; baseline 0 0"><span class='ocrx_word' id='word_1_612' title='bbox 2022 4387 2069 4445; x_wconf 90' lang='lat' dir='ltr'><strong>D</strong></span> 
     </span>
    </p>
   </div>
   <div class='ocr_carea' id='block_1_82' title="bbox 2092 1796 3673 1868">
    <p class='ocr_par' dir='ltr' id='par_1_82' title="bbox 2092 1796 3673 1868">
     <span class='ocr_line' id='line_1_83' title="bbox 2092 1796 3673 1868; baseline 0.001 -17"><span class='ocrx_word' id='word_1_613' title='bbox 2092 1796 2217 1860; x_wconf 86' lang='lat' dir='ltr'><strong>tuis,</strong></span> <span class='ocrx_word' id='word_1_614' title='bbox 2256 1796 2311 1851; x_wconf 87' lang='lat' dir='ltr'><strong>in</strong></span> <span class='ocrx_word' id='word_1_615' title='bbox 2341 1796 2540 1866; x_wconf 87' lang='lat' dir='ltr'><strong>quibus</strong></span> <span class='ocrx_word' id='word_1_616' title='bbox 2566 1798 2670 1852; x_wconf 87' lang='lat' dir='ltr'><strong>viis</strong></span> <span class='ocrx_word' id='word_1_617' title='bbox 2699 1797 2937 1868; x_wconf 82' lang='lat' dir='ltr'><strong>probasti</strong></span> <span class='ocrx_word' id='word_1_618' title='bbox 2967 1816 3086 1864; x_wconf 86' lang='lat' dir='ltr'><strong>nos,</strong></span> <span class='ocrx_word' id='word_1_619' title='bbox 3124 1800 3281 1865; x_wconf 80' lang='lat' dir='ltr'><strong>Deus,</strong></span> <span class='ocrx_word' id='word_1_620' title='bbox 3309 1802 3448 1854; x_wconf 81' lang='lat' dir='ltr'><strong>sicut</strong></span> <span class='ocrx_word' id='word_1_621' title='bbox 3472 1802 3673 1855; x_wconf 65' lang='lat' dir='ltr'><strong>exami—</strong></span> 
     </span>
    </p>
   </div>
   <div class='ocr_carea' id='block_1_83' title="bbox 2092 1888 3675 1961">
    <p class='ocr_par' dir='ltr' id='par_1_83' title="bbox 2092 1888 3675 1961">
     <span class='ocr_line' id='line_1_84' title="bbox 2092 1888 3675 1961; baseline 0.004 -21"><span class='ocrx_word' id='word_1_622' title='bbox 2092 1895 2253 1940; x_wconf 87' lang='lat' dir='ltr'><strong>natur</strong></span> <span class='ocrx_word' id='word_1_623' title='bbox 2304 1897 2598 1957; x_wconf 78' lang='lat' dir='ltr'><strong>argentum.</strong></span> <span class='ocrx_word' id='word_1_624' title='bbox 2649 1888 2917 1944; x_wconf 78' lang='lat' dir='ltr'><strong>lnduxisti</strong></span> <span class='ocrx_word' id='word_1_625' title='bbox 2964 1906 3064 1945; x_wconf 87' lang='lat' dir='ltr'><strong>nos</strong></span> <span class='ocrx_word' id='word_1_626' title='bbox 3101 1892 3438 1961; x_wconf 83' lang='lat' dir='ltr'><strong>probationis</strong></span> <span class='ocrx_word' id='word_1_627' title='bbox 3492 1893 3548 1947; x_wconf 91' lang='lat' dir='ltr'><strong>in</strong></span> <span class='ocrx_word' id='word_1_628' title='bbox 3601 1892 3675 1947; x_wconf 84' lang='lat' dir='ltr'><strong>la-</strong></span> 
     </span>
    </p>
   </div>
   <div class='ocr_carea' id='block_1_84' title="bbox 2092 1978 3672 2046">
    <p class='ocr_par' dir='ltr' id='par_1_84' title="bbox 2092 1978 3672 2046">
     <span class='ocr_line' id='line_1_85' title="bbox 2092 1978 3672 2046; baseline 0.005 -18"><span class='ocrx_word' id='word_1_629' title='bbox 2092 1990 2288 2046; x_wconf 90' lang='lat' dir='ltr'><strong>queum</strong></span> <span class='ocrx_word' id='word_1_630' title='bbox 2315 2015 2331 2040; x_wconf 89' lang='lat'><strong>,</strong></span> <span class='ocrx_word' id='word_1_631' title='bbox 2384 1978 2615 2045; x_wconf 89' lang='lat' dir='ltr'><strong>posuisti</strong></span> <span class='ocrx_word' id='word_1_632' title='bbox 2667 1979 3120 2034; x_wconf 84' lang='lat' dir='ltr'><strong>amaricationum</strong></span> <span class='ocrx_word' id='word_1_633' title='bbox 3178 1981 3568 2036; x_wconf 83' lang='lat' dir='ltr'><strong>tribulationes</strong></span> <span class='ocrx_word' id='word_1_634' title='bbox 3620 1982 3672 2036; x_wconf 89' lang='lat' dir='ltr'><strong>in</strong></span> 
     </span>
    </p>
   </div>
   <div class='ocr_carea' id='block_1_85' title="bbox 2092 2064 3675 2143">
    <p class='ocr_par' dir='ltr' id='par_1_85' title="bbox 2092 2064 3675 2143">
     <span class='ocr_line' id='line_1_86' title="bbox 2092 2064 3675 2143; baseline 0.004 -22"><span class='ocrx_word' id='word_1_635' title='bbox 2092 2064 2254 2123; x_wconf 85' lang='lat' dir='ltr'><strong>dorso</strong></span> <span class='ocrx_word' id='word_1_636' title='bbox 2288 2066 2612 2123; x_wconf 88' lang='lat' dir='ltr'><strong>humilitatis</strong></span> <span class='ocrx_word' id='word_1_637' title='bbox 2641 2076 2843 2124; x_wconf 71' lang='lat' dir='ltr'><strong>nostra:</strong></span> <span class='ocrx_word' id='word_1_638' title='bbox 2866 2087 2880 2122; x_wconf 89' lang='lat'><strong>:</strong></span> <span class='ocrx_word' id='word_1_639' title='bbox 2907 2077 2966 2123; x_wconf 89' lang='lat' dir='ltr'><strong>ut</strong></span> <span class='ocrx_word' id='word_1_640' title='bbox 2988 2080 3233 2126; x_wconf 86' lang='lat' dir='ltr'><strong>nostram</strong></span> <span class='ocrx_word' id='word_1_641' title='bbox 3261 2088 3368 2127; x_wconf 89' lang='lat' dir='ltr'><strong>non</strong></span> <span class='ocrx_word' id='word_1_642' title='bbox 3392 2074 3675 2143; x_wconf 81' lang='lat' dir='ltr'><strong>permitte-</strong></span> 
     </span>
    </p>
   </div>
   <div class='ocr_carea' id='block_1_86' title="bbox 2093 2159 3669 2232">
    <p class='ocr_par' dir='ltr' id='par_1_86' title="bbox 2093 2159 3669 2232">
     <span class='ocr_line' id='line_1_87' title="bbox 2093 2159 3669 2232; baseline 0.006 -22"><span class='ocrx_word' id='word_1_643' title='bbox 2093 2170 2306 2223; x_wconf 91' lang='lat' dir='ltr'><strong>remur,</strong></span> <span class='ocrx_word' id='word_1_644' title='bbox 2353 2159 2448 2215; x_wconf 87' lang='lat' dir='ltr'><strong>sed</strong></span> <span class='ocrx_word' id='word_1_645' title='bbox 2495 2168 2644 2214; x_wconf 88' lang='lat' dir='ltr'><strong>tuam</strong></span> <span class='ocrx_word' id='word_1_646' title='bbox 2694 2175 3021 2232; x_wconf 79' lang='lat' dir='ltr'><strong>cogeremur</strong></span> <span class='ocrx_word' id='word_1_647' title='bbox 3071 2163 3252 2219; x_wconf 79' lang='lat' dir='ltr'><strong>facere</strong></span> <span class='ocrx_word' id='word_1_648' title='bbox 3310 2165 3669 2221; x_wconf 85' lang='lat' dir='ltr'><strong>voluntatem.</strong></span> 
     </span>
    </p>
   </div>
   <div class='ocr_carea' id='block_1_87' title="bbox 2094 2245 3673 2327">
    <p class='ocr_par' dir='ltr' id='par_1_87' title="bbox 2094 2245 3673 2327">
     <span class='ocr_line' id='line_1_88' title="bbox 2094 2245 3673 2327; baseline 0.005 -25"><span class='ocrx_word' id='word_1_649' title='bbox 2094 2245 2248 2302; x_wconf 86' lang='lat' dir='ltr'><strong>Unde</strong></span> <span class='ocrx_word' id='word_1_650' title='bbox 2275 2248 2567 2319; x_wconf 79' lang='lat' dir='ltr'><strong>imposuisti</strong></span> <span class='ocrx_word' id='word_1_651' title='bbox 2608 2250 2843 2306; x_wconf 80' lang='lat' dir='ltr'><strong>homines</strong></span> <span class='ocrx_word' id='word_1_652' title='bbox 2890 2269 3048 2322; x_wconf 83' lang='lat' dir='ltr'><strong>super</strong></span> <span class='ocrx_word' id='word_1_653' title='bbox 3084 2255 3257 2324; x_wconf 81' lang='lat' dir='ltr'><strong>capita</strong></span> <span class='ocrx_word' id='word_1_654' title='bbox 3300 2266 3526 2310; x_wconf 82' lang='lat' dir='ltr'><strong>nostra:</strong></span> <span class='ocrx_word' id='word_1_655' title='bbox 3550 2256 3673 2327; x_wconf 80' lang='lat' dir='ltr'><strong>quia</strong></span> 
     </span>
    </p>
   </div>
   <div class='ocr_carea' id='block_1_88' title="bbox 2092 2339 3673 2416">
    <p class='ocr_par' dir='ltr' id='par_1_88' title="bbox 2092 2339 3673 2416">
     <span class='ocr_line' id='line_1_89' title="bbox 2092 2339 3673 2416; baseline 0.007 -26"><span class='ocrx_word' id='word_1_656' title='bbox 2092 2339 2379 2395; x_wconf 83' lang='lat' dir='ltr'><strong>ostendisti</strong></span> <span class='ocrx_word' id='word_1_657' title='bbox 2450 2355 2551 2395; x_wconf 90' lang='lat' dir='ltr'><strong>nos</strong></span> <span class='ocrx_word' id='word_1_658' title='bbox 2593 2343 2695 2397; x_wconf 89' lang='lat' dir='ltr'><strong>sub</strong></span> <span class='ocrx_word' id='word_1_659' title='bbox 2744 2343 2939 2398; x_wconf 83' lang='lat' dir='ltr'><strong>abbate</strong></span> <span class='ocrx_word' id='word_1_660' title='bbox 2988 2343 3213 2401; x_wconf 88' lang='lat' dir='ltr'><strong>doctore</strong></span> <span class='ocrx_word' id='word_1_661' title='bbox 3252 2346 3337 2400; x_wconf 87' lang='lat' dir='ltr'><strong>vel</strong></span> <span class='ocrx_word' id='word_1_662' title='bbox 3380 2348 3673 2416; x_wconf 71' lang='lat' dir='ltr'><strong>praeposito</strong></span> 
     </span>
    </p>
   </div>
   <div class='ocr_carea' id='block_1_89' title="bbox 2091 2426 3675 2507">
    <p class='ocr_par' dir='ltr' id='par_1_89' title="bbox 2091 2426 3675 2507">
     <span class='ocr_line' id='line_1_90' title="bbox 2091 2426 3675 2507; baseline 0.005 -23"><span class='ocrx_word' id='word_1_663' title='bbox 2091 2426 2390 2497; x_wconf 71' lang='lat' dir='ltr'><strong>disciplina:</strong></span> <span class='ocrx_word' id='word_1_664' title='bbox 2411 2430 2608 2486; x_wconf 86' lang='lat' dir='ltr'><strong>debere</strong></span> <span class='ocrx_word' id='word_1_665' title='bbox 2621 2447 2739 2487; x_wconf 89' lang='lat' dir='ltr'><strong>esse</strong></span> <span class='ocrx_word' id='word_1_666' title='bbox 2761 2435 3083 2504; x_wconf 90' lang='lat' dir='ltr'><strong>probandos.</strong></span> <span class='ocrx_word' id='word_1_667' title='bbox 3105 2437 3244 2507; x_wconf 81' lang='lat' dir='ltr'><strong>Ergo</strong></span> <span class='ocrx_word' id='word_1_668' title='bbox 3270 2437 3323 2490; x_wconf 88' lang='lat' dir='ltr'><strong>hi</strong></span> <span class='ocrx_word' id='word_1_669' title='bbox 3346 2437 3489 2493; x_wconf 79' lang='lat' dir='ltr'><strong>tales</strong></span> <span class='ocrx_word' id='word_1_670' title='bbox 3506 2438 3532 2476; x_wconf 73' lang='grc' dir='ltr'>ἀ</span> <span class='ocrx_word' id='word_1_671' title='bbox 3552 2440 3675 2492; x_wconf 89' lang='lat' dir='ltr'><strong>sub-</strong></span> 
     </span>
    </p>
   </div>
   <div class='ocr_carea' id='block_1_90' title="bbox 2094 2521 3679 2596">
    <p class='ocr_par' dir='ltr' id='par_1_90' title="bbox 2094 2521 3679 2596">
     <span class='ocr_line' id='line_1_91' title="bbox 2094 2521 3679 2596; baseline 0.006 -22"><span class='ocrx_word' id='word_1_672' title='bbox 2094 2530 2401 2589; x_wconf 86' lang='lat' dir='ltr'><strong>sequentes,</strong></span> <span class='ocrx_word' id='word_1_673' title='bbox 2435 2521 2664 2578; x_wconf 89' lang='lat' dir='ltr'><strong>Domino</strong></span> <span class='ocrx_word' id='word_1_674' title='bbox 2691 2525 2906 2585; x_wconf 86' lang='lat' dir='ltr'><strong>dicant:</strong></span> <span class='ocrx_word' id='word_1_675' title='bbox 2937 2526 2992 2581; x_wconf 92' lang='lat' dir='ltr'><strong>ln</strong></span> <span class='ocrx_word' id='word_1_676' title='bbox 3019 2527 3112 2581; x_wconf 85' lang='lat' dir='ltr'><strong>illo</strong></span> <span class='ocrx_word' id='word_1_677' title='bbox 3128 2527 3239 2596; x_wconf 90' lang='lat' dir='ltr'><strong>jam</strong></span> <span class='ocrx_word' id='word_1_678' title='bbox 3266 2529 3474 2585; x_wconf 67' lang='lat' dir='ltr'><strong>szeculo</strong></span> <span class='ocrx_word' id='word_1_679' title='bbox 3502 2540 3679 2583; x_wconf 80' lang='lat' dir='ltr'><strong>trans-</strong></span> 
     </span>
    </p>
   </div>
   <div class='ocr_carea' id='block_1_91' title="bbox 2093 2609 3675 2690">
    <p class='ocr_par' dir='ltr' id='par_1_91' title="bbox 2093 2609 3675 2690">
     <span class='ocr_line' id='line_1_92' title="bbox 2093 2609 3675 2690; baseline 0.007 -29"><span class='ocrx_word' id='word_1_680' title='bbox 2093 2609 2279 2677; x_wconf 69' lang='lat' dir='ltr'><strong>ivimus</strong></span> <span class='ocrx_word' id='word_1_681' title='bbox 2300 2626 2392 2680; x_wconf 80' lang='lat' dir='ltr'><strong>per</strong></span> <span class='ocrx_word' id='word_1_682' title='bbox 2418 2611 2587 2681; x_wconf 77' lang='lat' dir='ltr'><strong>ignem</strong></span> <span class='ocrx_word' id='word_1_683' title='bbox 2617 2623 2667 2667; x_wconf 85' lang='lat' dir='ltr'><strong>et</strong></span> <span class='ocrx_word' id='word_1_684' title='bbox 2694 2629 2885 2684; x_wconf 83' lang='lat' dir='ltr'><strong>aquam</strong></span> <span class='ocrx_word' id='word_1_685' title='bbox 2903 2656 2916 2679; x_wconf 93' lang='lat'><strong>,</strong></span> <span class='ocrx_word' id='word_1_686' title='bbox 2944 2627 2992 2670; x_wconf 85' lang='lat' dir='ltr'><strong>et</strong></span> <span class='ocrx_word' id='word_1_687' title='bbox 3022 2617 3276 2671; x_wconf 72' lang='lat' dir='ltr'><strong>induristi</strong></span> <span class='ocrx_word' id='word_1_688' title='bbox 3312 2636 3408 2673; x_wconf 89' lang='lat' dir='ltr'><strong>nos</strong></span> <span class='ocrx_word' id='word_1_689' title='bbox 3438 2621 3497 2673; x_wconf 82' lang='lat' dir='ltr'><strong>in</strong></span> <span class='ocrx_word' id='word_1_690' title='bbox 3530 2621 3675 2690; x_wconf 80' lang='lat' dir='ltr'><strong>refri-</strong></span> 
     </span>
    </p>
   </div>
   <div class='ocr_carea' id='block_1_92' title="bbox 2095 2700 3674 2776">
    <p class='ocr_par' dir='ltr' id='par_1_92' title="bbox 2095 2700 3674 2776">
     <span class='ocr_line' id='line_1_93' title="bbox 2095 2700 3674 2776; baseline 0.009 -26"><span class='ocrx_word' id='word_1_691' title='bbox 2095 2700 2329 2768; x_wconf 86' lang='lat' dir='ltr'><strong>gerium;</strong></span> <span class='ocrx_word' id='word_1_692' title='bbox 2380 2700 2485 2756; x_wconf 86' lang='lat' dir='ltr'><strong>hoc</strong></span> <span class='ocrx_word' id='word_1_693' title='bbox 2532 2710 2651 2766; x_wconf 91' lang='lat' dir='ltr'><strong>est,</strong></span> <span class='ocrx_word' id='word_1_694' title='bbox 2705 2705 3058 2761; x_wconf 89' lang='lat' dir='ltr'><strong>transivimus</strong></span> <span class='ocrx_word' id='word_1_695' title='bbox 3112 2722 3209 2776; x_wconf 86' lang='lat' dir='ltr'><strong>per</strong></span> <span class='ocrx_word' id='word_1_696' title='bbox 3258 2709 3674 2765; x_wconf 83' lang='lat' dir='ltr'><strong>amaricationes</strong></span> 
     </span>
    </p>
   </div>
   <div class='ocr_carea' id='block_1_93' title="bbox 2094 2789 3671 2854">
    <p class='ocr_par' dir='ltr' id='par_1_93' title="bbox 2094 2789 3671 2854">
     <span class='ocr_line' id='line_1_94' title="bbox 2094 2789 3671 2854; baseline 0.008 -13"><span class='ocrx_word' id='word_1_697' title='bbox 2094 2789 2434 2847; x_wconf 86' lang='lat' dir='ltr'><strong>voluntatum</strong></span> <span class='ocrx_word' id='word_1_698' title='bbox 2482 2803 2794 2847; x_wconf 86' lang='lat' dir='ltr'><strong>nostrarum</strong></span> <span class='ocrx_word' id='word_1_699' title='bbox 2844 2803 2901 2849; x_wconf 90' lang='lat' dir='ltr'><strong>et</strong></span> <span class='ocrx_word' id='word_1_700' title='bbox 2949 2797 3232 2850; x_wconf 88' lang='lat' dir='ltr'><strong>servitium</strong></span> <span class='ocrx_word' id='word_1_701' title='bbox 3281 2807 3499 2853; x_wconf 71' lang='lat' dir='ltr'><strong>sancta:</strong></span> <span class='ocrx_word' id='word_1_702' title='bbox 3548 2799 3671 2854; x_wconf 89' lang='lat' dir='ltr'><strong>obe-</strong></span> 
     </span>
    </p>
   </div>
   <div class='ocr_carea' id='block_1_94' title="bbox 2096 2881 3675 2961">
    <p class='ocr_par' dir='ltr' id='par_1_94' title="bbox 2096 2881 3675 2961">
     <span class='ocr_line' id='line_1_95' title="bbox 2096 2881 3675 2961; baseline 0.006 -25"><span class='ocrx_word' id='word_1_703' title='bbox 2096 2881 2314 2936; x_wconf 73' lang='lat' dir='ltr'><strong>dientize</strong></span> <span class='ocrx_word' id='word_1_704' title='bbox 2338 2900 2351 2936; x_wconf 90' lang='lat'><strong>:</strong></span> <span class='ocrx_word' id='word_1_705' title='bbox 2376 2898 2505 2938; x_wconf 91' lang='lat' dir='ltr'><strong>ecce</strong></span> <span class='ocrx_word' id='word_1_706' title='bbox 2527 2885 2875 2954; x_wconf 86' lang='lat' dir='ltr'><strong>pervenimus</strong></span> <span class='ocrx_word' id='word_1_707' title='bbox 2908 2888 2975 2941; x_wconf 89' lang='lat' dir='ltr'><strong>ad</strong></span> <span class='ocrx_word' id='word_1_708' title='bbox 3005 2896 3111 2942; x_wconf 71' lang='lat' dir='ltr'><strong>tua:</strong></span> <span class='ocrx_word' id='word_1_709' title='bbox 3134 2888 3483 2961; x_wconf 82' lang='lat' dir='ltr'><strong>refrigerium</strong></span> <span class='ocrx_word' id='word_1_710' title='bbox 3516 2891 3675 2960; x_wconf 84' lang='lat' dir='ltr'><strong>picta-</strong></span> 
     </span>
    </p>
   </div>
   <div class='ocr_carea' id='block_1_95' title="bbox 2095 2971 3673 3051">
    <p class='ocr_par' dir='ltr' id='par_1_95' title="bbox 2095 2971 3673 3051">
     <span class='ocr_line' id='line_1_96' title="bbox 2095 2971 3673 3051; baseline 0.006 -26"><span class='ocrx_word' id='word_1_711' title='bbox 2095 2971 2186 3026; x_wconf 85' lang='lat' dir='ltr'><strong>tis.</strong></span> <span class='ocrx_word' id='word_1_712' title='bbox 2211 2972 2279 3026; x_wconf 83' lang='lat' dir='ltr'><strong>Et</strong></span> <span class='ocrx_word' id='word_1_713' title='bbox 2300 2973 2437 3039; x_wconf 79' lang='lat' dir='ltr'><strong>item</strong></span> <span class='ocrx_word' id='word_1_714' title='bbox 2461 2974 2693 3030; x_wconf 85' lang='lat' dir='ltr'><strong>dicimus</strong></span> <span class='ocrx_word' id='word_1_715' title='bbox 2716 2977 2765 3031; x_wconf 87' lang='lat' dir='ltr'><strong>ei</strong></span> <span class='ocrx_word' id='word_1_716' title='bbox 2793 2990 2809 3031; x_wconf 87' lang='lat'><strong>:</strong></span> <span class='ocrx_word' id='word_1_717' title='bbox 2832 2976 3088 3032; x_wconf 82' lang='lat' dir='ltr'><strong>Delectati</strong></span> <span class='ocrx_word' id='word_1_718' title='bbox 3113 2996 3293 3033; x_wconf 78' lang='lat' dir='ltr'><strong>sumus</strong></span> <span class='ocrx_word' id='word_1_719' title='bbox 3320 2998 3419 3051; x_wconf 81' lang='lat' dir='ltr'><strong>pro</strong></span> <span class='ocrx_word' id='word_1_720' title='bbox 3461 2983 3640 3036; x_wconf 79' lang='lat' dir='ltr'><strong>diebus</strong></span> <span class='ocrx_word' id='word_1_721' title='bbox 3659 3022 3673 3046; x_wconf 92' lang='lat'><strong>,</strong></span> 
     </span>
    </p>
   </div>
   <div class='ocr_carea' id='block_1_96' title="bbox 2097 3062 3673 3138">
    <p class='ocr_par' dir='ltr' id='par_1_96' title="bbox 2097 3062 3673 3138">
     <span class='ocr_line' id='line_1_97' title="bbox 2097 3062 3673 3138; baseline 0.006 -25"><span class='ocrx_word' id='word_1_722' title='bbox 2097 3062 2283 3131; x_wconf 83' lang='lat' dir='ltr'><strong>quibus</strong></span> <span class='ocrx_word' id='word_1_723' title='bbox 2311 3078 2406 3117; x_wconf 76' lang='lat' dir='ltr'><strong>nos</strong></span> <span class='ocrx_word' id='word_1_724' title='bbox 2433 3063 2749 3131; x_wconf 81' lang='lat' dir='ltr'><strong>Itumiliasti,</strong></span> <span class='ocrx_word' id='word_1_725' title='bbox 2774 3067 2927 3120; x_wconf 73' lang='lat' dir='ltr'><strong>annis</strong></span> <span class='ocrx_word' id='word_1_726' title='bbox 2951 3069 3006 3121; x_wconf 88' lang='lat' dir='ltr'><strong>in</strong></span> <span class='ocrx_word' id='word_1_727' title='bbox 3028 3069 3215 3138; x_wconf 81' lang='lat' dir='ltr'><strong>quibus</strong></span> <span class='ocrx_word' id='word_1_728' title='bbox 3239 3070 3469 3125; x_wconf 77' lang='lat' dir='ltr'><strong>uidimus</strong></span> <span class='ocrx_word' id='word_1_729' title='bbox 3496 3071 3673 3125; x_wconf 84' lang='lat' dir='ltr'><strong>mala:</strong></span> 
     </span>
    </p>
   </div>
   <div class='ocr_carea' id='block_1_97' title="bbox 2096 3153 3673 3232">
    <p class='ocr_par' dir='ltr' id='par_1_97' title="bbox 2096 3153 3673 3232">
     <span class='ocr_line' id='line_1_98' title="bbox 2096 3153 3673 3232; baseline 0.006 -26"><span class='ocrx_word' id='word_1_730' title='bbox 2096 3160 2156 3207; x_wconf 89' lang='lat' dir='ltr'><strong>ut</strong></span> <span class='ocrx_word' id='word_1_731' title='bbox 2184 3153 2320 3207; x_wconf 88' lang='lat' dir='ltr'><strong>nihil</strong></span> <span class='ocrx_word' id='word_1_732' title='bbox 2370 3155 2569 3211; x_wconf 85' lang='lat' dir='ltr'><strong>habeat</strong></span> <span class='ocrx_word' id='word_1_733' title='bbox 2599 3157 2652 3210; x_wconf 90' lang='lat' dir='ltr'><strong>in</strong></span> <span class='ocrx_word' id='word_1_734' title='bbox 2686 3158 2843 3211; x_wconf 88' lang='lat' dir='ltr'><strong>nobis</strong></span> <span class='ocrx_word' id='word_1_735' title='bbox 2884 3158 3146 3226; x_wconf 69' lang='lat' dir='ltr'><strong>gehenna:</strong></span> <span class='ocrx_word' id='word_1_736' title='bbox 3193 3159 3333 3230; x_wconf 87' lang='lat' dir='ltr'><strong>ignis</strong></span> <span class='ocrx_word' id='word_1_737' title='bbox 3378 3162 3489 3216; x_wconf 89' lang='lat' dir='ltr'><strong>sibi</strong></span> <span class='ocrx_word' id='word_1_738' title='bbox 3537 3162 3673 3232; x_wconf 85' lang='lat' dir='ltr'><strong>quod</strong></span> 
     </span>
    </p>
   </div>
   <div class='ocr_carea' id='block_1_98' title="bbox 2098 3245 3671 3314">
    <p class='ocr_par' dir='ltr' id='par_1_98' title="bbox 2098 3245 3671 3314">
     <span class='ocr_line' id='line_1_99' title="bbox 2098 3245 3671 3314; baseline 0.006 -17"><span class='ocrx_word' id='word_1_739' title='bbox 2098 3245 2364 3310; x_wconf 77' lang='lat' dir='ltr'><strong>vindicet,</strong></span> <span class='ocrx_word' id='word_1_740' title='bbox 2397 3248 2612 3314; x_wconf 82' lang='lat' dir='ltr'><strong>quando</strong></span> <span class='ocrx_word' id='word_1_741' title='bbox 2643 3248 2779 3302; x_wconf 84' lang='lat' dir='ltr'><strong>nihil</strong></span> <span class='ocrx_word' id='word_1_742' title='bbox 2807 3265 2964 3309; x_wconf 82' lang='lat' dir='ltr'><strong>suum</strong></span> <span class='ocrx_word' id='word_1_743' title='bbox 3004 3250 3058 3304; x_wconf 90' lang='lat' dir='ltr'><strong>in</strong></span> <span class='ocrx_word' id='word_1_744' title='bbox 3094 3251 3249 3306; x_wconf 85' lang='lat' dir='ltr'><strong>nobis</strong></span> <span class='ocrx_word' id='word_1_745' title='bbox 3280 3253 3671 3308; x_wconf 84' lang='lat' dir='ltr'><strong>incendendum</strong></span> 
     </span>
    </p>
   </div>
   <div class='ocr_carea' id='block_1_99' title="bbox 2097 3332 3675 3411">
    <p class='ocr_par' dir='ltr' id='par_1_99' title="bbox 2097 3332 3675 3411">
     <span class='ocr_line' id='line_1_100' title="bbox 2097 3332 3675 3411; baseline 0.007 -24"><span class='ocrx_word' id='word_1_746' title='bbox 2097 3332 2170 3393; x_wconf 88' lang='lat' dir='ltr'><strong>ibi</strong></span> <span class='ocrx_word' id='word_1_747' title='bbox 2200 3333 2449 3391; x_wconf 87' lang='lat' dir='ltr'><strong>diabolus</strong></span> <span class='ocrx_word' id='word_1_748' title='bbox 2474 3337 2605 3406; x_wconf 84' lang='lat' dir='ltr'><strong>egit.</strong></span> <span class='ocrx_word' id='word_1_749' title='bbox 2633 3336 2776 3408; x_wconf 85' lang='lat' dir='ltr'><strong>Ergo</strong></span> <span class='ocrx_word' id='word_1_750' title='bbox 2795 3338 2977 3394; x_wconf 85' lang='lat' dir='ltr'><strong>omnia</strong></span> <span class='ocrx_word' id='word_1_751' title='bbox 2997 3339 3160 3396; x_wconf 84' lang='lat' dir='ltr'><strong>debet</strong></span> <span class='ocrx_word' id='word_1_752' title='bbox 3192 3355 3291 3411; x_wconf 87' lang='lat' dir='ltr'><strong>pro</strong></span> <span class='ocrx_word' id='word_1_753' title='bbox 3315 3342 3549 3397; x_wconf 87' lang='lat' dir='ltr'><strong>Domino</strong></span> <span class='ocrx_word' id='word_1_754' title='bbox 3568 3358 3675 3398; x_wconf 86' lang='lat' dir='ltr'><strong>sus-</strong></span> 
     </span>
    </p>
   </div>
   <div class='ocr_carea' id='block_1_100' title="bbox 2095 3423 3671 3502">
    <p class='ocr_par' dir='ltr' id='par_1_100' title="bbox 2095 3423 3671 3502">
     <span class='ocr_line' id='line_1_101' title="bbox 2095 3423 3671 3502; baseline 0.006 -25"><span class='ocrx_word' id='word_1_755' title='bbox 2095 3424 2267 3480; x_wconf 89' lang='lat' dir='ltr'><strong>tinere</strong></span> <span class='ocrx_word' id='word_1_756' title='bbox 2294 3425 2385 3493; x_wconf 91' lang='lat' dir='ltr'><strong>qui</strong></span> <span class='ocrx_word' id='word_1_757' title='bbox 2426 3423 2545 3493; x_wconf 84' lang='lat' dir='ltr'><strong>ejus</strong></span> <span class='ocrx_word' id='word_1_758' title='bbox 2588 3428 2736 3496; x_wconf 89' lang='lat' dir='ltr'><strong>cupit</strong></span> <span class='ocrx_word' id='word_1_759' title='bbox 2792 3428 3030 3484; x_wconf 87' lang='lat' dir='ltr'><strong>militare</strong></span> <span class='ocrx_word' id='word_1_760' title='bbox 3059 3431 3285 3496; x_wconf 66' lang='lat' dir='ltr'><strong>scholae;</strong></span> <span class='ocrx_word' id='word_1_761' title='bbox 3326 3440 3380 3486; x_wconf 87' lang='lat' dir='ltr'><strong>et</strong></span> <span class='ocrx_word' id='word_1_762' title='bbox 3419 3442 3671 3502; x_wconf 83' lang='lat' dir='ltr'><strong>tauquam</strong></span> 
     </span>
    </p>
   </div>
   <div class='ocr_carea' id='block_1_101' title="bbox 2094 3517 3672 3592">
    <p class='ocr_par' dir='ltr' id='par_1_101' title="bbox 2094 3517 3672 3592">
     <span class='ocr_line' id='line_1_102' title="bbox 2094 3517 3672 3592; baseline 0.005 -22"><span class='ocrx_word' id='word_1_763' title='bbox 2094 3531 2284 3571; x_wconf 89' lang='lat' dir='ltr'><strong>aurum</strong></span> <span class='ocrx_word' id='word_1_764' title='bbox 2320 3517 2468 3581; x_wconf 89' lang='lat' dir='ltr'><strong>lima,</strong></span> <span class='ocrx_word' id='word_1_765' title='bbox 2500 3525 2555 3573; x_wconf 92' lang='lat' dir='ltr'><strong>et</strong></span> <span class='ocrx_word' id='word_1_766' title='bbox 2581 3518 2807 3583; x_wconf 85' lang='lat' dir='ltr'><strong>malleis,</strong></span> <span class='ocrx_word' id='word_1_767' title='bbox 2833 3531 2888 3574; x_wconf 90' lang='lat' dir='ltr'><strong>et</strong></span> <span class='ocrx_word' id='word_1_768' title='bbox 2912 3521 3036 3591; x_wconf 86' lang='lat' dir='ltr'><strong>igne</strong></span> <span class='ocrx_word' id='word_1_769' title='bbox 3058 3522 3299 3577; x_wconf 75' lang='lat' dir='ltr'><strong>fornacis</strong></span> <span class='ocrx_word' id='word_1_770' title='bbox 3323 3525 3589 3592; x_wconf 77' lang='lat' dir='ltr'><strong>pmhetttr</strong></span> <span class='ocrx_word' id='word_1_771' title='bbox 3608 3525 3672 3578; x_wconf 87' lang='lat' dir='ltr'><strong>ad</strong></span> 
     </span>
    </p>
   </div>
   <div class='ocr_carea' id='block_1_102' title="bbox 2094 3606 3667 3683">
    <p class='ocr_par' dir='ltr' id='par_1_102' title="bbox 2094 3606 3667 3683">
     <span class='ocr_line' id='line_1_103' title="bbox 2094 3606 3667 3683; baseline 0.003 -24"><span class='ocrx_word' id='word_1_772' title='bbox 2094 3606 2340 3661; x_wconf 87' lang='lat' dir='ltr'><strong>diadema</strong></span> <span class='ocrx_word' id='word_1_773' title='bbox 2382 3607 2511 3672; x_wconf 82' lang='lat' dir='ltr'><strong>Dei,</strong></span> <span class='ocrx_word' id='word_1_774' title='bbox 2552 3617 2609 3663; x_wconf 90' lang='lat' dir='ltr'><strong>et</strong></span> <span class='ocrx_word' id='word_1_775' title='bbox 2647 3623 2904 3665; x_wconf 86' lang='lat' dir='ltr'><strong>coronam</strong></span> <span class='ocrx_word' id='word_1_776' title='bbox 2947 3610 3279 3667; x_wconf 77' lang='lat' dir='ltr'><strong>Domin;cam</strong></span> <span class='ocrx_word' id='word_1_777' title='bbox 3330 3613 3667 3683; x_wconf 76' lang='lat' dir='ltr'><strong>profuturus.</strong></span> 
     </span>
    </p>
   </div>
   <div class='ocr_carea' id='block_1_103' title="bbox 2094 3697 3669 3779">
    <p class='ocr_par' dir='ltr' id='par_1_103' title="bbox 2094 3697 3669 3779">
     <span class='ocr_line' id='line_1_104' title="bbox 2094 3697 3669 3779; baseline 0.006 -27"><span class='ocrx_word' id='word_1_778' title='bbox 2094 3697 2231 3766; x_wconf 86' lang='lat' dir='ltr'><strong>Quia</strong></span> <span class='ocrx_word' id='word_1_779' title='bbox 2259 3714 2383 3755; x_wconf 92' lang='lat' dir='ltr'><strong>cum</strong></span> <span class='ocrx_word' id='word_1_780' title='bbox 2416 3700 2687 3771; x_wconf 83' lang='lat' dir='ltr'><strong>propriam</strong></span> <span class='ocrx_word' id='word_1_781' title='bbox 2715 3717 2820 3757; x_wconf 92' lang='lat' dir='ltr'><strong>nou</strong></span> <span class='ocrx_word' id='word_1_782' title='bbox 2849 3702 3042 3767; x_wconf 77' lang='lat' dir='ltr'><strong>fecerit</strong></span> <span class='ocrx_word' id='word_1_783' title='bbox 3070 3705 3408 3760; x_wconf 77' lang='lat' dir='ltr'><strong>voluntatem</strong></span> <span class='ocrx_word' id='word_1_784' title='bbox 3444 3707 3669 3779; x_wconf 83' lang='lat' dir='ltr'><strong>aliquis,</strong></span> 
     </span>
    </p>
   </div>
   <div class='ocr_carea' id='block_1_104' title="bbox 2092 3790 3666 3865">
    <p class='ocr_par' dir='ltr' id='par_1_104' title="bbox 2092 3790 3666 3865">
     <span class='ocr_line' id='line_1_105' title="bbox 2092 3790 3666 3865; baseline 0.004 -18"><span class='ocrx_word' id='word_1_785' title='bbox 2092 3791 2305 3865; x_wconf 74' lang='lat' dir='ltr'><strong>cogitur</strong></span> <span class='ocrx_word' id='word_1_786' title='bbox 2333 3790 2554 3859; x_wconf 77' lang='lat' dir='ltr'><strong>facere,</strong></span> <span class='ocrx_word' id='word_1_787' title='bbox 2590 3794 2678 3849; x_wconf 89' lang='lat' dir='ltr'><strong>cui</strong></span> <span class='ocrx_word' id='word_1_788' title='bbox 2723 3795 2965 3863; x_wconf 86' lang='lat' dir='ltr'><strong>quotidie</strong></span> <span class='ocrx_word' id='word_1_789' title='bbox 3005 3797 3236 3852; x_wconf 84' lang='lat' dir='ltr'><strong>dicimus</strong></span> <span class='ocrx_word' id='word_1_790' title='bbox 3283 3798 3338 3853; x_wconf 90' lang='lat' dir='ltr'><strong>in</strong></span> <span class='ocrx_word' id='word_1_791' title='bbox 3382 3802 3666 3853; x_wconf 83' lang='lat' dir='ltr'><strong>oratione:</strong></span> 
     </span>
    </p>
   </div>
   <div class='ocr_carea' id='block_1_105' title="bbox 2095 3880 3667 3952">
    <p class='ocr_par' dir='ltr' id='par_1_105' title="bbox 2095 3880 3667 3952">
     <span class='ocr_line' id='line_1_106' title="bbox 2095 3880 3667 3952; baseline 0.006 -17"><span class='ocrx_word' id='word_1_792' title='bbox 2095 3880 2222 3937; x_wconf 81' lang='lat' dir='ltr'><strong>Fiat</strong></span> <span class='ocrx_word' id='word_1_793' title='bbox 2243 3882 2482 3937; x_wconf 72' lang='lat' dir='ltr'><strong>uoluntas</strong></span> <span class='ocrx_word' id='word_1_794' title='bbox 2507 3893 2634 3949; x_wconf 75' lang='lat' dir='ltr'><strong>tua,</strong></span> <span class='ocrx_word' id='word_1_795' title='bbox 2669 3886 2803 3939; x_wconf 86' lang='lat' dir='ltr'><strong>sicut</strong></span> <span class='ocrx_word' id='word_1_796' title='bbox 2835 3886 2891 3941; x_wconf 82' lang='lat' dir='ltr'><strong>in</strong></span> <span class='ocrx_word' id='word_1_797' title='bbox 2918 3886 3076 3952; x_wconf 70' lang='lat' dir='ltr'><strong>calo,</strong></span> <span class='ocrx_word' id='word_1_798' title='bbox 3106 3897 3154 3942; x_wconf 81' lang='lat' dir='ltr'><strong>et</strong></span> <span class='ocrx_word' id='word_1_799' title='bbox 3179 3889 3234 3942; x_wconf 84' lang='lat' dir='ltr'><strong>in</strong></span> <span class='ocrx_word' id='word_1_800' title='bbox 3253 3898 3417 3943; x_wconf 81' lang='lat' dir='ltr'><strong>terra.</strong></span> <span class='ocrx_word' id='word_1_801' title='bbox 3454 3902 3480 3929; x_wconf 70' lang='grc' dir='ltr'><strong>ι</strong></span> <span class='ocrx_word' id='word_1_802' title='bbox 3509 3890 3667 3945; x_wconf 83' lang='lat' dir='ltr'><strong>Terra</strong></span> 
     </span>
    </p>
   </div>
   <div class='ocr_carea' id='block_1_106' title="bbox 2092 3971 3667 4041">
    <p class='ocr_par' dir='ltr' id='par_1_106' title="bbox 2092 3971 3667 4041">
     <span class='ocr_line' id='line_1_107' title="bbox 2092 3971 3667 4041; baseline 0.003 -14"><span class='ocrx_word' id='word_1_803' title='bbox 2092 3971 2239 4029; x_wconf 85' lang='lat' dir='ltr'><strong>enim</strong></span> <span class='ocrx_word' id='word_1_804' title='bbox 2262 3979 2346 4027; x_wconf 89' lang='lat' dir='ltr'><strong>est</strong></span> <span class='ocrx_word' id='word_1_805' title='bbox 2374 3987 2573 4041; x_wconf 85' lang='lat' dir='ltr'><strong>corpus</strong></span> <span class='ocrx_word' id='word_1_806' title='bbox 2600 3982 2867 4039; x_wconf 87' lang='lat' dir='ltr'><strong>nostrum,</strong></span> <span class='ocrx_word' id='word_1_807' title='bbox 2900 3978 2987 4031; x_wconf 83' lang='lat' dir='ltr'><strong>cui</strong></span> <span class='ocrx_word' id='word_1_808' title='bbox 3020 3976 3153 4032; x_wconf 86' lang='lat' dir='ltr'><strong>dicit</strong></span> <span class='ocrx_word' id='word_1_809' title='bbox 3182 3977 3446 4033; x_wconf 76' lang='lat' dir='ltr'><strong>Douiinus</strong></span> <span class='ocrx_word' id='word_1_810' title='bbox 3473 3995 3488 4033; x_wconf 91' lang='lat'><strong>:</strong></span> <span class='ocrx_word' id='word_1_811' title='bbox 3517 3979 3667 4033; x_wconf 82' lang='lat' dir='ltr'><strong>Terra</strong></span> 
     </span>
    </p>
   </div>
   <div class='ocr_carea' id='block_1_107' title="bbox 2093 4062 3666 4139">
    <p class='ocr_par' dir='ltr' id='par_1_107' title="bbox 2093 4062 3666 4139">
     <span class='ocr_line' id='line_1_108' title="bbox 2093 4062 3666 4139; baseline 0.004 -25"><span class='ocrx_word' id='word_1_812' title='bbox 2093 4077 2178 4125; x_wconf 87' lang='lat' dir='ltr'><strong>es,</strong></span> <span class='ocrx_word' id='word_1_813' title='bbox 2211 4070 2259 4115; x_wconf 86' lang='lat' dir='ltr'><strong>et</strong></span> <span class='ocrx_word' id='word_1_814' title='bbox 2298 4063 2353 4116; x_wconf 83' lang='lat' dir='ltr'><strong>in</strong></span> <span class='ocrx_word' id='word_1_815' title='bbox 2390 4072 2584 4117; x_wconf 89' lang='lat' dir='ltr'><strong>terram</strong></span> <span class='ocrx_word' id='word_1_816' title='bbox 2619 4064 2717 4118; x_wconf 88' lang='lat' dir='ltr'><strong>ibis</strong></span> <span class='ocrx_word' id='word_1_817' title='bbox 2755 4062 2907 4135; x_wconf 76' lang='lat' dir='ltr'><strong>(Cen.</strong></span> <span class='ocrx_word' id='word_1_818' title='bbox 2944 4065 3049 4138; x_wconf 89' lang='grc' dir='ltr'>ιιι).</span> <span class='ocrx_word' id='word_1_819' title='bbox 3080 4066 3214 4135; x_wconf 84' lang='lat' dir='ltr'><strong>Quia</strong></span> <span class='ocrx_word' id='word_1_820' title='bbox 3250 4072 3430 4122; x_wconf 73' lang='lat' dir='ltr'><strong>omnis</strong></span> <span class='ocrx_word' id='word_1_821' title='bbox 3461 4069 3666 4139; x_wconf 82' lang='lat' dir='ltr'><strong>propria</strong></span> 
     </span>
    </p>
   </div>
   <div class='ocr_carea' id='block_1_108' title="bbox 2093 4153 3666 4227">
    <p class='ocr_par' dir='ltr' id='par_1_108' title="bbox 2093 4153 3666 4227">
     <span class='ocr_line' id='line_1_109' title="bbox 2093 4153 3666 4227; baseline 0.004 -20"><span class='ocrx_word' id='word_1_822' title='bbox 2093 4153 2342 4211; x_wconf 80' lang='lat' dir='ltr'><strong>voluntas</strong></span> <span class='ocrx_word' id='word_1_823' title='bbox 2371 4156 2607 4213; x_wconf 87' lang='lat' dir='ltr'><strong>carnalis</strong></span> <span class='ocrx_word' id='word_1_824' title='bbox 2635 4165 2752 4220; x_wconf 88' lang='lat' dir='ltr'><strong>est,</strong></span> <span class='ocrx_word' id='word_1_825' title='bbox 2784 4168 2840 4211; x_wconf 94' lang='lat' dir='ltr'><strong>et</strong></span> <span class='ocrx_word' id='word_1_826' title='bbox 2867 4174 2897 4212; x_wconf 93' lang='lat' dir='ltr'><strong>a</strong></span> <span class='ocrx_word' id='word_1_827' title='bbox 2924 4173 3155 4227; x_wconf 86' lang='lat' dir='ltr'><strong>corpore</strong></span> <span class='ocrx_word' id='word_1_828' title='bbox 3193 4161 3483 4215; x_wconf 89' lang='lat' dir='ltr'><strong>descendit</strong></span> <span class='ocrx_word' id='word_1_829' title='bbox 3506 4201 3522 4223; x_wconf 88' lang='lat'><strong>,</strong></span> <span class='ocrx_word' id='word_1_830' title='bbox 3555 4162 3666 4215; x_wconf 80' lang='lat' dir='ltr'><strong>ideo</strong></span> 
     </span>
    </p>
   </div>
   <div class='ocr_carea' id='block_1_109' title="bbox 2093 4244 3665 4320">
    <p class='ocr_par' dir='ltr' id='par_1_109' title="bbox 2093 4244 3665 4320">
     <span class='ocr_line' id='line_1_110' title="bbox 2093 4244 3665 4320; baseline 0.004 -23"><span class='ocrx_word' id='word_1_831' title='bbox 2093 4259 2192 4298; x_wconf 90' lang='lat' dir='ltr'><strong>nos</strong></span> <span class='ocrx_word' id='word_1_832' title='bbox 2214 4246 2360 4315; x_wconf 86' lang='lat' dir='ltr'><strong>cogit</strong></span> <span class='ocrx_word' id='word_1_833' title='bbox 2387 4244 2405 4284; x_wconf 73' lang='grc' dir='ltr'>ί</span> <span class='ocrx_word' id='word_1_834' title='bbox 2433 4246 2687 4301; x_wconf 88' lang='lat' dir='ltr'><strong>illecebra</strong></span> <span class='ocrx_word' id='word_1_835' title='bbox 2721 4256 2775 4301; x_wconf 91' lang='lat' dir='ltr'><strong>et</strong></span> <span class='ocrx_word' id='word_1_836' title='bbox 2802 4247 2998 4316; x_wconf 74' lang='lat' dir='ltr'><strong>injusta</strong></span> <span class='ocrx_word' id='word_1_837' title='bbox 3037 4251 3379 4306; x_wconf 78' lang='lat' dir='ltr'><strong>committere</strong></span> <span class='ocrx_word' id='word_1_838' title='bbox 3409 4253 3438 4291; x_wconf 71' lang='grc' dir='ltr'><strong>ε</strong></span> <span class='ocrx_word' id='word_1_839' title='bbox 3466 4268 3584 4320; x_wconf 81' lang='lat' dir='ltr'><strong>qua:</strong></span> <span class='ocrx_word' id='word_1_840' title='bbox 3605 4251 3665 4304; x_wconf 86' lang='lat' dir='ltr'><strong>ad</strong></span> 
     </span>
    </p>
   </div>
   <div class='ocr_carea' id='block_1_110' title="bbox 2096 4341 3665 4413">
    <p class='ocr_par' dir='ltr' id='par_1_110' title="bbox 2096 4341 3665 4413">
     <span class='ocr_line' id='line_1_111' title="bbox 2096 4341 3665 4413; baseline 0.002 -18"><span class='ocrx_word' id='word_1_841' title='bbox 2096 4348 2307 4409; x_wconf 84' lang='lat' dir='ltr'><strong>tempus</strong></span> <span class='ocrx_word' id='word_1_842' title='bbox 2330 4355 2553 4410; x_wconf 85' lang='lat' dir='ltr'><strong>parvum</strong></span> <span class='ocrx_word' id='word_1_843' title='bbox 2595 4341 2719 4395; x_wconf 76' lang='lat' dir='ltr'><strong>vita:</strong></span> <span class='ocrx_word' id='word_1_844' title='bbox 2749 4342 2908 4412; x_wconf 86' lang='lat' dir='ltr'><strong>hujus</strong></span> <span class='ocrx_word' id='word_1_845' title='bbox 2953 4344 3103 4407; x_wconf 78' lang='lat' dir='ltr'><strong>carui</strong></span> <span class='ocrx_word' id='word_1_846' title='bbox 3131 4359 3229 4413; x_wconf 87' lang='lat' dir='ltr'><strong>per</strong></span> <span class='ocrx_word' id='word_1_847' title='bbox 3256 4345 3527 4400; x_wconf 83' lang='lat' dir='ltr'><strong>desideria</strong></span> <span class='ocrx_word' id='word_1_848' title='bbox 3556 4361 3665 4413; x_wconf 56' lang='lat' dir='ltr'><strong>ese</strong></span> 
     </span>
    </p>
   </div>
   <div class='ocr_carea' id='block_1_111' title="bbox 2094 4495 3662 4569">
    <p class='ocr_par' dir='ltr' id='par_1_111' title="bbox 2094 4495 3662 4569">
     <span class='ocr_line' id='line_1_112' title="bbox 2094 4495 3662 4569; baseline 0.007 -21"><span class='ocrx_word' id='word_1_849' title='bbox 2094 4495 2255 4569; x_wconf 64' lang='lat' dir='ltr'><strong>stitia,</strong></span> <span class='ocrx_word' id='word_1_850' title='bbox 2279 4495 2574 4569; x_wconf 54' lang='lat' dir='ltr'><strong>interanea,</strong></span> <span class='ocrx_word' id='word_1_851' title='bbox 2595 4506 2736 4569; x_wconf 63' lang='lat' dir='ltr'><strong>easta,</strong></span> <span class='ocrx_word' id='word_1_852' title='bbox 2774 4499 2986 4569; x_wconf 67' lang='grc' dir='ltr'><strong>ἔγκατᾳ.</strong></span> <span class='ocrx_word' id='word_1_853' title='bbox 3021 4499 3131 4555; x_wconf 79' lang='lat' dir='ltr'><strong>Lex</strong></span> <span class='ocrx_word' id='word_1_854' title='bbox 3163 4498 3339 4555; x_wconf 71' lang='lat' dir='ltr'><strong>Salica</strong></span> <span class='ocrx_word' id='word_1_855' title='bbox 3370 4501 3543 4557; x_wconf 84' lang='lat' dir='ltr'><strong>dicit:</strong></span> <span class='ocrx_word' id='word_1_856' title='bbox 3578 4500 3662 4554; x_wconf 71' lang='lat' dir='ltr'><strong>Iit-</strong></span> 
     </span>
    </p>
   </div>
   <div class='ocr_carea' id='block_1_112' title="bbox 2093 4564 3663 4637">
    <p class='ocr_par' dir='ltr' id='par_1_112' title="bbox 2093 4564 3663 4637">
     <span class='ocr_line' id='line_1_113' title="bbox 2093 4564 3663 4637; baseline 0.004 -20"><span class='ocrx_word' id='word_1_857' title='bbox 2093 4566 2292 4637; x_wconf 78' lang='lat' dir='ltr'><strong>trum‘a,</strong></span> <span class='ocrx_word' id='word_1_858' title='bbox 2323 4567 2404 4618; x_wconf 86' lang='lat' dir='ltr'><strong>tit.</strong></span> <span class='ocrx_word' id='word_1_859' title='bbox 2444 4564 2526 4629; x_wconf 85' lang='lat' dir='ltr'><strong>l9,</strong></span> <span class='ocrx_word' id='word_1_860' title='bbox 2553 4566 2635 4637; x_wconf 75' lang='lat'><strong>§5</strong></span> <span class='ocrx_word' id='word_1_861' title='bbox 2666 4585 2677 4619; x_wconf 92' lang='lat'><strong>:</strong></span> <span class='ocrx_word' id='word_1_862' title='bbox 2715 4588 2731 4617; x_wconf 78' lang='grc' dir='ltr'><strong>ι</strong></span> <span class='ocrx_word' id='word_1_863' title='bbox 2768 4564 2822 4622; x_wconf 84' lang='lat' dir='ltr'><strong>Si</strong></span> <span class='ocrx_word' id='word_1_864' title='bbox 2851 4566 2976 4623; x_wconf 84' lang='lat' dir='ltr'><strong>\ero</strong></span> <span class='ocrx_word' id='word_1_865' title='bbox 3007 4570 3148 4624; x_wconf 77' lang='lat' dir='ltr'><strong>intra</strong></span> <span class='ocrx_word' id='word_1_866' title='bbox 3172 4582 3353 4626; x_wconf 86' lang='lat' dir='ltr'><strong>costas</strong></span> <span class='ocrx_word' id='word_1_867' title='bbox 3382 4573 3566 4627; x_wconf 82' lang='lat' dir='ltr'><strong>nullus</strong></span> <span class='ocrx_word' id='word_1_868' title='bbox 3590 4572 3663 4624; x_wconf 86' lang='lat' dir='ltr'><strong>in—</strong></span> 
     </span>
    </p>
   </div>
   <div class='ocr_carea' id='block_1_113' title="bbox 2095 4635 3658 4755">
    <p class='ocr_par' dir='ltr' id='par_1_113' title="bbox 2095 4635 3658 4755">
     <span class='ocr_line' id='line_1_114' title="bbox 2095 4635 3658 4755; baseline 0.005 -66"><span class='ocrx_word' id='word_1_869' title='bbox 2095 4635 2341 4755; x_wconf 61' lang='lat' dir='ltr'><strong>traverilt,</strong></span> <span class='ocrx_word' id='word_1_870' title='bbox 2377 4646 2431 4688; x_wconf 90' lang='lat' dir='ltr'><strong>et</strong></span> <span class='ocrx_word' id='word_1_871' title='bbox 2459 4635 2628 4704; x_wconf 61' lang='lat' dir='ltr'><strong>usque</strong></span> <span class='ocrx_word' id='word_1_872' title='bbox 2659 4638 2725 4692; x_wconf 83' lang='lat' dir='ltr'><strong>ad</strong></span> <span class='ocrx_word' id='word_1_873' title='bbox 2760 4638 2994 4713; x_wconf 78' lang='lat' dir='ltr'><strong>iutrania</strong></span> <span class='ocrx_word' id='word_1_874' title='bbox 3020 4642 3351 4709; x_wconf 83' lang='lat' dir='ltr'><strong>pervenerit.</strong></span> <span class='ocrx_word' id='word_1_875' title='bbox 3387 4661 3408 4694; x_wconf 74' lang='grc' dir='ltr'><strong>ι</strong></span> <span class='ocrx_word' id='word_1_876' title='bbox 3447 4641 3658 4703; x_wconf 82' lang='lat' dir='ltr'><strong>G..llice,</strong></span> 
     </span>
     <span class='ocr_line' id='line_1_115' title="bbox 2095 4714 2378 4755; baseline 0 0"><span class='ocrx_word' id='word_1_877' title='bbox 2095 4714 2277 4755; x_wconf 71' lang='grc' dir='ltr'><strong>εηῑηιιε</strong></span> <span class='ocrx_word' id='word_1_878' title='bbox 2306 4722 2378 4755; x_wconf 84' lang='lat' dir='ltr'><strong>es.</strong></span> 
     </span>
    </p>
   </div>
   <div class='ocr_carea' id='block_1_114' title="bbox 2092 4714 2378 4757">
    <p class='ocr_par' dir='ltr' id='par_1_114' title="bbox 2092 4714 2378 4757">
     <span class='ocr_line' id='line_1_116' title="bbox 2092 4714 2378 4757; baseline 0 0"><span class='ocrx_word' id='word_1_879' title='bbox 2092 4714 2378 4757; x_wconf 70' lang='lat' dir='ltr'><strong>entratr&#39;les.</strong></span> 
     </span>
    </p>
   </div>
   <div class='ocr_carea' id='block_1_115' title="bbox 2164 4771 3276 4849">
    <p class='ocr_par' dir='ltr' id='par_1_115' title="bbox 2164 4771 3276 4849">
     <span class='ocr_line' id='line_1_117' title="bbox 2164 4771 3276 4849; baseline 0.007 -24"><span class='ocrx_word' id='word_1_880' title='bbox 2164 4771 2190 4811; x_wconf 75' lang='grc' dir='ltr'>ἀ</span> <span class='ocrx_word' id='word_1_881' title='bbox 2225 4772 2624 4849; x_wconf 55' lang='lat' dir='ltr'><strong>Subsequent“.</strong></span> <span class='ocrx_word' id='word_1_882' title='bbox 2650 4776 2704 4831; x_wconf 93' lang='lat' dir='ltr'><strong>ld</strong></span> <span class='ocrx_word' id='word_1_883' title='bbox 2735 4785 2841 4842; x_wconf 90' lang='lat' dir='ltr'><strong>est,</strong></span> <span class='ocrx_word' id='word_1_884' title='bbox 2867 4788 3276 4849; x_wconf 67' lang='lat' dir='ltr'><strong>persequentes,</strong></span> 
     </span>
    </p>
   </div>
   <div class='ocr_carea' id='block_1_116' title="bbox 2171 4841 3661 4919">
    <p class='ocr_par' dir='ltr' id='par_1_116' title="bbox 2171 4841 3661 4919">
     <span class='ocr_line' id='line_1_118' title="bbox 2171 4841 3661 4919; baseline 0.007 -24"><span class='ocrx_word' id='word_1_885' title='bbox 2171 4853 2208 4919; x_wconf 44' lang='grc' dir='ltr'><strong>ε.</strong></span> <span class='ocrx_word' id='word_1_886' title='bbox 2226 4841 2386 4919; x_wconf 68' lang='lat' dir='ltr'><strong>Tet&#39;ra</strong></span> <span class='ocrx_word' id='word_1_887' title='bbox 2407 4841 2550 4919; x_wconf 73' lang='lat' dir='ltr'><strong>enim</strong></span> <span class='ocrx_word' id='word_1_888' title='bbox 2573 4858 2644 4919; x_wconf 82' lang='lat' dir='ltr'><strong>est</strong></span> <span class='ocrx_word' id='word_1_889' title='bbox 2671 4841 2884 4919; x_wconf 51' lang='lat' dir='ltr'><strong>corpus:</strong></span> <span class='ocrx_word' id='word_1_890' title='bbox 2914 4847 2989 4903; x_wconf 68' lang='lat' dir='ltr'><strong>ita</strong></span> <span class='ocrx_word' id='word_1_891' title='bbox 3022 4841 3165 4905; x_wconf 43' lang='lat' dir='ltr'><strong>idem</strong></span> <span class='ocrx_word' id='word_1_892' title='bbox 3193 4841 3451 4919; x_wconf 77' lang='lat' dir='ltr'><strong>Magister</strong></span> <span class='ocrx_word' id='word_1_893' title='bbox 3487 4853 3539 4906; x_wconf 87' lang='lat' dir='ltr'><strong>in</strong></span> <span class='ocrx_word' id='word_1_894' title='bbox 3574 4867 3661 4905; x_wconf 77' lang='lat' dir='ltr'><strong>ex—</strong></span> 
     </span>
    </p>
   </div>
   <div class='ocr_carea' id='block_1_117' title="bbox 2094 4913 3663 4991">
    <p class='ocr_par' dir='ltr' id='par_1_117' title="bbox 2094 4913 3663 4991">
     <span class='ocr_line' id='line_1_119' title="bbox 2094 4913 3663 4991; baseline 0.004 -25"><span class='ocrx_word' id='word_1_895' title='bbox 2094 4913 2361 4991; x_wconf 80' lang='lat' dir='ltr'><strong>positione</strong></span> <span class='ocrx_word' id='word_1_896' title='bbox 2389 4915 2654 4991; x_wconf 79' lang='lat' dir='ltr'><strong>orationis</strong></span> <span class='ocrx_word' id='word_1_897' title='bbox 2684 4913 2997 4991; x_wconf 69' lang='lat' dir='ltr'><strong>Dominicm,</strong></span> <span class='ocrx_word' id='word_1_898' title='bbox 3023 4936 3185 4990; x_wconf 82' lang='lat' dir='ltr'><strong>quam</strong></span> <span class='ocrx_word' id='word_1_899' title='bbox 3219 4913 3400 4991; x_wconf 67' lang='lat' dir='ltr'><strong>posuit</strong></span> <span class='ocrx_word' id='word_1_900' title='bbox 3439 4931 3564 4991; x_wconf 80' lang='lat' dir='ltr'><strong>post</strong></span> <span class='ocrx_word' id='word_1_901' title='bbox 3590 4936 3663 4973; x_wconf 84' lang='lat' dir='ltr'><strong>re-</strong></span> 
     </span>
    </p>
   </div>
   <div class='ocr_carea' id='block_1_118' title="bbox 2095 4984 3659 5056">
    <p class='ocr_par' dir='ltr' id='par_1_118' title="bbox 2095 4984 3659 5056">
     <span class='ocr_line' id='line_1_120' title="bbox 2095 4984 3659 5056; baseline 0.008 -24"><span class='ocrx_word' id='word_1_902' title='bbox 2095 4984 2231 5052; x_wconf 67' lang='lat' dir='ltr'><strong>gula:</strong></span> <span class='ocrx_word' id='word_1_903' title='bbox 2256 5000 2373 5056; x_wconf 69' lang='lat' dir='ltr'><strong>sua:</strong></span> <span class='ocrx_word' id='word_1_904' title='bbox 2392 4984 2668 5056; x_wconf 80' lang='lat' dir='ltr'><strong>prologum</strong></span> <span class='ocrx_word' id='word_1_905' title='bbox 2698 5028 2710 5039; x_wconf 92' lang='lat'><strong>.</strong></span> <span class='ocrx_word' id='word_1_906' title='bbox 2743 5005 2762 5038; x_wconf 77' lang='grc' dir='ltr'><strong>ι</strong></span> <span class='ocrx_word' id='word_1_907' title='bbox 2794 4986 2869 5042; x_wconf 87' lang='lat' dir='ltr'><strong>Ita</strong></span> <span class='ocrx_word' id='word_1_908' title='bbox 2893 4999 2939 5042; x_wconf 84' lang='lat' dir='ltr'><strong>et</strong></span> <span class='ocrx_word' id='word_1_909' title='bbox 2971 4984 3405 5055; x_wconf 43' lang='lat' dir='ltr'><strong>interrafdixit.</strong></span> <span class='ocrx_word' id='word_1_910' title='bbox 3440 4984 3546 5047; x_wconf 70' lang='lat' dir='ltr'><strong>hoc</strong></span> <span class='ocrx_word' id='word_1_911' title='bbox 3567 4998 3659 5045; x_wconf 56' lang='lat' dir='ltr'><strong>at.</strong></span> 
     </span>
    </p>
   </div>
   <div class='ocr_carea' id='block_1_119' title="bbox 2097 5054 3660 5123">
    <p class='ocr_par' dir='ltr' id='par_1_119' title="bbox 2097 5054 3660 5123">
     <span class='ocr_line' id='line_1_121' title="bbox 2097 5054 3660 5123; baseline 0.004 -16"><span class='ocrx_word' id='word_1_912' title='bbox 2097 5054 2340 5122; x_wconf 84' lang='lat' dir='ltr'><strong>corporis</strong></span> <span class='ocrx_word' id='word_1_913' title='bbox 2372 5056 2538 5109; x_wconf 83' lang='lat' dir='ltr'><strong>nostri</strong></span> <span class='ocrx_word' id='word_1_914' title='bbox 2554 5054 2819 5119; x_wconf 78' lang='lat' dir='ltr'><strong>machina</strong></span> <span class='ocrx_word' id='word_1_915' title='bbox 2843 5059 2909 5112; x_wconf 89' lang='lat' dir='ltr'><strong>de</strong></span> <span class='ocrx_word' id='word_1_916' title='bbox 2936 5059 3063 5123; x_wconf 82' lang='lat' dir='ltr'><strong>limo</strong></span> <span class='ocrx_word' id='word_1_917' title='bbox 3095 5069 3254 5116; x_wconf 65' lang='lat' dir='ltr'><strong>terra:</strong></span> <span class='ocrx_word' id='word_1_918' title='bbox 3293 5054 3553 5122; x_wconf 74' lang='lat' dir='ltr'><strong>tenuata.</strong></span> <span class='ocrx_word' id='word_1_919' title='bbox 3584 5059 3660 5114; x_wconf 88' lang='lat' dir='ltr'><strong>cui</strong></span> 
     </span>
    </p>
   </div>
   <div class='ocr_carea' id='block_1_120' title="bbox 2094 5124 3666 5247">
    <p class='ocr_par' dir='ltr' id='par_1_120' title="bbox 2094 5124 3666 5247">
     <span class='ocr_line' id='line_1_122' title="bbox 2094 5124 3666 5247; baseline 0.004 -72"><span class='ocrx_word' id='word_1_920' title='bbox 2094 5137 2190 5247; x_wconf 46' lang='lat' dir='ltr'><strong>pﬁr</strong></span> <span class='ocrx_word' id='word_1_921' title='bbox 2211 5124 2541 5179; x_wconf 79' lang='lat' dir='ltr'><strong>sententiain</strong></span> <span class='ocrx_word' id='word_1_922' title='bbox 2561 5125 2657 5182; x_wconf 82' lang='lat' dir='ltr'><strong>Dei</strong></span> <span class='ocrx_word' id='word_1_923' title='bbox 2674 5128 2878 5182; x_wconf 87' lang='lat' dir='ltr'><strong>dictum</strong></span> <span class='ocrx_word' id='word_1_924' title='bbox 2901 5138 2985 5183; x_wconf 89' lang='lat' dir='ltr'><strong>est</strong></span> <span class='ocrx_word' id='word_1_925' title='bbox 3007 5147 3020 5182; x_wconf 90' lang='lat'><strong>:</strong></span> <span class='ocrx_word' id='word_1_926' title='bbox 3048 5127 3211 5184; x_wconf 84' lang='lat' dir='ltr'><strong>Terra</strong></span> <span class='ocrx_word' id='word_1_927' title='bbox 3236 5148 3309 5195; x_wconf 85' lang='lat' dir='ltr'><strong>es,</strong></span> <span class='ocrx_word' id='word_1_928' title='bbox 3328 5141 3457 5187; x_wconf 82' lang='lat' dir='ltr'><strong>etin</strong></span> <span class='ocrx_word' id='word_1_929' title='bbox 3479 5144 3666 5186; x_wconf 76' lang='lat' dir='ltr'><strong>terram</strong></span> 
     </span>
     <span class='ocr_line' id='line_1_123' title="bbox 2095 5210 2213 5247; baseline 0 -2"><span class='ocrx_word' id='word_1_930' title='bbox 2095 5210 2113 5245; x_wconf 86' lang='grc' dir='ltr'><strong>ι</strong></span> <span class='ocrx_word' id='word_1_931' title='bbox 2151 5210 2213 5247; x_wconf 72' lang='grc' dir='ltr'><strong>ιδ.</strong></span> 
     </span>
    </p>
   </div>
   <div class='ocr_carea' id='block_1_121' title="bbox 2095 5210 2213 5251">
    <p class='ocr_par' dir='ltr' id='par_1_121' title="bbox 2095 5210 2213 5251">
     <span class='ocr_line' id='line_1_124' title="bbox 2095 5210 2213 5251; baseline 0 -6"><span class='ocrx_word' id='word_1_932' title='bbox 2095 5210 2213 5251; x_wconf 60' lang='lat' dir='ltr'><strong>ID“.</strong></span> 
     </span>
    </p>
   </div>
   <div class='ocr_carea' id='block_1_122' title="bbox 2170 5262 3560 5341">
    <p class='ocr_par' dir='ltr' id='par_1_122' title="bbox 2170 5262 3560 5341">
     <span class='ocr_line' id='line_1_125' title="bbox 2170 5262 3560 5341; baseline 0.006 -27"><span class='ocrx_word' id='word_1_933' title='bbox 2170 5262 2498 5341; x_wconf 53' lang='lat' dir='ltr'><strong>fﬂlecebra.</strong></span> <span class='ocrx_word' id='word_1_934' title='bbox 2524 5264 2600 5318; x_wconf 82' lang='lat' dir='ltr'><strong>Ita</strong></span> <span class='ocrx_word' id='word_1_935' title='bbox 2631 5266 2685 5320; x_wconf 90' lang='lat' dir='ltr'><strong>iu</strong></span> <span class='ocrx_word' id='word_1_936' title='bbox 2718 5265 2849 5335; x_wconf 84' lang='lat' dir='ltr'><strong>Reg.</strong></span> <span class='ocrx_word' id='word_1_937' title='bbox 2886 5284 2986 5322; x_wconf 89' lang='lat' dir='ltr'><strong>ms.</strong></span> <span class='ocrx_word' id='word_1_938' title='bbox 3021 5268 3197 5341; x_wconf 82' lang='lat' dir='ltr'><strong>Lege:</strong></span> <span class='ocrx_word' id='word_1_939' title='bbox 3224 5268 3560 5326; x_wconf 79' lang='lat' dir='ltr'><strong>Illecebrosa.</strong></span> 
     </span>
    </p>
   </div>
   <div class='ocr_carea' id='block_1_123' title="bbox 2171 5332 3657 5410">
    <p class='ocr_par' dir='ltr' id='par_1_123' title="bbox 2171 5332 3657 5410">
     <span class='ocr_line' id='line_1_126' title="bbox 2171 5332 3657 5410; baseline 0.002 -24"><span class='ocrx_word' id='word_1_940' title='bbox 2171 5334 2196 5372; x_wconf 72' lang='grc' dir='ltr'><strong>Β</strong></span> <span class='ocrx_word' id='word_1_941' title='bbox 2227 5332 2357 5398; x_wconf 68' lang='lat' dir='ltr'><strong>Quae</strong></span> <span class='ocrx_word' id='word_1_942' title='bbox 2404 5335 2472 5386; x_wconf 86' lang='lat' dir='ltr'><strong>ad</strong></span> <span class='ocrx_word' id='word_1_943' title='bbox 2519 5352 2753 5410; x_wconf 42' lang='lat' dir='ltr'><strong>parum):</strong></span> <span class='ocrx_word' id='word_1_944' title='bbox 2786 5332 2984 5410; x_wconf 53' lang='lat' dir='ltr'><strong>tempus</strong></span> <span class='ocrx_word' id='word_1_945' title='bbox 3022 5332 3141 5392; x_wconf 54' lang='lat' dir='ltr'><strong>vitr&#39;r</strong></span> <span class='ocrx_word' id='word_1_946' title='bbox 3168 5340 3329 5410; x_wconf 81' lang='lat' dir='ltr'><strong>hujus</strong></span> <span class='ocrx_word' id='word_1_947' title='bbox 3361 5342 3530 5401; x_wconf 84' lang='lat' dir='ltr'><strong>carni,</strong></span> <span class='ocrx_word' id='word_1_948' title='bbox 3562 5347 3657 5391; x_wconf 85' lang='lat' dir='ltr'><strong>etc.</strong></span> 
     </span>
    </p>
   </div>
   <div class='ocr_carea' id='block_1_124' title="bbox 2096 5402 3659 5480">
    <p class='ocr_par' dir='ltr' id='par_1_124' title="bbox 2096 5402 3659 5480">
     <span class='ocr_line' id='line_1_127' title="bbox 2096 5402 3659 5480; baseline 0.001 -22"><span class='ocrx_word' id='word_1_949' title='bbox 2096 5402 2270 5458; x_wconf 89' lang='lat' dir='ltr'><strong>Locus</strong></span> <span class='ocrx_word' id='word_1_950' title='bbox 2303 5402 2609 5480; x_wconf 70' lang='lat' dir='ltr'><strong>corruptus.</strong></span> <span class='ocrx_word' id='word_1_951' title='bbox 2638 5405 2694 5460; x_wconf 88' lang='lat' dir='ltr'><strong>In</strong></span> <span class='ocrx_word' id='word_1_952' title='bbox 2714 5405 2851 5480; x_wconf 57' lang='lat' dir='ltr'><strong>Reg.</strong></span> <span class='ocrx_word' id='word_1_953' title='bbox 2884 5402 2984 5480; x_wconf 68' lang='lat' dir='ltr'><strong>ius.</strong></span> <span class='ocrx_word' id='word_1_954' title='bbox 3010 5402 3472 5480; x_wconf 65' lang='lat' dir='ltr'><strong>additur&#39;verbum</strong></span> <span class='ocrx_word' id='word_1_955' title='bbox 3498 5410 3659 5463; x_wconf 77' lang='lat' dir='ltr'><strong>riden-</strong></span> 
     </span>
    </p>
   </div>
   <div class='ocr_carea' id='block_1_125' title="bbox 2094 5473 3655 5549">
    <p class='ocr_par' dir='ltr' id='par_1_125' title="bbox 2094 5473 3655 5549">
     <span class='ocr_line' id='line_1_128' title="bbox 2094 5473 3655 5549; baseline 0.001 -24"><span class='ocrx_word' id='word_1_956' title='bbox 2094 5482 2201 5549; x_wconf 81' lang='lat' dir='ltr'><strong>tur,</strong></span> <span class='ocrx_word' id='word_1_957' title='bbox 2235 5482 2398 5549; x_wconf 77' lang='lat' dir='ltr'><strong>recte.</strong></span> <span class='ocrx_word' id='word_1_958' title='bbox 2446 5473 2550 5528; x_wconf 88' lang='lat' dir='ltr'><strong>Sed</strong></span> <span class='ocrx_word' id='word_1_959' title='bbox 2593 5474 2671 5549; x_wconf 78' lang='lat' dir='ltr'><strong>ita</strong></span> <span class='ocrx_word' id='word_1_960' title='bbox 2713 5473 3039 5549; x_wconf 46' lang='lat' dir='ltr'><strong>legéiﬂuw&#39;</strong></span> <span class='ocrx_word' id='word_1_961' title='bbox 3068 5479 3146 5549; x_wconf 88' lang='lat' dir='ltr'><strong>ad</strong></span> <span class='ocrx_word' id='word_1_962' title='bbox 3195 5490 3397 5548; x_wconf 85' lang='lat' dir='ltr'><strong>tempus</strong></span> <span class='ocrx_word' id='word_1_963' title='bbox 3449 5490 3655 5549; x_wconf 75' lang='lat' dir='ltr'><strong>parvum</strong></span> 
     </span>
    </p>
   </div>
   <div class='ocr_carea' id='block_1_126' title="bbox 2093 5542 3655 5612">
    <p class='ocr_par' dir='ltr' id='par_1_126' title="bbox 2093 5542 3655 5612">
     <span class='ocr_line' id='line_1_129' title="bbox 2093 5542 3655 5612; baseline 0.006 -16"><span class='ocrx_word' id='word_1_964' title='bbox 2093 5543 2209 5598; x_wconf 74' lang='lat' dir='ltr'><strong>ritw</strong></span> <span class='ocrx_word' id='word_1_965' title='bbox 2230 5542 2388 5612; x_wconf 79' lang='lat' dir='ltr'><strong>hujus</strong></span> <span class='ocrx_word' id='word_1_966' title='bbox 2404 5559 2496 5612; x_wconf 85' lang='lat' dir='ltr'><strong>per</strong></span> <span class='ocrx_word' id='word_1_967' title='bbox 2524 5547 2700 5601; x_wconf 87' lang='lat' dir='ltr'><strong>carnis</strong></span> <span class='ocrx_word' id='word_1_968' title='bbox 2730 5542 2992 5603; x_wconf 64' lang='grc' dir='ltr'><em>αὲεὶάειὶα</em></span> <span class='ocrx_word' id='word_1_969' title='bbox 3028 5548 3268 5605; x_wconf 75' lang='lat' dir='ltr'><strong>uidentur</strong></span> <span class='ocrx_word' id='word_1_970' title='bbox 3298 5542 3417 5605; x_wconf 73' lang='lat' dir='ltr'><strong>esse</strong></span> <span class='ocrx_word' id='word_1_971' title='bbox 3449 5542 3655 5605; x_wconf 60' lang='lat' dir='ltr'><strong>dulcia.</strong></span> 
     </span>
    </p>
   </div>
   <div class='ocr_carea' id='block_1_127' title="bbox 2094 5613 2742 5683">
    <p class='ocr_par' dir='ltr' id='par_1_127' title="bbox 2094 5613 2742 5683">
     <span class='ocr_line' id='line_1_130' title="bbox 2094 5613 2742 5683; baseline 0.005 -17"><span class='ocrx_word' id='word_1_972' title='bbox 2094 5613 2362 5666; x_wconf 86' lang='lat' dir='ltr'><strong>amariora</strong></span> <span class='ocrx_word' id='word_1_973' title='bbox 2394 5613 2514 5681; x_wconf 80' lang='lat' dir='ltr'><strong>felle</strong></span> <span class='ocrx_word' id='word_1_974' title='bbox 2535 5616 2742 5683; x_wconf 78' lang='lat' dir='ltr'><strong>futura.</strong></span> 
     </span>
    </p>
   </div>
  </div>
