3948 6182
326 324 459 383 i297

1242 320 1630 380 CONCORDIA
1671 320 2124 380 REGULARUM.
2162 352 2233 363 -
2268 321 2417 377 CAP.
2457 319 2627 377 ιχγτ

3426 320 3569 380 119⁸

321 441 495 502 dulcis
517 436 756 495 amarior
784 436 908 492 felle
937 436 1118 491 futura
1160 439 1213 492 in
1243 446 1522 508 posterum
1557 446 1614 494 et
1648 438 1702 492 in
1729 443 1890 493 αξιοι-ο
1918 441 1970 497 Α
1995 436 2196 492 cularis
2221 444 2361 501 erat,
2382 451 2507 492 eum
2527 433 2772 492 diabolus
2794 450 2900 491 non
2924 436 3185 501 tentabat,
3202 433 3357 505 cujus
3378 446 3568 506 aperte

322 549 472 590 num.
496 531 730 599 Ideoque
757 527 903 585 enim
925 526 1137 598 cogitur
1164 527 1343 599 lingua
1368 536 1553 584 nostra
1584 529 1728 598 iuste
1754 536 1892 596 quo—

322 626 453 682 tidie
482 622 724 680 clamare
769 620 836 674 ad
883 619 1166 674 Dominum
1196 637 1209 672 :
1245 617 1365 674 Fiat
1407 619 1657 674 voluntas
1703 627 1794 673 tua
1837 618 1895 672 in

323 725 468 771 terra
489 699 734 781 eorpdris
762 711 953 765 nostri.
984 709 1116 777 Quae
1136 711 1385 765 voluntas
1408 727 1532 765 cum
1558 710 1721 766 fuerit
1739 710 1896 765 nobis

323 805 377 860 in
405 802 587 859 schola
616 802 928 855 monasterii
951 816 979 853 a
1006 801 1299 871 majoribus
1328 803 1547 865 tradita,
1571 811 1626 856 et
1647 816 1747 870 per
1767 800 1898 856 obe—

323 893 583 950 dientiam
616 907 644 945 a
680 891 837 946 nobis
886 889 1051 945 fuerit
1098 891 1391 961 adimpleta
1441 892 1713 960 quotidie,
1746 889 1897 959 juste

323 985 481 1039 nobis
504 982 791 1039 credamus
819 982 871 1035 in
903 981 1082 1037 futuro
1107 980 1394 1037 Dominum
1422 983 1671 1053 parcere,
1694 991 1750 1038 et
1773 998 1896 1038 con-

324 1074 555 1128 ﬁdamus
576 1073 795 1141 insuper
816 1071 992 1141 gratia
1015 1069 1131 1139 ejus
1156 1082 1317 1140 posse
1343 1086 1445 1125 nos
1471 1072 1744 1136 coronari,
1768 1072 1895 1141 quia

322 1180 416 1218 seu
441 1177 537 1232 per
564 1161 681 1234 eius
712 1162 940 1219 fecimus
979 1164 1310 1219 voluntatem
1332 1204 1348 1228 ,
1385 1176 1491 1218 non
1541 1162 1813 1226 nostram,
1843 1160 1899 1218 et

323 1270 598 1325 nunquam
648 1270 746 1309 nos
790 1253 1057 1309 desilcrla
1102 1256 1282 1309 carnis
1332 1256 1667 1325 praetulimus
1723 1255 1895 1310 amori

323 1340 474 1411 ejus;
509 1350 563 1397 et
604 1345 823 1413 propter
864 1350 985 1397 enin
1029 1343 1194 1398 etiam
1236 1344 1408 1412 parati
1452 1359 1639 1400 sumus
1670 1345 1898 1413 perdere

324 1433 536 1488 animas
564 1432 778 1488 nostras
813 1434 866 1487 in
905 1436 1155 1503 praesenti
1197 1436 1470 1506 tempore,
1500 1445 1561 1491 ut
1589 1448 1898 1492 mereamur

323 1542 420 1581 eas
459 1524 512 1579 in
558 1520 739 1579 futuro
782 1523 1024 1579 invenire
1051 1527 1172 1580 etim
1205 1526 1339 1596 ipso.
1367 1526 1507 1595 Ergo
1537 1526 1802 1581 accedens
1830 1524 1899 1581 ad

325 1618 572 1673 timorem
598 1615 691 1671 Dei
716 1614 913 1686 aliquis
935 1618 989 1672 in
1014 1619 1344 1673 monasterio
1366 1619 1588 1688 cupiens
1618 1617 1894 1683 converti,

326 1708 409 1762 vel
441 1704 622 1760 volens
649 1721 771 1761 esse
796 1705 1108 1777 discipulus,
1138 1706 1241 1761 hoc
1276 1706 1328 1761 ei
1353 1722 1453 1776 pro
1476 1706 1708 1761 Domino
1746 1704 1895 1760 futu-

1993 542 2208 598 semper
2233 526 2561 583 voluntatem
2588 524 2833 595 perfecit,
2859 541 2980 580 cum
3002 524 3118 594 ejus
3136 526 3415 599 operarius
3430 524 3561 592 fuit;

1993 617 2088 673 sed
2116 633 2184 673 ex
2212 632 2320 687 quo
2346 632 2405 673 se
2431 633 2463 672 a
2498 616 2699 671 diaboli
2728 617 3074 672 suasionibus
3114 618 3198 672 vel
3229 617 3419 673 militia
3456 632 3562 674 ste-

1993 708 2162 764 culari
2190 710 2259 763 ad
2290 710 2537 764 timorem
2572 709 2668 763 Dei
2701 709 2755 764 in
2778 709 3060 764 servitium
3088 708 3289 765 Christi
3319 710 3562 776 tradidit,

1994 804 2300 858 certissime
2336 803 2405 856 ah
2443 817 2506 857 ea
2544 802 2632 857 die
2677 801 2949 856 diabolum
2981 803 3082 857 sibi
3112 786 3389 857 inimicum
3429 802 3579 858 sciat:

1994 893 2280 959 effectum,
2321 907 2481 959 quem
2528 907 2650 946 cum
2698 893 2896 947 saeculo
2940 909 3039 948 suo
3071 904 3291 963 prepter
3318 894 3564 948 timorem

1994 984 2211 1040 Domini
2243 982 2548 1050 dereliquit.
2575 982 2717 1049 Ergo
2758 990 2866 1037 tam
2904 983 3060 1038 facile
3102 984 3422 1054 ingredienti
3460 999 3565 1039 non

1996 1073 2156 1128 debet
2185 1072 2354 1136 credi,
2385 1072 2492 1125 nisi
2524 1071 2774 1127 videatur
2798 1073 2843 1126 si
2875 1074 3017 1141 quod
3052 1074 3329 1141 promittit
3347 1074 3527 1128 verbis
3550 1113 3565 1138 .

1996 1163 2153 1219 factis
2180 1162 2469 1233 adimplet,
2496 1162 2711 1218 dicente
2739 1162 3020 1232 Scriptura
3043 1181 3057 1218 :
3090 1162 3269 1217 Nolite
3297 1165 3439 1217 omni
3463 1164 3571 1234 spi—

1998 1254 2124 1307 ritui
2154 1250 2426 1317 credere,d
2450 1251 2540 1306 sed
2569 1253 2717 1322 prius
2742 1252 2956 1322 probate
2986 1251 3037 1322 (Ι
3064 1251 3228 1306 Joan.
3259 1251 3356 1320 tv).
3382 1250 3449 1306 Et
3475 1251 3571 1306 ite-

1998 1361 2152 1402 rum:
2180 1345 2319 1412 Quia
2343 1345 2496 1401 multi
2522 1345 2591 1397 ad
2620 1362 2707 1399 vos
2727 1346 2934 1399 veniunt
2965 1343 3019 1397 in
3043 1344 3225 1398 vestitu
3257 1344 3450 1408 ovium,
3486 1344 3569 1397 in-

1998 1444 2083 1489 tus
2108 1440 2282 1488 autem
2322 1432 2433 1503 lupi
2472 1449 2686 1504 rapaces
2724 1432 2938 1504 (Matth.
2974 1431 3097 1501 vn).
3128 1431 3264 1486 Vide
3290 1445 3420 1502 ergo
3443 1431 3570 1501 quia

1998 1526 2218 1581 causam
2246 1523 2344 1579 Dei
2370 1531 2527 1579 caute
2557 1538 2655 1578 nos
2670 1522 2825 1591 jubet
2850 1537 3011 1593 agere
3036 1521 3352 1593 Scriptura,
3381 1531 3435 1576 ul
3462 1539 3570 1578 non

2000 1614 2250 1669 mittatur
2276 1620 2524 1669 sanctum
2555 1614 2807 1677 canibus,
2837 1627 2939 1667 nee
2972 1612 3277 1682 margaritae
3318 1613 3571 1682 pretiosa:

2001 1716 2128 1760 ante
2154 1719 2381 1774 porcos;
2399 1703 2493 1759 sed
2523 1718 2899 1760 monens-eum
2926 1703 3168 1773 quotidie
3193 1703 3363 1759 abbas
3385 1703 3529 1759 dicat
3553 1722 3567 1757 :

324 1815 419 1855 rus
446 1798 704 1868 magister
728 1771 1009 1869 proponat,
1035 1807 1096 1853 tit
1120 1798 1282 1869 supra
1306 1771 1559 1853 diximus.
1578 1796 1713 1864 Quia
1743 1795 1895 1867 qttid-
1923 1771 1968 1831 Β
1995 1796 2119 1861 Fili,
2153 1771 2369 1852 interim
2396 1807 2420 1836 ο
2445 1796 2563 1851 ἰδίω
2585 1812 2697 1861 res,
2726 1796 2924 1865 quibus
2945 1771 3117 1850 uteris
3143 1794 3196 1849 in
3221 1794 3569 1860 monasterio,

323 1886 451 1960 quid
474 1889 761 1959 aliouaudo
784 1888 881 1961 pro‘
911 1874 1178 1944 deSi-lerio
1201 1886 1494 1941 voluntatis
1524 1896 1634 1941 suae
1662 1885 1895 1956 appetie-

324 1987 442 2041 rat.
466 1979 603 2035 sciat
630 1966 731 2035 sibi
772 1993 929 2050 posse
956 1978 1173 2050 negari;
1211 1976 1473 2048 quidquid
1517 1977 1771 2042 noluerit,
1800 1986 1896 2031 au-

325 2058 437 2124 diat
460 2069 558 2125 sibi
588 2072 745 2138 posse
764 2056 986 2139 imponi.
1011 2080 1036 2108 ι
1059 2065 1388 2123 Ᾱηιθόεεευε
1411 2066 1459 2122 ei
1486 2066 1780 2138 peculiaria
1804 2066 1896 2121 de-

324 2166 610 2232 negeutu‘r;
639 2149 840 2230 Regula
867 2160 916 2214 ei
950 2154 1056 2214 tota
1084 2148 1312 2228 legaiur,
1345 2165 1401 2213 et
1428 2156 1587 2213 factis
1625 2156 1897 2227 implenda

348 2249 690 2304 promittatur.
718 2244 944 2304 Domum
971 2257 1251 2320 parentum
1286 2248 1352 2302 de
1388 2257 1585 2303 caatero
1619 2249 1757 2303 sciat
1790 2247 1898 2303 sibi

359 2352 444 2392 sse
480 2348 829 2403 extraneatn,
873 2334 1247 2393 inaccessibile
1290 2336 1453 2392 limen
1499 2336 1616 2406 ejus
1669 2336 1898 2392 ulterius

326 2431 524 2485 habere
547 2428 660 2497 jam
689 2422 890 2485 credat.
920 2420 1078 2494 Quia,
1106 2426 1207 2482 nisi
1232 2425 1348 2498 quis
1378 2426 1641 2498 reliquerit
1667 2434 1891 2497 patrem,

324 2531 416 2575 aut
447 2532 687 2586 matrem,
713 2520 804 2576 aut
835 2520 1049 2590 fratres,
1079 2532 1168 2576 aut
1197 2521 1433 2584 domum,
1469 2537 1572 2576 non
1595 2532 1759 2591 potest
1789 2514 1900 2577 esse

324 2607 521 2664 Christi
555 2610 865 2680 discipulu's.
895 2608 1043 2665 Citra
1067 2607 1365 2677 jussionem
1401 2609 1622 2677 majoris
1645 2625 1676 2663 a
1708 2625 1898 2664 mona-

325 2702 493 2756 sterio
522 2700 753 2757 fortasse
789 2710 894 2756 non
923 2701 1073 2755 erire
1108 2700 1265 2754 sciat.
1296 2696 1430 2755 cum
1460 2700 1574 2755 hmo
1610 2700 1791 2754 omnia
1831 2700 1900 2755 ab

332 2783 529 2845 abhate
587 2789 843 2859 praedicta
870 2788 1181 2857 premiserit
1205 2802 1265 2842 se
1298 2787 1366 2843 ad
1400 2787 1581 2842 omnia
1618 2786 1901 2848 obaudire,

325 2888 380 2936 et
413 2878 559 2949 ejus,
592 2878 678 2934 vel
718 2879 937 2951 Regulae
979 2879 1367 2934 monitionibus
1402 2880 1470 2934 ad
1508 2880 1689 2935 omnia
1741 2878 1903 2935 factis

325 2984 446 3025 esse
472 2976 741 3039 paratum,
773 2977 900 3023 tunc
925 2968 1251 3038 suscipiatur
1275 2967 1326 3022 in
1350 2966 1760 3022 monasterium.
1789 2965 1901 3022 Nec

326 3069 504 3116 tamen
534 3068 643 3115 tam
669 3059 826 3115 facile
853 3060 881 3100 δ
913 3060 1084 3114 sancti
1117 3058 1376 3129 propositi
1411 3052 1629 3113 habitus
1650 3058 1897 3128 impona-

1996 1887 2133 1943 nihil
2164 1887 2263 1943 tibi
2287 1886 2639 1958 prtej’udicant
2670 1888 2811 1957 apud
2835 1904 2961 1952 nos;
2990 1888 3086 1943 sed
3110 1888 3264 1957 prius
3289 1888 3344 1942 in
3375 1888 3573 1944 divinis

1997 1978 2274 2033 interanea
2302 1977 2483 2032 cordis
2510 1978 2589 2031 tui
2615 1978 2682 2032 de
2704 1978 3053 2033 secularibus
3080 1976 3239 2033 factis
3259 1993 3381 2033 cum
3417 1994 3575 2032 mur.-

1998 2067 2231 2132 daveris,
2253 2066 2363 2136 jam
2391 2072 2520 2123 tunc
2541 2067 2757 2124 demum
2782 2069 3019 2124 mutabis
3046 2077 3226 2124 vestes
3246 2108 3263 2134 ,
3287 2077 3347 2123 ut
3375 2069 3573 2125 merita

1990 2155 2103 2227 jam
2133 2158 2203 2212 ab
2239 2158 2491 2214 omnibus
2510 2159 2615 2214 hoe
2638 2158 2874 2215 videaris
2895 2159 2949 2214 in
2973 2174 3221 2230 corpore,
3243 2160 3389 2230 quod
3408 2176 3441 2214 a
3462 2160 3573 2217 Deo

1998 2248 2291 2319 possideris
2329 2250 2384 2303 in
2429 2257 2641 2315 mente;
2678 2257 2733 2306 et
2767 2248 2915 2318 iuste
2951 2259 3074 2320 post
3112 2238 3348 2321 pectoris
3375 2264 3572 2306 caeszim

2000 2338 2261 2393 malitiam
2292 2339 2541 2394 tondebis
2569 2347 2624 2392 et
2652 2346 2837 2409 caput.
2867 2339 2933 2393 Et
2959 2354 3081 2394 cum
3111 2339 3228 2394 haec
3245 2339 3428 2393 omnia
3455 2353 3579 2415 quia

2002 2430 2055 2485 in
2102 2427 2285 2498 regula
2331 2429 2646 2484 monasterii
2702 2429 3078 2494 continentur,
3127 2429 3181 2483 in
3239 2429 3346 2485 tuis
3397 2428 3576 2484 adhuc

1999 2517 2240 2573 vestibus
2273 2515 2511 2586 perfecte
2537 2516 2867 2586 impleveris,
2893 2525 2950 2573 et
2974 2526 3220 2574 nostrum
3247 2514 3369 2574 cum
3393 2510 3577 2575 susce-

1999 2609 2148 2679 peris
2182 2607 2444 2670 habitum,
2486 2608 2728 2663 sanctior
2766 2608 3136 2678 permanebis.
3172 2607 3305 2664 Cum
3346 2624 3479 2680 ergo
3505 2624 3573 2664 ex

2002 2697 2093 2752 illa
2131 2697 2220 2752 die
2251 2696 2435 2751 omnia
2474 2711 2598 2751 cum
2624 2697 2838 2753 caeteris
2879 2696 3138 2754 fratribus
3175 2698 3578 2768 inculpabiliter

2002 2785 2058 2841 in
2078 2785 2409 2842 monasterio
2434 2801 2532 2857 per
2554 2786 2823 2857 integrum
2853 2802 3054 2843 annum
3084 2788 3423 2859 impleverit,
3446 2786 3578 2845 tunc

2003 2876 2219 2933 demum
2241 2876 2358 2932 sine
2376 2875 2481 2931 ulla
2502 2876 2839 2933 dubitatione
2862 2878 3169 2944 tondeatur,
3195 2888 3246 2934 et
3276 2879 3326 2934 ei
3350 2877 3372 2951 [
3400 2878 3419 2917 τ
3452 2893 3578 2933 san-

2003 2967 2077 3022 cti
2102 2966 2386 3039 propositi]
2419 2976 2599 3022 vestes
2651 2974 2946 3023 mutentur.
2976 2967 3286 3024 Tondeatur
3309 2969 3453 3024 enim
3475 2969 3573 3025 sic.

2005 3051 2123 3114 Stet
2146 3054 2260 3128 ipse
2284 3046 2455 3113 frater
2480 3059 2535 3113 in
2564 3052 2744 3115 medio
2772 3056 3014 3115 oratorio
3047 3060 3284 3116 curvatis
3311 3060 3535 3133 genibus
3559 3074 3575 3114 :

324 3154 415 3205 tur
440 3164 455 3204 :
481 3156 549 3204 n’e
570 3150 636 3203 ad
663 3150 852 3204 horam
874 3148 1195 3219 promittens
1237 3147 1384 3203 fal'at
1412 3148 1464 3202 in
1491 3155 1765 3219 posterum
1787 3188 1802 3214 ,
1838 3155 1894 3205 et
1920 3137 1964 3200 C
2000 3134 2031 3191 ἕ
2053 3150 2311 3205 madente
2332 3165 2457 3206 eum
2483 3141 2699 3214 abbate,
2729 3144 3087 3221 psallentibus
3115 3150 3171 3205 in
3199 3150 3427 3206 circuitu
3449 3166 3576 3205 cun-

326 3242 426 3297 s'ub
458 3243 673 3297 nomine
699 3241 816 3297 Ovis
846 3241 1002 3312 lupus
1027 3241 1378 3313 ingrediatur.
1410 3251 1432 3280 ε
1465 3240 1601 3308 Quia
1641 3242 1765 3295 cum
1798 3248 1898 3296 sat-

395 3406 422 3435 ι
456 3390 765 3467 Antecetsus
791 3396 840 3448 ei
858 3380 1149 3466 peculiaria
1184 3396 1520 3466 denegentur.
1550 3396 1606 3450 ld
1632 3400 1751 3460 εει,
1787 3394 1896 3451 non

325 3462 594 3536 pmcedat
622 3463 775 3520 alios.

396 3553 424 3594 δ
452 3551 635 3623 sancti
663 3554 915 3623 propositi
943 3554 1152 3607 habitus
1190 3555 1508 3623 imponatur.
1549 3555 1626 3610 ita
1653 3557 1896 3622 correxi,

325 3637 447 3676 cum
482 3622 694 3678 deesset
739 3626 797 3678 τὸ
833 3624 1021 3694 sancti,
1044 3630 1127 3694 Aret
1179 3624 1237 3681 τὸ
1266 3622 1553 3694 praepositi
1595 3624 1895 3694 legeretur;

324 3694 782 3763 ex_seqne..tibus
813 3709 826 3744 :
861 3690 1112 3756 Quandiu
1159 3690 1328 3747 sancti
1373 3690 1625 3763 propositi
1651 3690 1898 3750 'habitum

327 3759 524 3815 habere
541 3770 823 3815 mereatur.

399 3859 422 3889 α
456 3848 1032 3920 Quiacumstrcularis
1061 3860 1191 3915 erat,
1218 3860 1325 3907 etc.
1350 3851 1595 3907 Notanda
1634 3855 1895 3920 doctrina,

324 3933 411 3995 ne_
438 3919 560 3995 quis
604 3918 887 3995 incipiens_
916 3934 977 3974 se
1019 3921 1271 3995 acriusa
1310 3923 1563 3995 dagmone
1597 3918 1898 3995 impugnari

325 3988 783 4051 animadvertetis,
801 3988 982 4043 animo
993 3989 1171 4044 cadat.
1190 3990 1299 4046 Nec
1320 3992 1491 4047 solum
1513 3988 1781 4057 diabolus:
1804 3996 1897 4051 sed

327 4057 490 4111 etiam
522 4057 636 4127 ipsa
667 4073 797 4112 caro
827 4058 980 4112 initio
1010 4062 1382 4116 conversionis
1416 4063 1788 4119 vehementius
1816 4067 1898 4118 in-

325 4127 521 4206 surgit,
546 4128 847 4206 pungit,ac
873 4128 1143 4206 lancinat;
1167 4137 1221 4185 et
1250 4131 1362 4206 ipsa
1398 4131 1525 4184 vitia
1549 4172 1564 4196 ,
1598 4133 1896 4206 inveterata

325 4198 489 4249 etiam
516 4198 770 4264 peccandi
799 4199 1131 4253 consuetudo
1150 4198 1360 4254 naviter
1378 4210 1670 4257 conversos
1693 4203 1901 4258 instan-

326 4266 434 4319 tius
465 4272 675 4337 urgent,
703 4274 758 4320 et
926 4268 1076 4335 prius
1097 4270 1296 4349 amica,
1328 4269 1461 4325 iiunt
1485 4271 1722 4327 inimica.
1745 4274 1899 4340 Quod

326 4333 586 4389 praeclare
617 4336 771 4389 docet
821 4338 1033 4389 siderus
1075 4337 1198 4389 hbr.
1228 4339 1294 4389 de
1331 4339 1638 4389 Conversis.
1667 4358 1785 4389 mn.
1818 4344 1853 4389 3
1880 4360 1895 4389 ε

324 4333 586 4412 praeclare
617 4336 771 4390 docet
800 4333 1033 4412 lsidorus
1075 4337 1198 4391 libr.
1228 4339 1294 4393 de
1331 4339 1639 4412 conversis,
1666 4333 1788 4412 cap:
1818 4344 1853 4397 5
1880 4360 1895 4398 :

332 4422 351 4453 ι
390 4402 623 4473 Quisque
662 4419 952 4459 conversus
983 4406 1026 4460 si
1057 4422 1180 4461 mox
1211 4410 1455 4463 carnales
1497 4402 1749 4467 stimulos
1782 4414 1898 4467 cal—

325 4466 455 4545 gare
474 4466 670 4545 cupiat,
698 4484 759 4545 et
773 4489 981 4528 summa
1009 4478 1265 4531 virtutum
1291 4479 1473 4534 subire
1502 4466 1824 4545 contendat,
1851 4484 1898 4537 si
1922 4466 1977 4532 D

328 4541 467 4595 forte
493 4541 667 4613 adhuc
694 4543 872 4613 aliqua
899 4546 1123 4601 adversa
1155 4547 1223 4601 de
1251 4548 1429 4602 carnis
1474 4550 1736 4606 molestiis
1765 4541 1896 4606 tole-

328 4617 432 4692 ra_t,
463 4624 567 4692 non
598 4610 915 4692 frangatur:
944 4618 1077 4692 quia
1090 4616 1433 4692 dispensator
1455 4619 1719 4692 bonorum
1746 4621 1897 4675 novit

327 4680 668 4752 adversitatis
701 4680 994 4752 reprimere
1025 4680 1209 4738 vitium
1239 4687 1580 4741 successione
1610 4689 1891 4743 virtutum.

326 4747 480 4803 Tunc
524 4750 693 4824 magis
740 4747 953 4824 gravari
1003 4768 1075 4824 se
1104 4755 1335 4824 quisque
1371 4755 1601 4823 impulsu
1640 4758 1895 4812 vitiorum

325 4818 590 4890 agnoscit,
620 4818 843 4890 dum'ad
882 4818 1262 4890 cognitionem~
1280 4822 1373 4875 Dei
1401 4818 1715 4880 accesserit.
1743 4827 1898 4882 Sicut

322 4887 553 4963 populus
574 4887 733 4963 lsra‘el
760 4887 1007 4963 graviore
1033 4906 1197 4963 onere
1222 4891 1291 4945 ab
1318 4891 1586 4963 Egyptiis
1614 4898 1895 4963 premitur,

324 4956 452 5034 dum
478 4971 575 5026 per
607 4956 825 5028 Moysen
865 4959 1043 5034 divina
1078 4960 1165 5013 illa
1195 4956 1439 5034 cognitio
1459 4956 1720 5034 aperitur.
1755 4956 1899 5019 Vitia

322 5026 468 5099 enim
500 5035 625 5080 ante
651 5026 1060 5099 conversionem
1085 5031 1238 5098 quasi
1264 5026 1449 5099 pacem
1472 5026 1525 5085 in
1554 5034 1770 5089 homine
1796 5035 1896 5089 ha-

321 5092 493 5148 bent:
527 5097 755 5168 quandor
790 5109 972 5151 autem
1020 5092 1391 5168 expelluntur,
1440 5104 1652 5157 acriore
1698 5104 1899 5158 virtute

320 5164 671 5242 consurgunt.
699 5164 859 5242 Fiunt
881 5178 1062 5242 autem
1088 5164 1301 5223 inimica
1324 5183 1611 5242 converso,
1627 5188 1748 5241 qua:
1774 5186 1899 5242 pec-

320 5234 492 5307 caturi
523 5234 779 5303 prospere
800 5236 1232 5299 blandiebantur,
1255 5245 1418 5307 atque
1438 5240 1565 5294 item
1589 5234 1722 5295 fiunt
1747 5234 1899 5297 blan-

321 5302 387 5375 da
417 5302 739 5375 converso,
784 5318 905 5375 qua:
948 5307 1219 5375 peccaturi
1273 5302 1497 5364 adversa
1546 5310 1888 5366 exstiterunt.

322 5366 521 5426 Multos
549 5373 709 5426 habet
738 5366 1017 5429 conﬂictus
1054 5375 1146 5428 Dei
1187 5384 1376 5432 Servus
1416 5393 1480 5434 ex
1518 5380 1892 5437 recordatione

319 5455 543 5515 operum
573 5443 967 5515 pecten-ﬂorum
989 5445 1293 5515 ,mttitiqtte
1322 5457 1442 5515 post
1480 5450 1901 5507 conversionem

317 5509 487 5563 etiam
514 5509 760 5564 nolentes
788 5524 991 5566 motum
1019 5509 1258 5570 libidinis
1293 5509 1564 5573 sustinent
1588 5537 1600 5573 :
1630 5522 1773 5575 uuod
1811 5528 1892 5575 ta.

319 5578 541 5661 menkad
570 5576 965 5661 damnationem
1004 5598 1109 5637 non
1154 5586 1417 5661 tolerant,
1458 5590 1552 5643 aed
1592 5576 1667 5644 ad
1697 5591 1891 5659 proba-

320 5648 547 5711 nonem,
575 5648 779 5703 scilicet
811 5658 870 5703 ut
900 5667 1112 5721 semper
1154 5648 1412 5711 habeant
1431 5671 1531 5727 pro
1570 5648 1888 5715 excutienda

1999 3242 2122 3297 etis.
2138 3240 2197 3295 In
2224 3248 2334 3312 quo
2354 3241 2691 3311 probationis
2712 3256 2857 3297 anno
2875 3240 3170 3311 psalmum,
3200 3241 3575 3312 antiphOnam.

1997 3392 2191 3516 inertia
2213 3389 2468 3515 thostem,
2502 3393 2591 3446 cui
2629 3392 2925 3458 resistant,
2973 3392 3265 3447 dummodo
3293 3406 3402 3447 non
3443 3407 3575 3448 con-

1997 3476 2090 3516 sen
2140 3478 2205 3516 an
2237 3499 2251 3513 .
2287 3480 2306 3513 ι

1997 3470 2251 3518 Sentiant.
2287 3480 2306 3513 ι

2067 3532 2094 3570 ἀ
2136 3529 2243 3587 Sed
2264 3531 2414 3599 prius
2440 3530 2674 3599 probate.
2699 3530 2757 3585 In
2796 3528 3048 3587 versione
3093 3532 3366 3587 communi
3403 3547 3416 3584 :
3469 3530 3577 3586 Sed

1997 3600 2213 3672 probate
2241 3600 2491 3672 Spiritus,
2518 3607 2625 3655 etc.

2074 3681 2098 3710 θ
2130 3666 2232 3723 Res
2252 3666 2386 3723 istm.
2419 3668 2475 3723 id
2504 3679 2607 3733 est,
2641 3677 2821 3724 vestes
2849 3668 3155 3724 steculares.

2075 3739 2095 3810 ς
2125 3738 2309 3810 Sancti
2330 3738 2582 3810 propositi
2608 3749 2773 3810 gestes
2799 3743 3087 3792 mutentur.
3110 3739 3189 3794 lta
3212 3738 3423 3810 indieg.
3449 3754 3573 3805 ms...

1998 3808 2095 3879 sed
2123 3808 2237 3879 llaec
2271 3807 2528 3879 vacathla
2556 3826 2568 3861 :
2596 3807 2781 3879 Sancti
2807 3810 3079 3879 prepositi,
3105 3807 3426 3865 redundant.

2070 3878 2101 3919 ι
2131 3875 2397 3931 Tondente
2434 3893 2553 3931 eum
2590 3875 2965 3934 abbateﬁOlim
3003 3894 3126 3933 cum
3155 3879 3453 3935 monachus
3478 3880 3577 3935 lia-

1997 3948 2113 4019 bitu
2148 3947 2469 4002 monachico
2499 3940 2843 4019 induebatur,
2872 3956 3001 4003 ante
3033 3950 3204 4019 altare
3236 3950 3349 4019 ipse
3379 3949 3447 4003 ab
3483 3950 3578 4003 ab.

1999 4018 2147 4089 hate,
2174 4031 2268 4089 seu
2294 4031 2324 4069 a
2347 4018 2630 4089 sacerdote
2670 4018 3015 4089 tondebatur.
3047 4018 3101 4074 ld
3130 4018 3280 4089 patet
3319 4033 3383 4074 ex
3426 4018 3576 4074 Actis

2000 4086 2061 4142 S.
2091 4086 2281 4150 Mauri,
2320 4086 2408 4140 ubi
2433 4085 2625 4141 Florus
2650 4095 2776 4141 ante
2804 4087 2974 4142 altare
3003 4085 3248 4143 habitum
3271 4089 3575 4150 suscipiens

1999 4171 2029 4210 a
2079 4155 2136 4212 S.
2170 4155 2356 4228 Mauro
2389 4157 2644 4228 tondetur
2676 4157 2859 4228 prius,
2901 4159 3094 4213 deinde
3133 4174 3164 4212 a
3195 4155 3574 4215 Theodeberto

1999 4242 2127 4309 rege
2169 4236 2225 4309 et
2254 4224 2515 4309 alliisﬂejus
2550 4224 2929 4309 optimatibus,
2976 4237 3202 4309 rogante
3243 4228 3328 4309 S._
3354 4228 3569 4309 Mauro;

1999 4294 2338 4368 ex'Actis_S..
2352 4295 2488 4351 Galli
2519 4294 2758 4367 episcopi
2797 4294 3153 4368 Arvernensis
3189 4300 3329 4368 apud
3362 4298 3420 4353 S.
3444 4297 3587 4355 Grc-

2001 4370 2208 4435 gorium
2245 4364 2638 4431 Turonensém,
2665 4364 2784 4435 cap.
2811 4366 2844 4420 6
2864 4367 2929 4421 de
2964 4367 3100 4421 Vitis
3126 4364 3350 4422 Patrum
3379 4386 3391 4422 :
3427 4386 3446 4418 ι
3482 4369 3574 4423 llle

2001 4443 2278 4506 assumpto
2312 4450 2493 4490 secum
2524 4451 2631 4490 uno
2655 4436 2878 4506 puerulo
2915 4438 3306 4506 monasterium
3346 4437 3570 4506 Qremo-

2001 4520 2166 4575 nense
2189 4498 2419 4575 expetiit
2446 4516 2601 4559 sexto
2626 4498 2788 4558 situm
2812 4504 2878 4557 ab
2896 4504 3139 4575 Arverna
3163 4507 3296 4560 urbe
3320 4498 3576 4561 milliario

2000 4574 2319 4646 suppliciter
2342 4575 2589 4628 abbatem
2628 4588 2893 4646 exorans,
2923 4574 3113 4646 u_t_sibi
3137 4586 3347 4629 comam
3378 4576 3571 4646 capitis

2002 4642 2224 4697 tondere
2271 4644 2601 4714 dignaretur.
2648 4661 2667 4695 ι
2701 4642 2906 4714 Joanne
2953 4642 3200 4705 noscito.
3253 4659 3375 4714 cap.
3427 4642 3566 4700 1'45:

1999 4719 2172 4787 Ταῦτᾳ
2201 4715 2420 4787 ἀκούσας
2448 4712 2472 4766 ὁ
2500 4713 2667 4787 ἀϐϐἆς
2709 4712 3087 4787 ἕᾷἄξατολᾳρτὸν
3115 4714 3260 4771 ἔνδον
3284 4712 3377 4771 τόὗ
3407 4732 3568 4787 μονα-

2004 4784 2216 4860 στηρίου
2235 4849 2246 4860 ⁵
2265 4784 2350 4860 irati
2374 4783 2666 4860 Δᾶπφεςίρας
2710 4785 2883 4860 εὖςόνν
2904 4781 3086 4860 δέδωκε
3130 4788 3288 4860 αὐτῷΔ
3316 4790 3373 4840 r6
3408 4781 3569 4860 ’ἆγιρν

2004 4849 2207 4921 σχῆμα,
2234 4849 2411 4922 idest,
2444 4868 2461 4902 ι
2482 4849 2583 4906 [iis
2627 4852 2824 4905 auditis
2858 4852 3036 4922 abbas
3081 4849 3322 4922 suscepit
3359 4849 3484 4908 euui
3517 4858 3568 4911 in

2005 4917 2413 4989 monasterium,
2447 4928 2501 4972 et
2534 4934 2655 4989 cum
2683 4920 3039 4985 tetendisset,
3071 4923 3220 4977 dedit
3241 4917 3293 4977 ei
3323 4931 3568 4979 sanctum
3651 4980 3661 4989 ,

2002 4985 2269 5041 habitum.
2307 5007 2326 5039 ι
2368 4987 2693 5055 Euchologio
2731 4989 3043 5044 Graecorum
3068 5031 3081 5055 ,
3113 4993 3205 5046 ubi
3246 4992 3572 5051 describitur

2001 5055 2141 5109 ratio
2185 5058 2448 5136 region-di
2492 5059 2739 5136 monachi
2769 5076 2781 5111 :
2817 5069 2875 5136 _'0
2921 5061 3086 5136 εερεᾲς
3140 5065 3369 5136 κηυρεύιι
3426 5066 3571 5136 adria

1999 5125 2360 5209 σταυροειδᾶεῇ
2392 5127 2574 5209 cst,
2605 5128 2896 5209 «sacerdos
2926 5125 3109 5209 mittet
3130 5125 3253 5209 eum
3277 5134 3330 5186 in
3354 5133 3578 5209 modum

1999 5194 2196 5250 crucis.
2238 5214 2256 5268 ε
2292 5194 2351 5249 id
2373 5195 2585 5268 videtur
2621 5198 2783 5268 etiam
2820 5199 2960 5268 apud
3001 5199 3344 5255 Theodorum
3383 5200 3570 5259 Balsa-

2001 5274 2214 5320 monem
2244 5263 2299 5318 in
2323 5280 2444 5337 can.
2470 5266 2504 5319 6
2527 5267 2721 5337 synodi
2740 5263 3199 5337 Carthaginensis,
3225 5271 3315 5325 ubi
3351 5270 3427 5325 ait
3452 5280 3573 5326 ton-

1999 5344 2153 5406 seras
2174 5335 2567 5406 monachorum
2580 5351 2738 5406 posse
2761 5339 2877 5393 tieri
2900 5353 2930 5392 a
2947 5335 3235 5393 'sacerdote
3258 5341 3571 5396 monasterii

1996 5403 2249 5474 perfecto
2268 5444 2282 5469 ,
2313 5404 2380 5456 ah
2410 5404 2518 5458 alio
2551 5403 2681 5460 vero
2710 5408 2990 5462 sacerdote
3039 5410 3305 5464 monac-ho
3348 5410 3582 5466 minimc

1997 5473 2099 5527 nisi
2130 5474 2199 5546 dc
2214 5473 2438 5546 licentia
2463 5475 2721 5546 episcopi.
2749 5476 3016 5546 Antiquus
3051 5490 3182 5533 sane
3221 5479 3358 5535 ritus
3379 5520 3393 5542 ,
3420 5488 3478 5535 et
3503 5482 3574 5537 ab

1995 5545 2304 5619 apestolicis
2332 5545 2663 5619 temporibus
2682 5545 3064 5619 derivatus,gut
3079 5558 3293 5604 constat
3314 5566 3379 5606 ex
3398 5564 3517 5619 cap.
3540 5548 3575 5605 6

1996 5612 2324 5703 liierarchia':
2354 5613 2748 5703 Ecclesiastictc
2769 5617 3126 5703 supraci'tato
3151 5637 3164 5670 :
3193 5631 3274 5703 re
3299 5612 3571 5703 araup'ort:

1995 5682 2074 5737 δεῖ
2113 5686 2259 5752 τύπῳ
2302 5683 2707 5755 apparati;sz
2741 5682 2890 5741 αὐτὶ-ο
2933 5687 2957 5742 ὁ
2996 5688 3162 5763 εὐρώς
3203 5682 3487 5763 instiga},
3518 5690 3603 5742 ἱεὲι
