3948 6182
506 305 638 363 I299

1493 306 1554 363 S.
1590 306 1951 365 BENEDICTI
1987 311 2279 368 ADBA'I'IS
2316 312 2724 370 ANIANENSIS

3605 326 3742 380 i300

501 431 593 516 aut
621 427 1046 516 responsorium,
1073 426 1157 481 vel
1186 439 1401 481 versum
1442 442 1549 483 non
1588 429 1856 499 imponat,
1895 445 2067 499 quan-
2095 437 2143 494 Α
2170 433 2410 501 possint;
2446 443 2626 488 tamen
2653 435 2883 504 plurima
2908 436 3028 491 ideo
3057 440 3364 495 certissime
3389 444 3741 516 denegantur,

498 512 586 568 diu
616 515 789 569 sancti
831 515 1091 584 propositi
1122 515 1366 571 habitum
1406 518 1606 572 habere
1633 528 1924 582 mereatur,
1964 535 2066 575 nec

496 622 617 662 cum
652 605 844 659 abbate
870 621 1031 660 ausus
1061 606 1131 659 sit
1153 606 1498 661 manducare.
1525 606 1713 663 Vestes
1735 623 1868 665 vero
1896 625 2064 665 saecu-

496 697 655 760 lares,
690 711 843 766 quas,
867 696 991 751 dum
1023 703 1217 761 mutat,
1247 704 1441 751 exutus
1469 695 1654 763 fuerit,
1681 698 1956 768 diligentia
1979 714 2065 754 re-

495 789 681 858 posita:
708 796 1097 842 conserventur
1122 806 1133 839 :
1160 804 1226 842 ne
1253 788 1391 842 forte
1420 787 1585 857 (quod
1612 803 1717 842 non
1751 790 1806 843 in
1832 806 2062 846 conver-

492 877 567 931 sis
609 876 903 946 contingat)
956 892 1076 930 cum
1124 877 1189 930 ad
1232 892 1358 932 suos
1403 878 1577 932 denuo
1616 880 1851 934 vomitus
1885 881 2064 936 redire

493 968 741 1033 voluerit,
776 977 829 1022 et
859 968 1037 1023 smculi
1070 968 1292 1037 elegerit
1311 968 1506 1022 iterato
1542 970 1802 1037 repedare
1831 970 2058 1037 itinera,

490 1067 547 1113 ct
572 1059 732 1113 nullis
761 1059 1144 1126 scripturarum
1169 1056 1251 1110 vel
1276 1057 1588 1112 monitionis
1614 1059 1848 1126 potuerit
1874 1060 2064 1115 vincu-

491 1148 557 1201 lis
601 1137 854 1210 retineri,
886 1149 1073 1202 reddat
1110 1147 1327 1202 Christo
1356 1148 1499 1216 quod
1537 1163 1692 1202 suum
1717 1157 1834 1203 est:
1866 1150 1918 1203 id
1951 1159 2058 1217 est,

490 1248 684 1293 exutus
712 1240 914 1293 sanet-is
944 1239 1212 1302 vestibus,
1246 1238 1329 1291 vel
1357 1237 1545 1292 habitu
1578 1253 1757 1304 sacro,
1783 1240 1898 1293 suis
1940 1241 2061 1309 qui-

488 1328 589 1383 bus
614 1336 835 1383 venerat
862 1329 1085 1381 vestitus
1110 1328 1351 1381 vestibus
1378 1339 1403 1367 ιι
1435 1328 1739 1382 resimilans
1763 1328 1961 1384 saeculo
1989 1330 2059 1384 ad

490 1435 768 1475 suasorem
796 1420 1065 1473 diabolum
1100 1426 1423 1481 revertatur,
1454 1427 1509 1472 et
1547 1434 1654 1472 non
1684 1418 1885 1473 Christi
1921 1436 2060 1489 prae.

489 1512 646 1565 datus
665 1511 879 1564 habitus
903 1510 1173 1579 polluatur
1201 1509 1252 1562 in
1284 1509 1480 1563 sacculo
1517 1525 1547 1562 a
1589 1508 1782 1579 fugaci.
1813 1510 2059 1578 Recipiat

490 1600 650 1654 talem
690 1600 900 1670 qualem
942 1600 1163 1654 miserat
1203 1600 1456 1655 saeculum
1488 1618 1499 1651 :
1534 1600 1661 1669 quia
1704 1600 1888 1654 retulit
1913 1600 2058 1669 quod

486 1706 641 1745 suum
669 1698 771 1757 est,
807 1692 1024 1760 indigno
1048 1691 1191 1760 quod
1219 1690 1441 1745 dederat
1470 1689 1716 1745 Christus
1750 1705 1872 1743 cum
1902 1690 2055 1745 inve-

2166 532 2226 577 ut
2251 523 2335 577 vel
2360 525 2649 579 occasione
2674 542 2857 580 rerum
2885 542 3109 583 suarum
3146 532 3212 585 ad
3252 532 3349 586 Dei
3394 534 3739 604 disciplinam

2165 613 2219 665 in
2269 616 2599 669 monasterio
2648 627 3029 685 permanentes
3083 621 3422 676 retineantur
3471 625 3740 697 discipuli.

2161 697 2287 754 Ideo
2312 715 2399 755 res
2420 702 2528 756 Deo
2550 703 2728 758 oblata
2750 703 2778 743 ἀ
2805 706 3050 759 revocari
3074 707 3271 761 saeculo
3298 707 3366 762 ab
3387 710 3610 764 homine
3642 730 3741 768 non

2161 786 2341 843 debet.
2356 787 2489 843 Nam
2508 800 2593 846 est
2614 792 2717 846 ista
2757 792 2915 861 hujus
2946 794 3164 863 Regulze
3209 796 3481 865 tripartita
3530 811 3739 855 senten-

2164 878 2237 931 tia
2266 897 2278 932 :
2316 897 2335 929 ‹
2371 879 2549 934 Labor
2574 881 2631 935 in
2664 884 2995 938 monasterio
3022 883 3221 939 fratres
3251 888 3458 954 pascit;
3482 904 3738 958 perseve-

2163 969 2339 1022 rantia
2389 968 2585 1024 calciat
2615 980 2671 1025 et
2706 974 2900 1037 vestit;
2935 974 3205 1030 discessus
3245 979 3491 1034 restituit
3529 981 3735 1037 debitas

2160 1060 2492 1114 monasterio
2530 1076 2614 1116 res
2638 1079 2651 1114 :
2674 1070 2720 1112 »⁸
2741 1073 2796 1117 et
2816 1063 2862 1117 si
2891 1064 3059 1132 capit,
3088 1066 3365 1122 abscedat.

2196 1145 2224 1217 §
2258 1146 2427 1201 XXX.
2456 1178 2527 1188 -—
2553 1149 2630 1203 Ex
2663 1148 2879 1290 [tacuisti
2909 1166 3097 1290 stag"?
3123 1152 3421 1210 Acastum
3469 1171 3701 1213 nemo"

2854 1236 2971 1289 cap.
3086 1260 3099 1272 .

2854 1236 2971 1289 cap.
3008 1236 3030 1272 ι
3058 1236 3099 1289 ).

2230 1304 2344 1361 Hoc
2376 1306 2599 1376 jubente
2628 1308 2737 1362 Deo
2768 1308 2821 1361 in
2850 1309 3040 1378 primis
3084 1311 3371 1366 statuimus
3412 1316 3729 1383 tenendum,

2158 1402 2219 1448 ut
2254 1395 2296 1449 si
2338 1396 2459 1464 quis
2504 1395 2522 1434 ί
2567 1398 2633 1451 ad
2677 1399 3136 1453 conversationem
3176 1402 3415 1467 venerit,
3465 1405 3495 1443 ⁸
3540 1404 3730 1474 Regula

2159 1483 2208 1537 ei
2251 1485 2302 1537 in
2346 1484 2659 1539 salutatorio
2687 1486 2715 1526 ὶι
2747 1486 2973 1557 legatur,
3015 1496 3071 1542 et
3098 1488 3143 1543 si
3183 1490 3461 1558 professus
3492 1491 3653 1548 fuerit
3680 1512 3731 1551 se

2157 1576 2338 1630 (mmia
2388 1576 2751 1645 impleturum,
2792 1580 2961 1633 itunc
3016 1580 3334 1649 excipiatur.
3394 1579 3408 1630 i
3471 1583 3730 1653 Exceptus

2158 1679 2287 1718 vero
2331 1680 2501 1734 usque
2548 1667 2613 1719 ad
2659 1674 2886 1720 mortem
2930 1682 3085 1722 suam
3126 1684 3227 1723 nec
3268 1682 3599 1752 praesumat,
3641 1688 3729 1727 nec

486 1780 605 1835 "ire
654 1781 708 1834 in
878 1754 1136 1835 03mm“
1184 1795 1288 1835 non
1348 1781 1521 1850 pomi,
1570 1780 1710 1849 quod
1760 1782 2052 1849 qumrebal.
2083 1754 2599 1850 Bp-ermittatur-de
2628 1757 3174 1850 monasterio_egredi
3203 1768 3427 1850 propter
3458 1762 3592 1817 illud
3619 1780 3728 1833 pro-

485 1872 515 1913 b
537 1872 804 1942 Quidquid
830 1874 974 1928 enim
1007 1875 1059 1928 in
1098 1872 1426 1927 monasterio
1456 1872 1763 1941 acquisivit,
1796 1872 1879 1926 vel
1901 1872 2052 1927 labo-

484 1965 644 2030 ravit,
673 1971 765 2019 aut
792 1965 1039 2030 contulit,
1072 1976 1094 2004 ο
1129 1962 1442 2020 abscedenti
1468 1964 1518 2017 ei
1544 1964 1759 2033 penitus
1785 1977 1892 2017 non
1931 1963 2050 2018 red-

484 2053 678 2108 datur:
703 2054 827 2123 quia
852 2054 998 2107 omni
1029 2055 1108 2107 rei
1143 2053 1397 2123 ingressa:
1425 2052 1492 2105 ad
1522 2052 1805 2107 Dominum
1844 2053 1899 2106 in
1936 2068 2053 2108 mo-

483 2144 722 2198 nasterio
753 2143 1152 2213 perseverantia
1179 2158 1315 2212 opus
1332 2152 1446 2208 est;
1470 2143 1590 2198 ideo
1615 2143 1792 2199 exitus
1831 2144 2050 2200 licentia

481 2237 808 2308 denegatur;
839 2238 1011 2292 solum
1041 2237 1109 2292 ab
1135 2238 1304 2292 invito
1331 2252 1395 2292 ea
1426 2251 1515 2292 res
1549 2252 1670 2306 qua:
1697 2236 1927 2291 liberum
1954 2239 2052 2291 ba-

480 2323 573 2381 bet
595 2326 883 2382 arbitrium
909 2343 1017 2382 non
1051 2328 1344 2394 detinetur,
1387 2327 1439 2382 id
1480 2337 1593 2393 est,
1643 2328 1821 2383 anima
1851 2328 1967 2398 ipsa
1996 2338 2053 2384 et

481 2431 696 2487 corpus,
725 2431 847 2487 quae
872 2418 927 2471 in
958 2418 1329 2472 voluntatibus
1351 2426 1407 2472 et
1435 2418 1717 2473 desideriis
1741 2419 1884 2481 suis,
1916 2427 1977 2473 ut
2015 2434 2047 2473 a

482 2510 696 2565 diabolo
726 2510 1046 2580 captivetur,
1074 2509 1246 2565 libero
1273 2524 1332 2564 se
1371 2510 1502 2564 dicit
1544 2523 1663 2564 esse
1697 2510 2049 2565 constitutam

482 2599 729 2663 arbitrio,
759 2607 815 2655 et
848 2607 1002 2670 putat
1042 2600 1145 2654 sibi
1170 2599 1334 2654 licere
1372 2599 1516 2667 quod
1548 2598 1748 2653 malum
1790 2608 1897 2654 est.
1938 2599 2050 2655 Res

480 2699 851 2761 apostatarum
879 2691 963 2746 vel
986 2690 1177 2746 adlata
1197 2690 1317 2746 ideo
1340 2705 1370 2743 a
1390 2689 1641 2744 Patribus
1665 2704 1771 2743 non
1789 2690 2050 2761 jubentur

484 2797 515 2837 a
562 2782 895 2837 monasterio
949 2782 1134 2847 reddi,
1182 2780 1311 2851 quia
1359 2780 1485 2836 licet
1526 2788 1762 2851 erogata:
1798 2779 1882 2835 vel
1918 2794 2048 2835 con-

480 2880 707 2942 sumpt:e
738 2872 792 2926 in
815 2887 941 2926 usus
964 2879 1301 2936 sanctorum,
1324 2870 1590 2926 removeri
1616 2879 1671 2925 et
1695 2871 1908 2926 restitui
1936 2886 2042 2926 non

477 3017 583 3074 est,
618 3028 635 3061 ι
661 3008 829 3063 forma
857 3009 1034 3064 crucis
1062 3010 1330 3079 signatum
1358 3008 1533 3078 ipsum
1551 3006 1919 3079 (monachum)
1951 3023 2042 3063 sa-

478 3081 669 3133 cerdos
710 3080 911 3133 tondet.
953 3098 971 3130 ι
1004 3077 1153 3133 lianc
1199 3077 1698 3147 orationemﬂquaﬁ:
1742 3077 2039 3144 dicebatur,

477 3155 764 3215 antequam
798 3148 1091 3202 monachus
1118 3148 1452 3211 tonderetur,
1486 3145 1650 3200 refert
1670 3146 2038 3215 Smaragdus:

477 3214 685 3270 Prtesta
710 3256 725 3281 ,
752 3232 1082 3285 qumsumus,
1126 3218 1449 3285 omnipotens
1478 3216 1617 3270 Deus
1642 3257 1656 3281 ,
1693 3226 1747 3269 ut
1786 3214 1918 3269 sicut
1960 3217 2043 3272 hic

475 3285 707 3355 famulus
748 3296 868 3339 tuus
898 3302 1099 3356 comam
1140 3287 1331 3339 amittit
1376 3286 1594 3356 capitis,
1642 3287 1766 3339 vitia
1808 3285 2047 3340 similiter

476 3357 683 3409 amittat
710 3355 942 3424 corporis
963 3365 1010 3409 et
1036 3355 1210 3409 cordis
1233 3369 1251 3407 :
1281 3365 1335 3409 ut
1361 3371 1575 3424 corpore
1607 3356 1805 3424 pariter
1830 3356 2047 3409 innova-

476 3436 560 3478 tus
602 3434 652 3478 et
690 3434 878 3488 mente,
916 3435 1086 3478 tecum
1124 3424 1345 3493 feliciter
1376 3424 1542 3477 valeat
1582 3426 1635 3478 in
1677 3434 1927 3477 a'ternum
1970 3442 2048 3478 re—

477 3510 657 3619 ﬁnare.
689 3494 794 3549 Per
813 3492 1101 3550 Christum.
1128 3492 1235 3550 Sed
1264 3495 1352 3549 hic
1379 3494 1512 3548 ritus
1538 3494 1671 3549 abiit
1696 3494 1749 3548 in
1792 3493 2045 3549 desuetu-

518 3579 680 3618 mem.

518 3579 680 3618 mem.

547 3646 573 3675 α
606 3631 917 3688 Resimilans
936 3634 1151 3703 saeculo.
1173 3634 1252 3687 Ita
1274 3633 1328 3687 in
1348 3632 1483 3703 Reg.
1508 3649 1611 3689 ms.
1634 3633 1690 3687 Id
1719 3641 1824 3698 est,
1847 3633 2044 3688 iterum

477 3703 672 3757 similis
694 3703 891 3758 sacculo
920 3702 1115 3758 factus.
1440 3702 1453 3703 ί
1692 3758 1700 3766 ,

548 3773 575 3812 δ
607 3771 873 3843 Quidquid
890 3775 1031 3843 enim
1053 3775 1109 3828 in
1130 3772 1443 3828 monasterio
1470 3773 1765 3843 acquisivit,
1791 3770 1871 3826 vel
1896 3771 2045 3826 labo-

476 3843 627 3896 ravit.
667 3842 937 3896 Particula
980 3844 1139 3907 enim,
1171 3845 1273 3897 hoc
1310 3844 1430 3896 loco
1456 3843 1688 3896 sumitur
1726 3856 1843 3911 pro,
1890 3858 2042 3908 vero,

476 3921 673 3976 autem,
699 3922 758 3965 ut
780 3913 979 3981 passim
1009 3914 1250 3967 occurrit
1277 3914 1329 3966 in
1353 3913 1455 3966 hoc
1479 3921 1718 3965 auctore.

549 3991 572 4020 ο
601 3980 909 4036 Abscedenti
943 3983 1145 4050 penitus
1176 3999 1279 4036 non
1317 3982 1585 4034 reddatur.
1620 3981 1757 4036 Olim
1796 3980 2042 4050 prohibi-

478 4059 593 4105 tum
622 4050 721 4104 fuit
759 4050 1170 4107 abscedentibus
1215 4051 1495 4107 monachis
1533 4052 1671 4104 bona
1708 4066 1827 4118 qua:
1860 4065 2043 4104 mena-

478 4120 648 4173 sterio
676 4120 1011 4175 contulerant
1051 4120 1293 4174 reddere.
1332 4121 1475 4174 Idem
1507 4119 1722 4174 videtur
1756 4120 1807 4173 in
1837 4119 2039 4175 Regula

478 4136 648 4173 sterio
676 4136 1011 4175 contulerant
1051 4136 1293 4174 reuaere.
1333 4136 1475 4174 luem
1507 4136 1722 4174 videtur
1756 4137 1807 4173 m
1838 4136 1916 4172 ne
1957 4136 2039 4172 uia

478 4186 739 4271 Magistri,
756 4204 926 4271 supra
962 4205 1081 4258 cap.
1107 4189 1205 4271 89‘,
1233 4198 1288 4244 et
1312 4190 1681 4271 statuitur‘in.
1700 4136 2044 4271 chulaﬁlaf

481 4257 612 4313 carii
638 4274 730 4313 seu
755 4257 973 4328 Patrum
999 4257 1158 4328 snpra
1178 4258 1282 4313 hoc
1303 4273 1422 4324 cap.
1452 4273 1467 4311 :
1496 4277 1515 4308 ι
1546 4259 1612 4312 Ει
1639 4259 1682 4313 si
1706 4273 1773 4328 ex
1796 4257 2041 4327 qualibet

475 4343 640 4383 causa
669 4327 905 4382 scandali
935 4336 1053 4395 post
1079 4328 1297 4382 tertium
1330 4329 1472 4380 diem
1500 4329 1651 4382 exire
1679 4327 1927 4390 voluerit,
1963 4329 2043 4380 ui-

476 4397 553 4452 bil
581 4398 793 4466 penitus
814 4398 1062 4465 accipiat,
1091 4396 1194 4466 nisi
1219 4397 1271 4451 in
1298 4405 1446 4451 veste
1464 4413 1568 4466 qua
1597 4397 1766 4451 venit.
1799 4416 1819 4449 ι
1845 4397 2040 4463 Quem-

2152 1845 2461 1914 pheticum:
2509 1842 2680 1897 Unam
2718 1845 2842 1915 petii
2881 1864 2913 1899 a
2958 1847 3203 1912 Domino,
3250 1849 3386 1902 hanc
3438 1854 3728 1922 requiram,

2151 1941 2209 1985 ut
2247 1933 2528 1986 inhabilem
2567 1934 2623 1986 in
2661 1932 2817 1987 domo
2864 1934 3073 1989 Domini
3116 1936 3354 1991 omnibus
3391 1939 3581 1994 diebus
3622 1944 3730 1996 vita

2149 2038 2278 2076 mea:
2305 2020 2323 2093 (
2346 2021 2493 2075 Psal.
2527 2022 2711 2089 xxvi).
2763 2024 2789 2062 ιι
2820 2024 3157 2079 Vestimenta
3187 2042 3317 2081 vero
3346 2029 3603 2100 religiosa
3632 2047 3727 2085 non

2151 2112 2412 2182 accipiat,
2462 2112 2565 2166 nisi
2610 2113 2676 2167 de
2714 2114 2860 2168 omni
2893 2113 3152 2171 facultate
3193 2132 3321 2183 sua,
3354 2118 3470 2172 sive
3514 2120 3725 2190 grandi,

2151 2202 2264 2256 sive
2294 2217 2460 2271 parva
2502 2203 2722 2257 chartas
2761 2203 3070 2259 donationis
3091 2246 3106 2273 ,
3137 2215 3228 2261 aut
3264 2209 3621 2275 venditionis,
3648 2213 3725 2265 cui

2148 2291 2411 2355 voluerit,
2445 2291 2635 2358 faciat,
2666 2301 2884 2362 propter
2911 2294 3125 2349 Domini
3152 2296 3499 2361 mandatum,
3530 2299 3618 2352 ubi
3649 2300 3721 2353 di-

2149 2381 2267 2436 cit:
2300 2380 2358 2434 Si
2399 2382 2470 2435 ris
2509 2382 2769 2452 perfectus
2808 2400 2947 2449 esse,
2990 2385 3150 2438 vende
3190 2388 3364 2440 omnia
3406 2404 3531 2458 qua
3567 2389 3713 2442 habes

2150 2470 2170 2543 (
2195 2471 2385 2525 Matth.
2415 2489 2505 2526 xxx
2597 2472 2664 2526 Et
2690 2471 2781 2527 :Si
2807 2475 2923 2544 quis
2967 2489 3072 2529 non
3116 2476 3356 2546 relinquit
3402 2479 3585 2532 omnia
3613 2496 3718 2547 quc

2147 2562 2409 2631 possidet,
2442 2578 2544 2616 non
2571 2572 2738 2633 potest
2765 2579 2909 2616 meus
2938 2580 3049 2618 esse
3090 2564 3379 2635 discipulus
3409 2565 3570 2636 (Luc.
3601 2574 3717 2631 ιη).

2523 2674 2551 2747 ς
2585 2674 2777 2730 XXXI.
2803 2707 2879 2717 —
2900 2674 3036 2730 Item
3071 2677 3228 2749 (cap.
3256 2677 3288 2730 4
3312 2678 3352 2748 ).

2218 2786 2275 2841 Si
2307 2788 2430 2857 quis
2458 2788 3017 2845 laicus1onsurandus
3043 2798 3158 2856 est,
3199 2788 3216 2829 ι
3250 2792 3314 2846 de
3342 2794 3562 2862 capillis
3590 2795 3716 2850 illius

2146 2886 2188 2916 ω
2206 2876 2259 2929 in
2289 2878 2633 2933 confessione
2659 2878 2926 2942 mittatur,
2957 2884 3017 2932 ut
3044 2879 3094 2932 ei
3138 2879 3191 2932 in
3224 2880 3604 2936 testimonium
3631 2884 3710 2936 sit.

2144 3007 2396 3077 quentius
2437 3007 2637 3078 Regula
2666 3005 2895 3077 legatur.
2927 3027 2946 3060 ι
2974 3007 3050 3063 De
3087 3007 3403 3064 salutatorio
3448 3027 3612 3082 supra
3646 3012 3714 3066 di-

2144 3086 2288 3130 ctum
2324 3085 2425 3131 est.

2216 3148 2240 3185 ιι
2286 3145 2534 3220 Legatur.
2565 3147 2796 3220 Videtur
2830 3147 3117 3220 legendum
3143 3166 3157 3200 :
3188 3145 3551 3217 Frequentius
3589 3152 3721 3220 lega-

2142 3226 2251 3338 Xir,
2282 3217 2733 3337 quemadmodum
2765 3217 2823 3272 S.
2855 3215 3123 3272 Caesarius
3146 3257 3163 3282 ,
3193 3215 3353 3286 quem
3381 3215 3704 3288 sequitur'S.

2193 3302 2286 3338 ure
2311 3301 2482 3338 ianus.

2193 3301 2482 3340 UI’BIIIIIIIJS.

2222 3356 2237 3425 ξ
2275 3354 2419 3425 [uno
2448 3356 2756 3425 excipiatur.
2788 3355 2945 3410 Anno
2972 3356 3089 3425 scil.
3112 3356 3449 3424 probationis
3486 3360 3705 3414 evoluta.

2218 3422 2232 3473 i
2282 3424 2541 3496 Exceptus
2563 3422 2689 3479 vero
2720 3443 2880 3496 usque
2911 3424 2983 3496 ad
3025 3422 3242 3496 mortem
3286 3443 3440 3479 suam
3461 3469 3476 3492 ,
3509 3436 3613 3483 etc.
3641 3428 3708 3482 Ita

2145 3494 2335 3567 statuit
2386 3493 2442 3547 S'.
2499 3494 2764 3567 Ctesarius
2796 3493 2929 3567 ‘cap.
2966 3495 2989 3547 I
3026 3494 3241 3567 Regula:
3272 3512 3382 3567 sua:
3415 3513 3429 3549 :
3459 3514 3481 3547 ι
3515 3497 3571 3551 Si
3612 3513 3705 3567 qua

2146 3563 2349 3617 relictis
2394 3565 2709 3631 parentibus
2751 3563 3130 3619 suis’szeculn'
3150 3566 3468 3621 renuntiare
3504 3578 3557 3621 et
3599 3563 3709 3621 san-

2143 3633 2474 3705 ctumgovile
2516 3634 2746 3705 voluerit
2782 3635 3041 3696 introire,
3071 3644 3133 3688 ut
3165 3635 3532 3703 spiritualium
3570 3636 3705 3705 lupo.

2145 3719 2262 3757 rum
2298 3702 2481 3757 fauces
2527 3704 2635 3758 Deo
2667 3705 2889 3773 juvante
2926 3705 3096 3771 possit
3136 3702 3394 3767 evadere,
3440 3702 3702 3773 usque'arl

2144 3781 2371 3826 mortem
2402 3788 2552 3825 suam
2584 3773 2649 3826 de
2676 3774 3007 3827 monasterio
3034 3790 3140 3827 non
3170 3774 3506 3842 egrediatur.
3531 3796 3548 3826 ι
3576 3776 3704 3829 Τετίο

2144 3841 2265 3914 dius
2303 3857 2396 3914 seu
2438 3841 2751 3914 Tetradius,
2785 3858 2906 3912 cap.
2950 3844 2969 3895 l
3017 3841 3235 3914 Regula:
3262 3861 3275 3895 :
3306 3862 3324 3893 ι
3353 3843 3411 3897 In
3446 3845 3635 3913 primis
3663 3844 3699 3894 si

2143 3913 2266 3980 quis
2294 3913 2360 3965 ad
2387 3911 2793 3966 conversionem
2834 3914 3076 3976 venerit,
3106 3911 3180 3967 'ea
3224 3911 3536 3968 conditione
3574 3916 3701 3969 excto

2141 3982 2342 4051 piatur,
2373 3991 2431 4034 ut
2460 3996 2629 4049 usque
2657 3983 2723 4035 ad
2754 3990 2980 4035 mortem
3014 3998 3166 4036 suam
3197 3983 3267 4035 ibi
3300 3994 3632 4051 permaneat.
3655 4002 3671 4033 ι

2215 4050 2242 4089 ιι
2280 4049 2595 4120 Vestimenta
2624 4068 2738 4104 vero
2768 4052 3007 4120 religiosa
3040 4069 3139 4104 non
3164 4049 3408 4120 accipiat,
3442 4063 3547 4106 etc.
3575 4051 3698 4105 Idem

2143 4120 2418 4191 statuitS.
2454 4119 2718 4191 Ctesarius
2745 4119 2929 4191 βίη).ίᾶ
2972 4120 3192 4191 Regula:
3229 4119 3374 4173 suae:
3418 4140 3437 4171 ι
3470 4122 3594 4188 Quze
3620 4136 3698 4191 au-

2141 4196 2251 4244 tem
2273 4189 2323 4242 vi
2346 4190 2446 4242 lum
2466 4197 2559 4242 aut
2581 4190 2788 4243 maritis
2811 4189 3033 4250 relictis,
3050 4189 3143 4243 aut
3165 4191 3382 4243 mutatis
3401 4190 3697 4245 vestibusal

2142 4259 2528 4313 monasterium
2551 4259 2802 4323 veniunt,
2825 4274 2932 4313 non
2959 4261 3311 4328 recipiantur,
3341 4260 3449 4314 nisi
3473 4258 3696 4328 anteadc

2141 4328 2289 4380 omni
2318 4327 2630 4385 facultatula
2661 4344 2788 4391 sua,
2821 4330 2905 4382 cui
2936 4327 3203 4381 voluerint
3232 4329 3456 4383 chartas
3486 4338 3575 4382 aut
3612 4327 3669 4380 do

2144 4397 2390 4468 nationes
2431 4404 2525 4450 aut
2564 4399 2903 4468 venditiones
2941 4398 3223 4468 faciant,»
3257 4406 3363 4451 etc.
3407 4398 3578 4468 Lege,
3618 4413 3691 4468 aut

476 4454 1023 4547 adniodttmgNovélla
1138 4465 1425 4547 iustiniani
1444 4505 1464 4547 ,_
1483 4454 1625 4547 'cap.
1651 4465 1685 4519 5
1710 4484 1723 4519 :
1760 4484 1777 4515 ι
1818 4454 2040 4547 Siquis
2066 4454 2118 4513 D
2143 4466 2468 4547 donationis,
2501 4476 2591 4547 aut
2613 4467 2957 4547 venditionis.
2986 4466 3090 4545 Per
3116 4454 3459 4547 viduasquge
3488 4454 3692 4521 ‘inutatis

476 4545 656 4591 autem
685 4536 824 4593 forte
852 4536 1019 4591 semel
1051 4536 1358 4599 dedicatus,
1389 4537 1769 4604 schemateque
1805 4536 2035 4604 potitus,

478 4605 673 4661 deinde
708 4621 739 4660 a
764 4606 1093 4660 monasterio
1123 4606 1397 4661 discedere
1425 4606 1686 4670 voluerit,
1714 4615 1769 4659 rt
1801 4614 2037 4674 postmo-

479 4675 608 4730 dum
634 4674 866 4730 fortasse
892 4675 1090 4744 eligere
1113 4675 1273 4730 aliam
1297 4676 1480 4738 vitam,
1506 4676 1620 4744 ipse
1639 4676 1853 4744 quidem
1879 4675 2035 4739 sciat,

479 4758 642 4813 quam
671 4759 770 4816 pro
794 4745 898 4800 hoc
924 4744 1035 4799 Deo
1058 4745 1206 4799 dabit
1239 4745 1659 4799 satisfactionem
1688 4763 1700 4798 :
1729 4761 1821 4816 res
1857 4754 2037 4816 autem

475 4815 823 4884 quascuttqne
848 4816 1143 4880 habuerat,
1180 4816 1302 4869 dum
1349 4817 1415 4884 in_
1449 4815 1834 4884 monasterium
1859 4815 2041 4884 intra-

473 4882 585 4947 bat,
612 4900 706 4940 eas
735 4882 855 4941 esse
883 4885 1213 4939 monasterii.
1249 4903 1266 4934 ι
1303 4884 1368 4937 Et
1389 4882 1449 4938 C.
1475 4884 1536 4937 L.
1559 4883 1651 4949 54,
1675 4883 1738 4936 de
1767 4883 2037 4951 Episcopis

473 4962 523 5007 et
549 4953 784 5018 Clericis,
815 4964 921 5010 etc.
956 4971 974 5004 ι
1013 4952 1163 5019 Quod
1190 4954 1236 5007 si
1264 4954 1336 5007 illi
1369 4953 1715 5016 monasteria,
1746 4960 1838 5005 aut
1872 4953 2041 5006 cccle-

477 5023 588 5079 sias
618 5024 945 5094 relinquant,
968 5033 1023 5077 et
1051 5023 1303 5094 mundani
1327 5023 1473 5084 (iant,
1499 5037 1659 5094 omne
1685 5023 1924 5091 ipsorum
1947 5021 2039 5089 jus

480 5094 549 5148 ad
578 5095 963 5150 monasterium
991 5101 1085 5147 aut
1107 5093 1389 5149 ecclesiam
1420 5093 1673 5161 pertinet.
1711 5110 1730 5143 ι

492 5210 497 5215 .
543 5161 570 5202 δ
603 5162 876 5217 Revocari.
910 5162 965 5216 Id
990 5171 1093 5226 est,
1117 5162 1345 5224 restitui,
1372 5163 1438 5231 de
1461 5177 1570 5231 quo
1595 5176 1775 5231 supra.

550 5244 575 5272 ο
601 5231 669 5286 Et
714 5233 779 5302 si,
801 5233 955 5302 capit,
981 5232 1242 5286 abscedat.
1285 5231 1353 5302 In
1375 5229 1506 5302 Reg.
1562 5229 1704 5302 insi:
1732 5229 1848 5284 Etsi
1876 5230 2035 5302 capit,

478 5302 737 5362 abscedit;
768 5297 905 5372 lege,
942 5303 1037 5355 etsi
1068 5301 1237 5371 capit,
1268 5301 1356 5370 qui
1386 5297 1646 5363 abScedit;
1693 5314 1817 5354 nam
1869 5297 2033 5353 dixit:

438 5376 729 5428 ‘Discessus
745 5372 967 5424 restituit
998 5372 1313 5425 monasterio
1342 5386 1439 5422 res.

478 5507 490 5518 .
552 5443 572 5480 τ
614 5442 696 5561 ιῦά
714 5440 1183 5563 \conﬁersationem.
1218 5440 1358 5509 Lege
1379 5478 1393 5496 .
1424 5437 1504 5490 Ad
1532 5437 1913 5491 conversionem
1936 5474 1950 5496 ,
1979 5444 2039 5489 ut

479 5523 625 5561 meo
667 5548 680 5561 .
744 5522 815 5561 λιιι
858 5548 872 5561 .

479 5523 530 5560 III
561 5522 680 5561 (300.
720 5522 747 5561 ν
762 5522 872 5561 mu.

549 5578 573 5615 8
616 5575 812 5645 Regula
853 5580 901 5631 ei
940 5579 995 5632 in
1033 5576 1341 5632 salutatorio
1381 5576 1603 5645 legatur.
1643 5573 1723 5629 Ita
1764 5573 1952 5628 statuit
1975 5572 2035 5629 S.

474 5644 744 5699 Caesarius
769 5645 824 5699 in
853 5647 1340 5717 Reeapitulatione,
1375 5644 1496 5716 cap.
1528 5646 1561 5700 8
1592 5662 1605 5699 :
1640 5663 1658 5694 ί
1698 5647 2039 5765 L‘uzecunque

478 5712 543 5765 ad
586 5715 1049 5765 mtiversationem
1100 5716 1338 5765 venerit.
1384 5714 1438 5765 in
1482 5713 1801 5765 salutatorio
1842 5714 1890 5765 ei
1963 5727 2039 5765 re-

478 5712 543 5769 ad
586 5712 1049 5771 conversationein
1100 5716 1338 5781 venerit,
1384 5712 1801 5770 in‘salutatorio
1842 5714 1890 5767 ei
1939 5712 2018 5767 l're

2141 4535 2380 4589 vestibus
2410 4535 2630 4607 veniunt
2657 4536 2725 4607 ad
2754 4537 3135 4607 monasterium
3156 4575 3171 4599 ,
3202 4535 3457 4607 intelligit
3483 4552 3569 4591 eas
3591 4549 3691 4601 qua:

2140 4610 2362 4659 mutatis
2399 4604 2637 4659 vestibus
2662 4605 2715 4658 in
2746 4606 2995 4660 domibus
3022 4604 3415 4659 convertuntur
3443 4607 3553 4660 sive
3588 4617 3691 4656 ssn-

2140 4674 2477 4728 ctimoniales
2502 4674 2665 4734 ﬁunt,
2696 4674 2762 4728 de
2788 4674 2982 4741 quibus
3010 4689 3164 4727 conc.
3195 4673 3478 4727 Aurelian.
3503 4690 3552 4735 v,
3577 4687 3683 4725 can.

2142 4744 2229 4796 I9.
2266 4744 2405 4796 Idem
2437 4744 2598 4797 etiam
2632 4743 2871 4796 decernit
2898 4741 3201 4805 Tetradius,
3233 4758 3353 4810 cap.
3388 4745 3410 4796 I
3452 4742 3682 4811 Regztlze:

2146 4832 2163 4863 ι
2202 4813 2526 4867 Vestimenta
2556 4827 2686 4866 vero
2715 4810 2850 4866 laica
2880 4828 2985 4866 non
3016 4812 3065 4866 ei
3092 4820 3392 4875 mutentur,
3427 4810 3685 4866 nisi’antca

2139 4882 2205 4935 de
2234 4880 2487 4936 facultate
2513 4897 2608 4935 sua
2639 4881 2854 4934 chartas
2875 4881 3197 4935 venditionis
3225 4895 3345 4933 esse
3371 4882 3516 4934 sicut
3537 4876 3686 4933 Domi.

2139 4966 2240 5004 nus
2266 4952 2508 5020 praecipit
2532 4951 2738 5011 dicens,
2769 4970 2787 5001 ι
2809 4958 2913 5004 etc.
2940 4948 3045 5003 Sed
3070 4950 3157 5003 hic
3178 4949 3328 5020 locus
3348 4952 3513 5004 etiam
3535 4961 3686 5020 ςοηζιιο

2138 5016 2366 5087 plus—est
2386 5016 2547 5089 atque
2565 5021 2729 5074 etiam
2751 5020 2822 5072 ita
2837 5019 3182 5089 castigandus
3203 5037 3217 5072 :
3235 5016 3463 5072 Charias
3482 5016 3685 5089 donatio-

2139 5089 2218 5142 nis
2239 5098 2286 5142 et
2310 5087 2616 5143 venditionis
2631 5089 2802 5209 [aciat
2818 5126 2834 5153 ,
2858 5087 2997 5142 sicut
3022 5087 3276 5141 Dominus
3305 5087 3539 5157 pnrcipit
3558 5126 3572 5149 ,
3596 5094 3681 5139 etc.

2214 5155 2233 5195 ι
2275 5158 2351 5209 De
2379 5157 2583 5209 capillis
2612 5158 2628 5209 i
2651 5156 2754 5209 lius
2783 5158 2835 5209 in
2867 5155 3189 5209 confessione
3219 5157 3481 5209 mittatur.
3509 5156 3562 5209 1n
3587 5167 3681 5209 nro-

2214 5155 2351 5227 lDe
2379 5157 2583 5227 capillis
2612 5155 2754 5227 illius
2783 5158 2835 5210 in
2867 5155 3189 5227 confessione
3208 5155 3682 5227 gmittatur._ln_ptj9-

2138 5220 2753 5299 fessionis__monas_tic.e
2773 5220 3162 5299 testimonium.
3206 5225 3262 5278 In
3294 5225 3445 5279 Actis
3475 5224 3536 5299 8ἶ
3560 5220 3684 5299 Guil-

2134 5294 2282 5350 lelmi
2306 5295 2644 5351 Gellonensis
2670 5295 2911 5349 videmus
2939 5293 3162 5347 barbam
3187 5304 3241 5348 et
3265 5309 3482 5347 comam
3507 5293 3683 5360 deposi-

2139 5374 2248 5419 tam
2280 5366 2390 5419 Deo
2418 5364 2725 5419 consecrari
2752 5382 2765 5416 :
2797 5382 2815 5413 ι
2843 5363 3162 5419 Guillelmus
3189 5379 3373 5416 comes
3413 5377 3544 5415 auro
3582 5372 3676 5412 tex-

2139 5434 2210 5489 tis
2246 5434 2503 5507 depositis
2539 5433 2776 5487 vestibus
2810 5448 2907 5507 per
2945 5432 3038 5485 Dei
3072 5432 3307 5507 gratiam
3350 5431 3677 5507 betiedicituf.

2141 5512 2283 5557 totus
2313 5496 2412 5558 ille
2455 5503 2507 5556 in
2534 5517 2599 5556 eo
2628 5517 2783 5555 sacer
2809 5496 2941 5555 ordo
2967 5496 3284 5570 perficitur;
3318 5515 3475 5555 coma
3504 5496 3671 5557 nobili.

2136 5572 2303 5627 barba
2333 5570 2627 5626 venerabili
2655 5571 2927 5638 deposita,
2955 5569 3009 5623 et
3038 5569 3148 5625 Deo
3173 5577 3508 5623 consecrata.
3540 5588 3556 5618 θ

2209 5653 2248 5681 ω
2271 5640 2337 5695 In
2362 5640 2701 5709 confessione.
2727 5637 3007 5709 confessio
3033 5647 3115 5692 est
3141 5654 3301 5706 capsa
3339 5654 3435 5709 seu
3461 5638 3676 5708 taberna.-

2140 5710 2319 5765 culum
2367 5725 2431 5765 ex
2464 5706 2648 5774 auro,
2699 5708 2781 5764 vel
2828 5718 3085 5778 argento,
3129 5718 3184 5760 et
3226 5722 3321 5761 seu
3368 5706 3470 5759 alia
3513 5706 3674 5775 quavis
