3948 6182
361 238 483 295 lani

1269 234 1658 294 CONCORDIA
1696 232 2153 291 REGULARUM.
2195 264 2264 274 —
2303 232 2453 289 CAP.
2495 232 2673 291 LXVI.

3450 232 3598 290 nec:

353 352 507 418 Quod
536 351 580 405 si
606 357 952 414 tonsuratus,
984 360 1010 390 ι
1042 356 1136 404 aut
1162 350 1218 404 in
1251 351 1437 405 habitu
1468 349 1721 420 religioso
1757 361 1919 402 vene-
1946 354 1996 412 Α
2023 355 2082 401 ιιι
2124 346 2257 401 nihil
2305 345 2411 401 sibi
2457 353 2700 401 reservet
2728 342 2870 414 quod
2901 357 3007 398 non
3040 357 3079 396 a.
3100 356 3159 398 se
3189 339 3403 398 alienet.
3446 344 3508 397 [it
3539 347 3588 397 ιι

355 444 457 504 rit.
484 457 588 495 non
612 440 934 508 excipiatur,
960 440 1097 503 nisi,
1122 449 1184 494 ut
1206 441 1456 510 superius
1480 441 1738 503 diximus,
1765 439 1924 493 char-
2020 439 2162 508 quod
2191 452 2380 492 secum
2409 436 2746 501 exhibuerit,
2779 442 2949 488 totum
2980 434 3007 473 δ
3039 433 3095 488 in
3132 441 3456 503 potestatem
3494 434 3589 490 ab-

354 542 440 587 tas
465 533 530 586 de
551 546 617 585 eo
639 530 781 598 quod
805 531 1082 599 proprium
1109 532 1163 585 in
1192 532 1389 587 sarculo
1416 532 1710 594 habuerat,
1735 529 1922 593 faciat,

354 660 859 733 pretiosa_materi_a
901 660 974 733 in_
991 661 1253 733 honorem
1294 661 1523 733 alicujus
1538 662 1732 733 sancti
1761 658 1927 714 fabri-

355 729 557 783 catum.
589 729 905 783 Anastasius
946 730 1389 799 Bibliothecarius
1428 732 1481 785 in
1510 731 1713 785 Ililario
1738 745 1877 799 papa
1907 747 1921 783 :

360 818 381 850 ι
408 799 813 854 Confessionem
842 801 1012 853 sancti
1043 798 1263 853 Joannis
1292 801 1542 868 Baptista:
1569 800 1697 854 fecit
1735 798 1928 852 ex’ar-

357 878 550 937 gento,
588 883 708 937 quae
746 880 935 937 pensat
974 869 1139 938 libras
1163 877 1400 938 centum.
1435 890 1453 921 ι
1484 870 1548 923 Ει
1574 870 1732 938 paulo
1754 877 1876 937 post
1907 885 1921 938 ξ

364 958 382 987 ι
412 939 468 992 in
501 938 742 991 oratorio
783 947 983 991 sancta:
1010 937 1201 992 Crucis
1224 937 1353 991 fecit
1378 937 1774 993 confesSionem
1794 979 1807 1001 ,
1836 937 1926 990 ubi

360 1007 560 1078 lignum
616 1007 949 1060 Dominicum
1001 1009 1181 1075 posuit
1226 1023 1363 1078 cum
1394 1023 1555 1078 cruce
1599 1023 1761 1061 aurea
1802 1021 1925 1078 cum

396 1076 624 1140 ominis,
652 1092 771 1144 quae
809 1078 1071 1145 pensabat
1112 1077 1320 1145 pondus
1354 1076 1613 1130 librarum
1654 1076 1863 1148 viginti.
1902 1094 1920 1126 ι

358 1094 413 1199 fu
442 1146 766 1199 Svmmacho
793 1161 925 1199 uana
953 1165 964 1199 :
999 1164 1016 1196 ι
1049 1147 1197 1199 Fecit
1226 1155 1405 1199 autem
1432 1146 1668 1199 oratoria
1697 1149 1835 1199 duo.
1862 1143 1920 1198 S.

384 1164 413 1199 ιι
442 1143 766 1217 Symmacho
793 1143 925 1215 papa
953 1165 964 1199 :
999 1164 1016 1196 ι
1049 1143 1405 1217 Fecitautem
1432 1143 1835 1217 oratoria‘duo,
1862 1143 1923 1217 ὃ.

357 1214 578 1270 Joannis
619 1216 900 1285 Baptism,
931 1224 984 1270 et
1012 1216 1182 1269 sancti
1208 1214 1430 1269 Joannis
1456 1215 1811 1285 Evangelistm
1830 1256 1844 1277 ,
1875 1214 1929 1267 in

359 1301 587 1355 quorum
631 1284 968 1339 confessione
997 1300 1155 1338 arcus
1181 1293 1467 1355 argenteos
1493 1284 1673 1355 posuit
1699 1299 1929 1355 pensan-

358 1362 439 1408 tes
489 1354 655 1407 libras
706 1355 943 1423 triginta.
979 1374 997 1405 ι
1029 1355 1085 1407 ιιι
1133 1353 1287 1407 Sixto
1335 1355 1537 1408 tertio:
1570 1372 1588 1403 ι
1625 1354 1753 1406 ltem
1803 1353 1933 1406 fecit

358 1423 544 1477 Sixtus
571 1425 853 1493 episcopus
878 1424 1268 1477 confessionem
1296 1424 1437 1477 beati
1469 1423 1743 1493 Laurentii
1776 1438 1923 1475 mar-

360 1494 494 1563 tyris
520 1492 640 1546 cum
670 1492 931 1564 columnis
975 1494 1399 1564 porphyreticis,
1440 1504 1495 1547 et
1536 1492 1749 1564 ornavit
1789 1502 1933 1564 tran:

357 1560 582 1617 sennam
608 1571 661 1616 et
687 1563 886 1624 altare,
926 1560 989 1617 ρι’
1018 1560 1415 1617 confessionem
1445 1563 1619 1616 sancti
1651 1560 1930 1615 Laurentii

360 1632 612 1714 martyris
633 1632 698 1685 de
722 1641 943 1714 argento
967 1632 1291 1714 purissimo;
1316 1652 1335 1684 ι
1362 1642 1417 1686 et
1446 1631 1743 1686 innumeris
1764 1643 1930 1701 prope

358 1700 595 1769 ejusdem
624 1700 862 1755 auctoris
886 1700 1039 1756 locis.

2019 527 2161 582 batis
2194 528 2389 583 timens
2412 526 2715 595 exemplum
2746 523 2971 579 Ananiae
3001 532 3057 578 et
3085 522 3348 592 Saphirte.

2094 668 2119 696 ι
2160 654 2261 733 Aut
2292 656 2346 707 in
2376 654 2555 733 [totum
2585 652 2845 733 religioso.
2897 651 2956 733 Si
2982 666 3177 733 nempe
3213 652 3595 733 monachatugn

2024 725 2284 802 ageretin
2310 724 2516 802 {edibus
2543 724 2654 802 suis
2672 721 2694 786 ,7
2715 731 2808 775 aut
2831 730 2982 802 certe
3007 721 3589 802 habitumpwuitentis

2023 790 2370 862 suscepisset.
2416 792 2549 845 Nam
2596 793 2711 845 hrec
2756 792 2915 844 verba
2965 805 3071 844 nou
3119 790 3491 862 intelliguntur
3526 792 3593 844 de

2025 860 2343 924 cmnohitis,
2381 862 2473 929 qui
2506 862 2728 915 chartas
2763 862 3113 915 donationum
3150 860 3461 915 facerenon
3501 875 3597 929 po-

2027 940 2202 986 terant
2227 928 2506 1000 migrando
2527 931 2592 983 de
2614 944 2720 983 uno
2742 931 3071 1000 monasterio
3093 931 3157 1000 ad
3178 930 3426 1000 alterum.
3443 928 3595 994 Quod

2026 1010 2205 1054 autem
2234 998 2472 1054 nonnulli
2501 1000 2664 1052 vitam
2691 999 3062 1052 monachicam
3104 998 3156 1051 in
3193 999 3305 1053 suis
3346 1000 3593 1052 domibus

2026 1079 2279 1139 agerent,
2323 1077 2472 1138 patet
2507 1084 2573 1121 ex
2610 1068 2767 1136 epist.
2796 1066 3252 1139 24$idonii,lih.
3281 1084 3332 1121 iv
3362 1086 3373 1119 :
3407 1089 3423 1139 ι
3456 1067 3593 1139 Cum

2027 1137 2371 1209 surgeremus
2411 1147 2698 1208 percontor
2736 1145 2983 1209 astantes
3015 1137 3157 1209 quod
3186 1152 3353 1206 genus
3379 1138 3503 1191 vita:
3529 1138 3595 1191 de

2029 1205 2201 1263 trib‘us
2224 1205 2544 1277 arripuisset
2580 1205 2890 1277 ordinibus,
2918 1205 3466 1277 monachunnageret
3488 1246 3503 1266 ,.
3531 1223 3598 1258 an
3638 1262 3639 1265 η

2029 1279 2306 1359 clericum,
2335 1274 2758 1359 ptenitentemue
2779 1278 2837 1329 ’ῖι
2856 1276 2930 1329 lbi
2956 1275 3137 1345 agitur-
3157 1275 3223 1355 de
3250 1274 3598 1359 Maximopa—

2029 1349 2197 1402 latino
2216 1389 2231 1412 ,
2260 1343 2352 1416 qui
2380 1361 2675 1401 conversus
2702 1346 2867 1399 vitam
2894 1343 3136 1416 sanctam
3162 1344 3215 1397 in
3246 1345 3359 1398 suis
3377 1343 3600 1416 antibus

2029 1413 2368 1488 agebatfet
2406 1416 2607 1488 frustra
2646 1431 2716 1488 an
2758 1414 3331 1488 uionachumuageret,
3376 1413 3599 1466 interro-

2067 1482 2244 1551 osset,
2274 1487 2374 1541 nisi
2418 1487 2582 1539 etiam
2609 1485 2776 1554 aliqui
2805 1485 2858 1538 in
2884 1484 2996 1538 suis
3028 1482 3232 1538 (edibus
3268 1482 3433 1536 vitam
3469 1490 3600 1537 tunc

2069 1565 2290 1611 ueerent
2313 1556 2705 1610 monachicam.

2104 1625 2132 1665 δ
2171 1625 2238 1677 In
2268 1634 2571 1693 potestatem
2599 1623 2822 1678 abbatis.
2858 1622 3022 1678 Deest
3046 1621 3272 1678 verbum
3297 1620 3600 1693 consignet,

1960 1689 2003 1747 Β
2032 1694 2116 1749 vel
2142 1689 2276 1764 quid
2299 1695 2492 1749 simile.

364 1831 3597 1858 ww

1671 1944 2005 2023 CAPUT
2084 1941 2353 2021 LXVI.

1032 2100 1116 2155 DE
1154 2100 1350 2157 FILIIS
1384 2101 1712 2159 NOBILIUM
1750 2100 1837 2155 ΕΤ
1874 2098 2251 2156 PAUPERUM
2290 2099 2409 2167 QUI
2447 2099 2939 2159 OFFERUNTUR'.

575 2284 605 2358 δ
631 2285 673 2339 1.
698 2314 772 2326 -
794 2282 871 2338 Ex
906 2281 1127 2338 Recuu
1168 2297 1356 2337 sucu
1398 2282 1711 2338 Βειςειιιετι.

434 2389 461 2418 ι
494 2375 552 2430 Si
576 2375 698 2444 quis
724 2373 862 2429 forte
887 2373 956 2428 de
979 2373 1247 2427 nobilibus
1267 2372 1427 2427 offert
1452 2373 1621 2427 filium
1643 2387 1799 2429 suum
1821 2372 1933 2427 Deo

366 2467 422 2522 in
460 2464 816 2526 monasterio,
845 2464 891 2518 si
917 2464 1030 2533 ipse
1062 2477 1198 2534 puer
1218 2464 1427 2518 minore
1454 2471 1613 2517 aetate
1636 2470 1751 2528 est,
1783 2462 1811 2502 ιι
1837 2477 1933 2532 pa-

359 2562 545 2613 rentes
564 2555 679 2625 ejus
708 2552 907 2608 faciant
929 2552 1244 2624 petitionem
1264 2593 1278 2618 ,
1303 2568 1466 2623 quam
1492 2568 1653 2624 supra
1677 2551 1929 2621 diximus,

431 2699 457 2757 ξ
500 2684 559 2741 Si
600 2687 717 2757 quis
755 2685 889 2754 forte
936 2685 1000 2739 de
1036 2683 1710 2757 Anolgilibugio/fertﬁlium
1751 2699 1926 2757 suum.

359 2755 529 2824 Hujus
560 2753 845 2810 oblationis
884 2755 1085 2808 mentio
1110 2754 1171 2807 fit
1197 2756 1248 2808 in
1273 2753 1475 2824 Chron.
1515 2753 1889 2823 Novalegiensi
1909 2793 1926 2819 ,

360 2828 413 2880 in
440 2822 698 2894 petitione
718 2823 1002 2878 Widilonis
1024 2840 1179 2894 suum
1201 2823 1366 2877 filium
1387 2822 1664 2878 olferentis
1688 2822 1930 2894 tempore

359 2892 536 2950 Caroli
576 2895 752 2966 Magni
780 2913 792 2947 :
825 2895 1011 2966 «Dum
1050 2893 1292 2966 legaliter
1321 2894 1605 2966 sancitum
1632 2892 1931 2966 antiquitus

361 2974 610 3020 teneatur
648 2962 702 3017 et
741 2962 957 3019 cautum
1001 2962 1125 3019 cum
1166 2962 1533 3018 oblationibus
1575 2962 1804 3016 Domino
1841 2977 1933 3031 pa-

359 3001 544 3093 ralies
584 3049 712 3089 suos
754 3035 964 3088 tradere
1007 3034 1144 3087 ﬁlios
1180 3033 1236 3087 in
1273 3032 1472 3102 templo
1500 3031 1732 3088 feliciter
1755 3001 1929 3087 δεῖξι-
1958 3001 2001 3063 C

360 3114 512 3159 turos
530 3145 544 3167 ,
570 3114 674 3158 etc.
707 3123 725 3156 ι

433 3175 460 3214 b
496 3171 762 3226 Parentes.
792 3171 847 3225 ld
891 3181 1003 3236 est,
1043 3180 1199 3241 pater
1235 3181 1292 3227 et
1336 3182 1529 3238 mater,
1573 3181 1627 3228 et
1666 3187 1774 3228 non
1814 3171 1927 3227 alii.

365 3241 495 3297 Vide
519 3242 736 3294 Petrum
766 3242 1082 3295 Blaesensem
1103 3282 1117 3305 ,
1148 3258 1234 3303 ep.
1263 3242 1353 3295 54.

442 3307 540 3362 οΕι
566 3324 683 3361 cum
706 3309 966 3362 oblatione
991 3310 1155 3376 ipsum
1173 3310 1470 3376 petitionem
1494 3317 1543 3359 et
1570 3322 1783 3360 manum
1807 3321 1929 3372 pne-

357 3377 427 3440 rr',
450 3387 554 3432 etc.
581 3379 631 3428 Id
658 3379 865 3432 videtur
888 3380 939 3431 in
964 3382 1151 3431 eadem
1180 3375 1738 3445 petitioneWidilonis
1763 3394 1775 3427 :
1804 3394 1821 3426 ι
1849 3377 1932 3428 ld-

355 3449 505 3502 circo
522 3444 827 3514 egoWidilo
845 3453 985 3501 hunc
1007 3443 1445 3501 (lliuni'nostrum
1461 3443 1789 3498 Amblulfum
1805 3459 1927 3497 cum

356 3517 631 3586 oblatione
650 3518 702 3569 in
728 3533 883 3570 manu
910 3530 1066 3586 atque
1097 3516 1379 3586 petitione,
1399 3514 1586 3567 altaris
1616 3514 1753 3581 palla
1771 3515 1925 3566 invo-

357 3585 489 3640 lutis
521 3587 585 3639 ad
606 3602 803 3640 nomen
832 3586 890 3639 S.
917 3584 1058 3639 Petri
1087 3584 1137 3639 et
1161 3584 1215 3639 S.
1245 3585 1473 3638 Andreae
1499 3594 1926 3650 czrterorumque

361 3669 495 3723 sane
524 3674 705 3720 orum,
725 3672 955 3723 quorum
986 3655 1228 3722 reliquiae
1258 3654 1344 3706 hic
1367 3652 1809 3723 continentuhet
1833 3652 1925 3723 tibi

361 3722 614 3779 War-nari
647 3717 1140 3793 pi-zesentindecano
1181 3724 1245 3775 ad
1282 3723 1453 3793 vicem
1486 3721 1667 3773 domui
1695 3717 1925 3787 Witgari

358 3793 625 3861 episcopi,
651 3791 787 3862 seu
807 3798 860 3844 et
891 3791 1128 3846 Richarii
1167 3792 1436 3862 praepositi
1464 3793 1616 3846 trado
1642 3808 1824 3847 coram
1855 3801 1932 3845 te-

360 3859 878 3929 stibus’rcgularitcr
899 3859 1327 3928 permansurum.
1362 3880 1380 3912 ι
1405 3891 1475 3901 --
1493 3862 1624 3915 Cum
1648 3863 1926 3915 oblatione.

359 3929 486 3984 Haec
511 3929 711 3983 oblatio
736 3936 853 3982 erat
882 3930 1052 3984 hostia
1079 3946 1199 3984 cum
1227 3931 1352 3984 vino
1379 3931 1429 3983 iu
1455 3932 1652 3993 calice,
1683 3941 1742 3985 ut
1770 3933 1931 3986 hahe-

360 4008 449 4053 tur
475 4000 526 4070 in
555 3998 1041 4070 Constitutionibus
1066 3999 1408 4063 Lantfranci',
1438 4016 1558 4070 cap.
1596 4002 1658 4055 18
1686 4019 1698 4054 :
1732 4018 1749 4050 ι
1781 3999 1925 4054 Offe-

358 4069 561 4139 rendus
604 4084 738 4137 puer
772 4068 921 4139 facta
964 4069 1116 4137 prius
1174 4083 1371 4122 corona
1417 4068 1664 4124 manibus
1706 4079 1929 4139 portans

359 4138 432 4192 ho
464 4139 590 4191 tiam
628 4146 683 4191 et
704 4137 925 4192 calicem
961 4154 1083 4193 cum
1119 4139 1272 4198 vino,
1306 4139 1445 4192 sicut
1483 4153 1599 4193 mos
1621 4137 1736 4203 est,
1770 4158 1787 4191 ι
1816 4147 1923 4193 etc.

360 4205 468 4277 ξω
502 4208 729 4277 hicmos
756 4222 859 4260 non
890 4208 1087 4277 ubique
1110 4209 1314 4277 viguit;
1357 4224 1481 4261 nam
1510 4211 1564 4262 in
1599 4209 1928 4263 monasterio

358 4274 539 4347 Eremi
583 4275 858 4347 S._Mari:e
897 4276 949 4347 in
991 4274 1246 4331 Helvetiis
1277 4293 1411 4347 puer
1448 4277 1654 4332 ferebat
1690 4279 1924 4332 hostiam

359 4344 416 4399 in
454 4344 732 4415 mappula,
771 4354 825 4401 et
866 4346 1046 4399 vinum
1086 4347 1139 4399 in
1180 4334 1444 4413 ampulla,
1485 4357 1545 4401 nt
1583 4348 1769 4402 scribit
1817 4348 1926 4401 Ru-
1950 4334 2003 4392 D

358 4414 593 4485 thardus
608 4414 847 4482 ejusdem
871 4416 1101 4469 ctenobii
1128 4418 1454 4482 monachus,
1494 4419 1546 4470 in
1584 4419 1686 4471 hoc
1723 4427 1921 4485 caput:

363 4500 382 4534 s
414 4483 583 4537 Debet
606 4500 806 4553 ponere
844 4485 897 4538 in
927 4488 1113 4539 dextra
1141 4502 1299 4539 manu
1324 4486 1413 4540 lilii
1437 4488 1518 4541 sui
1541 4483 1925 4541 ohlatamicum

356 4553 605 4636 mappul'a
627 4594 641 4618 ,
669 4555 720 4636 in
750 4555 966 4636 sinistra
1005 4563 1183 4636 autem
1214 4556 1498 4636 ampullam
1523 4557 1655 4609 vini.
1691 4574 1710 4605 ι
1842 4557 1924 4607 vi-

356 4622 515 4675 detur
560 4622 871 4678 Rutbardus
919 4625 1033 4677 haec
1073 4624 1255 4692 dicere
1288 4622 1441 4692 juxta
1480 4625 1924 4677 consuetudinem

359 4695 811 4747 monasteriorum
856 4693 1180 4747 Germaniae.
1228 4691 1419 4747 Oblata
1464 4702 1547 4747 est
1587 4692 1788 4746 oblatio
1829 4709 1923 4745 seu

355 4760 531 4815 hostia
550 4802 564 4824 ,
589 4763 744 4831 panis
766 4763 855 4831 qui
878 4761 1102 4815 offertur
1118 4762 1383 4831 in_missa.
1408 4763 1640 4829 Antiqua
1664 4764 1920 4831 synodus,

354 4843 476 4896 quat
511 4829 722 4885 videtur
755 4829 1020 4885 celebrata
1050 4830 1150 4885 sub
1177 4829 1235 4884 S.
1268 4830 1515 4885 Udalrico
1539 4829 1790 4899 episcopo
1813 4830 1924 4883 Au-

350 4907 613 4967 gustano,
642 4900 1022 4955 constitutione
1050 4900 1117 4953 19
1136 4939 1151 4962 ,
1183 4916 1202 4949 ι
1232 4900 1465 4954 Calicmi
1493 4909 1546 4954 et
1575 4899 1810 4953 oblatam
1837 4915 1923 4953 re—

352 4971 878 5051 cta.cruce.signate_.
911 4967 1157 5051 {Graecis
1191 4971 1477 5045 προσφορά.
1519 4969 1625 5051 §ed
1652 4969 1803 5021 locus
1830 4984 1919 5040 sy-

351 5037 476 5109 uodi
502 5037 817 5109 intelligitur
842 5040 907 5109 de
933 5039 1104 5109 hostia
1122 5037 1240 5109 tam
1265 5037 1578 5109 consecrata
1605 5052 1771 5109 quam
1794 5037 1923 5109 non-

352 5105 478 5158 dum
504 5105 839 5170 consecrata,
859 5107 1006 5161 locus
1030 5107 1087 5160 S.
1120 5107 1423 5171 Benedicti,
1449 5115 1508 5160 ιιι
1532 5115 1586 5161 et
1610 5105 1919 5161 Lantfranci

348 5185 403 5228 et
433 5173 696 5229 Ruthardi
719 5218 733 5241 ,
765 5177 830 5230 de
856 5176 1030 5229 hostia
1058 5190 1163 5229 non
1192 5189 1527 5231 consecrata.

419 5244 451 5316 (ξ
472 5244 641 5316 ΔΙξαιια
669 5245 882 5316 altaris.
927 5244 1134 5316 Soteris
1160 5261 1320 5316 papa;
1354 5248 1574 5300 decreto
1608 5243 1627 5316 (
1652 5244 1782 5300 Dist.
1808 5245 1878 5300 25
1900 5286 1915 5310 ,

345 5328 393 5383 ρ.
423 5312 493 5367 26
517 5312 534 5382 )
562 5315 881 5383 prohibetur
907 5315 1133 5367 sacratis
1157 5312 1268 5368 Deo
1296 5313 1511 5369 feminis
1535 5323 1589 5369 et
1618 5312 1917 5369 monacha-

344 5380 447 5435 bus
474 5380 717 5452 sacratas
744 5381 911 5451 pallas
937 5392 1186 5452 tangere,
1226 5399 1289 5437 ac
1327 5386 1551 5452 proinde
1588 5385 1765 5439 minus
1805 5384 1918 5439 lici-

344 5458 467 5525 t_um_
507 5451 691 5525 laicis,
737 5466 829 5525 seu
876 5451 1584 5525 viris,_7_seu_mulieribus.
1628 5462 1682 5525 et
1722 5454 1913 5525 synodi

339 5520 850 5583 Autissiodurensis,
875 5535 995 5573 can.
1021 5521 1278 5576 57::Non
1308 5523 1435 5577 licet
1454 5523 1665 5579 mulieri
1697 5520 1913 5577 manum

341 5604 495 5642 Suam
527 5590 593 5643 ad
630 5589 798 5659 pallas
836 5590 1139 5644 Dominicas
1176 5593 1406 5647 mittere.
1440 5612 1459 5646 ι
1490 5593 1675 5662 Itaque
1697 5609 1818 5646 cum
1848 5595 1909 5647 S.

2041 2291 2063 2319 ε
2090 2288 2146 2335 et
2168 2294 2293 2335 cum
2313 2279 2583 2334 oblatione
2600 2277 2772 2350 ipsam
2793 2279 3111 2350 petitionem
3133 2286 3190 2335 ct
3210 2294 3427 2334 manum
3453 2280 3605 2349 pueri

2039 2368 2317 2423 involvant
2341 2370 2396 2422 in
2416 2367 2441 2407 ά
2469 2368 2609 2438 palla
2635 2368 2848 2436 altaris,
2875 2375 2931 2423 et
2953 2369 3033 2424 sic
3055 2385 3177 2423 cum
3202 2367 3449 2424 offerant.
3478 2381 3503 2409 θ
3527 2370 3606 2425 De

2041 2461 2202 2516 rebus
2230 2467 2409 2515 autem
2434 2461 2575 2526 suis,
2594 2469 2705 2516 .aut
2726 2461 2780 2516 in
2811 2461 3064 2530 praesenti
3092 2461 3352 2532 petitione
3376 2465 3604 2531 prcutit-

2038 2557 2154 2604 tant
2174 2549 2274 2605 sub
2290 2547 2659 2620 jurejurando,
2676 2550 2798 2621 quis
2821 2566 3094 2622 nunquam
3117 2565 3216 2622 per
3233 2566 3312 2616 se,
3330 2567 3603 2620 nunquam

2036 2682 2099 2767 ξ).
2144 2682 2468 2767 Benedictus
2506 2683 2787 2767 permittat
2828 2699 2998 2767 puero
3041 2692 3098 2739 et
3127 2682 3252 2767 .ejus
3281 2685 3605 2767 parentibus

2033 2751 2488 2834 tangegepallam
2514 2751 2722 2807 altaris
2739 2793 2771 2834 ρ.
2802 2751 3013 2834 videtur
3057 2754 3206 2834 palla
3243 2754 3432 2834 altaizis
3477 2768 3599 2807 esse

2033 2821 2161 2892 quid
2184 2821 2498 2893 distinctum
2520 2837 2551 2875 a
2574 2823 2804 2893 sacratis
2828 2837 2922 2893 seu
2945 2821 3238 2878 Dominicis
3262 2822 3440 2893 pallis,
3461 2836 3603 2891 quat,

2033 2900 2095 2945 ut
2132 2892 2385 2954 arbitror,-
2426 2899 2554 2946 sunt
2589 2892 2813 2946 linteum
2852 2891 2982 2947 illud
3016 2891 3288 2948 sacratum
3313 2894 3455 2961 quod
3482 2907 3605 2946 cor-

2034 2962 2407 3033 pora|e__mlgo
2435 2962 2992 3033 dictumusupponitur
3027 2962 3260 3033 corpori
3277 2961 3560 3033 Dozninico
3584 2978 3598 3025 ;

2034 2977 2220 3032 porale
2250 2977 2336 3014 Vill
2373 2977 2407 3015 ο
2435 2977 2639 3016 uictum
2674 2977 2700 3014 s
2775 2977 2992 3032 ponitur
3027 2977 3242 3033 corport
3277 2977 3598 3025 uozntmco;

2034 3031 2125 3086 sed
2149 3030 2287 3101 palla
2315 2977 2500 3085 aftaris
2524 3042 2609 3086 est
2635 2977 2775 3085 ιιιιξᾝ)
2782 3031 3025 3088 velamen
3053 3047 3159 3101 quo
3183 3031 3390 3087 velatur
3413 3030 3605 3101 altare,

2034 3100 2261 3172 siveisit
2284 3100 2529 3172 ilineum,
2570 3102 2681 3155 sive
2719 3102 2952 3157 sericum
2976 3118 2990 3167 ;
3014 3100 3155 3172 qua:
3190 3101 3409 3172 quidem
3447 3100 3605 3172 pallas

2034 3170 2223 3241 altaris
2265 3170 2672 3241 distinguuntur
2710 3170 3079 3241 aAcorporali‘,
3117 3181 3177 3226 ut
3209 3170 3391 3227 videre
3424 3170 3508 3225 est
3538 3171 3604 3241 in

2032 3240 2258 3310 concilio
2276 3239 2531 3295 Melde'tisi
2550 3280 2564 3304 ,
2586 3239 2727 3310 apud
2751 3239 3120 3296 Burchartfum
3143 3241 3237 3297 lib.
3260 3256 3331 3303 tv,
3358 3255 3477 3310 cap.
3502 3239 3570 3310 15
3587 3257 3605 3294 :

2039 3327 2058 3360 ι
2087 3308 2444 3379 δίπηίιίιενίθᾱ
2480 3308 2762 3379 corporale
2787 3310 3072 3364 lavandum
3092 3349 3106 3374 ,
3136 3321 3191 3365 ct
3226 3311 3292 3363 ad
3323 3308 3501 3379 pallas
3521 3309 3604 3379 ale

2034 3380 2166 3432 taris
2191 3378 2408 3448 propria
2443 3378 2587 3448 vasa
2613 3380 2931 3441 habeantur,
2957 3379 3024 3448 in
3065 3380 3261 3447 quibus
3296 3378 3428 3432 nihil
3457 3378 3603 3433 aliud

2032 3448 2162 3510 ﬁat;
2195 3446 2214 3498 ἰ
2241 3454 2297 3501 et
2325 3446 2378 3498 in
2409 3446 2615 3515 synodo
2642 3447 3000 3510 Arvernensi,
3028 3446 3148 3501 can.
3180 3449 3232 3511 7,
3262 3447 3354 3502 ubi
3389 3457 3605 3515 operto-

2032 3517 2173 3570 rium
2202 3515 2466 3569 Dominici
2491 3515 2768 3584 corporis,
2798 3516 2942 3584 quod
2966 3522 3053 3569 est
3075 3517 3381 3584 corporale,
3411 3515 3602 3571 distinc

2032 3587 2215 3655 guitur
2239 3600 2268 3638 a
2294 3583 2650 3655 pallaaltaris
2677 3601 2692 3655 ς
2719 3602 2738 3635 ι
2778 3583 2853 3638 De
2877 3585 3154 3653 opertorio
3174 3583 3456 3640 ’Dominici
3484 3601 3604 3641 cor-

2029 3651 2179 3724 poris
2196 3693 2209 3717 ,
2237 3651 2330 3708 seu
2370 3651 2511 3724 palla
2538 3651 2727 3708 altaris
2751 3651 3023 3724 nunquam
3053 3655 3347 3709 sacerdotis
3372 3669 3598 3723 corpus.

2033 3721 2157 3777 dum
2203 3724 2274 3794 ad
2317 3721 2579 3794 tumulum
2629 3724 2897 3787 evehitur,
2946 3723 3247 3794 obtegatur.
3283 3744 3303 3776 ι
3337 3725 3404 3777 Ει
3452 3721 3601 3780 recte

2031 3791 2312 3862 corporale
2338 3792 2441 3845 dici
2467 3800 2643 3859 potest
2668 3793 3000 3862 Opertorium
3030 3791 3292 3848 Dominici
3324 3794 3600 3861 corporis,

2030 3861 2157 3933 quia
2187 3861 2318 3933 olim
2344 3861 2750 3933 sacrosanctum
2781 3862 2990 3933 Domini
3030 3878 3226 3933 corpus
3263 3864 3353 3918 illo
3386 3864 3597 3933 operie-

2032 3929 2192 3985 batur
2227 3931 2279 3983 in
2319 3930 2497 3983 altari.
2536 3929 2784 3999 Rupert.,
2822 3932 2915 3985 lib.
2959 3948 2998 3986 ιι
3035 3931 3104 3987 de
3127 3929 3334 3988 'divinis
3370 3929 3601 3998 Oﬂiciis,

2031 4014 2150 4072 cap.
2177 3999 2278 4064 25,
2307 4023 2323 4048 ο
2349 3999 2769 4072 Sacrosanctum
2790 4000 3000 4056 Domini
3024 4017 3220 4071 corpus
3246 4003 3387 4072 lineo
3409 4017 3600 4072 corpo.

2030 4070 2134 4123 rali
2166 4069 2566 4140 superpositum
2588 4070 2890 4140 obtegitur.
2921 4090 2940 4122 ι
2971 4069 3168 4126 Eadem
3196 4069 3599 4126 diﬂ‘erentia'vi-

2030 4140 2189 4193 detur
2227 4138 2280 4193 in
2320 4138 2548 4211 coiieilio
2585 4138 2877 4195 Rhemensi
2912 4140 3052 4211 apud
3088 4140 3455 4211 Burchardum
3501 4142 3597 4195 lib.

2033 4224 2127 4279 ιιι,
2157 4224 2295 4279 cap,
2316 4209 2404 4263 97.
2438 4227 2455 4258 ι
2486 4207 2892 4265 Observandum
2927 4207 3013 4266 est
3046 4220 3105 4266 ut
3143 4226 3327 4267 mensa
3365 4209 3597 4272 Christi.

2032 4278 2087 4333 id
2111 4278 2237 4344 est,
2253 4278 2422 4332 altare
2440 4319 2455 4343 ,
2483 4278 2574 4333 ubi
2597 4293 2795 4348 corpus
2819 4280 3155 4336 Dominicum
3182 4291 3597 4336 consecratur...

2028 4362 2150 4401 cum
2174 4349 2317 4402 omni
2341 4349 2687 4403 veneratione
2711 4350 3022 4413 honoretur,
3041 4360 3096 4405 et
3119 4350 3484 4405 mundissimis
3509 4350 3604 4403 lin-

2028 4417 2130 4471 teis
2169 4428 2224 4471 et
2263 4417 2424 4486 pallis
2461 4416 2867 4488 diligentissime
2904 4420 3261 4487 cooperiatur.
3294 4438 3313 4471 ι
3354 4419 3419 4472 Ει
3457 4418 3596 4488 apud

2025 4488 2272 4542 eumdem
2291 4526 2306 4549 ,
2340 4501 2458 4555 cap.
2489 4500 2601 4555 seq.
2621 4525 2637 4550 ,
2665 4487 2719 4539 in
2743 4489 2930 4541 eodem
2958 4489 3187 4542 concilio
3215 4506 3227 4540 :
3258 4506 3275 4537 ι
3309 4487 3598 4554 Corporale

2025 4570 2188 4623 super
2220 4558 2362 4625 quod
2392 4570 2545 4625 Sacra
2569 4555 2769 4625 oblatio
2794 4555 3122 4625 immolatur,
3150 4572 3217 4610 ex
3241 4556 3597 4625 mundissimo

2023 4632 2079 4693 et
2121 4623 2416 4693 purissimo
2455 4623 2622 4677 linteo
2659 4623 2747 4677 sit.
2780 4644 2800 4676 ι
2839 4623 2976 4680 Huic
3012 4634 3213 4679 nostra:
3249 4624 3597 4693 eXplicationi

2025 4691 2172 4765 favet
2204 4692 2566 4765 Lantfrancus
2603 4693 2989 4748 constitutione
3028 4709 3190 4765 supra
3216 4691 3380 4750 citata
3410 4711 3423 4747 :
3455 4712 3474 4744 ι
3502 4694 3593 4765 ln-_

2023 4761 2244 4834 volvant
2267 4761 2509 4834 przedicti
2536 4770 2788 4829 parentes
2812 4779 3007 4819 manus
3031 4761 3160 4834 (lege
3177 4767 3415 4831 manum)
3439 4763 3594 4833 pueri

2023 4830 2077 4911 in
2102 4829 2584 4911 palla,‘qualalta‘re
2595 4841 2923 4911 coopertum
2933 4829 3062 4911 est,
3091 4829 3147 4888 et
3163 4835 3323 4911 cujus
3346 4829 3473 4911 pars
3495 4847 3595 4911 an:

2021 4897 2192 4970 terius
2215 4897 2432 4970 pendet.
2461 4918 2479 4948 ι
2502 4897 2608 4970 Sed
2635 4897 2906 4970 discrepat
2932 4897 3264 4967 Ruthardus,
3287 4897 3379 4970 qui
3406 4900 3598 4970 scribit

2019 4967 2229 5043 pallam
2254 4968 2446 5043 altaris
2484 4968 2605 5043 dici
2628 4967 2934 5043 mappulam
2972 4986 3095 5026 cum
3134 4967 3409 5043 quapuer
3434 4968 3594 5025 oﬂ'ert

2019 5037 2367 5110 oblationem.
2409 5037 2517 5091 Sed
2546 5038 2607 5110 id
2647 5037 2982 5106 probandum
3014 5037 3179 5095 essef.
3217 5037 3388 5110 Hujus
3410 5048 3595 5095 tamen

2020 5109 2158 5161 ritus
2198 5107 2464 5180 rationem
2501 5106 2687 5180 affert,
2715 5112 2840 5176 quia
2877 5124 3089 5180 pannus
3128 5106 3316 5165 altaris
3347 5119 3597 5166 sacratus

2017 5186 2175 5298 (ιι-Ἢ)
2205 5176 2300 5297 εἶξᾲ
2326 5177 2427 5230 hoc
2448 5176 2722 5245 peculiare
2740 5187 2861 5231 erat
2879 5176 3011 5235 huic
3036 5180 3363 5235 monasterio
3383 5186 3438 5235 et
3458 5192 3594 5234 non-

2017 5260 2087 5298 nu
2133 5262 2179 5298 IS
2200 5258 2230 5298 a
2257 5260 2343 5298 ns.

2016 5258 2179 5300 nlllllS
2200 5258 2343 5299 alus.

2090 5325 2115 5354 ο
2153 5314 2232 5387 De
2265 5315 2418 5369 rebus
2456 5325 2631 5387 autem
2665 5317 2778 5387 suis
2812 5327 2905 5370 aut
2944 5319 3003 5372 in
3047 5317 3292 5387 prasenti
3332 5316 3579 5387 petitione

2013 5383 2341 5455 promittant,
2362 5394 2468 5438 etc.
2484 5383 2560 5437 ita
2582 5386 2633 5455 in
2655 5385 2831 5441 citata.
2844 5383 3104 5455 petitione
3127 5383 3412 5442 Widilonts
3436 5404 3451 5441 :
3476 5403 3497 5439 ι
3526 5386 3593 5440 Ει

2015 5454 2084 5527 ut
2112 5454 2227 5508 haec
2261 5463 2448 5527 nostra
2483 5454 2704 5527 traditio
2737 5454 3052 5511 inconsulsa
3082 5464 3429 5527 permaneat,
3460 5470 3589 5527 pro-

2015 5471 2077 5507 ut
2112 5471 2227 5508 meo
2261 5471 2448 5507 nosu'a
2486 5471 2704 5508 tramno
2737 5471 3052 5511 inconsulsa
3082 5471 3429 5527 permaneat,
3498 5471 3589 5509 ro-

2015 5524 2172 5596 mitto
2206 5538 2327 5577 cum
2356 5520 2709 5593 jurejurando
2733 5527 3065 5584 coram.Deo
3109 5536 3165 5580 et
3198 5526 3401 5596 angelis
3435 5471 3609 5593 gos»,

2015 5595 2139 5660 quia
2188 5608 2462 5660 nunquam
2510 5608 2609 5660 per
2652 5607 2772 5656 me,
2821 5610 3099 5663 nunquam
3140 5610 3236 5663 per
3278 5595 3615 5665 suspectam.
