3948 6182
376 255 516 312 1507

1360 251 1418 306 S.
1459 248 1820 306 BENEDICTI
1857 245 2146 302 ABBATIS
2180 242 2584 301 ANIANENSIS

3476 242 3620 297 {308

371 367 603 424 Domino
630 382 644 419 :
680 364 847 421 Sinite
874 362 1100 433 infantes
1146 362 1319 416 venire
1344 361 1413 415 ad
1438 377 1520 415 me
1548 359 1761 433 (Matth.
1806 358 1943 429 xxx),
1974 363 2021 420 Α
2050 373 2170 413 cum
2189 356 2446 425 juvenilis
2474 358 2653 412 fervor
2676 355 2864 412 rudem
2893 356 3112 414 lacessit
3132 365 3371 413 aetatem.
3422 354 3629 411 Eorum

370 467 430 515 et
472 456 714 528 apostolo
753 455 922 509 Paulo
965 450 1301 508 collaudante
1333 467 1457 507 eum
1491 453 1582 522 qui
1604 454 1672 508 ab
1722 451 1947 507 infantia

374 562 563 605 sacras
595 547 804 600 litteras
838 542 1117 597 didicisset
1154 540 1173 613 (
1199 541 1263 594 II
1308 541 1443 595 Tim.
1476 541 1615 611 Ill);
1646 553 1701 597 et
1732 556 1948 596 rursum

372 638 715 710 praecipiente
760 635 979 691 educari
1007 634 1145 689 ﬁlios
1182 635 1237 687 in
1263 634 1507 688 doctrina
1531 642 1588 689 et
1612 634 1949 689 correctione

374 729 586 784 Domini
617 726 778 799 (Eph.
807 725 915 798 γι).
945 738 972 766 ι
999 725 1178 779 Firma
1209 733 1389 779 tamen
1421 734 1550 780 tunc
1587 726 1693 780 erit
1737 725 1948 795 profes-

373 820 457 875 sio
478 817 823 890 virginitatis,
868 831 935 870 ex
962 830 1069 884 quo
1112 815 1293 868 adulta
1313 814 1425 883 jam
1451 824 1581 868 aetas
1608 830 1729 870 esse
1771 830 1951 884 caepe-

375 910 467 973 rit,
497 916 553 963 et
598 923 661 963 ea
696 922 817 976 quae
861 905 996 960 solet
1021 905 1223 974 nuptiis
1264 912 1389 974 apta
1430 904 1679 975 deputari
1718 921 1784 961 ac
1821 922 1949 975 per—

373 998 535 1054 fecta.
578 997 799 1067 Oportet
825 1005 1001 1049 tamen
1039 994 1273 1049 infantes
1302 995 1577 1050 voluntate
1603 1005 1657 1050 et
1683 1011 1950 1052 consensu

374 1094 700 1157 parentum,
761 1085 869 1138 imo
922 1085 989 1138 ab
1046 1084 1175 1152 ipsis
1222 1085 1536 1153 parentibus
1589 1086 1799 1141 oblatos
1851 1089 1951 1142 sub

375 1176 691 1230 testimonio
741 1174 1095 1242 plurimorum
1149 1173 1373 1243 suscipi,
1414 1182 1474 1226 ut
1518 1175 1695 1229 omnis
1738 1176 1952 1230 occasio

374 1264 646 1318 maledicti
676 1264 849 1333 gratia
890 1262 1207 1315 excludatur
1244 1262 1524 1315 hominum
1568 1266 1946 1333 pessimorum.

374 1351 629 1407 Adhiberi
682 1360 861 1405 autem
910 1351 988 1404 eis
1032 1359 1242 1418 oportet
1279 1366 1543 1405 summam
1597 1354 1947 1422 diligentiam,

372 1458 483 1514 quo
507 1444 713 1514 possint
738 1445 805 1498 ad
835 1458 993 1497 omne
1018 1443 1234 1497 virtutis
1258 1444 1576 1497 exercitium
1603 1446 1951 1514 probabiliter

374 1535 619 1600 institui,
672 1543 781 1588 tam
830 1534 881 1587 iu
919 1534 1083 1587 verbo
1132 1549 1295 1601 quam
1341 1534 1613 1589 intellectu
1667 1544 1723 1589 et
1764 1551 1945 1606 opere.

374 1626 645 1697 Quidquid
676 1626 728 1679 in
756 1633 943 1680 tenero
971 1632 1026 1678 et
1048 1640 1214 1694 parvo
1244 1627 1365 1695 quis
1393 1626 1711 1691 inseruerit,
1743 1626 1949 1683 firmius

369 1727 427 1773 et
456 1717 696 1772 tenacius
728 1717 783 1771 in
817 1724 1091 1786 posterum
1118 1717 1475 1771 conservabit.
1516 1717 1843 1788 lnjungenda
1870 1728 1953 1775 est
1980 1703 2027 1762 Β

375 1821 507 1875 ergo
534 1804 818 1859 infantium
863 1820 992 1859 cura
1035 1805 1121 1859 his
1157 1806 1247 1873 qui
1293 1813 1418 1859 ante
1445 1807 1627 1860 omnia
1673 1807 1726 1862 in
1757 1808 1954 1863 virtute

374 1894 650 1963 patientia:
705 1893 1024 1947 documenta
1069 1893 1149 1946 sui
1197 1894 1552 1962 probabiliter
1602 1898 1951 1965 praebuerint,

372 1985 468 2054 qui
491 1984 698 2053 possint
721 1999 820 2053 pro
844 1985 1038 2038 merito
1067 1984 1246 2039 delicti
1276 1994 1330 2039 et
1360 1988 1542 2042 :etatis
1577 1988 1803 2059 singulis
1835 1992 1955 2060 qui-

370 2075 580 2144 busque
625 2074 788 2128 etiam
826 2074 1185 2142 correptionis
1223 2075 1482 2132 adhibere
1525 2092 1855 2146 mensuram,
1897 2089 1954 2137 et

367 2164 464 2234 qui
508 2172 727 2219 servent
759 2180 854 2219 eos
882 2164 1059 2232 primo
1078 2165 1321 2219 omnium
1351 2182 1383 2219 a
1424 2168 1770 2224 sermonibus
1805 2171 1950 2225 otio-

369 2253 464 2318 sis,
490 2253 640 2307 etab
672 2254 967 2317 iracundia,
997 2262 1158 2321 atque
1198 2244 1266 2307 ab
1310 2254 1682 2311 incitamentis
1711 2258 1865 2328 gulae,
1896 2269 1951 2313 et

374 2358 408 2398 a
451 2344 663 2400 cunctis
698 2343 1068 2399 iudeceutibus
1116 2352 1171 2399 et
1219 2344 1541 2404 inordinatis
1590 2349 1844 2404 motibus.
1894 2350 1951 2406 Si

371 2450 505 2491 vero
524 2451 647 2491 cum
671 2436 846 2489 (etatis
866 2444 1154 2506 augmento
1181 2437 1360 2492 nullus
1393 2438 1446 2492 in
1477 2438 1560 2494 eis
1588 2439 1949 2508 deprehendi-

370 2535 463 2582 tur
503 2524 782 2597 profectus
815 2526 1133 2590 industrius,
1183 2526 1279 2580 sed
1309 2542 1443 2598 vaga
1475 2542 1631 2582 mens
1660 2538 1716 2583 et
1737 2529 1950 2583 animus

375 2632 583 2682 cassus,
616 2617 781 2670 etiam
807 2625 927 2685 post
962 2615 1208 2670 instituta
1240 2616 1557 2684 probabilia,
1586 2615 1951 2672 infructuosus

370 2706 755 2777 permanserit,
784 2706 1152 2775 hujuscemodi
1181 2706 1342 2776 abjici
1372 2716 1606 2777 oportet,
1637 2718 1693 2764 et
1716 2693 1950 2767 maxime

367 2859 605 2931 ἀγαμίαν,
630 2879 759 2931 πςητ.
804 2858 877 2921 λ.,
911 2858 1090 2931 id_est,
1127 2857 1230 2931 Qui
1260 2860 1415 2931 tacite
1462 2860 1704 2931 videntur
1741 2860 1948 2931 caelibu-

369 2927 481 2979 mm
511 2927 805 2991 admisisse,
834 2936 940 2980 etc.
961 2927 1026 2980 Et
1054 2929 1106 2981 in
1130 2928 1602 2983 Admonitionibus
1634 2928 1774 2983 idem
1797 2930 1950 2983 Basi-

365 2995 475 3051 lius
504 2995 833 3065 mentionem
867 2995 996 3049 facit
1040 2998 1148 3050 voti
1192 2997 1519 3065 virginitatis
1550 3016 1562 3050 :
1599 3017 1618 3048 ¢
1652 2997 1709 3052 Si
1754 3000 1821 3052 ad
1866 2999 1944 3053 fe-

2046 458 2176 498 vero
2202 444 2294 513 qui
2326 452 2487 498 mtate
2530 445 2752 500 robusta
2792 446 3055 501 accedunt
3081 446 3149 501 ad
3182 446 3474 502 servitium
3506 446 3631 511 Dei,

2046 540 2261 601 oportet
2292 532 2585 601 inquirere,
2619 540 2677 586 ut
2703 533 2959 597 diximus,
2990 533 3301 604 qualitatem
3333 535 3463 588 vita
3486 548 3635 603 prae-

2048 626 2239 689 teritae,
2263 634 2318 679 et
2338 624 2586 680 sufﬁcere
2611 626 2771 680 etiam
2795 626 2899 681 hoc
2917 627 3115 695 ipsum,
3139 626 3185 681 si
3204 627 3338 680 satis
3357 627 3638 681 instanter

2048 717 2152 771 hoc
2176 726 2455 786 expetunt,
2484 725 2538 771 et
2575 718 2619 772 si
2659 733 2845 771 verum
2871 731 2927 775 et
2953 720 3149 773 ardens
3178 719 3513 774 desiderium
3546 728 3635 774 est

2050 822 2237 861 eorum
2273 823 2402 878 erga
2449 822 2585 876 opus
2624 807 2739 862 Dei.
2783 807 3098 878 Hujusmodi
3128 824 3257 863 vero
3298 808 3417 862 ﬁeri
3464 809 3639 863 docu-

2049 907 2229 953 menta
2257 899 2326 954 ab
2352 899 2437 955 his
2460 907 2673 968 oportet
2693 900 2783 968 qui
2816 899 2967 953 valde
2994 900 3289 969 prudenter
3312 901 3379 953 de
3402 900 3497 953 his
3520 900 3636 954 dis-

2050 997 2237 1043 cutere
2262 990 2534 1058 potuerint
2558 999 2613 1043 et
2634 991 2883 1059 probare.
2911 988 3044 1043 Cum
3069 1000 3247 1043 autem
3278 990 3488 1044 fuerint
3519 1006 3638 1043 sus-

2051 1080 2215 1146 cvpti,
2260 1078 2305 1131 si
2343 1077 2482 1132 forte
2507 1079 2841 1148 propositum
2891 1079 3216 1147 transgressi
3255 1077 3484 1141 fuerint,
3534 1094 3635 1133 nec

2051 1167 2222 1222 videri
2258 1183 2352 1223 eos
2375 1177 2589 1238 oportet
2616 1169 2864 1239 amplius,
2910 1178 3162 1237 tanquam
3196 1184 3288 1223 eos
3325 1169 3416 1239 qui
3446 1170 3501 1222 in
3532 1169 3637 1221 Do-

2052 1257 2199 1310 mino
2262 1258 2641 1325 deliquerunt,
2696 1258 2724 1297 δ
2776 1259 2919 1327 quod
2970 1266 3054 1311 est
3104 1257 3468 1313 confessionis
3524 1275 3637 1312 sum

2049 1356 2285 1418 pactum,
2328 1365 2449 1402 cum
2480 1348 2704 1418 professi
2743 1357 2888 1401 sunt.
2925 1348 3011 1411 Et,
3062 1348 3105 1402 si
3139 1348 3471 1417 peccaverit,
3514 1347 3641 1415 quis

2050 1438 2225 1492 orabit
2251 1453 2351 1507 pro
2374 1453 2438 1493 eo
2482 1437 2531 1511 (I
2558 1438 2685 1509 Reg.
2711 1437 2823 1510 n)?

2313 1572 2339 1644 §
2370 1571 2456 1626 lll.
2481 1602 2552 1611 —
2573 1572 2652 1626 Ex
2690 1572 2905 1627 Rsouu
2935 1587 3120 1628 sum
3143 1574 3362 1628 lsmom.

2126 1692 2148 1721 ε
2179 1680 2496 1751 Quicunque
2525 1698 2556 1736 a
2600 1682 2912 1751 parentibus
2938 1682 3171 1752 propriis
3212 1683 3263 1737 in
3288 1682 3637 1739 monasterio

2056 1773 2220 1827 fuerit
2247 1772 2545 1843 delegatus,
2579 1773 2791 1826 noverit
2830 1788 2889 1826 se
2925 1773 2994 1827 ibi
3027 1781 3284 1842 perpetuo
3306 1788 3640 1842 permansu-

2056 1878 2196 1916 rum.
2222 1861 2357 1917 Nam
2378 1862 2531 1916 Anna
2562 1860 2780 1917 Samuel
2808 1877 3034 1932 puerum
3063 1871 3246 1916 natum
3293 1872 3348 1917 et
3391 1864 3644 1919 ablacta-

2055 1959 2169 2006 tum
2198 1950 2310 2005 Deo
2336 1950 2363 1990 ά
2391 1952 2617 2021 pietate,
2653 1966 2758 2020 qua
2796 1959 3039 2015 voverat,
3070 1950 3299 2016 obtulit;
3343 1953 3555 2021 quique
3586 1954 3643 2008 in

2053 2042 2356 2096 ministerio
2399 2041 2601 2111 templi,
2655 2057 2765 2110 quo
2811 2057 2842 2095 a
2893 2049 3069 2095 matre
3119 2042 3293 2096 fuerat
3338 2055 3362 2082 ε
3391 2043 3640 2109 functus,

2051 2132 2369 2201 permansit,
2402 2140 2457 2186 et
2501 2131 2594 2186 ubi
2653 2133 2977 2187 constitutus
3027 2141 3154 2198 est,
3212 2134 3511 2190 deservivit
3564 2135 3641 2208 (1

2056 2218 2184 2290 Reg.
2218 2219 2280 2292 ι).

2123 2329 2262 2402 διν.
2290 2361 2361 2371 --
2388 2332 2466 2387 Ex
2499 2331 2716 2388 Recuu
2755 2346 2944 2388 enen
2976 2333 3274 2389 Avarum
3318 2335 3568 2392 EPISCOPI

2697 2422 2835 2495 (cap.
2860 2423 2973 2494 te).

2128 2510 2147 2549 τ
2178 2510 2282 2577 Qui
2309 2528 2440 2568 vero
2463 2512 2692 2569 minoris
2712 2514 2888 2571 aetatis
2919 2523 3064 2579 sunt,
3106 2524 3201 2570 aut
3229 2517 3371 2571 vivis
3394 2520 3642 2586 parenti-

2049 2606 2151 2661 bus
2191 2606 2244 2660 in
2292 2606 2624 2660 monasterio
2651 2606 3043 2676 ingrediuntur,
3075 2610 3101 2647 8
3131 2609 3350 2663 chartas
3387 2618 3524 2663 tunc
3565 2610 3644 2663 fa.

2049 2712 2172 2754 cere
2224 2696 2647 2768 compellantur,
2696 2698 2721 2736 δ
2774 2698 2991 2767 quando
3039 2707 3196 2752 aetate
3248 2697 3468 2768 probati
3518 2700 3640 2755 fue-

2046 2849 2174 2905 Flos
2201 2849 2379 2904 aetatis
2421 2849 2528 2905 Deo
2573 2858 2921 2905 consecratus
2948 2850 3166 2904 odorem
3202 2851 3381 2919 spirat
3411 2855 3640 2908 suavio«

2048 2935 2182 2974 rem.
2234 2919 2425 2974 Postea
2463 2929 2724 2975 statutum
2750 2930 2832 2974 est
2858 2928 2917 2973 ut
2952 2935 3111 2974 nemo
3138 2932 3265 2974 ante
3294 2936 3507 2975 annum
3550 2925 3646 2979 de-

2048 2989 2251 3061 cimum
2274 2999 2527 3059 quartum
2573 2992 2699 3061 vita:
2735 2989 2999 3061 religiosa:
3035 2990 3372 3061 professione
3404 2992 3645 3048 solemni

365 3065 640 3135 minarum
678 3064 871 3135 domus
899 3065 1194 3135 accesserit
1228 3059 1458 3121 clericus
1496 3076 1590 3121 aut
1631 3071 1945 3135 monachus,
1976 3068 2020 3129 C
2053 3059 2467 3135 astrilyserelur.
2499 3068 2566 3135 ιιξ
2582 3060 2809 3135 habetur
2847 3059 2967 3127 cap.
3018 3060 3100 3111 Ad
3135 3071 3394 3135 nostram.
3429 3063 3502 3116 de
3532 3062 3644 3135 Be-

365 3139 424 3202 et
456 3131 611 3201 virgo
636 3132 876 3201 patiatur
899 3133 1267 3202 hujuscemodi
1298 3138 1523 3191 introire
1564 3138 1629 3190 ad
1662 3153 1741 3201 sc,
1765 3131 1947 3193 statim

367 3198 660 3281 immolant
701 3198 986 3270 pristinam
1013 3203 1350 3273 dignitatem,
1385 3214 1442 3260 et
1462 3205 1612 3329 1quod
1647 3198 1758 3262 Deo
1796 3208 1950 3275 polli-

367 3276 461 3323 citi
499 3278 646 3329 sunt.
692 3285 786 3324 sua
816 3272 1094 3326 voluntate
1132 3274 1405 3328 amittunt.
1510 3293 1572 3329 ec
1620 3277 1763 3329 enim
1800 3287 1950 3329 note-

366 3272 461 3323 citi
499 3278 646 3345 sunt,
692 3285 786 3324 sua
812 3272 1094 3345 voluntate
1132 3274 1405 3345 amittunt.
1462 3272 1572 3331 Nec
1620 3277 1763 3331 enim
1796 3272 1950 3345 pote-

365 3337 845 3415 rut_tt__hujusmodi
895 3343 1234 3415 mansionem
1286 3344 1342 3415 in
1369 3360 1429 3399 se
1458 3347 1569 3400 Deo
1611 3337 1946 3415 prseparare,

366 3406 461 3488 sed
488 3407 858 3488 dissolvuntur
886 3419 959 3488 ut_
981 3412 1182 3488 lignum
1231 3414 1462 3467 aridum.
1505 3406 1753 3488 Nunquid
1786 3406 1950 3488 virgi;

364 3477 592 3552 nitatem
621 3479 877 3534 Dominus
911 3481 989 3552 ab
1014 3477 1198 3550 aliquo
1227 3491 1514 3552 extorquet
1546 3477 1746 3539 invi—to?
1780 3504 1800 3537 ι

439 3558 466 3586 ι
494 3546 681 3601 Firma
711 3558 883 3622 tamen
911 3550 1010 3622 erit
1034 3546 1291 3622 professio
1332 3546 1666 3622 uirginitatis,
1706 3563 1811 3610 etc.
1849 3554 1950 3610 Hic

366 3623 548 3673 textus
600 3617 1235 3692 proferturahGratiano,
1282 3621 1368 3682 20,
1412 3617 1513 3692 qu.
1548 3625 1601 3687 l,
1642 3639 1762 3692 cap.
1792 3625 1848 3688 2,
1878 3642 1948 3681 ex

362 3701 507 3759 pona
538 3688 776 3759 synodo;
810 3690 905 3742 sed
932 3688 1004 3759 ibi
1035 3705 1142 3743 non
1172 3688 1460 3759 reperitur.
1495 3691 1554 3747 S.
1583 3688 1815 3748 Basilius
1843 3696 1948 3750 hoc

361 3753 483 3831 loco
501 3753 892 3831 professionem
918 3757 1102 3831 adulta
1129 3753 1288 3831 aetate
1322 3760 1620 3816 faciendam
1665 3778 1785 3817 esse
1809 3778 1950 3831 prae-

366 3825 531 3899 cipit;
576 3825 821 3899 epist},
867 3827 935 3880 ad
971 3828 1427 3899 Amphilochium,
1479 3847 1601 3885 can.
1635 3832 1686 3896 7,
1731 3825 1947 3888 aetatem

362 3894 691 3971 professioni
737 3896 989 3971 idoneam
1041 3894 1419 3965 determinat,
1451 3894 1716 3971 docetque
1761 3911 1945 3956 votum

364 3964 695 4033 virginitatis
731 3966 1084 4039 emittendum
1112 3985 1232 4023 esse
1261 3985 1422 4039 supra
1449 3964 1649 4025 annum
1679 3972 1947 4026 decimum

369 4041 584 4106 sextum
617 4042 712 4086 aut
746 4034 1012 4106 decimum
1059 4034 1365 4106 septimum.
1412 4039 1608 4094 Verum
1660 4042 1947 4096 concilium

362 4099 667 4177 Trullense,
698 4118 818 4177 can.
850 4104 942 4168 40,
972 4099 1218 4173 permisit
1240 4108 1630 4177 professionem
1663 4110 1777 4164 lieri
1805 4126 1949 4166 anno

365 4170 545 4224 aetatis
595 4171 829 4252 decimo,
879 4170 990 4252 non
1028 4185 1186 4252 antea
1217 4170 1432 4252 ςίέσςω
1484 4186 1652 4252 enim
1696 4181 1721 4236 ὁ
1757 4182 1947 4252 pilleis

363 4242 647 4318 μογαχιέὀη
675 4244 998 4315 ὑπέρχεσθαι
1024 4248 1191 4318 Cirris,
1218 4250 1323 4317 οὺχ
1357 4249 1522 4318 ἥττων
1552 4257 1580 4307 ἣ
1604 4242 1868 4315 δικαιῖτήςν
1890 4250 1946 4305 id

362 4310 466 4389 est,
498 4310 535 4360 ἶ
550 4310 651 4389 Qui
699 4310 851 4380 ergo
877 4310 1250 4389 monachicum
1281 4310 1446 4389 'subit
1481 4315 1693 4389 jugum,
1732 4310 1947 4375 non’sit

2051 3127 2348 3198 gularibus,
2397 3137 2504 3183 etc.
2535 3127 2641 3184 Sed
2680 3129 2893 3183 tandem
2934 3139 3151 3199 propter
3178 3132 3408 3184 abusum
3439 3133 3646 3188 multo-

2051 3214 2191 3261 rum,
2223 3199 2315 3266 qui
2342 3198 2570 3253 avaritia
2599 3200 2744 3253 ducti
2775 3198 2972 3254 liberos
2999 3215 3125 3253 suos
3154 3202 3513 3257 monasteriis
3539 3206 3643 3259 ob-

2050 3269 2275 3323 trudunt
2317 3269 2536 3333 invitos,
2578 3270 2723 3337 quia
2750 3268 2978 3322 fratrum
3016 3270 3308 3335 consortio,
3361 3281 3421 3324 ut
3454 3275 3646 3328 verbis

2049 3336 2329 3419 Majoriani
2385 3336 2873 3419 imperatorisutar
2910 3339 2936 3419 (Δ
2966 3338 3102 3393 Nov.
3153 3339 3218 3407 8)
3252 3380 3267 3402 ,
3314 3342 3641 3419 parricidali

2048 3409 2457 3478 quodammodo
2478 3416 2595 3462 arte
2623 3409 3033 3474 subtrahuntur,
3085 3424 3152 3462 ne
3194 3409 3370 3478 patris
3409 3414 3641 3466 matris-

2049 3492 2153 3559 que
2183 3493 2419 3559 cptigrua
2447 3476 2750 3559 largitione,
2800 3488 2893 3559 aut
2930 3493 3116 3532 eorum
3145 3476 3301 3548 mqua
3330 3496 3456 3534 cum
3485 3483 3641 3559 “reﬂ-

2048 3548 2173 3618 quis
2208 3547 2334 3601 [iliis
2372 3547 3038 3618 succeSsionepotiantur,
3086 3547 3300 3618 sacrum
3337 3551 3637 3606 concilium

2050 3616 2424 3688 Tridentinum
2454 3618 2632 3672 sanxit
2658 3616 2676 3688 (
2703 3616 2951 3684 $353.25,
2982 3635 3096 3686 cap.
3122 3617 3211 3688 l5)
3241 3634 3306 3671 ne
3344 3619 3471 3688 quis
3503 3633 3635 3676 ante

2047 3687 2317 3758 decimum
2342 3696 2571 3758 sextum
2591 3687 2766 3741 mtatis
2792 3704 2995 3742 annum
3015 3687 3290 3757 expletum
3318 3687 3387 3743 ad
3416 3690 3635 3758 profes-

2048 3757 2256 3827 sionem
2281 3756 2584 3827 religiosam
2614 3758 2947 3827 admittatur.

2120 3826 2147 3865 ι)
2184 3825 2336 3898 Quod
2378 3825 2453 3880 est
2493 3826 2835 3898 confessioais
2878 3843 2989 3880 sua:
3023 3835 3378 3898 pactumcunt
3403 3830 3633 3898 professi

2046 3906 2185 3951 sunt.
2215 3897 2390 3951 Locus
2424 3903 2727 3965 corruptus.
2762 3895 2920 3965 Lege,
2952 3895 3033 3951 ut'
3054 3898 3194 3966 apud
3233 3895 3536 3952 Rufinum}
3562 3899 3633 3953 Et

2046 3966 2383 4037 professionis
2411 3981 2522 4019 sua:
2556 3970 3100 4037 pactumtransgressj
3122 3976 3263 4019 sunt.

2122 4034 2151 4073 δ
2174 4035 2480 4103 Quicunque
2502 4052 2533 4087 α
2558 4034 2882 4103 parentibus,
2908 4034 3014 4091 etc.
3052 4035 3176 4089 llmc
3197 4051 3304 4089 non
3344 4039 3632 4103 reperiun-

2047 4113 2137 4178 tur
2159 4105 2213 4160 in
2242 4103 2443 4178 Regula
2468 4105 2527 4158 S.
2566 4103 2755 4178 lsidori
2781 4120 2998 4178 excusa.
3024 4104 3360 4178 Deferuntur
3389 4103 3496 4169 ᾗ),
3532 4124 3626 4178 qu.

2048 4175 2100 4238 l,
2125 4190 2246 4245 cap.
2276 4173 2602 4244 Quicunque,
2633 4174 2750 4245 sine
2793 4175 2899 4245 ulla
2933 4175 3055 4230 libri
3091 4184 3184 4229 aut
3239 4176 3439 4243 capitis
3494 4173 3627 4232 cita-

2047 4244 2214 4300 tione.
2240 4244 2568 4315 Referuntur
2590 4244 2754 4298 etiam
2788 4260 2819 4298 a
2853 4244 3169 4315 Smaragdo,
3197 4245 3294 4298 sed
3329 4261 3396 4299 ex
3438 4257 3627 4303 nostro

2048 4322 2267 4384 auctore
2297 4313 2542 4384 sumpsit.

361 4380 541 4466 minpr
571 4380 756 4462 decem
789 4382 962 4466 annis.
988 4403 1005 4435 ι
1038 4383 1162 4455 Agit
1204 4380 1587 4466 conciliuniflg
1625 4380 1940 4466 monachica

2115 4382 2143 4424 ἀ
2168 4381 2397 4466 Pietate,
2416 4380 2530 4466 qua
2558 4393 2779 4466 liquerat,
2804 4382 3009 4466 adtulit.
3035 4383 3092 4438 In
3129 4398 3291 4439 causa
3334 4385 3531 4466 _citata,
3566 4398 3624 4466 _et

363 4447 725 4526 professione,
767 4452 947 4526 aitque
976 4447 1159 4508 votu'm
1190 4470 1297 4509 non
1336 4470 1459 4511 esse
1487 4456 1838 4511 differendum
1873 4459 1944 4514 ad
1966 4447 2017 4466 ν
2042 4454 2184 4526 apud
2209 4447 2566 4525 Smaragdum
2608 4452 2805 4523 legitur
2849 4460 3081 4517 tantum,
3126 4469 3247 4507 cum
3288 4458 3489 4526 pietate
3516 4447 3622 4511 ὀιο

357 4525 574 4592 aetatem
601 4518 982 4592 a_S._Ba:silio
1027 4525 1416 4592 prmseriptam,
1471 4526 1579 4580 imo
1632 4527 1941 4583 acceleran-

357 4585 508 4656 dum,
560 4588 688 4656 quia
740 4588 981 4644 Ecclesia
1016 4585 1109 4646 Dei
1144 4585 1351 4648 firmior
1400 4585 1487 4651 est
1536 4605 1591 4650 et
1641 4598 1934 4652 robustior.

358 4653 466 4731 _Sed
511 4653 801 4731 utramque
850 4668 1065 4731 mtatem
1122 4663 1467 4731 amplectitur
1519 4666 1728 4720 novella
1784 4674 1939 4722 sexta

354 4722 996 4814 Deo-nisuijmpet'atoris‘:
1016 4748 1056 4814 ,ξ
1093 4722 1276 4814 Itaque
1305 4749 1684 4814 qum_ma_gtius
1733 4735 1836 4814 iste
1880 4745 1938 4791 et

358 4795 709 4873 admirandus
740 4798 978 4873 decrevit
1015 4795 1283 4873 Basilius,
1312 4795 1373 4856 ut
1403 4795 1651 4858 videlicet
1685 4805 1777 4873 qui
1819 4820 1934 4860 mo—

353 4865 640 4944 nachirum
688 4867 929 4944 habitum
971 4871 1216 4944 ambiunt
1254 4865 1464 4944 decimo
1504 4881 1656 4944 sexto
1684 4865 1935 4944 primum

355 4946 422 4987 ac
453 4934 665 4990 decimo
692 4938 921 5005 septimo
948 4941 1122 4995 aatatis
1155 4955 1298 4995 anno
1323 4941 1466 5010 digni
1505 4942 1580 4996 illi
1609 4934 1932 5010 habeantur,

351 5016 579 5086 quaeque
613 5015 801 5086 sancta
834 5016 992 5086 sexta
1015 5012 1230 5064 mandat
1266 5012 1505 5081 synodus
1523 5013 1933 5086 gannodecimo,

351 5075 445 5140 qui
475 5075 739 5150 ejusmodi
769 5084 935 5131 Vitam
980 5075 1345 5148 capesserent,
1390 5082 1764 5150 suscipiendos
1791 5075 1931 5147 esse,

351 5147 587 5221 noveris.
627 5144 764 5221 ilice
806 5161 927 5201 cum
982 5144 1325 5221 sanctissimo
1367 5144 1677 5220 patriarcha
1728 5144 1934 5221 Deique

350 5213 748 5289 amantissimis
777 5217 1207 5289 metropolitanis
1227 5213 1517 5287 diligenter
1540 5213 1924 5289 expendentes,

350 5287 599 5356 neutram
628 5297 903 5356 sacrarum
934 5286 1111 5356 legum
1157 5286 1408 5344 duximus
1436 5303 1553 5344 esse
1581 5286 1930 5345 contemnen-

350 5345 496 5429 dum.
533 5351 639 5406 Sed
667 5361 854 5429 contra
889 5356 956 5429 ad
986 5345 1380 5425 utrumcunque
1424 5369 1641 5429 tempus
1678 5359 1927 5429 religioso

354 5412 573 5499 habiti“.
590 5422 681 5487 qui
710 5421 1056 5499 illam__v_itam_
1079 5412 1309 5499 sum_ere‘
1321 5412 1573 5499 cupiunt:1
1594 5412 1927 5499 dignosu'ha:

351 5479 465 5534 heri
495 5479 766 5551 jubémus.
799 5510 818 5543 ι
854 5491 1126 5549 Videndus
1178 5479 1924 5552 Timaei-if;‘ha'iéhion'in

350 5561 608 5639 sationem
632 5557 876 5636 citatum.
906 5560 1061 5639 Haec.
1083 5563 1204 5618 ideo
1232 5565 1475 5639 instituta
1493 5577 1636 5639 _sunt
1664 5565 1791 5639 quia
1832 5568 1922 5621 b0-

350 5633 475 5672 num
525 5632 607 5676 est
632 5632 748 5680 viro
796 5638 1012 5697 portare
1042 5632 1231 5701 iugum
1271 5636 1337 5689 ab
1387 5632 1749 5691 adolescentia
1801 5653 1917 5690 sua.

2037 4523 2177 4577 tulit.

2111 4590 2206 4646 eF
2212 4601 2416 4663 unctus.
2461 4592 2538 4663 lta
2589 4591 2729 4660 apud
2770 4590 3157 4663 Smaragdum;
3199 4594 3296 4649 sed
3345 4594 3402 4649 in
3453 4612 3618 4651 causa

2034 4662 2201 4732 citata
2232 4662 2447 4732 legitur,
2469 4661 2772 4732 deputatus,
2804 4661 3026 4716 rectius.

2111 4732 2131 4772 τ
2161 4730 2265 4796 Qui
2288 4729 2447 4796 'vero,
2501 4729 2607 4785 etc.
2658 4729 2773 4785 Hoc
2819 4732 3111 4801 capitulum
3158 4733 3508 4789 desideratur
3557 4736 3612 4790 in

2036 4803 2158 4875 cod.
2190 4801 2374 4875 \’_i_nd.,
2396 4802 2537 4875 quod
2565 4801 2781 4875 quidem
2808 4811 3081 4871 sumptum
3105 4811 3189 4875 est
3223 4819 3293 4858 ex
3323 4804 3532 4875 Regula
3552 4804 3611 4859 S.

2038 4872 2283 4936 Cmsarii,
2309 4870 2427 4942 cap.
2455 4870 2489 4924 4
2523 4888 2535 4922 ;
2569 4870 2595 4942 _t
2631 4870 2737 4925 Illa:
2774 4886 2903 4942 vero
2938 4870 3063 4940 qua:
3098 4872 3275 4926 adhuc
3336 4870 3478 4929 vivis
3525 4889 3615 4942 pa-

2038 4942 2281 4997 rentibus
2311 4939 2670 4997 substantiam
2700 4956 2854 4995 suam
2885 4941 2939 4995 in
2960 4939 3228 5009 potestate
3260 4941 3473 4998 habere
3508 4939 3611 4998 lion

2035 5021 2282 5079 possunt,
2324 5019 2419 5065 aut
2466 5011 2643 5065 adhuc
2680 5010 2907 5065 minoris
2948 5012 3124 5065 aetatis
3166 5019 3294 5065 sunt
3319 5052 3335 5075 ,
3390 5013 3613 5067 chartas

2039 5090 2168 5135 tunc
2202 5080 2384 5136 facere
2421 5095 2526 5134 non
2548 5079 2985 5150 compellantur;
3028 5082 3251 5150 quando
3292 5096 3386 5135 res
3416 5097 3609 5150 paren—

2038 5158 2152 5204 tum
2179 5150 2231 5204 in
2253 5158 2518 5220 potestate
2545 5147 2853 5220 habuerint,
2903 5157 2998 5220 aut
3039 5147 3106 5202 ad
3155 5147 3457 5220 legitimam
3484 5161 3611 5204 aeta-

2037 5227 2142 5273 tem
2166 5217 2530 5300 perverterint.
2568 5237 2587 5270 ι
2616 5217 2716 5273 Ubi
2745 5219 2880 5300 lege,
2905 5219 2998 5300 sed
3034 5217 3292 5300 quandb,_
3310 5228 3418 5300 etc.
3466 5220 3607 5300 Idem

2030 5287 2272 5359 praecipit
2316 5287 2621 5351 Tetradius,
2674 5303 2768 5343 seu
2804 5287 3068 5359 ’Teridius
3117 5303 3237 5358 cap.
3271 5290 3296 5342 l
3334 5288 3555 5357 Regula
3585 5306 3602 5340 :

2034 5357 2052 5407 i
2090 5357 2147 5413 Si
2177 5373 2307 5413 vero
2332 5366 2486 5427 pater
2508 5367 2607 5427 aut
2644 5366 2818 5413 mater
2856 5358 2973 5427 ejus
3011 5357 3197 5421 vivat,
3225 5366 3277 5412 et
3305 5374 3417 5412 non
3448 5359 3607 5413 habet

2034 5375 2052 5407 α
2090 5375 2147 5413 δι
2177 5375 2307 5413 vero
2332 5375 2486 5427 pater
2508 5375 2601 5410 at"
2644 5375 2818 5413 mater
2856 5375 2886 5411 e
2912 5375 2973 5411 us
3011 5375 3179 5421 vivat,
3225 5375 3277 5412 et
3305 5375 3417 5412 non
3448 5375 3607 5413 uane:

2026 5436 2350 5498 potestatem
2385 5426 2618 5481 faciendi
2649 5375 2932 5498 (cbartasi,
2977 5427 3025 5482 si
3066 5427 3465 5498 migraveriut,
3512 5442 3607 5482 co—

2027 5506 2222 5566 gantur
2248 5497 2447 5566 facere.
2483 5517 2502 5548 ι

2102 5570 2127 5605 ⁸
2152 5565 2396 5621 Chartas.
2430 5565 2809 5620 Donatiouum.

2100 5637 2123 5675 δ
2164 5636 2388 5700 Quando
2439 5645 2589 5690 aetate
2633 5635 2834 5703 probati
2882 5635 3096 5703 fuerint.
3156 5635 3213 5691 Id
3249 5648 3358 5697 est.
3381 5635 3599 5705 quando
