3948 6182
364 380 500 438 I309

1284 379 1672 439 consonum
1711 350 2161 441 aestimauit.
2202 416 2271 426 -
2307 385 2458 441 CAP.
2500 387 2682 443 LXVI.

3464 398 3601 452 i510

360 495 491 559 rint,
521 506 547 535 ι
588 500 681 548 aut
713 506 801 547 res
845 502 1133 564 parentum
1186 495 1245 551 lu
1291 503 1562 564 potestate
1625 495 1931 549 habuerint.
1962 506 2011 561 Α
2040 496 2191 564 sequi
2215 494 2487 551 Christum
2518 513 2621 551 non
2650 505 2850 566 potest,
2878 499 3004 554 dum
3043 516 3149 556 non
3183 510 3360 572 potest
3395 505 3603 561 duobus

804 626 831 700 ᾗ
861 627 923 682 V.
954 658 1024 701 +
1042 627 1178 682 Item
1203 629 1341 698 (cap.
1366 628 1474 698 47).

428 737 459 778 δ
482 735 677 792 Minori
694 744 854 793 aetate
880 754 984 793 non
1007 738 1343 808 excipiantur
1366 739 1418 793 in
1450 739 1778 793 monasterio
1793 779 1808 803 ,
1825 739 1929 792 nisi

359 830 428 886 ab
448 829 604 883 attnis
629 828 837 895 decem,
889 838 982 885 aut
1017 830 1331 893 duodecim;
1366 830 1458 899 qui
1499 838 1556 884 et
1592 830 1787 884 nutriri
1822 844 1928 884 non

359 927 571 992 egeant,
600 931 657 975 et
681 936 872 976 cavere
900 921 1149 975 noverint
1176 920 1378 988 culpas.
1900 931 1903 935 '

689 1031 824 1103 ενι.
853 1062 924 1072 -
953 1032 1031 1086 Ex
1060 1032 1277 1086 Recuut
1307 1031 1593 1087 MAGISTRI.

431 1158 454 1184 ε
484 1144 619 1201 Cum
644 1142 871 1211 alicuius
894 1144 1087 1197 nobilis
1114 1144 1254 1197 tilius
1277 1154 1493 1214 propter
1516 1145 1611 1199 Dei
1651 1147 1929 1201 servitium

356 1240 412 1293 in
448 1236 835 1293 monasterium
864 1236 1407 1300 volueritconvolare,
1434 1252 1540 1289 non
1569 1237 1717 1306 prius
1753 1239 1927 1291 susci-

357 1332 559 1403 piatur,
588 1329 692 1383 uisi
716 1369 729 1392 ,
758 1336 819 1382 ut
847 1327 1107 1391 diximus,
1146 1341 1360 1382 omnem
1395 1341 1425 1378 a
1468 1341 1526 1381 se
1563 1327 1927 1381 obedientiam

355 1423 666 1490 promiserit
691 1417 1033 1486 implendam.
1067 1417 1266 1470 Deinde
1291 1417 1316 1455 ἀ
1347 1420 1671 1472 conveniant
1696 1417 1809 1487 ejus
1830 1434 1927 1487 pa-

357 1520 560 1575 rentes,
590 1519 646 1564 ut
673 1518 933 1563 eteorum
970 1507 1128 1576 quale
1180 1508 1250 1561 sit
1293 1520 1477 1561 votum
1512 1517 1836 1577 agnoscatur
1862 1507 1929 1561 de

354 1616 437 1655 eo.
468 1600 617 1667 Quod
649 1600 694 1653 si
724 1598 979 1652 contrarii
1020 1597 1326 1651 exstiterint
1376 1598 1593 1652 interim
1643 1613 1812 1667 usque
1862 1599 1927 1653 ad

354 1692 463 1744 vim
487 1705 587 1759 pro
606 1705 671 1743 eo
694 1689 921 1743 Domino
950 1688 1282 1743 inferendam
1324 1690 1393 1742 ad
1431 1689 1662 1743 claustra
1708 1704 1926 1744 monas-

355 1780 497 1843 terii,
540 1779 863 1844 vindicetur,
920 1793 1079 1848 quem
1133 1786 1311 1847 potest
1358 1779 1613 1834 Dominus
1639 1779 1928 1835 defendere

2033 586 2262 642 dominis
2290 589 2521 643 servire.-
2541 588 2656 658 lpsc
2685 604 2814 644 vero
2861 591 2995 646 bene
3019 594 3189 647 servit
3218 595 3328 649 Deo
3347 635 3361 660 ,
3391 597 3482 665 qui
3509 611 3604 651 vo~

2033 676 2191 731 luerit
2217 678 2363 731 illum
2390 679 2441 732 in
2470 679 2622 733 coalis
2669 695 2791 733 cum
2835 695 2900 734 eo
2943 682 3250 736 thesaurum
3302 686 3598 752 possidere,

2030 778 2188 834 quem
2216 783 2321 820 nou
2353 768 2495 821 tinea
2528 768 2782 833 comedit,
2829 785 3005 841 neque
3062 772 3209 826 fures
3240 772 3500 828 eifodiunt
3546 784 3602 830 et

2030 855 2299 920 furantur,
2345 858 2557 912 dicente
2608 859 2834 915 Domino
2882 863 2937 915 in
2987 864 3275 934 Evangelio
3308 884 3320 917 :
3352 866 3475 919 Nisi
3493 881 3610 936 quis

2031 948 2402 1001 renuntiaverit
2432 949 2669 1010 ontnibus
2711 968 2827 1021 qua:
2854 954 3098 1023 possidet,
3120 956 3147 996 ‘
3177 972 3281 1010 non
3322 965 3485 1025 potest
3516 974 3600 1010 sos

2029 1038 2121 1107 qui
2149 1054 2245 1100 me,
2271 1047 2319 1091 et
2348 1055 2492 1093 meus
2523 1055 2627 1094 esse
2658 1042 2947 1112 discipulus
2973 1044 3124 1115 (Luc.
3156 1063 3265 1112 xlv,
3296 1048 3364 1102 55
3394 1087 3407 1101 .
3440 1048 3598 1115 Quia,

2031 1136 2091 1181 ut
2118 1127 2373 1192 diximus,
2403 1128 2429 1167 ιι
2474 1129 2635 1183 homo
2678 1140 2902 1186 onustus
2953 1150 3087 1188 auro
3137 1137 3288 1203 sequi
3324 1137 3598 1193 Christum

2031 1233 2140 1272 non
2169 1226 2366 1286 potest,
2410 1220 2424 1258 ί
2472 1219 2524 1272 in
2562 1229 2765 1275 tantum
2800 1233 2860 1277 ut
2912 1224 3198 1280 admoneat
3246 1228 3503 1283 Dominus
3548 1232 3600 1283 in

2031 1309 2319 1379 Evangelio
2346 1312 2630 1379 quemdam
2662 1330 2757 1367 sua
2800 1328 3116 1384 sequentem
3160 1320 3387 1389 vestigia
3419 1321 3602 1374 dicens

2031 1401 2079 1454 ei
2106 1418 2119 1452 :
2150 1399 2209 1454 Si
2238 1402 2311 1454 vis
2338 1403 2596 1471 perfectus
2618 1405 2877 1461 esse.vade
2900 1416 2946 1458 et
2974 1408 3132 1460 vende
3155 1411 3329 1462 omnia
3361 1426 3478 1478 qum
3506 1412 3599 1461 Im-

2031 1490 2154 1552 bes;
2182 1499 2229 1541 et
2252 1491 2387 1554 veni,
2420 1492 2963 1561 sequereme(Mattlt.
3005 1495 3142 1564 xix).
3202 1497 3354 1550 Unde
3408 1499 3603 1550 coniti-

2030 1586 2206 1633 status
2248 1580 2336 1635 ille
2374 1590 2595 1650 prepter
2623 1582 2819 1637 multas
2854 1584 3071 1638 divitias
3098 1588 3287 1641 meruit
3318 1590 3456 1643 hanc
3491 1590 3595 1641 Do-

2031 1670 2245 1725 miniea:
2268 1672 2416 1726 vocis
2439 1674 2625 1727 audire
2650 1677 2971 1729 sententiam
3005 1693 3018 1729 :
3051 1676 3290 1731 Facilius
3310 1691 3474 1749 potest
3505 1698 3597 1733 ca-

2031 1759 2197 1814 melas
2218 1778 2311 1831 per
2336 1762 2573 1831 foramen
2593 1781 2720 1818 acus
2746 1768 2992 1830 transire,
3019 1783 3175 1836 quam
3217 1771 3416 1823 intrare
3451 1788 3599 1839 posse

352 1840 573 1939 propter
606 1883 663 1922 se
693 1886 706 1921 :
738 1840 863 1937 quia
893 1840 1085 1921 fortior
1111 1840 1194 1921 est
1213 1867 1433 1922 dextera
1469 1867 1583 1935 ejus
1620 1870 1686 1923 ad
1739 1878 1914 1939 prote-

2029 1849 2238 1903 dt’vitem
2256 1851 2312 1903 in
2334 1867 2546 1920 regnum
2570 1854 2813 1906 caelorum
2839 1854 3029 1923 (Marc.
3044 1871 3098 1920 x;
3120 1855 3245 1909 Luc.
3264 1858 3435 1924 xvm).
3456 1859 3601 1924 Quos

354 1958 585 2030 gendum
612 1973 771 2028 quam
800 1958 994 2014 diaboli
1022 1958 1278 2028 iniquitas
1305 1960 1371 2013 ad
1401 1959 1724 2014 ltcdendum.
1771 1960 1925 2026 Quod

352 2047 399 2101 si
423 2047 592 2117 magis
619 2046 821 2102 fuerint
860 2048 1257 2103 consentientes
1307 2046 1421 2116 ejus
1475 2059 1601 2103 voto
1648 2060 1922 2119 parentes,

353 2139 660 2194 convocatis
687 2141 764 2194 eis
794 2140 860 2194 ab
886 2140 1079 2194 abbate
1109 2139 1162 2193 in
1193 2140 1610 2204 monasterium,
1642 2151 1821 2194 votum
1859 2141 1922 2193 fl-

351 2229 408 2284 lii
438 2231 801 2285 convertentis
829 2232 1148 2299 exquiratur
1177 2231 1245 2284 ab
1271 2232 1372 2295 eis,
1402 2239 1460 2284 ut
1495 2233 1562 2285 ab
1594 2233 1723 2301 ipsis
1745 2233 1923 2301 potius

350 2320 597 2374 videatur
641 2319 890 2374 devoveri
946 2318 1025 2372 vel
1072 2316 1252 2373 oﬁ'erri
1302 2320 1393 2387 qui
1443 2334 1565 2373 eum
1602 2327 1919 2389 genuerunt.

350 2407 483 2463 Cum
512 2423 640 2477 ergo
669 2410 841 2480 magis
864 2409 1237 2478 responderint
1262 2418 1512 2479 parentes
1550 2418 1828 2479 gratanter
1864 2425 1923 2465 se

348 2499 483 2554 velle
510 2500 803 2568 adimplere
835 2514 954 2569 quae
983 2500 1161 2569 cupit,
1198 2508 1325 2555 tunc
1376 2502 1519 2555 dicat
1569 2502 1649 2556 eis
1704 2502 1871 2557 abbas
1904 2520 1917 2554 :

344 2587 608 2658 Equidem
638 2590 890 2644 omnibus
909 2590 1064 2644 nobis
1082 2605 1220 2645 unus
1250 2591 1315 2643 ad
1345 2592 1523 2645 omnia
1551 2591 1917 2656 StthicilDetts;

352 2677 491 2731 csed
520 2678 646 2745 quia
675 2677 1050 2732 accedentibus
1097 2679 1164 2732 ad
1214 2679 1451 2733 divinum
1498 2680 1804 2743 servitium,
1840 2681 1922 2734 vel

346 2767 675 2822 intrantibus
704 2768 756 2820 in
787 2769 1174 2822 monasterium
1203 2769 1384 2823 saeculi
1424 2770 1572 2838 prius
1615 2780 1922 2837 amputetur

348 2870 493 2926 spes,
529 2856 550 2896 ί
587 2857 924 2911 excarricato
954 2859 1021 2911 de
1050 2874 1108 2911 se
1141 2873 1361 2912 suarttm
1391 2872 1555 2912 onere
1582 2856 1916 2923 facultatum,

348 2947 509 3002 nullis
534 2947 760 3001 ulterius
785 2947 962 3001 saeculi
1002 2946 1207 3016 laqueis
1246 2947 1515 3011 irretitus,
1549 2961 1768 3001 securus
1794 2961 1919 3015 per-

348 3046 461 3110 gat,
499 3044 554 3092 et
580 3036 728 3092 solus
747 3036 814 3091 ad
844 3036 1127 3091 Dominum
1163 3056 1174 3090 :
1206 3038 1328 3106 quia
1355 3054 1502 3091 nemo
1541 3038 1763 3090 serviens
1810 3037 1921 3091 Deo

347 3127 582 3197 implicat
607 3144 661 3181 se
685 3128 903 3196 negotiis
928 3125 1295 3191 sa'cularibus,
1336 3137 1390 3180 ut
1426 3128 1473 3179 ei
1515 3128 1715 3197 placeat
1744 3128 1827 3180 cui
1864 3144 1919 3181 se

345 3215 580 3286 probavit
619 3215 703 3287 (ΙΙ
734 3215 867 3269 Tim.
903 3231 965 3280 ll,
1014 3214 1092 3287 4).
1129 3216 1262 3282 Quia
1317 3219 1476 3270 homo
1520 3225 1746 3270 onustus
1785 3232 1917 3271 auro

343 3335 506 3382 aetate
540 3328 863 3396 competenti
888 3326 1106 3381 fuerint.
1139 3327 1261 3383 llaec
1289 3329 1604 3382 constitutio
1634 3344 1738 3381 non
1771 3343 1918 3382 rece-

344 3396 426 3451 dit
455 3412 485 3449 a
511 3398 719 3451 novella
747 3397 941 3451 Leonis
963 3397 1303 3466 imperatoris
1333 3408 1505 3459 sexta,
1537 3413 1638 3465 qua
1666 3398 1918 3465 prohibe-

342 3474 436 3519 tur
466 3481 533 3519 ne
557 3482 692 3535 puer
717 3466 982 3521 decimum
1012 3468 1188 3521 aetatis
1208 3483 1405 3520 annum
1430 3482 1594 3533 agens
1625 3466 1916 3521 monachus

344 3535 519 3590 factus
543 3534 742 3590 condat
772 3544 1153 3590 testamentum
1183 3545 1307 3589 ante
1344 3544 1561 3589 aetatem
1600 3534 1912 3603 legitimam.

344 3604 473 3659 Hatc
502 3613 681 3658 autem
711 3613 845 3658 tetas
881 3616 997 3657 erat
1032 3620 1205 3656 annus
1249 3604 1488 3656 decimus
1521 3613 1745 3669 quartus
1770 3620 1917 3657 com-

339 3674 537 3743 pletus.
582 3673 869 3743 Ulpianus,
903 3670 955 3724 ff.
992 3673 1125 3743 leg._
1151 3689 1253 3743 qua
1296 3682 1464 3743 (etate,
1499 3673 1580 3743 tit.
1617 3672 1718 3736 Qui
1757 3682 1915 3743 testa-

340 3740 513 3796 menta
563 3740 783 3810 condere
821 3751 1054 3809 possunt.
1078 3740 1248 3810 Quod
1289 3741 1505 3810 quidem
1542 3742 1609 3793 de
1658 3741 1911 3796 masculis

340 3809 749 3878 intelligendum
776 3808 877 3871 εει,
920 3825 1041 3862 nam
1067 3808 1279 3863 feminis
1310 3808 1441 3862 ‘olim
1472 3825 1787 3863 concessum
1833 3820 1916 3865 est

340 3881 572 3934 condere
623 3887 1004 3932 testamentum
1045 3894 1186 3933 anno
1231 3880 1546 3933 duodecimo
1588 3881 1762 3933 artatis
1803 3895 1914 3935 sua:

340 3947 629 4017 completo.
671 3946 789 4015 Ulp.
817 3947 1035 4002 ibidem.
1078 3947 1246 4002 Porro
1272 3964 1333 4001 ex
1382 3949 1483 4001 hoc
1535 3947 1593 4002 S.
1639 3948 1913 4004 Aureliani

339 4016 559 4072 decreto
582 4016 797 4087 planum
827 4017 1059 4087 estolim
1092 4019 1386 4071 monachos
1413 4017 1679 4071 defunctis
1717 4033 1911 4087 paren-

338 4087 485 4141 tibus
508 4085 615 4139 non
642 4085 808 4139 fuisse
831 4086 1066 4142 legitima
1096 4102 1191 4141 sua
1223 4087 1486 4141 exclusos.
1523 4087 1576 4140 Id
1608 4085 1812 4140 clarum
1831 4095 1915 4142 est

339 4170 405 4209 ex
430 4155 564 4210 locis
586 4154 823 4226 Ctesarii,
862 4154 1085 4220 Teridii,
1110 4164 1165 4210 et
1206 4155 1426 4226 novellae
1467 4156 1627 4226 paulo
1663 4164 1786 4211 ante
1832 4157 1912 4212 ci-

340 4226 488 4295 tatis,
541 4232 594 4295 et
646 4223 736 4287 20,
790 4240 881 4293 qu.
942 4226 992 4291 i,
1047 4242 1167 4295 cap.
1225 4225 1347 4279 Non
1377 4223 1551 4290 liceat,
1584 4241 1647 4280 ex
1677 4226 1908 4281 novella.

346 4293 509 4365 «_Nun
543 4294 703 4365 liceat
721 4296 1032 4363 parentibus
1055 4293 1254 4350 liberos
1276 4335 1290 4360 ,
1325 4295 1408 4349 vel
1444 4295 1626 4351 liberis
1658 4306 1913 4365 parentes

339 4363 407 4447 ab
433 4363 747 4447 halareditate.
774 4379 868 4447 sua
907 4365 1167 4447 repellere
1196 4366 1487 4447 monachos
1514 4363 1707 4447 factos,
1732 4381 1913 4447 quam-

339 4432 442 4505 vis,
470 4433 596 4486 dum
629 4433 750 4505 laici
778 4432 1011 4505 fuerant,
1034 4436 1099 4505 _in
1133 4450 1351 4505 causam
1390 4432 1789 4505 ingratitudinis
1833 4438 1913 4490 in-

2026 1951 2083 1997 et
2112 1957 2209 1997 sua
2234 1945 2500 1998 sententia
2535 1947 2754 1999 damnat
2784 1946 3074 2015 Apostolus
3099 1950 3284 2004 dicens
3308 1969 3321 2003 :
3358 1952 3496 2005 Nam
3510 1951 3600 2021 qui

2025 2032 2202 2086 volunt
2231 2033 2413 2087 divites
2458 2035 2597 2103 ﬁeri,
2632 2035 2871 2088 incidunt
2912 2038 2967 2089 in
3015 2039 3389 2094 tentationemi
3437 2050 3485 2093 et
3519 2040 3601 2093 la—

2021 2138 2181 2192 queos
2225 2132 2272 2176 et
2320 2123 2587 2176 desideria-
2621 2122 2810 2187 mttlta,
2846 2141 2963 2194 qua:
2998 2138 3233 2196 mergunt
3286 2130 3519 2183 homines
3544 2131 3597 2183 in

2023 2214 2289 2267 interitum
2313 2222 2360 2267 et
2382 2214 2743 2283 perditionem.
2771 2213 2948 2269 Radix
2975 2218 3205 2271 omnium
3235 2218 3489 2272 malorum
3520 2230 3596 2275 est

2022 2304 2269 2368 avaritia,
2297 2320 2452 2373 quam
2485 2304 2700 2373 quidam
2745 2316 3041 2375 appetentes
3070 2325 3100 2360 a
3130 2307 3234 2375 ﬁde
3268 2310 3591 2374 exciderunt,

2021 2403 2069 2447 et
2092 2394 2419 2446 inseruerunt
2446 2412 2501 2447 se
2520 2394 2787 2448 doloribus
2816 2395 2995 2450 multis
3023 2396 3073 2464 (Ι
3100 2397 3233 2450 Tim.
3269 2398 3360 2469 vi).
3390 2400 3595 2457 Videtis

2021 2499 2172 2555 ergo,
2226 2485 2352 2554 quia
2389 2501 2490 2540 nec
2525 2486 2679 2554 sequi
2716 2486 2883 2540 Deum
2931 2495 3108 2555 potest
3153 2488 3245 2557 qui
3299 2490 3353 2543 in
3400 2492 3596 2546 sarculo

2020 2588 2141 2641 quae
2168 2573 2408 2642 possidet
2432 2573 2571 2627 bona
2596 2588 2694 2627 sua
2720 2589 2826 2627 non
2848 2574 2964 2628 vult
2987 2575 3310 2644 relinquere,
3335 2593 3435 2633 nec
3448 2595 3596 2635 ama-

2021 2679 2081 2719 re
2144 2663 2341 2732 poterit
2399 2663 2567 2718 Deum
2625 2665 2713 2733 qui
2773 2665 2991 2720 divitias
3039 2682 3165 2722 suas
3210 2667 3437 2723 voluerit
3487 2685 3595 2723 non

2019 2754 2191 2809 odire.
2217 2754 2401 2819 l‘Quia
2434 2770 2540 2810 non
2567 2763 2736 2819 tanta,
2787 2756 2870 2810 vel
2917 2757 3067 2821 talia,
3112 2759 3292 2827 qualia
3333 2774 3432 2828 pro
3486 2762 3595 2814 Deo

2020 2853 2455 2909 contemnuntur,
2487 2847 2638 2901 novit
2670 2846 2811 2902 Deus
2843 2848 3143 2904 retribuere
3197 2850 3280 2905 his
3311 2851 3405 2920 qui
3455 2866 3593 2920 pau-

2020 2949 2178 3005 peres
2205 2950 2264 2989 se
2298 2935 2500 2990 faciunt
2526 2947 2745 3009 propter
2772 2953 2915 3004 eum,
2945 2940 3163 3009 insuper
3207 2942 3273 2995 ad
3310 2940 3592 2995 fruendum

2021 3026 2073 3079 in
2103 3036 2364 3081 tetemum
2403 3029 2572 3097 ipsam
2607 3029 2770 3083 vitam
2817 3031 2897 3084 eis
2951 3031 3137 3085 tribuit
3189 3034 3590 3099 sempiternam.

2021 3115 2136 3171 Non
2162 3118 2284 3173 ideo
2311 3119 2453 3174 Deus
2482 3120 2675 3188 quaerit
2702 3122 2865 3176 rebus
2895 3122 3092 3176 vestris
3116 3137 3210 3177 vos
3234 3123 3390 3187 exui,
3415 3131 3474 3176 ut
3498 3123 3595 3177 ali-

1944 3179 1989 3242 C
2021 3208 2150 3278 quid
2176 3210 2370 3265 exinde
2394 3179 2514 3279 ipse
2526 3211 2765 3281 juvetur,
2796 3220 2888 3266 aut
2914 3220 3091 3267 vestra
3115 3179 3431 3282 paupertate
3465 3227 3595 3282 gaua

2019 3325 2423 3396 accumulandis
2458 3326 2889 3394 possessionibus
2940 3327 3178 3381 animum
3226 3326 3590 3396 appellebant,

2016 3394 2219 3463 alioqui
2238 3396 2500 3463 ejusmodi
2530 3397 2869 3449 testamentis
2891 3411 2985 3450 seu
3010 3397 3217 3451 chartis
3241 3394 3590 3451 donationum

2015 3461 2131 3517 fere
2144 3461 2469 3533 universum
2498 3466 2683 3533 urbem
2704 3464 2806 3533 sibi
2835 3473 3256 3533 comparassent.

2087 3543 2112 3602 fl
2151 3530 2255 3602 {tut
2286 3548 2385 3602 res,
2430 3540 2533 3585 etc.
2562 3532 2829 3586 Particula
2866 3530 3222 3587 aut—sumitur
3259 3533 3583 3602 cepttlative.

2088 3601 2116 3639 δ
2144 3598 2511 3670 Minoriwtatc
2552 3618 2653 3654 non
2702 3602 3031 3670 excipiantur
3085 3603 3186 3655 nisi
3228 3601 3291 3653 ab
3322 3598 3472 3655 annis
3500 3601 3592 3656 de-

2016 3684 2144 3738 cem.
2175 3668 2337 3723 Juxta
2366 3669 2655 3724 concilium
2691 3677 2746 3724 et
2789 3668 3055 3725 novellam
3099 3670 3337 3738 prtefata.
3380 3671 3585 3725 Tamen

2017 3736 2073 3792 S.
2106 3736 2371 3810 Caesarius
2413 3738 2777 3810 Arelatensis,
2816 3754 2933 3809 cap.
2970 3741 3002 3794 5
3032 3736 3249 3810 Regula:
3295 3739 3589 3810 infantulas

2016 3808 2269 3876 parvulas
2296 3807 2365 3861 ab
2386 3808 2542 3862 annis
2573 3824 2667 3863 sex
2697 3819 2789 3863 aut
2819 3807 3025 3878 septem
3061 3807 3227 3878 recipi
3264 3809 3545 3878 permittit.

2016 3945 2047 3948 _
2087 3886 2108 3914 ο
2148 3874 2279 3930 Cum
2302 3876 2529 3948 alicujus
2559 3878 2743 3948 nobilis
2764 3878 2927 3948 ﬁlius,
2960 3888 3066 3935 etc.
3100 3879 3226 3935 Ηωο
3241 3879 3507 3935 habentur
3527 3877 3586 3933 in

2087 3894 2108 3914 ⁸⁷
2148 3894 2279 3930 Cum
2302 3894 2529 3946 alicujus
2559 3894 2743 3933 ηουιιιδ
2764 3894 2927 3948 littus,
2960 3894 3066 3935 θιῡ.

2013 3945 2148 4054 Redg.
2166 3962 2275 4029 'ms.
2304 3947 2420 4028 cod.
2459 3945 2644 4011 Corb.,
2670 3963 2788 4018 cap.
2815 3948 2903 4002 9i.

2137 4014 2457 4054 Lnnrcnsnnl
2503 4015 2558 4054 In
2592 4015 2704 4054 Rea
2757 4032 2835 4054 me
2923 4034 3066 4054 rnnsu

2137 4013 2478 4099 gortreniant.
2503 4013 2884 4099 ln_Reg..'ms._,
2923 4018 3315 4099 caneniantur,
3356 4015 3582 4099 rectius.

2087 4095 2111 4122 θ
2140 4082 2246 4158 Sed
2267 4085 2396 4158 quia
2422 4082 2803 4158 accedentibus.
2845 4087 2923 4140 Ita
2966 4087 3018 4141 in
3046 4087 3179 4158 Reg.
3223 4082 3325 4158 ms.
3384 4086 3584 4158 Yerum

2010 4153 2287 4228 particula
2305 4155 2397 4209 sed
2422 4153 2636 4228 videtur
2666 4157 2994 4228 redundare,
3026 4167 3079 4228 et
3094 4153 3165 4228 A13
3192 4156 3313 4228 quia
3341 4155 3583 4228 referen-

2012 4226 2137 4296 dum
2160 4225 2225 4277 ad
2254 4226 2553 4294 superiora,
2579 4226 2681 4279 hoc
2701 4227 2860 4296 modo
2889 4245 2901 4296 ς
2931 4226 3184 4296 Equidem
3203 4224 3327 4296 quia
3346 4224 3584 4296 omnibus

2011 4294 2317 4364 nobisiunus
2342 4296 2412 4348 ad
2433 4296 2605 4348 omnia
2635 4295 2833 4364 sufﬁcit
2878 4294 3041 4359 Deus,
3070 4294 3448 4357 accedentibus,
3475 4302 3580 4348 etc.

2086 4362 2107 4402 τ
2138 4362 2501 4418 Excarricato.
2535 4365 2676 4434 Lege
2702 4362 2731 4417 ξ
2763 4365 2829 4418 Et
2853 4367 3197 4429 exearricato,
3228 4373 3288 4419 ut
3323 4366 3377 4419 in
3408 4364 3585 4433 Regu-

2011 4433 2062 4487 la
2106 4448 2208 4488 ms.
2242 4434 2597 4489 Excarricare
2624 4433 2733 4489 ’est
2771 4450 2909 4489 onus
2968 4435 3266 4504 deponere;
3320 4434 3583 4487 carricare

339 4500 603 4554 ciderunt.
644 4521 663 4574 ι
696 4502 762 4555 Et
788 4502 919 4557 Cod.
951 4503 986 4556 Ι.
1029 4503 1131 4567 54,
1180 4505 1246 4558 de
1276 4500 1555 4573 Episcopis
1581 4515 1635 4559 et
1664 4505 1908 4570 Clericis,
1934 4512 1987 4571 D
2012 4518 2257 4574 onerare,
2283 4514 2342 4559 ut
2366 4520 2525 4574 supra
2556 4512 2795 4574 notatum
2827 4511 2929 4574 est.

338 4576 469 4632 etc.,
499 4571 754 4624 statuitur
803 4581 860 4624 ut
939 4581 1155 4627 arentes
1198 4571 1580 4628 testamentum
1616 4574 1909 4629 condentes

338 4652 557 4692 necesse
588 4639 823 4694 habeant
866 4587 1048 4696 liﬁeris
1097 4657 1191 4696 seu
1239 4643 1453 4696 clericis
1500 4658 1594 4696 seu
1631 4644 1909 4696 monachis

338 4652 557 4692 necesse
588 4639 823 4694 habeant
866 4639 1048 4696 liberis
1097 4657 1191 4696 seu
1239 4643 1453 4697 clericis
1500 4658 1594 4697 seu
1631 4644 1913 4698 monachis

333 4705 678 4781 quadrantem
703 4709 1020 4781 relinquere;
1052 4711 1193 4781 quod
1224 4711 1269 4766 si
1297 4712 1661 4781 nonfeccrint
1683 4752 1697 4775 ,
1728 4711 1907 4781 locum

336 4790 456 4845 esse
484 4776 548 4829 ab
576 4776 931 4833 intestatofEt
955 4776 1085 4834 Cod:
1117 4779 1345 4841 Theod.,
1374 4780 1464 4832 lib.
1494 4797 1550 4845 ν,
1575 4782 1658 4835 tit.
1696 4782 1750 4845 5,
1786 4780 1821 4833 1.
1850 4780 1909 4835 Si

333 4843 449 4915 quis
475 4845 760 4915 episcopus,
789 4850 1029 4901 sancitur
1053 4856 1133 4912 ut,
1175 4848 1221 4902 si
1250 4843 1548 4904 monachus
1583 4860 1674 4904 aut
1713 4843 1906 4903 mona-

335 4914 435 4989 cha
465 4915 611 4969 nullo
637 4914 854 4989 Condito
886 4926 1207 4989 testamento
1239 4917 1563 4989 decesserit,
1602 4922 1741 4973 bona
1787 4935 1908 4989 qua:

336 4982 404 5037 ad
433 4997 556 5037 eum
588 4984 880 5053 pertinent,
913 4988 1243 5041 monasterio
1267 4987 1351 5041 cui
1392 4986 1571 5042 fuerat
1607 4982 1908 5044 destinatus

333 5052 677 5125 omnifariam
710 5056 999 5125 socientur,
1025 5056 1069 5111 si
1095 5072 1195 5110 nec
1218 5056 1267 5109 ei
1293 5066 1542 5125 parentes
1567 5099 1581 5122 ,
1611 5058 1694 5111 vel
1730 5058 1905 5123 liberi,

332 5120 416 5174 vel
442 5123 639 5189 agnati,
665 5123 748 5193 vel
780 5125 992 5193 cognati
1030 5135 1121 5179 aut
1145 5120 1630 5180 uxor—exstiterint.
1660 5127 1713 5179 ld
1741 5120 1905 5181 etiam

332 5201 541 5265 constat
587 5207 654 5246 ex
703 5192 762 5265 S.
814 5192 1066 5265 Salviano
1116 5194 1469 5265 Massiliensi,
1519 5197 1610 5265 qui
1640 5195 1731 5249 lib.
1759 5212 1812 5250 tv
1839 5198 1906 5251 ad

331 5257 629 5333 Ecclesiam
654 5262 1010 5327 catholicam,
1044 5262 1159 5317 fuse
1203 5264 1397 5331 prohat
1438 5257 1550 5318 eos'
1569 5267 1661 5333 qui
1700 5265 1752 5318 in
1788 5280 1907 5319 mo-

329 5330 583 5401 nasteriis
607 5340 1031 5401 convertuntur,
1072 5347 1177 5386 non
1205 5330 1325 5387 esse
1362 5348 1393 5385 a
1428 5330 1741 5401 parentibus
1782 5333 1909 5401 legi-

331 5397 460 5452 tima
486 5414 580 5471 sua
608 5400 934 5471 spoliandus.
989 5400 1314 5471 Nectameu
1352 5397 1604 5471 poieraut
1648 5397 1902 5457 monachi

328 5481 430 5588 pm
456 5469 681 5522 arbitrio
709 5471 782 5523 uti
818 5470 1082 5539 ejusmodi
1111 5470 1288 5533 bonis,
1335 5469 1429 5524 sed
1470 5473 1794 5525 tenebantur
1836 5486 1901 5525 ea

352 5536 490 5588 actis
509 5536 715 5588 chartis
742 5538 869 5588 dare
893 5540 1244 5588 monasterio.
1282 5547 1375 5588 aut
1412 5543 1740 5588 nannerihus
1759 5582 1773 5588 _
1810 5549 1901 5588 aut

352 5536 490 5610 actis
508 5536 715 5610 chartis
742 5536 869 5610 dare
893 5540 1245 5604 monasterio,
1282 5547 1375 5610 aut
1412 5543 1773 5610 pauperibus,
1810 5549 1903 5594 aut

327 5603 592 5659 ecclesiis.
624 5604 755 5669 Quae
781 5608 826 5660 si
850 5610 1182 5663 monasterio
1212 5603 1446 5674 dabant",
1481 5603 1855 5666 vendebantur
1884 5625 1898 5664 :

328 5683 383 5727 et
411 5674 533 5754 inde
555 5674 779 5761 pecunia
804 5675 955 5761 facta
976 5678 1301 5761 pauperibus
1329 5680 1686 5761 erogabatur.
1712 5682 1900 5761 paucis

332 5744 565 5796 nummis
588 5744 639 5795 in
672 5744 1235 5801 subsidium—fratrum
1274 5744 1542 5815 sepositis.
1594 5744 1729 5806 Non'
1756 5754 1896 5805 enim

2087 4575 2113 4613 Β
2138 4571 2260 4626 Νοη
2290 4570 2453 4643 potest
2476 4574 2618 4643 sequi
2644 4589 2743 4625 me.
2772 4571 2847 4625 Ita
2876 4572 2929 4625 in
2945 4570 3075 4642 Reg.
3093 4587 3230 4643 _ms.,
3259 4585 3379 4643 quae
3403 4578 3582 4643 tamen

2010 4657 2119 4696 non
2182 4640 2551 4710 reperiuntur:
2580 4643 2634 4695 in
2688 4649 2837 4695 textu
2885 4640 3227 4710 evangelico;
3273 4640 3366 4695 sed
3398 4640 3580 4710 addita

2010 4720 2137 4763 sunt
2182 4707 2362 4778 potius
2409 4725 2477 4765 ex
2524 4709 2727 4766 Christi
2774 4725 2934 4765 sensu
2979 4707 3142 4781 quam
3189 4726 3256 4766 ex
3299 4707 3580 4780 Evangelii

2009 4786 2184 4833 textu.

2080 4846 2311 4919 h__Homo
2340 4855 2557 4919 onustus
2594 4864 2724 4919 auro
2765 4845 3029 4919 Christum
3074 4849 3217 4919 sequi
3263 4864 3364 4919 non
3388 4856 3574 4919 potest.

2011 4916 2069 4970 S.
2103 4916 2461 4986 Hieronymus
2478 4918 2536 4986 _in
2562 4918 2719 4986 epist.
2752 4919 2817 4970 ad
2843 4915 3189 4972 Heliodorum
3215 4936 3226 4969 :
3261 4935 3279 4967 ι
3311 4915 3580 4971 Vocifera-

2010 4992 2099 5039 tur
2128 4986 2215 5040 ille
2246 4984 2386 5054 saepe
2415 5002 2427 5036 :
2462 4984 2675 5056 Siquis
2725 4986 2834 5038 vult
2881 4996 2996 5054 post
3039 5002 3120 5039 me
3166 4987 3333 5040 venire
3363 4986 3575 5055 abneget

2008 5057 2364 5125 semetipsum,
2389 5064 2439 5107 et
2460 5054 2609 5108 tollat
2634 5070 2836 5125 crucem
2861 5070 3011 5108 suam
3031 5064 3136 5125 ,_et
3178 5065 3425 5124 sequatur
3453 5054 3533 5125 me
3558 5071 3573 5118 ;

2008 5133 2064 5179 et
2089 5123 2439 5195 ego'onustus
2463 5139 2596 5195 auro
2620 5124 2869 5195 arbitror
2896 5139 2982 5179 me
3016 5123 3294 5180 Christum
3333 5123 3505 5193 sequi.
3551 5142 3571 5175 ι

2086 5195 2101 5235 ί
2129 5192 2203 5247 Ίη
2241 5203 2442 5245 tantum
2475 5202 2549 5246 ut.
2574 5192 2630 5247 Id
2656 5202 2757 5257 est,
2789 5193 2861 5245 ita
2894 5201 2966 5249 ut.

2081 5260 2095 5311 i
2140 5262 2204 5334 Et
2229 5263 2459 5334 laqueos.
2488 5261 2507 5316 Ι
2545 5263 2611 5334 ad
2636 5263 2863 5334 Tinnvt.
2890 5262 2968 5316 lta
2998 5259 3578 5334 inpReg._Ams_.lncont-

2008 5333 2158 5401 muni
2206 5330 2457 5385 versione
2489 5349 2500 5401 ς
2537 5330 2606 5383 Et
2650 5333 2703 5384 in
2751 5330 2993 5401 laqueum
3039 5330 3257 5385 diaboli.
3314 5332 3371 5385 In
3426 5337 3575 5385 textu

2004 5400 2328 5473 Gnecprmi
2351 5399 2565 5473 παγίδα,
2601 5399 2833 5473 tantum,
2866 5401 2919 5453 id
2952 5410 3055 5464 est,
3080 5410 3140 5473 et
3162 5401 3433 5469 laqueum.

2079 5471 2104 5509 ιι
2134 5470 2271 5534 Quia
2300 5486 2401 5522 non
2434 5465 2588 5522 tanta
2635 5468 2711 5522 vel
2740 5468 2893 5532 talia,
2922 5479 3028 5524 etc.
3075 5465 3278 5523 Sensus
3311 5477 3393 5523 est
3422 5486 3435 5522 :
3462 5465 3575 5522 Non

2005 5539 2128 5592 talia
2163 5539 2335 5592 reddit
2362 5537 2627 5601 Christus,
2659 5537 2837 5607 qualia
2877 5552 2975 5607 pro
3017 5554 3081 5593 eo
3128 5546 3567 5600 contemnuntur.

2004 5609 2058 5664 id
2083 5616 2185 5671 est.
2218 5623 2326 5661 non
2359 5608 2544 5661 eadem
2578 5607 2661 5661 vel
2687 5607 2915 5677 aequalia
2952 5608 3130 5662 reddit
3150 5608 3215 5662 iis
3245 5623 3362 5677 qua:
3387 5621 3484 5677 pro
3512 5620 3576 5661 co

2004 5686 2366 5749 spernuntur;
2398 5679 2492 5732 sed
2516 5678 2671 5748 longe
2714 5675 2920 5747 majora
2951 5686 3007 5733 et
3031 5675 3401 5747 praestantur;
3423 5675 3574 5731 insu-

2004 5748 2099 5815 per
2125 5758 2178 5802 et
2204 5748 2370 5803 vitam
2392 5755 2671 5804 teternam.
