4014 6186
359 267 497 326 1517

1238 257 1628 315 CONCORDIA
1666 252 2126 312 REGULARUM.
2165 281 2237 291 —
2273 253 2425 310 CAP.
2470 253 2698 313 LXVIII.

3461 257 3602 316 1518

350 381 458 439 loci
489 393 652 450 quam
676 375 962 441 invenerit,
987 380 1044 429 et
1070 387 1176 428 non
1205 371 1577 443 superﬂuitate
1594 385 1691 426 sua
1720 376 1931 440 pertur—
1956 371 2008 431 Α
2034 367 2092 422 Si
2113 381 2234 436 quae
2254 381 2385 421 sane
2410 367 2811 423 rationabiliter.
2829 376 2885 427 et
2912 382 3035 424 cum
3081 370 3381 428 humilitate
3427 389 3617 445 repre-

348 474 448 531 bat
478 468 897 533 monasterium;
953 466 1048 521 sed
1101 464 1418 534 simpliciter
1444 475 1470 504 ι
1505 470 1791 517 contentus
1841 469 1926 516 est

349 562 496 634 quod
546 558 837 624 invenerit,
882 556 1229 626 suscipiatur,
1255 561 1458 625 quanto
1487 561 1728 622 tempore
1756 552 1923 622 cupit.

276 774 283 780 .
348 725 901 792 consuetudinemque
970 728 1297 778 contemnat.
1334 740 1352 773 ι
1383 720 1584 790 Regula
1609 718 1801 792 “Pauli
1848 725 1929 792 _et

351 797 541 865 Steph.
567 810 617 850 c.
644 793 716 848 17
740 812 752 847 :
792 788 1007 862 (Supra
1032 800 1293 846 statutum
1329 788 1772 846 consuetudinem
1816 788 1928 842 sive

347 868 407 921 in
431 874 580 936 potu,
608 871 713 918 etc.
745 882 764 915 ι

423 928 451 976 ἆ
485 928 767 987 Contentus
789 929 1019 1001 estquod
1044 930 1311 1001 inuenerit.
1338 928 1396 983 Id
1414 936 1519 1001 es_t,
1548 933 1834 1001 contentus
1846 930 1930 1001 est

352 1019 419 1058 eo
443 1003 585 1072 quod
616 996 926 1072 invenerit:
956 999 1171 1072 phrasis
1203 998 1411 1072 Graeca.
1465 998 1739 1072 Interdum
1783 996 1929 1072 enim

355 1065 525 1127 Grtéci
561 1071 878 1141 pronomina
915 1065 1307 1133 antecedentia,
1346 1071 1497 1124 ἐκεῖνο
1537 1069 1683 1131 αὐτὸ,
1721 1065 1932 1135 suppri-

356 1150 511 1197 munt
537 1139 633 1210 per
661 1139 892 1210 ellipsin.

426 1211 455 1250 ιι
481 1204 563 1263 Ne
584 1210 718 1278 forte
741 1204 833 1278 ῥτο
853 1208 949 1261 hoc
970 1204 1272 1278 _ipsumLIta
1295 1205 1435 1274 apud
1477 1204 1835 1278 Ruthardum,
1876 1208 1933 1255 et

356 1281 411 1334 in
439 1293 539 1334 ms.
565 1275 618 1347 p.
652 1277 708 1331 S.
742 1275 929 1347 Germ.
953 1275 1384 1347 Alimdeditiones
1407 1276 1637 1347 variant.

430 1360 453 1388 ο
479 1348 539 1403 Si
566 1344 705 1416 forte
728 1346 941 1401 voluerit
965 1344 1300 1416 stabilitatem
1322 1344 1724 1416 sunmﬁrmare.
1773 1348 1931 1416 Qua:-

356 1419 461 1473 stio
494 1411 581 1471 est
596 1432 663 1470 an
686 1415 934 1484 expediat
965 1414 1228 1484 monacho
1259 1414 1312 1465 in
1354 1413 1499 1484 aliud
1545 1411 1933 1484 monasterium

360 1488 617 1557 migrare,
640 1479 987 1557 utibiifirmet
1024 1483 1371 1557 stabilitatem
1399 1483 1465 1557 de
1517 1496 1781 1557 consensu
1825 1479 1937 1549 pri-

360 1551 486 1633 stini
524 1554 751 1633 abbatis,
776 1553 820 1608 si
841 1553 978 1633 _nulli
1029 1551 1449 1633 congregationi,
1492 1552 1697 1633 ordini,
1722 1560 1815 1603 aut
1851 1563 1937 1633 so-

357 1625 538 1681 cietati
565 1624 636 1678 sit
660 1623 979 1685 obnoxium;
1005 1622 1087 1677 vel
1107 1618 1175 1675 an
1202 1618 1253 1675 ei
1283 1621 1565 1675 conveniat
1587 1621 1651 1675 de
1682 1635 1779 1675 suo
1798 1618 1941 1673 ordi-

361 1710 429 1750 ne
460 1695 512 1748 in
541 1693 703 1746 alium
735 1692 959 1745 traduci.
987 1690 1094 1745 Sed
1123 1691 1267 1745 illam
1289 1690 1620 1754 monasterii,
1651 1704 1744 1744 seu
1792 1687 1936 1742 ordi-

358 1766 462 1827 nis,
495 1762 844 1817 mutationem
868 1770 1122 1829 tanquam
1151 1759 1283 1815 levis
1318 1759 1482 1813 animi
1516 1767 1698 1813 notam
1746 1769 1933 1826 suspe-

359 1842 500 1889 ctam
526 1831 724 1886 habent
748 1830 920 1885 sancti
946 1831 1152 1893 Patres,
1176 1830 1500 1896 omninoque
1524 1829 1856 1897 improbant;
1878 1833 1934 1880 et

358 1904 403 1959 si
419 1902 544 1956 vitm
570 1901 802 1956 durioris
828 1908 1026 1954 etcum
1066 1901 1174 1953 Deo
1212 1897 1595 1965 conjunctioris
1638 1898 1935 1967 prtetendat

357 1973 641 2028 rationem.
667 1970 801 2041 Quia
829 1968 1087 2041 ejusmodi
1108 1967 1354 2041 voluntas
1391 1966 1655 2041 stepeex’
1677 1966 1933 2041 daemonis

363 2042 595 2112 impulsu
634 2036 891 2103 nascitur,
914 2039 1005 2112 qui
1034 2038 1159 2092 vita:
1187 2037 1447 2112 religiosae
1492 2038 1674 2112 odium
1721 2036 1772 2112 in
1825 2049 1936 2112 ino-

358 2105 534 2165 naclio
561 2124 752 2179 parere
773 2124 879 2162 non
904 2105 1104 2170 valens,
1136 2105 1313 2161 tamen
1341 2107 1484 2171 vita},
1516 2107 1570 2160 in
1595 2120 1700 2179 qua
1734 2105 1932 2179 dudum

359 2173 582 2257 militat,
606 2177 818 2257 taedium
846 2190 1102 2257 generare
1126 2183 1379 2257 conatur;
1397 2173 1851 2257 eaq-irainvisum
1867 2173 1933 2227 de

358 2250 468 2303 vita
496 2247 811 2303 monachica
831 2245 1087 2315 ejuranda
1110 2247 1332 2300 minime
1351 2245 1619 2315 sollicitet,
1651 2246 1757 2298 imo
1801 2257 1935 2315 quo-

359 2318 644 2374 dammodo
675 2324 737 2369 ut
760 2317 814 2369 in
853 2311 915 2370 ea
935 2324 1242 2383 perseveret
1268 2314 1521 2369 assentiri
1540 2315 1806 2377 videatur,
1822 2311 1833 2312 ⁷⁷
1849 2311 1934 2383 ni-

361 2388 673 2451 hilominus,
698 2387 822 2454 quia
846 2387 900 2440 in
924 2379 1016 2438 t'ali
1042 2385 1288 2454 palaestra
1315 2384 1592 2454 decertare
1633 2384 1796 2454 erepit
1834 2379 1935 2435 sub

359 2457 462 2511 hoc
481 2456 695 2519 abbate,
715 2452 839 2509 cum
861 2455 944 2509 his
966 2452 1243 2517 fratribus,
1275 2452 1365 2507 tali
1400 2452 1803 2515 exercitatione,
1829 2465 1934 2503 non

359 2536 535 2581 cessat
563 2524 807 2579 diabolus
835 2524 1136 2592 inquietare
1163 2531 1216 2575 et
1242 2524 1561 2592 perturbare
1583 2536 1769 2591 parum
1790 2519 1934 2592 cauti

362 2596 689 2663 minimeque
727 2589 1003 2661 prudentis
1043 2589 1599 2663 monachirmentem;
1645 2605 1765 2663 cum
1818 2589 1934 2663 ejus

360 2672 510 2717 motu
533 2660 860 2717 et'suasione
884 2663 983 2731 ipsi
1015 2678 1121 2715 non
1146 2663 1285 2731 sapit
1310 2662 1531 2725 bonum,
1556 2661 1698 2731 quod
1726 2660 1800 2731 in;
1818 2660 1935 2726 ipso

362 2734 505 2788 Deus
539 2732 795 2801 singulari
818 2727 921 2785 sua
938 2727 1310 2785 misericordia
1334 2727 1731 2801 incwpitfliinc
1772 2727 1832 2780 fit
1878 2736 1936 2779 ut

362 2803 527 2857 miser
555 2799 644 2856 ille
670 2812 760 2855 aut
784 2802 928 2856 nullo
965 2801 1141 2863 modo,
1169 2810 1262 2854 aut
1286 2816 1474 2869 parum
1503 2801 1556 2852 in
1594 2799 1788 2869 virtute
1810 2810 1935 2864 pro-

362 2872 549 2926 cedat:
581 2882 674 2924 aut
700 2872 840 2939 quod
868 2870 1213 2940 acquisierat,
1236 2864 1469 2932 amittat,
1499 2876 1587 2940 aut
1619 2868 1737 2940 sine
1757 2864 1932 2940 fructu

364 2940 419 2994 in
441 2941 677 2996 claustro
718 2934 964 3004 maneat;
991 2949 1046 2995 ct
1079 2934 1205 2994 dumi
1250 2948 1484 2992 mentem
1524 2937 1627 2989 alio
1668 2934 1932 3004 migrandi

363 3012 691 3079 cogitatione
716 3011 907 3078 pascit,
941 3011 993 3064 in
1025 3010 1237 3063 virtutis
1259 3008 1434 3079 studio
1457 3006 1716 3079 proficere
1756 3006 1931 3079 minus

362 3074 536 3133 curat.
573 3079 696 3134 “330
717 3074 781 3133 et
817 3074 1010 3133 similia
1039 3080 1194 3133 docet
1238 3078 1322 3130 vir
1372 3074 1473 3130 diu
1505 3075 1838 3143 multumque
1874 3074 1930 3127 in

363 3148 633 3204 claustrali
664 3149 938 3218 ipalmstra
980 3148 1308 3202 exercitatus
1361 3144 1417 3218 S.
1459 3145 1763 3218 Anselmus,
1812 3158 1934 3218 cuni

364 3218 521 3287 epist.
544 3218 634 3283 29,
660 3212 782 3272 libr.
815 3234 853 3283 ι,
886 3217 1185 3272 Lansonem
1213 3217 1531 3287 monachum
1559 3217 1626 3269 ab
1672 3212 1933 3287 ejusmodi

363 3284 638 3341 voluntate
673 3288 936 3342 deducere
960 3297 1204 3342 conatur.
1230 3286 1287 3341 In
1312 3286 1500 3340 eadem
1541 3284 1808 3339 sententia
1855 3290 1939 3337 est

365 3355 757 3422 S.Bernardus,
788 3372 1053 3411 summum
1082 3356 1210 3410 illud
1239 3357 1361 3410 vitae
1388 3353 1713 3409 monachica)
1736 3353 1934 3422 lumen,

365 3426 489 3480 libr.
529 3427 595 3480 de
620 3421 893 3495 Praicepto
931 3435 987 3480 et
1032 3426 1455 3495 Dispensatione,
1502 3438 1620 3490 cap.
1641 3422 1733 3485 90,
1778 3421 1939 3495 idque

365 3495 539 3549 tribus
556 3491 891 3562 potissimum
908 3496 1107 3549 causis.
1124 3491 1333 3555 'Prima,
1365 3493 1489 3560 quia
1540 3506 1633 3545 eos
1668 3505 1697 3542 a
1744 3491 1940 3557 quibus

364 3564 690 3619 discedimus
719 3565 923 3634 pudore
952 3563 1304 3634 suffundimus
1329 3569 1579 3634 tanquam
1609 3568 1794 3634 nostra
1820 3574 1942 3634 con-

366 3634 673 3688 versatione
704 3628 950 3700 indignos
987 3632 1056 3684 ob
1086 3646 1273 3685 eorum
1319 3628 1463 3683 vitia’.
1515 3628 1780 3691 Secunda,
1814 3629 1940 3695 quia

364 3700 493 3754 dum
521 3711 669 3755 certa
687 3710 949 3765 tenemus,
965 3700 1168 3753 incerta
1190 3701 1374 3753 venari
1398 3700 1615 3752 minime
1638 3706 1809 3750 tutum
1825 3705 1906 3751 est
1923 3712 1936 3749 :

364 3784 487 3823 cum
519 3769 765 3823 fortassis
790 3784 950 3822 unam
984 3769 1109 3822 vitae
1135 3768 1398 3821 rationem
1427 3768 1621 3822 sectari
1650 3767 1938 3829 facileerit,

366 3838 528 3893 aliam
555 3853 660 3891 non
684 3840 839 3901 item;
864 3854 1024 3907 quam
1052 3838 1392 3907 postmodum
1422 3854 1450 3891 a
1473 3837 1674 3891 nostris
1700 3835 1942 3907 moribus

365 3916 423 3978 et
469 3907 684 3978 ingenio
725 3905 1637 3978 discreparesentiemusuTertia,
1681 3905 1807 3973 quia
1852 3906 1944 3978 de—

363 3973 1016 4048 plorandtelevitatiscst,
1038 3992 1134 4046 per
1164 3992 1323 4044 quam
1354 3976 1478 4048 olim
1532 3980 1813 4048 inexperta
1845 3973 1940 4027 de-

365 4044 689 4111 sideramus,
732 4061 852 4115 quae
894 4048 985 4100 vix
1039 4044 1372 4116 apprehensa
1418 4044 1788 4116 fastidiamus;
1835 4057 1943 4097 uno

365 4123 639 4169 momento
675 4118 861 4170 eadem
888 4115 1133 4171 volumus
1161 4124 1215 4170 et
1244 4115 1523 4179 nolumus;
1553 4115 1841 4183 probamus
1886 4120 1941 4167 et

367 4185 719 4255 reprobamus
750 4200 853 4238 non
881 4185 1076 4255 minori
1105 4185 1467 4239 inconstantia
1488 4200 1647 4255 quam
1672 4183 1940 4238 socordia.

367 4251 711 4332 [iis-accedit
742 4255 885 4332 quod
928 4254 1139 4332 facilior
1317 4251 1662 4332 progressum
1704 4255 1945 4332 munitur

366 4322 454 4374 via
482 4322 537 4376 in
567 4336 631 4394 ea
658 4322 773 4392 qua
790 4325 1110 4393 increpimus
1144 4322 1402 4394 religione
1424 4322 1598 4393 quam
1646 4323 1699 4394 in
1744 4323 1939 4386 aliena,

2026 458 2234 523 hendil,
2268 465 2361 512 aut
2405 457 2660 522 ostendit,
2690 467 2883 513 tractet
2930 460 3098 514 abbas
3124 462 3437 531 prudenter,
3472 463 3502 504 1³
3537 479 3609 520 ne

2026 545 2168 601 forte
2188 562 2287 615 pro
2312 547 2416 601 hoc
2451 546 2625 616 ipsum
2651 547 2911 604 Dominus
2956 548 3236 605 direxerit.
3288 563 3311 591 ο
3366 552 3423 607 Si
3473 565 3606 609 vero

2028 735 2149 843 citim
2174 727 2378 841 _mutat,
2410 719 2545 776 alios
2591 718 2749 792 fugit,
2799 722 2891 791 qui
2941 737 3042 778 nec
3063 738 3158 791 .se,
3208 737 3310 779 nec
3354 726 3605 783 morbum

2029 804 2059 843 e
2103 805 2186 843 um
2218 828 2231 841 .

2029 804 2231 860 euugit.

2152 878 2205 926 In
2231 890 2371 926 causa
2397 884 2474 926 est
2495 880 2698 936 animus,
2726 880 2883 941 quise
2907 895 3003 930 non
3028 882 3203 946 effugit
3228 896 3461 946 unquam,

2031 960 2203 1041 inquit
2223 959 2496 1041 Horatius.
2531 960 2599 1041 Εξι
2638 962 2895 1041 przeclare
2925 963 3145 1041 Seneca
3185 967 3279 1021 lib.
3328 969 3394 1041 de
3430 969 3609 1041 Tran-

2028 1029 2483 1108 quillitate
2520 1029 2686 1083 «Inde
2726 1033 3190 1108 peregrinationes
3242 1038 3616 1108 suscipiuntur

2029 1098 2197 1172 vagae,
2228 1108 2283 1152 et
2313 1098 2492 1172 littora
2513 1098 2935 1165 percurruntu’r;
2958 1111 3013 1156 et
3033 1105 3192 1158 modo
3221 1107 3356 1159 mari
3385 1098 3463 1172 se,
3497 1125 3615 1163 mo—

2032 1167 2616 1239 do'terrapxperitur,
2655 1183 2869 1238 semper
2910 1173 3265 1239 pnesentibus
3300 1167 3494 1231 infesta
3537 1178 3616 1232 le-

2032 1238 2190 1292 vitas.
2214 1257 2233 1290 ι
2267 1230 2333 1289 Εἰ
2363 1230 2519 1306 paulo
2543 1233 2683 1305 post.
2716 1257 2735 1288 ί
2759 1230 2824 1292 Ει
2848 1230 3002 1293 ιιιίιὶι
3027 1241 3306 1298 Lucretius
3335 1259 3351 1297 :

2247 1327 2351 1376 Hoc
2373 1340 2431 1376 se
2448 1330 2659 1390 quisque
2686 1329 2828 1377 modo
2853 1344 3053 1393 semper
3075 1334 3217 1395 fugit.

2036 1408 2142 1463 Sed
2186 1408 2314 1476 quid
2354 1409 2588 1487 prodest,
2634 1410 2678 1463 si
2720 1426 2826 1464 non
2872 1412 3055 1487 effugit
3088 1433 3100 1467 :
3129 1419 3374 1487 sequitur
3413 1417 3615 1487 seipse,

2035 1489 2091 1533 et
2121 1487 2272 1550 urget
2302 1479 2652 1544 gravissimus
2691 1495 2892 1534 comes.
2942 1479 3125 1550 Itaque
3169 1479 3307 1539 scire
3355 1479 3614 1542 debemus

2036 1563 2141 1602 non
2172 1548 2411 1619 locorum
2441 1563 2561 1601 esse
2596 1550 2807 1611 vitium,
2847 1566 2953 1619 quo
3002 1548 3326 1619 laboramus,
3380 1557 3475 1610 sed
3516 1572 3617 1610 no-

2039 1627 2231 1688 strum.
2254 1637 2272 1669 ›
2299 1616 2558 1688 ΑΞεΓοιυε
2585 1616 2905 1687 quocunque
2945 1624 3127 1688 vadat,
3156 1616 3335 1679 secum
3361 1626 3609 1681 morbum

1963 1709 2010 1768 Β
2037 1687 2223 1768 vehit._
2249 1689 2322 1768 _06
2351 1687 2528 1768 ⁸ςὸττος,
2560 1689 2689 1768 ῥιλλὰ
2734 1691 2938 1768 τρὸῖτος,
2982 1692 3226 1768 ianiLS
3291 1693 3618 1768 Chrysosto-

2038 1772 2179 1831 mus,
2211 1757 2263 1831 id
2291 1764 2400 1831 es_t_,_
2423 1771 2527 1809 non
2544 1757 2740 1831 _locusi
2755 1757 2849 1831 sed
2887 1757 3091 1831 mores.
3138 1763 3204 1816 Et
3245 1757 3504 1831 praeclare
3551 1765 3610 1819 S.

2032 1824 2323 1903 Gregorius
2349 1824 2439 1903 lib.
2473 1841 2512 1889 i,
2544 1826 2687 1903 hom.
2715 1827 2748 1881 9
2789 1829 2843 1881 in
2885 1828 3219 1903 Ezechielem
3246 1824 3262 1885 Ξ
3289 1852 3306 1883 ι
3331 1833 3485 1903 Saepe
3524 1851 3618 1888 vc-

2034 1909 2096 1948 ro
2123 1894 2246 1948 cum
2271 1894 2336 1947 de
2362 1894 2469 1947 vita
2513 1896 2883 1963 proximorum
2922 1901 3221 1967 querimur,
3275 1894 3485 1958 mutare
3531 1905 3615 1959 lo-

2032 1979 2153 2044 cum
2190 1978 2471 2044 conamur,
2494 1974 2776 2044 secretum
2804 1968 2926 2044 vitae
2952 1971 3259 2044 remotioris
3285 1972 3504 2041 eligere,
3529 1975 3618 2044 _vi-

2032 2033 2228 2109 delicet
2259 2033 2593 2109 ignorantes,
2627 2035 2773 2102 quia,
2802 2036 2846 2109 si
2873 2036 3011 2109 desit
3040 2040 3281 2107 spiritus,
3312 2033 3417 2096 non
3456 2033 3612 2109 adju-

2033 2111 2131 2181 _vat
2152 2099 2319 2181 locus.
2342 2122 2359 2153 ι
2386 2099 2487 2181 .Iob
2516 2101 2585 2181 in,
2611 2099 2758 2181 terra
2802 2103 2961 2181 Hus,_
2986 2106 3040 2159 in
3070 2099 3616 2181 'terra_ipaganorum

2025 2170 2204 2250 justus
2230 2173 2477 2250 inventus
2511 2180 2623 2237 est;
2650 2172 2830 2250 _Adam
2858 2174 3063 2250 in_ipso
3097 2170 3334 2250 paradisi
3352 2170 3619 2250 "volupta-

2032 2240 2104 2294 tis
2130 2240 2426 2295 meditullio
2445 2242 2720 2309 peccavit;
2750 2242 2891 2297 Loth
2922 2240 3169 2300 sodonia:
3203 2246 3448 2303 flammas
3482 2240 3619 2304 ἐσυ-

2068 2310 2241 2367 it.vini
2263 2325 2326 2363 ac
2345 2309 2583 2364 libidinis
2610 2320 2763 2365 extra
2786 2310 3072 2367 Sodomam
3097 2331 3319 2371 arsurus
3341 2318 3612 2374 incendio.

2068 2324 2241 2367 itmnt
2263 2325 2326 2363 ac
2345 2324 2583 2364 nominis
2610 2324 2763 2365 extra
2786 2324 3072 2367 Socomam
3097 2331 3319 2371 arsurus
3341 2324 3612 2374 incendio.

2031 2324 2166 2445 auis
2195 2380 2350 2458 _novit
2373 2387 2635 2458 prmterea
2665 2395 2802 2458 quas
2829 2382 3040 2458 in_l_oco,
3071 2384 3157 2437 vel
3189 2387 3398 2450 ordine,
3453 2402 3616 2458 quem

2032 2449 2365 2518 appetimns,
2382 2449 2605 2503 insidias
2630 2451 2784 2504 nobis
2806 2452 3089 2507 moliturus
3115 2462 3199 2507 est
3221 2449 3494 2511 veterator
3520 2457 3613 2512 ille

2033 2516 2427 2593 ac'v'ersipellis
2453 2518 2841 2593 _cacodzemon?
2871 2520 2983 2593 Scit
3026 2522 3170 2576 enim
3222 2524 3310 2578 ille
3353 2527 3615 2593 peccandi

2032 2587 2563 2665 occasionessiliiad
2594 2604 2692 2641 nos
2737 2590 3047 2665 tentandum
3089 2587 3447 2665 opportunas;
3482 2610 3619 2665 quas

2033 2658 2238 2731 inhoc,
2278 2655 2362 2731 vel
2387 2656 2479 2709 tali
2508 2656 2624 2709 loco
2645 2660 2857 2711 nacturi
2884 2675 3092 2731 sumus,
3124 2655 3243 2729 quae
3272 2664 3324 2716 in
3371 2655 3478 2731 quo
3499 2655 3616 2718 're—

2033 2726 2269 2799 sidenius
2298 2728 2437 2799 loco,
2462 2740 2564 2799 non
2590 2734 2918 2799 suppetunt:
2945 2730 3033 2798 qui
3059 2726 3342 2799 propterea
3375 2726 3474 2787 nos
3516 2734 3617 2786 im-

2030 2795 2311 2869 pnrtunius
2341 2794 2404 2847 de
2432 2794 2751 2869 migratione
2782 2794 3034 2869 sollicitat
3057 2794 3235 2868 specie
3276 2800 3494 2869 majoris
3516 2803 3612 2857 bo-

2032 2865 2085 2916 ni
2135 2864 2479 2940 decepturus.
2694 2873 2757 2940 et
2804 2863 3438 2940 similibus-rationibus,
3493 2887 3615 2940 quae

2031 2931 2257 3012 proferri
2286 2941 2529 3012 possent,
2558 2934 2757 2987 inducti
2803 2937 3191 3012 sancti_Pat_res
3211 2931 3472 3012 ejusmodi
3499 2931 3614 2996 fnu-

2037 3003 2289 3079 talionem
2311 3003 2540 3079 ordinis,
2567 3018 2662 3057 seu
2686 3007 2997 3079 monasterii
3036 3003 3256 3063 minime
3283 3010 3609 3079 probarunt;

2038 3072 2141 3154 nisi
2174 3072 2324 3140 gravi
2352 3079 2422 3154 _et
2447 3082 2670 3154 urgente
2712 3077 3067 3154 nece_ssita_te,_
3093 3086 3152 3130 ut
3191 3072 3373 3134 monet
3414 3080 3471 3135 S.
3510 3072 3622 3154 An;-

2039 3141 2239 3214 sclmus
2281 3143 2440 3210 epist.
2490 3141 2674 3208 citata,
2707 3153 2767 3197 ut
2808 3145 2854 3198 si
2897 3148 3018 3214 quis
3056 3148 3107 3199 in
3143 3163 3241 3202 suo
3290 3151 3621 3205 monasterio

2037 3210 2176 3265 male
2205 3221 2695 3289 agerecogeretur.
2720 3231 2739 3263 ί
2777 3210 3132 3289 Quapropter,
3168 3219 3361 3286 inquit,
3396 3220 3623 3289 quicun-

2037 3282 2564 3369 quemqinobitarum
2609 3280 2750 3369 forte
2797 3280 3125 3369 propositum
3155 3280 3481 3369 aggreditur,
3525 3304 3622 3369 es-

2037 3350 2183 3426 pedit
2210 3350 2260 3426 ei
2303 3351 2357 3426 in
2409 3364 2727 3426 quocunque
2756 3350 3082 3426 monasterio
3116 3350 3388 3426 prol‘Essus
3429 3350 3620 3423 fuerit,

2038 3418 2142 3474 nisi
2171 3418 2278 3472 tale
2308 3418 2488 3495 fuerit,
2525 3426 2587 3471 ut
2607 3419 2693 3495 _ibi
2723 3420 2921 3472 malum
2942 3418 3145 3495 invitus
3172 3425 3351 3495 facere
3374 3418 3619 3495 cogatur,

2038 3496 2149 3542 tota
2185 3488 2381 3541 mentis
2432 3487 2729 3542 intentione
2785 3490 2986 3543 amoris
3036 3492 3305 3546 radicibus
3345 3494 3416 3547 ibi
3442 3487 3619 3548 Vradi-l

2040 3572 2185 3628 care.
2209 3576 2227 3608 ι
2265 3556 2602 3625 Astipulatur
2630 3556 2688 3610 S.
2714 3558 3021 3612 Bernardus
3051 3576 3170 3628 cap.
3196 3564 3362 3616 citato
3388 3581 3398 3614 :
3435 3581 3453 3613 ‹
3483 3563 3618 3618 Nam

2043 3627 2093 3701 si
2117 3628 2233 3680 haec
2263 3627 2570 3701 (conversio
2600 3640 2813 3701 morum
2844 3639 2897 3701 ei
2935 3627 3260 3701 obetlieiitia)
3292 3646 3389 3700 pro
3416 3633 3618 3701 impro-

2042 3695 2210 3766 bitate
2239 3695 2491 3766 nimirum
2537 3705 2699 3766 atque
2751 3696 3151 3766 irreligiositate
3193 3695 3621 3756 cohabitantium

2043 3765 2276 3818 obtineri
2307 3765 2667 3833 nequiverint,
2715 3765 2849 3819 duce
2896 3765 3086 3834 spiritu
3120 3770 3381 3824 libertatis
3410 3771 3623 3825 indubi-

2042 3841 2220 3888 tanter
2242 3834 2441 3888 suadeo
2472 3835 2702 3889 transire
2729 3835 2795 3888 ad
2824 3836 2988 3889 alium
3043 3838 3240 3903 locum,
3268 3840 3357 3893 ubi
3388 3856 3493 3894 non
3518 3842 3621 3894 im-

2042 3903 2290 3977 pediatur
2316 3904 2475 3977 honio
2504 3904 2727 3977 reddere
2755 3912 2893 3977 vota
2925 3920 3045 3977 sua,
3093 3923 3211 3977 qua:
3260 3909 3625 3963 distinxerunt

2043 3973 2182 4027 labia
2221 3988 2335 4026 sua.
2361 3991 2378 4024 ι
2410 3973 2478 4026 Ει
2501 3973 2657 4041 epist.
2693 3973 2723 4025 7
2760 3974 2827 4027 ad
2869 3974 3039 4030 Adam
3070 3973 3389 4032 monachum
3419 3996 3431 4031 :
3461 3996 3479 4028 ι
3510 3978 3625 4034 IIac

2044 4043 2256 4117 ratione
2284 4043 2403 4117 illos
2431 4043 2787 4117 suscipimus:
2819 4046 3072 4112 quoniam
3100 4062 3205 4100 non
3230 4055 3480 4117 putamus
3504 4063 3625 4103 esse

2045 4113 2268 4175 malum,
2299 4113 2343 4164 si
2373 4119 2495 4185 vota
2530 4112 2790 4167 labiorum
2824 4129 3067 4179 suorum,
3108 4112 3308 4185 quaa'in
3348 4117 3481 4172 locis
3509 4118 3624 4172 suis

2042 4189 2333 4256 p0_tucrttn__t
2367 4182 2581 4256 quidem
2611 4185 2951 4256 promittere,
3000 4187 3091 4256 sed
3125 4182 3469 4256 nequaquam
3501 4202 3624 4256 per-

2045 4250 2253 4324 solvere
2292 4250 2425 4324 Deo.
2465 4251 2556 4320 qui
2588 4250 2785 4324 ubique
2828 4263 2929 4324 est,
2965 4250 3269 4324 ubicunque
3319 4250 3563 4310 reddant.
3598 4276 3617 4307 ι

2048 4322 2144 4393 His
2171 4321 2378 4393 accedit
2403 4321 2705 4393 auctoritas
2726 4322 3040 4393 Lanfranci,
3092 4321 3252 4391 quam
3283 4327 3527 4393 producit
3560 4325 3618 4379 S.

369 4385 842 4463 quam__hac't_enus
892 4385 1222 4463 ignoramus,
1246 4385 1419 4461 chjus
1452 4385 1690 4448 'statutis
1734 4407 1945 4463 summa
1970 4385 2024 4444 Ι)
2046 4391 2332 4463 Anselmus
2355 4390 2408 4443 in
2442 4390 2546 4443 fine
2567 4392 2824 4445 carminis
2850 4394 2913 4463 de
2943 4385 3251 4461 contemptu
3281 4385 3461 4447 inundi
3480 4407 3495 4446 :
3516 4411 3532 4443 ι
3564 4392 3623 4447 Si

368 4458 490 4537 cum
516 4458 828 4537 difficultate
864 4458 956 4537 vi}
1002 4478 1237 4532 unquam
1276 4458 1586 4537 assuescere
1627 4462 1941 4537 poterimus:

371 4527 575 4602 Mapo
606 4538 660 4602 et
706 4532 1029 4602 perfectiora
1073 4527 1326 4602 appetere
1372 4531 1540 4602 facile
1573 4527 1676 4593 est,
1729 4530 1945 4602 assequi

368 4596 1047 4678 perdidicilefAusterion
1072 4596 1290 4671 quidem
1334 4602 1441 4654 vita
1477 4596 1947 4678 _plerumq_ue__de—

372 4667 673 4740 sideratur;
705 4671 796 4725 sed
820 4687 981 4740 quam
1005 4671 1076 4725 sit
1090 4667 1288 4724 'amara
1308 4667 1678 4740 experimento
1698 4667 1942 4740 discitur.

371 4734 542 4809 Dulce
560 4737 755 4792 bellum
782 4734 1098 4809 inexpertis.
1124 4734 1497 4809 Dicetaliquis
1525 4756 1537 4809 ς
1562 4738 1625 4809 In
1661 4739 1763 4791 hoc
1800 4737 1948 4809 ordi-

369 4820 439 4876 ne
464 4805 547 4858 vel
572 4805 926 4873 monasterio,
953 4810 1062 4860 vita
1092 4808 1349 4876 spiritalis
1379 4805 1484 4861 non
1508 4807 1739 4869 ducitur,
1778 4806 1943 4861 disci-

372 4875 524 4952 plina
554 4877 815 4952 regularis
838 4875 1242 4952 remissiorest,
1271 4878 1484 4952 devotio
1510 4884 1673 4944 tepet.
1711 4893 1729 4925 ε
1748 4876 1943 4944 Atque,

370 4944 545 5028 inquit
574 4944 635 4999 S.’
658 4946 943 5028 Anseiinus
972 4948 1131 5028 epist.
1164 4947 1348 5028 citata,
1373 4946 1598 5028 aliorum
1634 4959 1830 5028 mores,
1856 4954 1949 4999 aut

371 5011 474 5067 loci
523 5017 941 5085 consuetudines
979 5011 1024 5071 si
1072 5023 1259 5070 contra
1303 5024 1570 5085 praecepta
1617 5015 1794 5085 divina
1840 5030 1948 5068 non

370 5090 521 5154 sunt,
541 5084 753 5140 etiamsi
778 5086 1039 5140 inutiliter
1061 5083 1365 5150 videantur,
1383 5084 1677 5152 diiudicare
1693 5083 1944 5154 refugiat.

372 5152 524 5225 Quod
549 5154 596 5225 si
627 5155 728 5209 sibi
753 5156 966 5209 videtur
993 5155 1194 5225 majora
1224 5156 1479 5225 quaedam
1504 5162 1562 5225 et
1588 5154 1802 5207 utiliora
1820 5152 1951 5225 'spi-g

372 5221 514 5292 ritaii
540 5220 752 5292 fervore
781 5233 1034 5292 appetere
1073 5220 1259 5292 quam—
1280 5224 1353 5278 illi
1402 5223 1597 5291 prioris
1637 5220 1949 5277 monasterii

372 5290 800 5360 institutionibus
817 5290 1018 5355 liceat,
1047 5290 1279 5347 aestimet
1305 5290 1533 5345 autfan
1559 5307 1616 5347 se
1655 5293 1770 5347 sive
1812 5305 1951 5360 pra:-

372 5356 593 5413 ferendo
628 5361 776 5432 paria
815 5362 1053 5432 paribus,
1100 5362 1184 5415 vel
1241 5362 1447 5416 minora
1488 5356 1951 5432 majoribusfsive

370 5430 743 5497 praesumendo
770 5430 829 5483 se
852 5444 1027 5498 posse,
1064 5433 1205 5499 quod
1247 5447 1350 5484 non
1386 5432 1585 5499 possit;
1630 5440 1725 5484 ant
1765 5431 1951 5485 credat

372 5511 433 5575 se
461 5511 567 5549 non
606 5498 866 5575 meruisse
915 5501 1055 5568 quod
1086 5498 1402 5575 desiderat.
1443 5500 1549 5553 Sed
1596 5498 1745 5575 quod
1778 5508 1951 5575 atten-

373 5566 482 5638 tius
511 5566 952 5638 considerandum
982 5577 1097 5634 est,
1129 5570 1181 5622 in
1204 5570 1357 5623 nobis
1380 5585 1538 5638 saepe,
1582 5566 1685 5624 non
1735 5570 1787 5622 in
1833 5570 1952 5623 loco

374 5635 564 5690 vitium
592 5643 693 5690 est.
719 5635 885 5705 Eger
910 5638 1121 5693 animus
1144 5639 1324 5693 omnia
1354 5635 1559 5693 fastidit
1580 5648 1635 5694 et
1664 5639 1859 5693 frustra
1879 5639 1953 5693 lo-

2044 4476 2145 4530 ego
2168 4458 2504 4514 Lanfrancus
2533 4475 2697 4513 manu
2731 4461 2946 4530 propria
2981 4476 3068 4515 me
3107 4458 3176 4515 de
3216 4463 3395 4530 aliquo
3437 4478 3626 4517 mona-

2046 4527 2210 4585 sterio
2238 4543 2344 4582 non
2374 4543 2714 4583 recessurum
2734 4527 3039 4595 'jurassem,
3071 4537 3126 4584 et
3148 4527 3385 4587 viderem
3413 4532 3464 4584 in
3497 4533 3622 4597 hoc,

2045 4600 2189 4667 quod
2213 4597 2450 4669 animam
2486 4612 2675 4669 meam
2704 4598 2913 4652 salvare
2957 4614 3079 4669 non
3102 4615 3339 4669 possein,
3370 4601 3575 4655 exirem
3606 4641 3623 4667 ,

2047 4665 2147 4722 nec
2181 4665 2632 4740 periuriicrimen
2663 4666 3020 4740 incurrerem.
3054 4665 3153 4734 Qui
3176 4665 3332 4724 enim
3366 4671 3475 4725 Deo
3495 4665 3622 4740 proé

2045 4745 2167 4805 pter
2193 4734 2364 4806 Deum
2386 4734 2658 4806 alligatur,
2688 4751 2795 4791 non
2820 4737 2889 4791 ab
2930 4738 3067 4806 ipso,
3113 4740 3216 4793 nisi
3265 4748 3452 4794 contra
3495 4734 3625 4794 eum

2046 4803 2291 4877 solvitur.
2333 4803 2503 4857 Porro
2527 4803 2596 4857 ab
2641 4805 2756 4877 ipso
2792 4803 2979 4861 contra
3021 4809 3192 4877 ipsum
3239 4824 3342 4862 non
3378 4809 3621 4875 solvitur,

2047 4876 2138 4946 qui
2163 4880 2383 4947 propter
2406 4872 2813 4947 a_m_9rem_ejus,
2828 4885 2894 4947 ut
2930 4878 2979 4930 ei
3021 4872 3157 4931 bene
3179 4877 3409 4947 placeat,
3440 4893 3472 4932 a
3500 4872 3624 4933 filiis

2048 4941 2311 5016 superbiae
2334 4950 2391 4996 et
2415 4941 2745 5016 diliidentiie,
2766 4941 3244 5016 a_liliis.discordiae
3288 4955 3358 5007 et,
3389 4941 3450 5001 ut
3477 4961 3627 5016 aper-

2048 5011 2157 5071 tiu's
2181 5014 2381 5086 dicam,
2417 5011 2603 5086 a__filiis_
2642 5013 3138 5086 diaboliniigravit
3183 5016 3250 5086 ad
3283 5016 3421 5071 filios
3453 5011 3621 5086 pacis,

2049 5086 2185 5154 spei,
2232 5090 2288 5138 et
2316 5082 2655 5154 humilitatis,
2696 5084 2811 5154 imo
2847 5082 2987 5138 ﬁlios
3039 5086 3153 5139 Dei.
3199 5085 3299 5152 Qui
3349 5082 3492 5140 enim
3545 5086 3625 5141 sic

2050 5150 2262 5216 transit,
2301 5166 2479 5205 nonne
2505 5150 2640 5221 fugit
2672 5168 2702 5205 a
2725 5153 2852 5207 sede
2876 5154 3073 5208 diaboli
3101 5156 3169 5208 ad
3203 5150 3386 5210 sedem
3435 5156 3574 5210 Dei?
3597 5174 3616 5208 ι

2050 5224 2175 5277 Tria
2198 5229 2378 5293 autem
2400 5221 2591 5293 statuit
2618 5221 2676 5277 S.
2704 5222 2994 5277 Anselmus
3010 5226 3168 5293 epist.
3198 5226 3387 5288 citata,
3413 5226 3483 5279 ob
3503 5240 3623 5293 quae

2050 5300 2229 5363 potest
2248 5292 2370 5359 quis
2400 5290 2574 5363 locum
2605 5301 2814 5363 mutare
2842 5310 2913 5363 :i
2945 5290 3092 5359 Tria,
3124 5294 3317 5363 inquit,
3363 5290 3620 5363 capitula,

2051 5360 2245 5431 quibus
2269 5369 2478 5414 mutare
2502 5360 2661 5431 liceat
2700 5361 2818 5431 loca
2867 5362 2920 5415 in
2946 5364 3140 5431 quibus
3168 5360 3226 5417 se
3255 5360 3473 5417 stabiles
3503 5378 3622 5418 esse

2052 5429 2422 5501 promiserunt
2470 5429 2727 5501 religiosi.
2759 5429 3019 5495 Primum,
3072 5434 3233 5486 nimia
3283 5441 3615 5501 paupertas;

2051 5500 2697 5572 secundum,_pcrsecutio
2734 5501 2897 5554 nimia
2921 5518 2935 5566 ;
2965 5503 3202 5566 tertium,
3228 5500 3617 5572 irreligiositas.

2053 5570 2191 5640 Nam,
2211 5569 2477 5622 stabilitas
2509 5570 2562 5640 in
2592 5569 2710 5622 loco
2738 5585 2841 5640 non
2870 5572 3220 5639 promittitur,
3269 5572 3369 5624 nisi
3384 5569 3623 5640 propter

2053 5639 2290 5712 regulam
2314 5638 2654 5693 servandam.
2686 5657 2705 5690 ι
2738 5637 2833 5694 His
2872 5637 3070 5694 addam
3116 5637 3617 5709 doctorem'Ange-
