4014 6186
393 347 415 402 Ι
427 344 525 400 521

1307 341 1695 401 CONCORDIA
1734 343 2185 402 REGULARUM.
2227 333 2296 388 I—
2331 346 2480 402 cae.
2523 346 2742 407 vam.

3501 355 3630 413 15Ξᾶ

388 461 623 524 siderat;
647 466 703 514 et
729 470 808 513 suc
830 457 1175 528 suscipiatur.
1198 457 1332 513 Nam
1359 462 1478 517 sine
1496 471 1520 500 ο
1545 458 1822 512 voluntate
1843 458 1956 528 ejus
1986 458 2036 518 Α
2062 455 2310 512 bertatem
2339 469 2569 513 nostram
2591 500 2604 524 ,
2639 475 2798 530 quam
2824 458 3100 513 habuimus
3134 460 3187 513 in
3221 459 3428 513 Christo
3453 462 3579 516 Iesu
3613 475 3633 514 :

387 547 478 618 qui
507 562 738 617 praeesse
765 547 979 602 videtur
1004 547 1057 602 in
1088 551 1439 616 monasterio,
1476 549 1784 604 nullatenus
1821 548 1959 603 reci-

385 636 566 705 piatur
597 635 783 690 frater.
827 635 979 702 Quod
1009 637 1054 691 si
1097 637 1123 675 b
1159 638 1567 708 prmsumpserit
1601 636 1728 690 talia
1756 634 1956 700 facere,

385 723 593 778 noverit
621 739 679 778 se
705 724 758 778 in
802 724 1005 794 synodo
1044 726 1439 794 episcoporum,
1477 733 1569 780 aut
1594 725 1646 780 in
1690 733 1957 780 conventu

384 812 612 867 fratrum
640 828 861 868 suorum
899 813 952 868 in
981 815 1312 869 audientiam
1335 815 1539 870 venire.
1573 827 1596 854 ο
1626 815 1694 868 Ει
1718 823 1849 868 tunc
1874 829 1958 868 re-

382 903 536 958 cedat
559 911 818 973 tanquam
838 901 1023 972 junior
1049 909 1200 968 suus,
1227 904 1399 959 donec
1419 904 1487 959 ab
1507 919 1572 959 eo
1592 904 1678 958 cui
1705 905 1957 974 injuriam

382 991 509 1047 fecit
533 992 745 1046 veniam
777 1001 942 1062 petat,
974 1000 1033 1047 ut
1057 1008 1163 1048 non
1195 1010 1291 1064 per
1327 995 1495 1065 ipsius
1525 995 1714 1049 vitium
1745 994 1836 1048 alii
1867 995 1958 1050 de-

381 1083 678 1152 spiciantur
701 1081 727 1122 ει
766 1083 976 1139 Patres.
1008 1096 1030 1124 ο
1059 1085 1149 1140 llle
1176 1101 1308 1142 vero
1337 1087 1638 1142 monachus
1665 1085 1685 1126 τ
1725 1094 1956 1157 quantos

381 1170 575 1227 fratres
615 1173 668 1227 in
709 1173 814 1229 alio
845 1174 1131 1239 invenerit,
1165 1179 1192 1217 ε
1238 1184 1420 1233 tantos
1449 1177 1474 1217 ιι
1513 1192 1573 1232 se
1618 1177 1828 1233 noverit
1853 1179 1958 1232 ha-

377 1262 506 1316 bere
545 1263 772 1331 priores.
825 1263 930 1318 Sed
977 1280 1077 1320 nec
1106 1267 1490 1322 attendendum
1534 1275 1620 1323 est
1663 1268 1810 1338 quod
1856 1267 1958 1322 fuit

378 1359 566 1415 antea;
598 1353 692 1406 sed
728 1353 1036 1422 probandus
1057 1363 1142 1410 est
1171 1355 1346 1426 qualis
1385 1371 1507 1412 esse
1535 1358 1778 1427 coeperit.
1826 1356 1957 1413 Sus-

375 1450 562 1510 ceptus
591 1456 718 1495 vero
749 1442 793 1496 si
823 1443 1024 1499 habere
1058 1445 1274 1500 videtur
1315 1447 1515 1517 aliquid
1539 1447 1652 1502 sive
1686 1448 1736 1502 in
1770 1448 1953 1514 rebus,

376 1531 492 1584 sive
530 1530 583 1583 in
615 1531 910 1597 codicibus,
944 1531 1166 1612 ultraqei
1195 1535 1476 1604 possidere
1502 1551 1607 1590 non
1645 1536 1864 1592 licebit:
1894 1547 1956 1591 ut

371 1621 544 1688 possit
576 1635 697 1674 esse
734 1621 1010 1691 perfectus
1041 1663 1056 1685 ,
1094 1623 1111 1663 ί
1153 1625 1281 1694 quia
1312 1625 1438 1679 alibi
1473 1642 1581 1680 non
1629 1627 1801 1696 potuit
1832 1642 1953 1683 esse

374 1723 556 1780 senex.
592 1711 971 1768 Residentibus
1009 1728 1140 1768 vero
1166 1713 1449 1781 fratribus,
1492 1717 1537 1771 si
1575 1715 1736 1772 fuerit
1769 1717 1950 1788 aliqua

373 1799 438 1855 de
475 1800 772 1870 Scripturis
795 1801 1035 1870 collatio,
1064 1811 1121 1859 et
1148 1803 1310 1860 fuerit
1339 1817 1352 1856 ι
1395 1821 1460 1861 ex
1490 1807 1577 1862 his
1605 1807 1728 1863 talis
1754 1808 1946 1875 scitus,
1981 1805 2024 1864 Β

374 1907 477 1944 non
507 1881 691 1947 licebit
718 1893 769 1948 ei
805 1893 1008 1964 aliquid
1035 1896 1247 1962 dicere,
1281 1897 1384 1953 nisi
1414 1909 1741 1970 przeceptum
1784 1899 1947 1954 fuerit

372 1996 401 2035 a
430 1981 521 2044 PM
533 1997 609 2037 rc.
1371 1985 1379 1992 ’

583 2075 610 2147 §
639 2076 724 2137 Ill.
751 2108 821 2117 —
845 2077 925 2132 Ex
955 2078 1173 2135 Rasum
1199 2079 1423 2136 Pnauu
1457 2080 1595 2152 (cap.
1626 2082 1734 2154 id).

445 2165 470 2204 ιι
502 2165 820 2222 Monachum
859 2169 965 2223 nisi
987 2170 1198 2225 abbatis
1229 2172 1313 2225 sui
1354 2171 1367 2209 ι
1395 2180 1488 2226 aut
1513 2173 1778 2243 permissu
1799 2212 1814 2240 ,
1855 2183 1949 2228 aut

371 2253 662 2320 voluntate,
687 2267 727 2295 ω
746 2257 812 2311 ad
838 2257 1070 2313 alterum
1087 2261 1477 2316 monasterium
1497 2263 1947 2334 commigrantem

371 2348 546 2404 nullus
573 2350 739 2404 abbas
762 2360 789 2388 ιι
813 2359 906 2405 aut
925 2353 1221 2423 suscipere,
1253 2362 1349 2410 aut
1371 2355 1606 2410 retinere
1630 2362 1943 2424 przesumat.

371 2442 521 2510 Quod
551 2444 597 2498 si
625 2443 693 2498 ad
725 2443 1112 2499 districtiorem
1133 2445 1395 2516 Regulam
1419 2463 1524 2502 non
1562 2462 1660 2516 pro
1688 2454 1840 2500 actus
1863 2448 1944 2501 sui

370 2532 585 2588 levitate
621 2534 927 2588 tendentem
977 2534 1146 2589 abbas
1188 2551 1318 2590 suus
1373 2537 1546 2606 ipsum
1597 2537 1664 2592 ad
1717 2536 1945 2590 alterum

370 2626 754 2680 monasterium
781 2625 1014 2680 transire
1043 2627 1371 2696 permiserit,
1400 2636 1460 2682 ut
1486 2629 1610 2683 inde
1634 2637 1818 2698 postea
1847 2629 1947 2685 sub

368 2716 544 2787 aliqua
590 2718 872 2774 occasione
919 2718 1103 2788 egredi
1155 2727 1469 2789 praesumat,
1535 2718 1681 2774 nulla
1735 2720 1946 2775 ratione

366 2809 747 2877 permittimus.
1946 2802 1955 2820 ’

469 2901 497 2973 §
525 2902 611 2956 ιν.
643 2930 713 2941 --
737 2903 816 2956 Ex
841 2902 1060 2959 Rasum
1089 2917 1277 2958 ssnon
1307 2903 1507 2960 Bssn."
1542 2904 1681 2976 (cap.
1714 2903 1830 2976 87).

437 2990 696 3063 Interrog.
751 3000 774 3028 ο
807 2993 863 3048 Si
894 2994 1039 3048 dicat
1073 2995 1194 3064 quis
1223 3014 1234 3048 :
1263 2995 1397 3052 Volo
1427 2997 1570 3065 apud
1603 3012 1700 3052 vos
1745 3013 1940 3070 parum

366 3084 570 3154 aliquid
620 3086 879 3157 temporis
922 3085 1100 3141 facere
1120 3127 1135 3153 ,
1167 3096 1227 3141 ut
1259 3087 1539 3158 proﬁciam
1571 3103 1636 3144 ex
1666 3091 1819 3145 vobis
1850 3109 1862 3143 :
1897 3089 1942 3145 si

365 3182 575 3243 oportet
601 3187 722 3227 eum
748 3175 986 3244 suscipi?
1012 3205 1081 3214 —
1100 3174 1255 3247 Resp.
1273 3178 1501 3234 Domino
1526 3181 1942 3250 pronuntiante:

369 3263 506 3328 Quia
527 3265 809 3320 venientem
839 3265 908 3319 ad
928 3282 1007 3320 me
1033 3282 1136 3320 non
1151 3267 1360 3338 ejiciam
1376 3269 1523 3337 foras
1545 3268 1730 3341 (Joan.
1748 3269 1826 3342 lx)
1849 3289 1863 3336 ;
1893 3279 1948 3326 et

362 3353 623 3424 Apostolo
670 3355 1020 3412 nihilominus
1059 3357 1322 3413 dicente:
1362 3359 1585 3430 Propter
1615 3361 1954 3415 subintrodu-

362 3455 496 3512 ctos,
521 3456 611 3500 aut
627 3446 790 3517 falsos
803 3448 1020 3518 fratres,
1046 3449 1136 3520 qui
1153 3449 1564 3504 subintroierunt
1587 3449 1863 3521 explorare
1884 3449 1946 3502 li-

433 3590 462 3654 f
498 3577 768 3654 Yoluntate
803 3581 1162 3654 ejus,_Addidi
1182 3585 1244 3654 ξτὸ
1261 3583 1399 3652 ejus,
1426 3585 1568 3654 quod
1595 3586 1800 3642 deerat.

437 3649 464 3687 δ
492 3648 904 3720 Brwsumpserit.
937 3651 1119 3706 Abbas
1145 3648 1368 3708 alterius
1393 3648 1731 3710 monasterii.

436 3729 458 3756 ο
491 3719 558 3771 Et
595 3729 716 3772 tunc
730 3719 953 3792 recedat
993 3731 1244 3790 tanquam
1263 3723 1450 3792 junior
1474 3741 1622 3778 suus.
1657 3725 1757 3780 Hic
1791 3726 1944 3783 locus

366 3803 470 3842 non
511 3796 693 3842 exstat
732 3788 786 3841 in
833 3789 1042 3844 duobus
1090 3788 1371 3848 codicibus
1421 3795 1762 3851 bibliotheca:
1812 3797 1945 3853 Cor-

364 3859 621 3928 beiensis,
643 3865 833 3928 estque
856 3861 1317 3928 corruptissimus.

431 3928 458 3968 ἀ
493 3927 702 3981 Patres.
749 3925 1196 3985 Monasteriorum
1221 3932 1492 4001 videlicet,
1538 3934 1591 3990 id
1629 3943 1733 4002 est,
1778 3937 1944 3992 abba-

363 4007 464 4053 tes.

435 4067 594 4149 {Ille
625 4083 744 4122 vero
779 4069 1086 4125 monachus.
1125 4069 1227 4139 Qui
1265 4073 1458 4129 transit
1487 4075 1556 4131 ad
1594 4076 1725 4132 illud
1755 4093 1942 4134 mona—

360 4147 608 4193 sterium.

438 4206 761 4282 f__Q_uantos.
802 4209 858 4282 l_d
883 4218 965 4265 est
985 4251 999 4275 ,
1027 4219 1169 4282 quot,
1211 4211 1342 4268 Luc.
1377 4230 1445 4270 xv
1476 4233 1488 4269 :
1520 4214 1718 4282 Quanti
1748 4235 1940 4274 merce-

361 4278 593 4348 narii_in
621 4277 776 4332 domo
806 4279 986 4334 Patris
1007 4277 1126 4345 mei,
1167 4283 1219 4339 id
1241 4292 1342 4348 est,
1376 4297 1520 4348 quot.

437 4350 462 4387 ε
493 4345 705 4426 Tantos.
731 4348 788 4402 ld
808 4361 909 4414 est,
929 4349 1202 4426 tot._.loar_i.
1229 4345 1337 4408 ult.
1354 4345 1421 4408 Et
1445 4373 1563 4410 cum
1584 4358 1718 4410 tanti
1743 4369 1934 4426 essent,

361 4428 596 4493 nonest
621 4419 841 4493 scissum
867 4429 1000 4493 rete;
1036 4421 1090 4475 in
1141 4422 1331 4480 Graeco
1355 4466 1368 4489 ,
1411 4434 1651 4482 τοσοῦτοι
1672 4467 1686 4491 ,
1729 4428 1781 4482 id
1825 4419 1927 4493 est,

2060 549 2247 620 quibus
2274 566 2365 604 nec
2385 551 2455 603 ad
2485 551 2668 604 horam
2701 550 2948 604 cessimus
2981 550 3291 618 subjectioni
3312 589 3328 615 ,
3355 561 3409 604 ut
3441 552 3630 619 veritas

2059 639 2333 710 Evangelii
2375 648 2678 710 permaneat
2717 639 2857 709 apud
2895 656 2982 692 uos
3014 637 3155 710 (Gal.
3208 638 3290 711 ιι).
3322 638 3632 695 Concedere

2058 727 2274 796 quidem
2306 727 2355 782 ei
2396 727 2648 782 convenit
2680 727 2980 797 ingressum
3015 735 3235 796 propter
3270 727 3506 782 incertos
3536 742 3632 782 ex-

2057 816 2165 870 itus
2193 831 2395 870 rerum.
2433 817 2643 872 interea
2672 816 2818 870 enim
2841 823 3020 884 potest
3045 815 3181 878 fieri,
3206 825 3265 868 ut
3285 830 3390 885 per
3419 825 3631 887 tempus

2056 906 2322 976 proﬁciat,
2352 914 2408 960 et
2432 905 2730 961 delectetur
2758 907 3045 959 sanctitate
3071 905 3213 969 vitae,
3241 915 3294 959 et
3319 917 3636 974 permaneat

2056 995 2250 1066 emptis
2279 996 2420 1050 sicut
2450 1007 2506 1052 et
2551 996 2866 1065 frequenter
2913 995 3111 1049 factum
3156 997 3375 1050 scimus.
3427 994 3534 1050 Sed
3571 1007 3630 1049 ut

2056 1086 2433 1142 manifestetur
2486 1087 2690 1142 veritas
2742 1097 2769 1136 ι)
2827 1086 3225 1140 institutionum
3295 1094 3628 1149 nostrarum,

2055 1187 2083 1226 (ι
2112 1177 2180 1232 de
2230 1179 2427 1247 quibus
2471 1176 2719 1232 fortassis
2772 1173 3019 1230 homines
3076 1174 3234 1228 aliter
3278 1169 3570 1243 opinantur
3613 1189 3627 1226 :

2055 1277 2267 1336 oportet
2296 1278 2477 1322 tamen
2501 1267 2646 1322 circa
2687 1282 2812 1322 eum
2842 1265 3053 1320 cautius
3081 1265 3184 1335 agi,
3218 1273 3272 1319 et
3297 1264 3628 1334 diligentius,

2061 1366 2080 1392 τ
2099 1366 2155 1411 ιιι
2182 1357 2296 1412 sive
2316 1357 2369 1411 in
2391 1357 2620 1412 veritate
2645 1356 3085 1427 permaneat,vel
3111 1356 3379 1424 proﬁciat,
3408 1357 3520 1411 sive
3547 1357 3629 1409 in—

2053 1447 2397 1502 stitutionum
2426 1456 2734 1503 nostrarum
2763 1446 2968 1501 veritas
3008 1445 3400 1515 explorabitur,
3437 1445 3629 1515 proba-

2051 1539 2176 1593 bilis
2215 1537 2522 1592 inveniatur
2547 1545 2604 1592 et
2631 1552 2783 1606 pura.
2811 1535 2888 1589 ita
2919 1550 3152 1604 namque
3181 1544 3238 1591 et
3262 1551 3360 1590 nos
3389 1536 3498 1590 Deo
3518 1535 3632 1605 pla-

2051 1627 2295 1683 cebimus
2315 1666 2329 1691 ,
2364 1634 2420 1682 et
2447 1625 2536 1680 ille
2575 1634 2667 1680 aut
2686 1625 2952 1696 proficiet,
2984 1634 3096 1691 aut,
3129 1625 3174 1679 si
3204 1626 3488 1681 simulator
3520 1632 3628 1686 est,

2056 1726 2078 1756 ⁸
2110 1715 2411 1772 erubescet.

2228 1806 2256 1880 §
2286 1807 2348 1862 γ.
2385 1837 2455 1847 -
2482 1806 2558 1862 Ex
2598 1807 2815 1862 Rasum
2844 1805 3117 1860 Faaasou
3160 1804 3296 1875 (cap.
3337 1804 3446 1873 ll).

2127 1901 2145 1934 ί
2199 1897 2518 1954 Monachum
2570 1899 2812 1961 omnino,
2860 1897 2974 1952 sive
3027 1908 3053 1934 ιι
3099 1895 3355 1950 clericum
3406 1893 3630 1949 alterius

2051 1986 2099 2059 [ν
2136 1985 2262 2058 loci]
2296 1986 2609 2041 monasterii
2651 1986 2818 2055 recipi
2849 1985 2949 2039 sub
2983 1984 3225 2054 qualibet
3260 1999 3422 2038 causa
3471 1983 3625 2037 nolu-

2048 2093 2190 2141 mus,
2241 2075 2649 2141 interdicimus,
2690 2075 3058 2144 prohi‘bemus,
3084 2074 3476 2143 prospicientes
3503 2073 3626 2127 talia

2048 2167 2225 2223 studio
2257 2166 2541 2222 charitatis
2559 2206 2573 2231 ,
2602 2181 2672 2220 ne
2700 2180 2900 2220 novum
2922 2164 3143 2233 aliquod
3170 2163 3310 2219 forte
3336 2176 3361 2203 ι
3396 2165 3627 2218 scanda-

2050 2257 2161 2311 lum
2197 2265 2226 2305 γ
2257 2265 2540 2326 surgentes
2594 2255 2870 2311 inducant.
2925 2255 3069 2309 Dicit
3113 2254 3258 2308 enim
3309 2252 3626 2325 Scriptura:

2050 2345 2316 2418 Quidquid
2345 2347 2437 2400 tibi
2468 2363 2570 2400 non
2593 2349 2686 2412 vis,
2717 2345 2814 2401 alii
2857 2362 2918 2400 ne
2958 2346 3143 2415 feceris
3181 2345 3330 2417 ('I'ob.
3362 2349 3457 2415 tv).
3493 2346 3632 2402 ilinc

2047 2436 2192 2490 enim
2213 2438 2532 2509 plerumque
2552 2453 2657 2494 non
2682 2445 2888 2492 tantum
2911 2438 3055 2492 inter
3073 2439 3316 2499 abbates,
3349 2439 3442 2494 sed
3466 2440 3628 2494 etiam

2047 2527 2189 2582 inter
2240 2529 2569 2583 monasteria
2613 2529 2736 2584 lites
2773 2527 3101 2584 insanabiles
3143 2529 3392 2586 oriuntur
3438 2548 3450 2582 :
3503 2531 3629 2584 dum

2048 2633 2189 2674 unus
2225 2619 2420 2673 nititur
2449 2619 2738 2674 defendere
2765 2633 2925 2689 quem
2953 2618 3163 2687 recipit,
3194 2618 3332 2674 alter
3373 2635 3630 2674 revocare

2048 2722 2210 2778 quem
2245 2701 2498 2780 perdidit.
2542 2710 2605 2764 Et
2643 2710 2710 2765 ad
2748 2719 3050 2764 extremum
3082 2710 3187 2764 nisi
3231 2709 3488 2765 reddatur
3540 2713 3628 2766 isti

2047 2801 2265 2872 petitori
2290 2801 2512 2870 petitus,
2551 2808 2613 2878 et
2658 2801 2812 2855 istius
2856 2800 3184 2855 restauratio
3214 2799 3414 2870 recepti
3449 2800 3632 2869 placa-

2050 2893 2192 2950 verit
2217 2891 2472 2963 injuriam
2500 2901 2812 2962 acceptam;
2847 2890 2906 2945 llt
2940 2899 2998 2945 ut
3028 2905 3133 2945 non
3161 2891 3459 2946 secundum
3482 2892 3629 2962 Apo-

2049 2987 2250 3044 stolum
2280 2986 2504 3040 vincant
2533 2984 2590 3039 in
2621 2985 2764 3039 bono
2794 2987 2994 3038 malum
3019 2981 3198 3054 (Rom.
3223 2981 3348 3056 xu),
3377 2983 3474 3038 sed
3497 2985 3633 3038 utri-

2049 3095 2154 3151 que
2202 3078 2330 3133 mali
2361 3077 2648 3132 vincantur
2684 3089 2792 3129 uno
2843 3073 3006 3128 malo.
3058 3072 3312 3127 Atta-men
3359 3086 3459 3126 nec
3502 3071 3632 3126 illud

1974 3148 2018 3213 (εἶ
2051 3148 2483 3243 praetereundum
2513 3165 2844 3230 censuimus,
2878 3173 2936 3219 ut
2976 3163 3021 3219 si
3061 3162 3198 3219 forte
3238 3165 3461 3218 alterius
3504 3163 3627 3228 loci,

2051 3271 2110 3315 ut
2150 3276 2308 3331 supra
2335 3260 2469 3326 dixi,
2493 3258 2809 3322 monachus,
2847 3257 2960 3312 sive
2984 3254 3215 3311 clericus
3236 3255 3435 3324 scripta
3467 3255 3632 3309 abba-

2052 3350 2121 3405 tis
2149 3360 2170 3387 ι
2199 3351 2284 3406 vel
2320 3349 2559 3419 episcopi
2590 3348 2817 3413 deferat,
2869 3347 2922 3400 in
2957 3347 3156 3416 quibus
3185 3345 3468 3399 manifeste
3506 3359 3632 3414 pro-

2049 3442 2209 3496 betur
2236 3455 2341 3494 non
2372 3447 2594 3508 propter
2619 3439 2748 3493 vitia
2787 3437 3046 3499 curanda,
3084 3436 3179 3490 sed
3204 3444 3423 3507 propter
3451 3437 3628 3490 chari-

2121 3589 2158 3616 m
2188 3576 2267 3630 Ad
2303 3575 2544 3630 alterum.
2579 3573 2811 3645 Reposui
2843 3572 3300 3644 praepositionem,
3325 3573 3413 3638 ad,
3450 3587 3514 3627 ex
3544 3575 3625 3629 di-

2049 3658 2137 3703 cto
2163 3647 2410 3714 concilio,
2436 3655 2491 3700 et
2525 3647 2590 3700 Β.
2625 3661 2727 3701 ms.

2121 3729 2147 3756 ιι
2165 3719 2268 3770 Aut
2292 3711 2572 3786 suscipere.
2599 3715 2859 3770 Similiter
2883 3711 3167 3785 particula,
3187 3721 3301 3778 aut,
3327 3728 3432 3767 non
3463 3713 3623 3768 habe-

2051 3795 2136 3842 tur
2173 3790 2226 3842 in
2245 3786 2469 3857 prmfato
2502 3786 2750 3840 concilio.

2121 3866 2144 3893 ο
2174 3850 2413 3913 δί’άὶοαι
2452 3857 2587 3924 quis,
2623 3865 2728 3910 etc.
2761 3857 2949 3911 Exstat
2988 3851 3129 3924 apud
3161 3850 3510 3908 S..Basilium
3536 3855 3621 3910 in-

2048 3937 2179 3983 terr.
2212 3927 2289 3983 97‘
2308 3923 2523 3998 Regulae
2547 3927 2818 3992 Brevium,
2850 3933 2904 3979 et
2934 3923 3073 3998 apud
3099 3923 3353 3998 Rufinum
3382 3940 3501 3994 cap.
3531 3925 3620 3979 49.

2119 4009 2146 4049 e
2175 3992 2572 4052 Institutionum
2611 4007 2930 4050 nostrarum.
2977 3995 3035 4048 In
3079 4003 3225 4048 textu
3255 3992 3489 4048 Grzcco':
3524 4004 3624 4056 Τῆς

2045 4072 2096 4125 ἐν
2116 4073 2233 4143 ring»
2247 4069 2534 4143 uxpts’siag,
2544 4067 2596 4122 id
2609 4068 2718 4143 est,
2734 4085 2751 4117 ‹
2773 4073 2978 4143 exacta:
2993 4064 3350 4143 observantiae
3364 4073 3582 4143 nostrae:
3597 4087 3614 4116 ι

2114 4129 2247 4193 «ι’οε
2275 4129 2461 4208 quibus
2505 4129 2744 4208 fortassis
2776 4136 3006 4208 homines
3045 4133 3198 4188 aliter
3225 4134 3527 4208 opinantur.
3566 4136 3621 4190 In

2046 4219 2196 4283 textu
2237 4201 2426 4283 Graeco
2461 4225 2473 4260 :
2505 4201 2847 4283 inlotos-ipa;
2889 4204 3197 4283 {corrumpi
3228 4201 3622 4283 nisa-{v‘dnotbiac

2046 4281 2255 4353 ἔχοντι.
2287 4279 2340 4335 id
2383 4285 2499 4344 est,
2533 4295 2550 4328 ‹
2597 4277 2686 4346 qui
2721 4275 2952 4333 fortasse
2981 4275 3139 4329 aliter
3167 4275 3233 4329 de
3259 4275 3415 4330 nobis
3441 4275 3617 4347 suspi—

2045 4363 2217 4406 catur.
2257 4370 2274 4402 ι

2122 4434 2142 4461 ι’
2175 4419 2243 4475 Ut
2270 4421 2374 4476 sive
2397 4421 2452 4474 in
2481 4419 2692 4473 veritate
2715 4425 3037 4487 permaneat,
3067 4423 3172 4469 etc.
3199 4413 3371 4487 Aliter
3394 4415 3445 4468 in
3470 4423 3616 4487 textu

360 4486 513 4561 tanti.
550 4486 892 4561 Marculphus
928 4489 1084 4544 form.
1127 4493 1190 4547 51
1231 4514 1242 4548 :
1281 4513 1301 4547 ι
1357 4484 1930 4554 Μίηἰειπειὶένετεάοέ

2051 4492 2223 4550 }r:eco
2249 4510 2261 4544 :
2290 4491 2504 4552 ἰναῆτι
2530 4484 2734 4561 alaeue
2754 4488 3025 4561 φανερωθῇ,
3055 4487 3192 4561 κικὶῄ
3219 4485 3416 4561 unquis:
3443 4484 3615 4546 πάσης·

359 4557 474 4631 sive
495 4560 852 4631 paraveredos
882 4569 1077 4626 tantos,
1110 4573 1239 4631 etc.,
1275 4585 1293 4618 ι
1332 4565 1385 4619 id
1411 4575 1514 4630 est,
1547 4575 1640 4619 tot.

429 4627 456 4665 ιι
489 4628 558 4679 Se
587 4628 782 4682 noverit
813 4629 1001 4684 habere
1042 4627 1261 4700 priores.
1300 4634 1422 4688 Haec
1459 4627 1774 4689 cortstitutio
1801 4651 1929 4690 con-

359 4693 539 4774 ﬁrmat
565 4705 805 4774 nostram
833 4693 1184 4774 sententiam,
1215 4705 1356 4771 quod
1383 4704 1633 4774 videlicet
1658 4705 1729 4768 ii,
1762 4707 1852 4774 qui
1875 4707 1928 4760 in

359 4765 504 4837 aliud
544 4767 776 4837 migrant
811 4765 1246 4837 monasterium,"
1271 4773 1621 4828 stabilitatem
1660 4765 1812 4828 suam
1855 4775 1927 4829 ibi

358 4835 646 4908 ﬁrmaturi,
669 4839 899 4893 debeant
929 4839 1174 4896 ultimum
1201 4835 1384 4897 tenere
1413 4843 1612 4908 locum,
1641 4845 1743 4898 nisi
1767 4844 1929 4898 altius

358 4905 426 4958 ab
451 4905 644 4960 abbate
682 4919 1114 4977 promoveantur.

435 4977 450 5051 ξ
489 4977 965 5051 Q_uia_atibi._Le_ge
1000 4998 1012 5032 :
1052 4980 1175 5047 Qui,
1208 4991 1313 5037 etc.

432 5045 445 5094 i
505 5044 586 5099 Ea:
629 5047 731 5126 Itis.
782 5044 1119 5126 scripturis:
1153 5044 1207 5107 et
1237 5055 1293 5107 τὸ
1335 5053 1539 5126 scitus,
1581 5063 1672 5126 est
1716 5055 1924 5111 doctus.

358 5115 488 5196 Quae
521 5116 702 5196 omnia
735 5118 868 5196 satis
899 5115 1042 5196 clara
1069 5131 1294 5196 suntex
1327 5123 1432 5196 alia
1471 5115 1931 5189 lcetionepodieis

357 5187 698 5264 ilorbciensis
725 5205 736 5239 :
772 5187 840 5264 Et
870 5189 924 5264 si
951 5189 1170 5257 forsitan
1202 5193 1268 5258 is,
1303 5195 1391 5262 qui
1412 5204 1679 5264 susceptus
1709 5187 1806 5262 est,
1836 5197 1928 5250 Ita-

358 5257 436 5309 bet
463 5257 734 5327 scientiam
765 5255 1178 5327 Scripturarum.

430 5327 456 5365 κ
489 5325 807 5404 Monachum
829 5325 950 5394 nisi,
979 5339 1083 5404 etc_.
1121 5331 1235 5404 l_loc
1265 5331 1556 5403 capitulum
1588 5335 1824 5404 reperire
1848 5342 1932 5389 est

359 5396 411 5449 in
442 5395 635 5475 regula
655 5397 814 5475 tertia
839 5413 941 5475 ms.
975 5400 1095 5475 cod.
1120 5401 1274 5475 Flor._
1295 5395 1414 5472 qua:
1444 5395 1678 5475 incipit':
1714 5403 1848 5457 Cum
1875 5407 1930 5457 in

357 5465 822 5544 nomineADornini.
852 5466 983 5544 Ejus
994 5471 1171 5544 etiam
1197 5465 1345 5541 prior
1373 5489 1498 5542 pars
1532 5465 1702 5544 usque
1738 5475 1804 5527 ad
1842 5474 1930 5529 illa

357 5533 524 5608 verba
567 5534 718 5608 Quod
767 5537 810 5587 si
853 5533 920 5608 ad
950 5533 1340 5608 districtiorem,
1375 5533 1572 5598 'exstat
1606 5533 1661 5600 in
1701 5545 1932 5599 concilio

359 5603 672 5675 Agathensi,
705 5620 824 5658 can.
849 5605 936 5658 27.

440 5676 454 5716 ι
491 5675 590 5802 ἢδη
633 5676 903 5745 permissu.
945 5677 1236 5746 Particula,
1273 5693 1385 5750 aut,
1433 5701 1540 5740 non
1572 5687 1732 5742 estin
1768 5690 1934 5744 citato

440 5767 515 5802 .m
541 5763 612 5802 ιο.

367 5765 491 5804 (θιγ-
504 5763 612 5804 1110.

604 5844 873 5904 1³Δτιιοι..
922 5845 1082 5905 Ciil.

2035 4563 2329 4636 ἀδιαφορρας
2359 4563 2586 4636 ἀναιρεθῇ
2606 4599 2618 4620 ,
2642 4559 2696 4636 id
2717 4553 2822 4620 est,
2901 4553 3255 4636 utetnveritas
3279 4553 3577 4610 illustratur
3597 4595 3612 4619 ,

2032 4618 2086 4686 et
2106 4618 2350 4700 suspicio
2378 4618 2714 4700 negligentia:
2740 4618 2918 4700 omnis
2955 4624 3197 4700 tollatur.
3235 4642 3253 4674 ι

2106 4714 2126 4740 ο
2161 4693 2471 4753 Erubescat:
2506 4693 2562 4750 ιῖι
2591 4705 2741 4750 textu
2787 4695 3392 4770 (Ξτωεοβλεειχθήσεται,
3425 4693 3476 4750 id
3506 4707 3608 4759 εει,

2033 4771 2402 4826 convincetur.

2110 4844 2126 4878 ι
2163 4838 2480 4893 Monachum
2503 4837 2731 4890 omnino.
2757 4835 2871 4892 Hoc
2900 4838 3191 4904 capitulum
3222 4838 3274 4886 in
3305 4841 3424 4894 cod.
3450 4841 3612 4895 Vind.

2033 4911 2168 4966 falso
2194 4908 2483 4963 ascribitur
2507 4904 2565 4958 S.
2599 4905 2815 4959 Basilio.

2103 4994 2130 5021 ιι
2158 4979 2438 5035 Clericum.
2470 4975 2571 5042 Qui
2601 4977 2672 5030 sit
2697 4975 3011 5031 monachus.

2105 5061 2128 5086 τ
2159 5049 2304 5102 Loci.
2334 5046 2634 5101 Redundat.

2107 5134 2132 5162 ι
2155 5117 2480 5176 Scandalum
2500 5115 2773 5169 inducant.
2803 5115 2948 5170 Inter
2968 5116 3214 5183 abbatcs,
3239 5120 3320 5174 vel
3346 5130 3618 5175 monaste-

2034 5196 2134 5256 ria,
2167 5189 2249 5244 vel
2282 5189 2582 5260 episcopos.
2613 5184 2935 5240 Seandalum
2965 5198 3047 5242 est
3075 5190 3211 5252 rixa,
3240 5191 3322 5250 lis,
3346 5191 3608 5260 jurgium,

2035 5273 2094 5326 ut
2121 5275 2186 5316 cx
2211 5258 2562 5328 sequentibus
2591 5264 2759 5328 patet,
2769 5266 2838 5328 _et
2867 5273 3029 5328 supra
3060 5262 3217 5315 toties
3240 5258 3484 5316 notatum
3505 5270 3609 5316 est.

2107 5341 2134 5379 y
2173 5326 2477 5397 Surgentes.
2525 5327 2666 5398 Lege
2697 5343 2707 5380 :
2738 5326 3040 5397 Fugientes.

2109 5411 2129 5437 ι
2175 5399 2264 5452 γει
2314 5399 2555 5470 episcopi.
2605 5398 2741 5464 Quia
2782 5398 2964 5470 clerici
3019 5401 3108 5470 qui
3162 5401 3412 5458 monachi
3459 5412 3609 5457 erant

2035 5473 2163 5527 olim
2193 5469 2454 5544 peculiari
2492 5476 2724 5537 qquam
2763 5469 2923 5544 modo
2955 5469 3364 5544 atlfepiscopum
3399 5481 3612 5544 specta—

2040 5539 2209 5604 haut,
2241 5548 2300 5593 ut
2338 5539 2516 5608 capite
2561 5540 2806 5606 sequenti
2845 5539 3182 5608 tractabitur,
3231 5539 3287 5597 et
3337 5539 3456 5598 ideo
3501 5559 3610 5598 non

2040 5616 2177 5686 sine
2198 5611 2392 5686 litteris
2422 5610 2502 5663 sui
2551 5609 2790 5686 episcopi
2831 5611 2930 5664 hac
2957 5613 3342 5686 constitutione
3370 5616 3449 5686 eis
3489 5629 3612 5686 pcr—

2042 5683 2272 5738 mittitur
2296 5682 2531 5751 migrare
2564 5679 2616 5732 in
2651 5679 2792 5751 aliud
2819 5683 3221 5737 monasterium.
3249 5685 3400 5751 Quod
3429 5679 3608 5738 tainen

2045 5757 2114 5808 ita
2156 5750 2552 5819 intelligendum
2585 5759 2693 5815 cst,
2726 5750 2768 5804 si
2796 5755 3178 5808 monasterium
3212 5750 3336 5809 illud
3368 5755 3431 5807 ad
3467 5753 3610 5822 quod

3066 5851 3144 5910 δέ
