4014 6186
425 287 564 345 1555

606 397 634 470 §
673 397 782 453 Vll.
804 427 873 438 -—
906 399 986 454 Ex
1008 399 1229 455 Rscuu
1252 414 1518 456 cumsuam
1549 400 1689 472 (cap.
1718 399 1832 471 46).

489 491 704 560 Quanto
731 507 790 548 se
817 491 1013 548 affectu
1044 493 1131 548 vel
1162 493 1448 550 cbaritatis
1476 494 1780 550 ministerio
1805 494 1860 549 in
1887 507 2003 549 mo-

417 583 658 638 nasterio
695 583 887 637 anima:
918 583 1109 652 posita:
1137 584 1368 640 debeant
1396 585 1653 655 diligere,
1687 592 2001 639 sanctorum

417 674 638 729 Patrum
663 674 908 734 instituta
930 683 1248 730 sanxerunt.
1277 674 1384 731 Sed
1406 675 1680 744 in‘quibus
1701 674 1774 730 sit
1791 671 2002 728 actibus

415 766 500 821 vel
529 763 719 820 ofﬁciis
746 765 1246 831 demonstrandum,
1272 782 1304 820 a
1329 766 1486 821 nobis
1507 777 1532 805 ι
1556 780 1654 836 pro
1681 773 1837 836 parte
1863 762 1996 818 indi-

414 854 649 912 cundum
702 861 804 909 est.
859 853 1031 910 Habet
1081 855 1312 924 denique
1362 854 1688 909 latissimum
1735 853 1999 907 virtutum

413 946 567 1015 copia
595 945 858 999 ambitum
880 985 895 1011 ,
922 961 1028 1014 quo
1059 944 1416 1016 circumsepta
1451 943 1609 999 facile
1644 944 1857 998 hostem
1896 942 1999 997 sibi

411 1043 633 1106 superet
659 1035 1060 1090 adversantem.
1104 1031 1243 1088 Sunt
1273 1033 1477 1087 etenim
1503 1031 1758 1087 nonnulla
1786 1047 1907 1102 quae
1942 1031 1998 1085 in

411 1132 534 1179 actu
564 1123 817 1179 videntur
843 1123 1058 1192 exigua,
1086 1129 1142 1176 et
1168 1129 1348 1175 tamen
1369 1120 1455 1177 vel
1481 1121 1772 1187 custodita,
1802 1119 1887 1176 vel
1911 1135 1999 1176 ne-

409 1214 602 1285 glecta,
638 1215 666 1255 h
713 1223 806 1269 aut
843 1220 1171 1283 tepescente,
1214 1221 1309 1267 aut
1353 1210 1596 1268 fervente
1639 1213 1806 1267 animi
1847 1220 1999 1268 motu

407 1305 849 1360 demonstrantur
875 1321 888 1360 :
923 1311 982 1359 ut
1010 1311 1089 1360 est
1127 1303 1432 1358 bumiliatio
1456 1305 1670 1373 capitis,
1701 1311 1756 1358 et
1785 1319 1995 1359 sermo—

407 1413 538 1452 num
566 1395 799 1452 affabilis
822 1396 1096 1461 salutatio,
1128 1410 1248 1464 qua:
1269 1403 1364 1450 aut
1393 1394 1580 1465 rigidae
1606 1395 1806 1450 mentis
1831 1395 1914 1449 vel
1942 1395 1996 1450 in

403 1488 592 1554 corde,
623 1498 646 1527 ο
677 1496 772 1542 aut
811 1485 903 1560 [si]
941 1494 1088 1542 certe
1129 1485 1231 1556 pia:
1278 1484 1633 1556 purissimum
1669 1483 1998 1554 patefacient

405 1578 678 1634 allectum.
709 1577 1044 1634 Servandum
1073 1586 1156 1632 est
1177 1591 1308 1647 ergo
1337 1575 1554 1630 famulis
1579 1574 1664 1630 vel
1691 1574 1995 1631 famulabus

402 1667 642 1734 Christi,
671 1677 732 1723 ut
758 1682 972 1738 semper
1014 1667 1157 1722 intra
1184 1667 1382 1722 mentis
1411 1673 1611 1720 statum
1650 1679 1714 1720 ea
1750 1665 1997 1720 nutriant

404 1777 523 1830 qua:
563 1777 594 1816 a
641 1776 771 1815 vera
799 1758 1105 1816 humilitate
1143 1774 1208 1814 ac
1243 1758 1511 1815 charitatc
1553 1773 1661 1812 non
1689 1757 1988 1824 discedant,
2018 1743 2067 1802 Β

403 1852 600 1921 quibus
652 1867 864 1907 summa
911 1858 1126 1906 constat
1162 1851 1447 1905 virtutum.
1489 1848 1626 1904 Nam
1665 1849 1811 1905 sicut
1849 1863 1992 1905 nun-

401 1958 564 2013 quam
600 1943 719 1998 sine
747 1957 878 1998 vera
906 1941 1210 1996 humilitate
1244 1956 1375 1996 vera
1403 1949 1589 1996 manet
1622 1939 1881 2005 charitas,
1914 1941 1992 1996 ita

401 2047 675 2102 nunquam
701 2032 905 2103 absque
944 2051 1071 2090 vera
1101 2036 1368 2092 charitate
1396 2050 1526 2090 vera
1559 2043 1743 2090 manet
1775 2035 1994 2090 humili-

401 2133 504 2178 tas.
531 2123 870 2193 Arripiamus
894 2138 1026 2195 ergo
1050 2127 1325 2181 instruere
1357 2124 1769 2180 fundamentum
1788 2166 1803 2192 ,
1833 2133 1894 2179 ut
1920 2127 1991 2180 ad

398 2214 613 2270 culmen
650 2216 1032 2284 perveniamus
1074 2217 1356 2271 virtutum.
1407 2216 1499 2271 Sic
1527 2217 1683 2286 prius
1710 2215 1992 2273 humilitas

398 2306 752 2361 monstranda
783 2313 894 2360 tam
936 2306 992 2362 in
1037 2315 1162 2362 actu
1209 2322 1374 2378 quam
1400 2307 1455 2362 in
1504 2305 1733 2373 all‘ectu,
1766 2315 1828 2362 ut
1867 2314 1993 2378 post

397 2395 681 2452 charitatis
693 2396 845 2468 copia
859 2398 1176 2454 aedificetur.
1194 2399 1262 2453 Et
1286 2399 1503 2469 quando
1528 2399 1632 2455 sibi
1645 2398 1672 2438 ἀ
1696 2399 1988 2454 mutnatim

395 2488 452 2542 in
469 2489 572 2554 via,
595 2488 680 2544 vel
703 2489 759 2544 in
778 2502 1102 2559 quocunque
1121 2489 1240 2545 loco
1255 2490 1620 2558 occurrerint,
1636 2489 1785 2544 omni
1810 2489 1990 2544 humi-

396 2581 548 2636 litate
580 2580 650 2636 ab
687 2581 922 2637 invicem
947 2593 978 2622 ὀ
1003 2580 1282 2638 ﬂectentes
1306 2581 1742 2637 benedictionem
1770 2590 1983 2652 rogent.

395 2671 464 2726 Et
491 2671 536 2726 si
554 2687 692 2727 unus
710 2686 777 2726 ex
791 2672 871 2728 eis
892 2673 1076 2728 senior
1090 2671 1276 2738 fuerit,
1292 2671 1445 2742 prius
1459 2671 1646 2742 iunior
1658 2672 1988 2728 benedictio-

395 2776 519 2817 nem
543 2762 800 2832 postulet.
828 2763 980 2819 Tunc
1001 2763 1217 2819 demum
1244 2763 1428 2818 senior
1452 2770 1837 2834 prosequatur.
1873 2761 1894 2800 τ
1926 2762 1984 2816 ln

393 2867 555 2906 cursu
583 2868 716 2907 vero
742 2854 942 2924 positi,
972 2861 1133 2925 prout
1172 2854 1241 2910 ab
1271 2855 1466 2910 abbate
1496 2853 1698 2910 fuerint
1723 2855 1982 2921 ordinati,

392 2942 480 2998 vel
510 2945 535 2983 ε
566 2943 634 2997 ad
663 2944 930 3013 psalmum
959 2943 1291 3008 canendum,
1323 2943 1409 3000 vel
1439 2944 1508 2999 ad
1552 2942 1812 2998 lectiones
1843 2945 1984 2999 reci-

393 3039 605 3103 tandas,
633 3038 718 3094 vel
747 3038 910 3094 etiam
943 3039 1012 3094 ad
1035 3037 1548 3093 communicandum
1580 3045 1794 3102 euntes,
1824 3053 1980 3093 suum

1389 288 1779 348 CONCORDIA
1817 285 2270 344 REGULARUM.
2309 319 2379 332 -
2416 288 2568 346 CAP.
2606 289 2770 346 LXX.

2017 399 2070 460 Α
2096 399 2518 468 constituantur,
2539 408 2737 472 praeter
2757 402 2804 457 si
2831 399 3015 457 uberis
3040 402 3383 458 conversatio
3410 395 3688 474 religionis

3549 291 3692 346 ηδε

2101 492 2364 546 meruerit
2379 499 2438 546 ut
2450 492 2478 530 ιι
2495 492 2712 546 inantea
2734 498 3146 563 promoveatur:
3167 491 3253 547 vel
3273 494 3316 548 si
3340 493 3520 564 gravis
3531 495 3686 564 culpa

2101 579 2342 651 exegerit
2365 587 2425 634 ut
2448 591 2595 636 retro
2614 583 2628 622 ί
2657 581 3004 650 regradetur:
3029 580 3142 637 sive
3165 580 3361 650 aliquis
3381 596 3411 636 e
3431 581 3687 638 fratribus

2101 678 2426 738 agnoscatur
2443 671 2715 725 seniorem
2741 669 2997 726 affectare
3016 670 3213 737 locum,
3238 686 3363 726 cum
3381 673 3685 728 verecunda

2101 759 2458 829 castigatione
2482 759 2765 814 refellatur
2800 777 2812 812 :
2861 759 2987 829 quia
3015 775 3122 815 non
3151 760 3318 816 debiti
3349 761 3572 817 honoris
3608 762 3687 817 lo-

2100 863 2225 904 cum
2267 850 2644 919 praesumpsit;
2697 865 2800 906 nec
2847 851 3121 922 religionis
3162 851 3559 918 commeritum,
3590 853 3688 910 sed

2099 940 2414 995 ambitionis
2439 941 2703 996 honorem
2728 941 3029 996 indebitum
3061 950 3288 998 conatus
3310 949 3395 997 est
3418 942 3681 1013 arripere.

2097 1029 2157 1084 In
2186 1045 2443 1086 consessu
2493 1029 2745 1096 fratrum,
2784 1031 2830 1085 si
2859 1031 2996 1086 alius
3034 1033 3432 1102 supervenerit,
3466 1034 3559 1103 qui
3598 1032 3687 1104 ju-

2099 1122 2281 1177 niores
2307 1129 2433 1176 sunt
2453 1120 2645 1177 ordine
2685 1129 2996 1193 assurgant,
3024 1131 3080 1176 et
3119 1123 3318 1177 seniori
3345 1122 3522 1179 locum
3547 1138 3686 1194 pra:-

2096 1214 2280 1286 beant.
2327 1209 2583 1267 Juniores
2628 1227 2758 1268 vero
2800 1213 3105 1269 senioribus
3146 1213 3456 1269 nullatenus
3495 1228 3684 1286 super-

2094 1303 2293 1360 biendo
2339 1305 2736 1371 contradicant,
2779 1305 2874 1361 sed
2911 1320 3035 1360 cum
3077 1305 3223 1361 omni
3252 1303 3559 1362 humilitate
3599 1307 3684 1362 vel

2096 1394 2416 1466 interrogati
2443 1394 2530 1449 vel
2565 1393 2799 1464 correpti
2821 1395 3208 1464 respondeant.
3249 1393 3306 1450 Si
3337 1395 3605 1450 labentem
3628 1397 3683 1452 in

2097 1485 2376 1555 quodlibet
2408 1485 2663 1540 delictum
2682 1483 2869 1553 junior
2890 1485 3158 1540 seniorem
3185 1485 3495 1555 aspexerit,
3522 1486 3536 1536 1'
3574 1501 3682 1540 non

2094 1575 2474 1644 exprobrando
2499 1575 2568 1628 ad
2598 1573 2963 1630 conﬁtendum
2987 1573 3169 1629 abbati
3190 1572 3272 1628 vel
3294 1574 3586 1644 praeposito
3610 1574 3685 1629 di-

2095 1665 2254 1736 rigat.
2294 1664 2560 1723 Similiter
2585 1667 2770 1723 senior
2790 1665 2992 1736 juniori
3033 1665 3215 1722 faciat.
3257 1666 3340 1723 Ad
3379 1666 3680 1723 confessio-

2095 1777 2220 1816 nem
2259 1763 2482 1818 veniens
2520 1763 2672 1834 prius
2716 1770 3024 1832 prostratus
3071 1776 3235 1832 supra
3274 1762 3501 1816 humum
3527 1777 3683 1816 suam

2094 1853 2308 1924 culpam
2344 1869 2466 1910 esse
2498 1855 2642 1910 dicat
2675 1872 2688 1908 :
2723 1853 2802 1909 sic
2819 1853 3136 1923 priusquam
3163 1867 3386 1922 surgere
3403 1853 3687 1923 iubeatur,

2093 1957 2249 1998 suam
2275 1941 2673 1999 confessionem
2715 1941 3050 1997 manifestet.
3103 1941 3328 2009 Quando
3365 1943 3433 1997 ad
3463 1943 3685 2013 aliquod

2102 2046 2228 2102 tpus
2255 2031 2373 2088 fieri
2404 2031 2431 2072 ι
2461 2039 2797 2088 commeatus
2829 2038 3074 2102 rogatur,
3109 2028 3130 2070 1
3169 2032 3328 2086 venia
3357 2033 3510 2102 prius
3529 2041 3683 2102 peta-

2093 2130 2202 2188 tur,
2235 2129 2292 2176 et
2321 2121 2402 2177 sic
2427 2121 2494 2177 de
2521 2135 2687 2190 opere
2713 2119 2857 2190 quod
2883 2118 3195 2175 faciendum
3215 2129 3321 2185 est,
3345 2129 3680 2176 commeatus

2093 2223 2334 2285 rogetur.
2363 2211 2595 2280 Quando
2622 2211 2692 2267 ad
2715 2211 2967 2267 abbatem
2993 2210 3231 2277 venitur,
3263 2225 3388 2266 cum
3407 2211 3556 2266 omni
3581 2213 3682 2267 bu-

2089 2303 2323 2360 militate
2342 2303 2554 2358 veniam
2581 2301 2818 2372 petendo
2843 2301 3154 2357 accedatur.
3177 2298 3442 2357 Similiter
3463 2300 3680 2371 quando

2090 2396 2389 2468 egreditur,
2416 2410 2539 2450 cum
2560 2394 2733 2450 venire
2753 2395 3018 2464 petitione
3045 2394 3352 2453 benedictio
3381 2403 3675 2465 quaeratur.

2090 2485 2282 2542 Nullus
2309 2487 2707 2543 monachorum
2736 2501 2835 2558 per
2857 2486 3206 2556 semetipsum
3235 2485 3304 2542 de
3332 2484 3552 2556 propria
3580 2499 3677 2540 ne-

2091 2579 2344 2635 cessitate
2372 2579 2557 2634 abbati
2596 2585 2877 2649 suggerat;
2920 2579 3016 2633 sed
3053 2589 3245 2632 omnes
3280 2590 3380 2646 per
3419 2577 3679 2649 praeposi-

2094 2680 2230 2736 tum,
2260 2668 2520 2740 quidquid
2546 2667 2934 2723 necessitatum
2973 2664 3158 2732 fuerit,
3191 2665 3376 2721 abbati
3416 2665 3674 2722 studeant

2091 2763 2365 2818 intimare.
2392 2761 2452 2817 Si
2481 2759 2740 2816 sacerdos
2761 2771 2802 2800 ω
2827 2757 2914 2814 vel
2943 2758 3172 2828 quilibet
3199 2758 3483 2829 religiosus
3507 2773 3677 2814 vene-

2089 2855 2182 2920 rit,
2214 2862 2274 2909 ut
2298 2853 2379 2910 eis
2404 2867 2504 2924 per
2535 2849 2750 2906 abbatis
2777 2856 3142 2906 commeatum
3168 2849 3240 2904 sit
3257 2849 3675 2913 occurrendum,

2087 2963 2120 3001 a
2162 2947 2320 3018 longe
2367 2944 2646 3000 adstantes
2687 2955 2812 2996 cum
2868 2939 3016 2996 omni
3052 2938 3355 2995 humilitate
3397 2936 3678 2994 ﬂectentes

2088 3054 2234 3109 genu
2261 3036 2362 3093 sub
2389 3035 2571 3091 silenti
2598 3047 2734 3090 voce
2757 3042 2785 3071 ιι
2823 3031 3256 3088 benedictionem
3288 3037 3500 3102 rogent.
3532 3029 3598 3085 Et
3629 3029 3677 3084 si

392 3129 637 3183 ordinem
659 3128 997 3184 custodiant:
1025 3143 1126 3184 nec
1139 3128 1494 3183 constitutum
1517 3127 1624 3181 sibi
1639 3127 1816 3181 locum
1835 3135 1979 3182 tran-
2009 3108 2054 3171 (ἶ
2085 3108 2394 3187 ordinatum
2408 3126 2574 3182 fuerit
2593 3126 2662 3181 ab
2676 3125 2872 3180 abbate
2897 3130 2958 3178 ut
2974 3138 3097 3178 cum
3119 3122 3206 3178 his
3226 3121 3423 3191 aliquis
3444 3120 3675 3176 fratrum

394 3219 655 3286 silientes,
689 3222 745 3276 in
776 3220 1094 3276 ambitionis
1125 3219 1212 3275 vel
1239 3219 1566 3290 arrogantiae
1593 3218 1727 3274 vitio
1762 3219 1977 3274 demere

393 3316 608 3379 gantur.
644 3308 841 3366 Abbati
866 3323 996 3364 vero
1033 3308 1355 3365 studendum
1381 3316 1465 3364 est
1497 3316 1558 3362 ut
1585 3322 1683 3378 per
1710 3308 1978 3374 ordinem,

391 3401 534 3454 sicut
553 3400 801 3456 conversi
824 3400 878 3455 in
897 3385 1234 3457 monasterio
1256 3399 1482 3465 fuerint,
1508 3399 1582 3453 ita
1596 3400 1652 3453 in
1669 3415 1768 3454 suo
1787 3399 1982 3454 ordine

387 3532 574 3589 Chron
620 3553 633 3589 :
677 3553 696 3586 ‹
747 3535 880 3592 Cum
918 3536 1138 3605 quidam
1175 3533 1546 3605 Cistertiensis
1571 3531 1782 3586 ordinis
1811 3533 1981 3586 abbas

389 3615 660 3672 provectae
702 3607 902 3669 artatis,
933 3603 1084 3658 inira:
1108 3603 1478 3673 simplicitatis
1502 3617 1633 3673 cum
1661 3616 1762 3673 suo
1787 3617 1977 3656 mona-

389 3671 495 3728 cbo
537 3682 604 3744 et,
637 3671 1387 3744 conversoiproiquibqsdam
1438 3671 1679 3744 negotiis
1687 3671 1816 3744 _iter
1842 3686 1982 3744 age-

389 3753 495 3798 ret.
529 3763 548 3795 ι
583 3743 774 3798 Petrus
800 3745 864 3798 de
904 3740 1148 3797 Vallibus
1171 3740 1411 3811 Sirnay,
1441 3740 1563 3809 cap.
1595 3742 1629 3795 5
1659 3740 1800 3796 Hist.
1824 3740 1978 3795 Albi-

386 3813 662 3882 gensium.
693 3831 711 3883 ᾳ
740 3813 944 3883 Abbati
961 3813 1180 3883 triginta
1201 3827 1317 3876 sex,
1346 3825 1612 3883 converso
1636 3825 1764 3865 vero
1789 3811 1980 3880 viginti

386 3880 622 3954 quatuor
655 3882 840 3954 plagas
869 3880 1140 3954 indigens,
1173 3901 1194 3954 »ί
1220 3891 1328 3936 etc.
1357 3880 1558 3936 Omnes
1589 3889 1982 3954 tamen_mona-

387 3953 476 4006 chi
511 3951 937 4009 olim’cohversi
970 3951 1402 4024 appellabantur,
1434 3960 1496 4005 ut
1533 3962 1699 4020 supra
1731 3951 1982 4007 observa-

389 4031 501 4076 tum
538 4029 644 4075 est.

460 4103 487 4162 ξι
529 4083 638 4162 lf‘ro
667 4100 834 4161 parte.
866 4091 923 4146 ld
949 4101 1055 4158 est,
1086 4093 1266 4162 aliqua
1291 4106 1360 4147 ex
1381 4099 1553 4162 parte.

457 4160 488 4200 δ
529 4160 631 4214 Aut
659 4160 964 4232 tepescente,
995 4171 1084 4216 aut
1125 4160 1354 4232 fervente
1382 4160 1558 4232 animi
1594 4170 1740 4214 motu
1771 4161 1980 4214 demon-

387 4238 645 4284 strantur.
687 4231 860 4301 Lege:
885 4241 976 4285 aut
1004 4230 1367 4303 tepescenlem,
1390 4240 1483 4284 aut
1510 4230 1791 4300 ferventem
1815 4232 1979 4284 animi

391 4309 588 4353 malum
617 4303 999 4355 demonstrant.

462 4382 483 4408 ο
526 4373 628 4422 Aul
657 4373 702 4423 si
727 4380 883 4425 certe.
915 4371 1187 4427 Particula
1217 4374 1261 4426 si
1292 4371 1580 4427 redundat.

459 4437 487 4478 ἀ
528 4438 838 4494 Mulualim.
874 4440 930 4493 ld
956 4451 1062 4506 est,
1089 4451 1297 4497 mutuo.

465 4520 490 4548 ο
526 4507 840 4582 Flectenles.
865 4509 1021 4579 Apud
1047 4512 1403 4582 Smaragdum
1428 4511 1666 4576 additur,
1696 4527 1887 4580 genua.
1913 4511 1982 4567 Et

388 4579 443 4634 in
473 4581 718 4650 margine
747 4581 1038 4650 adnotatur
1061 4598 1182 4637 cum
1217 4579 1484 4638 asterisco
1505 4584 1564 4637 τὸ
1595 4579 1789 4650 capita.

466 4649 495 4722 f_
526 4647 798 4722 Incursu.
830 4649 900 4722 ld
929 4660 1034 4716 est,
1067 4653 1121 4706 in
1148 4667 1313 4722 opere
1340 4652 1458 4715 Dei,
1486 4652 1542 4705 in
1569 4647 1746 4706 oflicio
1768 4651 1977 4722 divino,

389 4719 443 4773 in
483 4719 646 4791 boris_
658 4720 958 4784 canonicis,
985 4738 1108 4776 nam
1132 4719 1326 4776 cursus
1346 4722 1401 4775 id
1430 4722 1721 4791 signiﬁcat.
1761 4719 1819 4775 S.
1843 4721 1979 4776 Gre-

385 4789 574 4861 gorius
605 4789 940 4845 Turonensis
981 4791 1048 4848 de
1079 4791 1260 4846 Gloria
1286 4789 1685 4855 confessorum,
1719 4806 1839 4861 cap.
1870 4793 1973 4847 57:

393 4877 412 4908 ι
460 4857 596 4911 Nam
627 4868 748 4928 post
771 4861 1044 4929 expletum
1070 4863 1123 4916 in
1145 4862 1386 4916 oratorio
1414 4876 1634 4916 cursum
1657 4857 1980 4916 elevabatur

387 4943 418 4982 a
444 4931 738 5000 praesentia
766 4929 1016 4986 fratrum.
1047 4951 1066 4984 ι
1099 4933 1166 4986 Et
1187 4932 1282 4985 lib.
1316 4948 1350 4986 χ
1376 4931 1541 4995 Hist.,
1569 4946 1690 5000 cap.
1720 4931 1814 4985 ult.
1846 4951 1866 4982 ς
1897 4933 1973 4987 De

385 4998 639 5053 cursibus
670 5001 834 5055 etiam
879 5002 1264 5058 ecclesiasticis
1301 5017 1468 5056 unum
1504 4998 1702 5056 librum
1739 5003 1904 5058 edidi.
1948 5020 1967 5052 ι

388 5066 791 5142 S._I_lonifacius
811 5072 1250 5142 archiepisc0pus
1279 5072 1642 5141 Moguntinus,
1667 5072 1825 5142 epist.
1862 5073 1926 5126 l7
1957 5090 1968 5125 :

391 5154 426 5214 ε
463 5137 776 5214 Wigbertus
827 5137 1113 5214 presbiter
1149 5137 1228 5196 ἐι
1274 5137 1654 5214 Megingordus
1685 5137 1975 5214 _'diaconus

385 5205 650 5278 Regulam
673 5205 909 5283 vestrarm
934 5205 1085 5268 vobis
1105 5205 1397 5277 insinuant",
1421 5205 1481 5266 ei
1500 5210 1762 5283 speciales
1783 5211 1969 5279 horas,

383 5284 442 5360 et
475 5295 706 5360 .cursum
750 5282 994 5338 ecclosiae
1023 5284 1348 5341 custodiant.
1382 5302 1401 5334 ‹
1456 5282 1560 5338 Sed
1591 5283 1660 5338 de
1693 5282 1776 5338 bis
1809 5298 1972 5352 supra

385 5346 561 5404 fusius
589 5362 771 5406 actum
803 5360 904 5408 est.

461 5422 486 5460 ε
524 5421 606 5474 Ad
633 5422 896 5490 psalmum
924 5423 1237 5478 canendum.
1273 5423 1350 5476 lta
1377 5422 1615 5490 loquitur
1638 5423 1779 5477 idem
1810 5423 1971 5478 Pater

385 5504 507 5558 cap.
543 5490 750 5564 l9gsuzc
773 5494 992 5564 Regula:
1023 5511 1034 5547 ε
1074 5512 1094 5545 ι
1133 5495 1199 5551 Ut
1225 5493 1417 5548 inloco
1445 5493 1635 5564 iniquo
1664 5502 1821 5547 antea
1847 5493 1968 5557 fuit,

385 5574 487 5615 nec
513 5561 780 5630 psalmum
828 5561 1042 5631 cantet,
1085 5581 1182 5621 nec
1213 5563 1378 5619 ullum
1423 5561 1667 5618 ordinem
1709 5573 1911 5620 teneat.
1945 5585 1962 5618 ι

2085 3222 2370 3292 loquatur,
2392 3234 2516 3276 cum
2542 3215 2693 3273 omni
2720 3214 3046 3280 humilitate,
3074 3221 3131 3270 et
3159 3214 3452 3278 modestia,
3485 3227 3548 3269 ac
3577 3227 3670 3268 so-

2085 3314 2318 3370 brietate
2343 3310 2674 3382 loquendum
2701 3315 2805 3375 est,
2828 3314 2891 3362 ut
2917 3308 2972 3362 in
3000 3306 3253 3362 omnibus
3269 3306 3357 3362 bis
3382 3306 3558 3361 virtus
3580 3304 3678 3360 bu-

2088 3403 2337 3458 militatis
2359 3409 2416 3455 et
2441 3399 2750 3456 sobrietatis
2780 3397 3110 3452 inveniatur.

2090 3538 2192 3594 Ubi
2221 3537 2373 3590 vides
2393 3577 2407 3600 ,
2433 3534 2694 3605 psalmum
2723 3548 2941 3605 canere,
2970 3531 3110 3585 idem
3134 3546 3264 3605 esse
3277 3533 3435 3605 quod
3460 3531 3592 3587 dicit
3615 3531 3673 3587 S.

2089 3607 2146 3661 P.
2176 3600 2502 3661 Benedictus
2527 3602 2788 3674 psalmum
2814 3604 3097 3674 imponere.
3129 3600 3236 3674 Sed
3259 3600 3326 3655 de
3347 3602 3637 3674 hisgsupra.

2161 3679 2187 3717 ιι
2223 3676 2452 3730 Inautea
2487 3670 2893 3744 promereatur.
2919 3670 2977 3725 ld
3024 3679 3129 3736 est,
3168 3672 3224 3726 in
3271 3671 3534 3740 superiori
3581 3686 3674 3726 or-

2087 3748 2214 3802 dine
2244 3744 2560 3801 collocetur.
3643 3784 3656 3794 .

2166 3819 2182 3858 ί
2227 3813 2576 3886 Regradetur.
2609 3810 2666 3866 Id
2705 3819 2810 3876 est,
2855 3811 3190 3886 degradelur.
3235 3810 3373 3886 Nam
3411 3810 3674 3882 particula

2086 3903 2140 3941 re
2170 3887 2224 3940 in
2254 3881 2648 3955 compositione
2673 3897 2818 3955 saepe
2855 3881 3107 3955 destruit,
3139 3889 3220 3955 ut,
3265 3881 3450 3955 τεῇσι),
3475 3892 3668 3951 relego,

2089 3952 2548 4034 recludo,_r'esero,
2579 3953 3036 4034 quemadmodum
3069 3952 3228 4034 vulgo
3247 3952 3450 4034 docent
3476 3966 3672 4034 gram-

2087 4025 2292 4081 matici.
2315 4025 2463 4081 Idem
2488 4022 2808 4078 vocabulum
2840 4022 3025 4077 videre
3050 4030 3135 4078 est
3165 4021 3220 4076 in
3247 4021 3452 4092 Regula
3476 4021 3535 4092 S.
3566 4022 3670 4075 Pa—

2087 4097 2310 4160 cbomii,
2363 4102 2467 4149 art.
2522 4093 2594 4148 92
2641 4109 2653 4146 :
2708 4111 2727 4142 ι
2777 4092 2845 4146 Et
2889 4093 3255 4160 regradabunt
3293 4090 3351 4145 in
3398 4090 3672 4152 ultimum.

2086 4168 2260 4223 donec
2287 4166 2612 4231 corrigatur.
2655 4181 2673 4215 ι
2726 4162 2793 4216 Ει
2822 4170 2927 4216 art.
2959 4162 3028 4218 94
3058 4181 3071 4217 ς
3111 4180 3130 4212 ι
3169 4161 3572 4231 Regradabitur
3605 4163 3671 4217 de

2087 4238 2222 4292 solio
2252 4251 2368 4298 suo,
2419 4233 2593 4291 donec
2622 4235 2944 4303 corrigatur.
2984 4233 3109 4303 [Ita
3146 4233 3342 4302 legitur
3371 4233 3426 4303 in
3464 4233 3669 4302 Regula

2088 4325 2192 4362 IIIS.
2225 4304 2592 4369 Floriaeeusi,
2635 4311 2692 4358 et
2728 4301 2790 4358 in
2821 4318 2976 4358 conc.
3011 4301 3397 4360 Vindocinensi
3425 4343 3440 4367 ,
3484 4301 3587 4358 etsi
3615 4303 3669 4356 in

2088 4377 2294 4449 Regula
2327 4374 2386 4449 Sp.
2416 4373 2692 4449 Pacliomii
2722 4389 2921 4449 excusa
2940 4373 3194 4449 degatur,
3224 4372 3585 4444 degradabunt
3616 4380 3670 4425 et

2006 4451 2060 4512 D
2085 4442 2480 4520 deg'radabitur.
2513 4442 2910 4520 Sedejusmodi
2940 4442 3200 4520 lectiones
3232 4442 3453 4520 manant
3481 4458 3511 4496 a
3538 4457 3670 4520 quo—

2088 4511 2212 4576 da'm
2239 4526 2568 4573 correctore.
2616 4511 2732 4569 Hoc
2758 4513 3018 4569 vocabulo
3055 4513 3225 4567 utitur
3248 4512 3535 4567 concilium
3560 4511 3671 4566 Au-

2087 4589 2392 4645 relianense
2422 4603 2494 4650 iv,
2523 4601 2646 4642 can.
2680 4585 2748 4639 lO
2788 4598 2802 4636 :
2848 4602 2866 4633 ι
2909 4584 2986 4638 illi
3029 4599 3158 4638 vero
3181 4583 3286 4652 qui
3325 4581 3511 4652 illicite
3539 4596 3668 4651 pro-

2090 4660 2224 4715 moti
2257 4667 2404 4721 sunt,
2432 4657 2806 4725 rcgradentur.
2841 4673 2870 4725 i_
2915 4654 3052 4709 lliuc
3099 4651 3421 4725 regradatio,
3468 4651 3522 4704 id
3567 4659 3668 4725 est,

2086 4729 2422 4799 degradatio.
2471 4721 2678 4799 Concil.
2709 4722 2893 4778 Aurel.
2921 4741 3002 4790 ιιι,
3031 4721 3241 4788 εθηξι,
3277 4740 3295 4773 ι
3329 4721 3382 4777 in
3413 4722 3668 4793 regrada-

2087 4795 2234 4855 tione
2259 4798 2550 4859 honorum,
2579 4795 3048 4864 priorumrstatuta
3071 4800 3374 4864 serventur.
3409 4811 3430 4845 ι

2162 4868 2176 4918 i
2225 4867 2349 4922 Non
2375 4861 2740 4936 exprobrando
2767 4863 2837 4936 ad
2863 4864 3234 4936 conﬁtendum.
3259 4862 3505 4936 Legc,_ut
3529 4861 3672 4936 apud

2084 4931 2468 5007 Smaragdum',
2486 4934 2611 4989 Non
2633 4931 3023 5005 exprobrando,
3044 4935 3134 4989 sed
3161 4934 3328 5002 magis
3349 4931 3576 4986 dolendo
3599 4931 3671 4984 ad

2082 5007 2458 5078 conﬁtendum.

2155 5072 2191 5119 ι’
2221 5077 2574 5132 Commeatus.
2627 5072 2686 5130 ld
2728 5083 2847 5142 est,
2896 5074 3145 5139 licentia,
3196 5081 3258 5127 ut
3293 5086 3454 5142 supra
3507 5078 3662 5127 nota-

2081 5159 2193 5204 tum
2220 5157 2322 5202 est.

2161 5217 2176 5257 ι
2235 5216 2412 5272 Venia.
2451 5215 2742 5286 Culparum
2776 5216 3041 5286 videlicet.

2158 5301 2196 5329 ω
2244 5285 2337 5342 γει
2361 5283 2576 5359 quilibet
2606 5286 2898 5356 religiosus.
2937 5283 3064 5340 Sive
3107 5285 3368 5348 clericus,
3406 5283 3519 5339 sive
3557 5301 3671 5337 mo-

2081 5359 2640 5484 naghllf’itediclionem
2705 5435 2904 5498 rogent.
2959 5424 3108 5481 Illum
3159 5425 3469 5497 religiosum
3521 5423 3669 5477 vidc-

2080 5501 2222 5556 licet.
