4014 6186
347 283 710 295 ψ*-

1344 155 1400 208 8.
1439 152 1797 209 BENEDICTI
1836 152 2129 209 ABBATIS
2166 152 2577 209 ANIANENSIS

3446 161 3592 216 1336

1618 363 1953 441 CAPUT
2033 362 2304 443 LXXI.

1445 529 1470 556 ι
1511 516 1600 572 DE
1637 515 1980 573 OSTIARIIS
2016 515 2459 573 MONASTERII.

549 676 574 746 ᾗ
601 675 641 729 1.
675 703 742 713 -
772 673 850 728 Ex
882 673 1101 728 Bsouu
1129 685 1315 726 SANC’I‘I
1347 671 1659 726 BENEDICTI.

385 769 413 808 ι)
448 766 529 820 Ad
553 774 762 834 portam
800 761 1114 818 monasterii
1152 769 1386 832 ponatur
1409 772 1430 799 ε
1463 775 1628 816 senex
1653 759 1890 830 sapiens,

312 860 405 930 qui
435 859 570 914 sciat
597 857 624 896 ά
657 855 904 926 accipere
929 866 952 894 ο
986 853 1069 908 vel
1107 853 1335 908 reddere
1361 867 1713 923 responsum;
1739 851 1896 920 cujus

313 950 597 1006 maturitas
626 962 751 1002 eum
780 961 888 1000 non
919 947 1065 1000 sinat
1109 945 1312 1015 vagari.
1347 944 1448 1012 Qui
1484 945 1758 1013 portarius
1785 945 1894 1000 cel-

314 1043 418 1095 lam
441 1042 598 1096 debet
625 1039 826 1093 habere
847 1036 1005 1106 juxta
1034 1046 1267 1106 portam,
1299 1044 1359 1090 ut
1385 1035 1661 1090 venientes
1679 1051 1898 1106 semper

313 1137 635 1199 praesentem
680 1127 977 1190 inveniant,
1024 1142 1055 1179 a
1102 1141 1208 1195 quo
1239 1140 1561 1196 responsum
1601 1127 1892 1196 accipiant.

316 1223 381 1275 Et
422 1235 550 1275 mox
594 1227 655 1273 ut
690 1217 887 1286 aliquis
915 1216 1230 1286 pulsaverit,
1259 1223 1354 1270 aut
1392 1231 1596 1286 pauper
1629 1215 1899 1271 clamave-

317 1311 436 1379 rit,f
469 1311 577 1364 Deo
603 1310 801 1381 gratias
824 1308 1202 1378 respondeat,li
1232 1317 1325 1363 aut
1346 1307 1575 1363 Benedic
1599 1325 1618 1364 :
1645 1319 1701 1364 et
1724 1309 1752 1350 ιι
1773 1324 1898 1364 cum

386 1454 411 1482 ο
451 1441 527 1494 De
555 1441 807 1495 ostiariis.
845 1438 922 1493 Ita
970 1439 1022 1493 in
1073 1447 1304 1510 utroque
1351 1441 1470 1496 cod.
1517 1440 1575 1496 8.
1625 1440 1810 1498 Germ.
1845 1451 1900 1499 et

313 1512 455 1582 apud
482 1510 877 1582 Smaragdum;
907 1518 1083 1570 recte,
1119 1511 1244 1579 quia
1273 1511 1362 1582 hic
1387 1511 1538 1581 ponit
1569 1513 1705 1567 duos
1732 1514 1901 1568 ostia-

315 1580 443 1646 rios,
473 1595 664 1650 nempe
687 1580 918 1652 alterum
947 1595 1155 1652 senem,
1180 1590 1236 1652 et
1263 1580 1493 1636 alterum
1517 1581 1796 1652 juvenem.
1827 1583 1898 1637 At

261 1679 270 1682 -
314 1654 365 1705 iu
393 1649 624 1722 vulgatis
645 1659 698 1706 et
728 1652 779 1704 in
811 1650 1015 1721 Regula
1040 1665 1069 1704 a
1093 1649 1151 1706 S.
1179 1650 1456 1709 Dunstano
1478 1649 1765 1708 emendata
1798 1654 1898 1708 ha-

315 1724 488 1782 betur,
514 1722 578 1776 de
601 1722 841 1776 ostiario.

384 1793 412 1833 δ
447 1793 528 1846 Ad
567 1804 770 1861 portam
814 1792 1138 1862 monasterii,
1191 1801 1295 1846 etc.
1352 1791 1466 1848 Hoc
1512 1800 1676 1862 caput
1719 1801 1899 1850 exstat

313 1864 478 1916 etiam
507 1860 573 1916 in
593 1860 1055 1930 Rempitulatione
1087 1861 1142 1915 8.
1176 1862 1395 1917 Caesarii
1418 1860 1772 1927 Arelatensis,
1808 1879 1898 1918 ca-

314 1933 422 2002 pite
454 1932 660 1995 ultimo,
693 1931 992 1985 masculino
1019 1946 1216 2001 genere
1236 1933 1291 1986 in
1313 1932 1634 1987 femininum
1665 1941 1892 2000 mutato,

314 2003 438 2051 nuia
469 2002 660 2051 scribit
685 2001 1206 2051 sanctimonialibus.

469 2017 660 2054 SCI‘IDII.
685 2017 1206 2054 sancumomaunus.

313 2003 439 2071 quia
469 2002 660 2056 scribit
685 2002 1206 2055 sanctimonialibus.

387 2083 408 2111 ο
452 2069 622 2126 Senem
645 2072 870 2141 sapiens.
921 2069 1080 2126 Senis
1113 2070 1336 2140 portarii
1378 2071 1642 2141 sapientia
1677 2073 1747 2129 ob
1787 2074 1893 2130 duo

313 2143 654 2212 potissimum
707 2141 1042 2212 requiritur;
1105 2142 1319 2212 primo,
1373 2150 1435 2212 ut
1481 2142 1894 2199 advenientibus

314 2209 605 2283 prudenter
629 2209 958 2283 satisfaciat;
991 2209 1244 2283 secundo,
1273 2221 1332 2264 ut
1353 2211 1590 2283 animam
1619 2229 1772 2268 suam
1801 2230 1896 2270 cu-

313 2280 531 2347 stodiat,
586 2297 652 2335 ne
685 2281 915 2352 vagandi
962 2281 1012 2335 ei
1062 2280 1283 2335 libertas
1318 2280 1594 2352 subrepat.
1642 2283 1741 2349 Qui
1784 2299 1894 2340 non

313 2354 486 2408 solum
517 2352 776 2415 moribus,
805 2351 902 2406 sed
944 2352 1110 2406 etiam
1136 2352 1305 2406 astate
1333 2351 1497 2406 senex
1535 2368 1657 2409 esse
1685 2353 1847 2408 debet
1876 2373 1890 2409 :

313 2440 440 2479 nam
472 2423 655 2479 statim
680 2421 958 2492 subjungit
987 2422 1222 2492 dandum
1253 2436 1374 2492 esse
1410 2422 1460 2477 ei
1479 2421 1750 2490 iuniorem
1778 2423 1894 2478 fra-

313 2505 453 2549 trem
499 2495 552 2548 in
583 2493 856 2557 solatium,
885 2491 976 2562 qui
1017 2491 1144 2548 licet
1167 2491 1351 2562 junior
1387 2492 1460 2548 sit
1499 2503 1680 2562 aetate,
1712 2502 1895 2550 tamen

313 2564 472 2620 debet
496 2579 617 2619 esse
647 2579 814 2618 senex
839 2563 1100 2618 moribus.

382 2635 408 2674 ἀ
451 2634 700 2706 Accipere
723 2649 1049 2706 responsum.
1079 2633 1136 2688 Id
1157 2640 1260 2706 est,
1291 2633 1576 2706 concipere
1605 2635 1894 2706 advenien-

315 2706 383 2760 tis
412 2704 766 2768 voluntatem,
797 2704 960 2774 quam
989 2706 1056 2758 ab
1084 2719 1148 2758 eo
1177 2704 1488 2774 sciscitatus
1518 2704 1702 2760 fuerit.

389 2788 411 2815 °
463 2775 552 2830 Vel
589 2773 830 2832 reddere.
858 2773 1130 2829 Particula
1169 2773 1245 2828 vel
1273 2775 1375 2830 hoc
1401 2775 1518 2829 loco
1547 2776 1780 2831 sumitur
1805 2791 1894 2832 co-

313 2847 549 2916 pulative
593 2860 607 2899 :
653 2859 782 2899 nam
826 2859 932 2898 non
977 2843 1139 2899 modo
1185 2845 1378 2898 borum
1428 2860 1594 2916 unum
1637 2855 1896 2914 praestare

311 2914 470 2971 debet
495 2916 720 2985 janitor,
760 2916 854 2970 sed
880 2922 1193 2985 utrumque,
1235 2929 1430 2984 nempe
1460 2914 1598 2969 bene
1622 2916 1891 2987 accipere,

312 2997 367 3042 et
397 2989 622 3041 reddere
652 2999 993 3054 responsum.

393 3057 410 3094 ί
448 3056 560 3111 Deo
577 3053 784 3127 gratias
817 3054 1146 3127 respondeat.
1182 3053 1292 3109 Deo
1321 3055 1521 3127 gratids
1549 3065 1633 3110 est
1672 3056 1896 3127 antiqua

316 3127 425 3181 Deo
450 3126 651 3196 gratias
678 3124 868 3196 agendi
897 3124 1148 3190 formula,
1171 3140 1276 3192 qua
1307 3124 1435 3196 Olim
1461 3125 1757 3181 Christiani
1781 3124 1896 3182 utc-

312 3193 531 3278 bantur.
557 3195 610 3248 in
637 3193 952 3278 occursibus
985 3201 1040 3250 et
1068 3195 1578 3278 congressionibus:
1593 3196 1662 3278 8.
1707 3198 1894 3278 Angit-

316 3267 490 3320 stinus
518 3265 572 3319 in
601 3264 737 3334 psal.
775 3280 960 3320 cxxxu
1001 3278 1016 3317 :
1075 3282 1094 3316 ι
1132 3264 1196 3318 Hi
1227 3267 1390 3320 etiam
1439 3266 1702 3322 insultare
1741 3264 1897 3323 nobis

314 3337 532 3407 audent,
557 3336 681 3404 quia
709 3335 904 3407 fratres
922 3375 937 3398 ,
969 3349 1092 3407 cum
1117 3335 1302 3407 vident
1332 3337 1610 3407 homines,
1638 3337 1748 3392 Deo
1771 3355 1894 3407 gra-

1926 674 1972 733 Α
2001 671 2147 724 omni
2189 673 2606 730 mansuetudine
2644 675 2857 732 timoris
2899 677 2994 733 Dei
3029 680 3220 736 reddat
3263 699 3595 755 responsum

2006 762 2021 801 ί
2062 761 2380 817 festinanter
2405 780 2529 818 cum
2561 763 2773 820 fervore
2813 768 3117 824 cbaritatis.
3150 771 3253 839 Qui
3282 779 3592 844 portarius,

1998 853 2042 909 si
2070 854 2274 925 indiget
2313 855 2536 922 solatio,
2572 856 2845 927 juniorem
2877 859 3102 916 fratrem
3133 866 3383 935 accipiat.
3417 881 3432 918 ι
3482 870 3602 926 Mo-

1997 946 2296 1000 nasterium
2333 955 2515 1002 autem
2545 947 2612 1019 (si
2643 949 2757 1004 fieri
2784 951 2984 1024 potest)
3018 953 3093 1008 ita
3119 956 3277 1012 debet
3300 963 3594 1029 constitui,

1997 1041 2057 1088 ut
2104 1035 2284 1089 omnia
2333 1039 2667 1104 necessaria,
2717 1039 2771 1094 id
2819 1049 2926 1107 est,
2983 1059 3148 1113 aqua,
3189 1046 3595 1116 molendinum,

1999 1125 2209 1190 hortus,
2239 1127 2529 1197 pistrinum
2551 1169 2566 1195 ,
2597 1129 2682 1183 vel
2711 1139 2857 1186 artes
2881 1132 3108 1190 diversae
3134 1134 3273 1190 infra
3301 1151 3592 1198 monaste-

2000 1215 2141 1269 rium
2167 1227 2546 1284 exerceantur,
2583 1220 2610 1260 ιι
2645 1228 2704 1274 ut
2743 1237 2851 1276 non
2885 1223 2956 1278 sit
2984 1229 3280 1284 necessitas
3303 1236 3598 1292 monachis

1999 1307 2227 1378 vagandi
2268 1306 2437 1377 foras,
2482 1311 2609 1382 quia
2652 1313 2875 1369 omnino
2903 1331 3010 1371 non
3041 1320 3257 1387 expedit
3297 1323 3596 1383 animabus

1998 1437 2120 1517 dem
2146 1438 2478 1517 benedictio,
2505 1452 2564 1496 ut
2581 1443 2900 1513 plurimum,
2928 1455 3010 1502 est
3039 1454 3367 1517 precatoria.

2067 1509 2098 1548 ιι
2137 1507 2269 1563 Cum
2294 1513 2436 1588 omni
2460 1507 2864 1588 mansuetudine
2876 1507 3089 1588 timoris
3109 1519 3224 1574 Dei.
3252 1522 3306 1576 Id
3330 1532 3438 1588 est,
3463 1540 3595 1580 cum

1999 1581 2415 1658 mansuetudine
2445 1599 2571 1658 qua:
2597 1584 2846 1640 timorem
2875 1587 2968 1658 Dei
2997 1598 3224 1658 spectet,
3253 1607 3359 1646 non
3389 1581 3593 1648 vanam

1998 1655 2058 1735 et
2073 1647 2307 1735 aulicam
2336 1647 2885 1735 adul.:'ntion_etn,_cu_m
2915 1647 3162 1735 Christus
3191 1647 3262 1715 sit
3288 1663 3343 1716 in
3373 1647 3595 1735 hospite

1999 1720 2396 1842 suscipiendus,
2423 1723 2540 1778 sive
2564 1724 2654 1778 ille
2677 1725 2749 1779 sit
2777 1727 2948 1790 dives,
2980 1729 3092 1782 sive
3114 1745 3335 1799 pauper.

2077 1801 2092 1829 ι
2188 1800 2470 1842 estmanter
2501 1809 2620 1842 cum
2662 1794 2860 1842 fervore
2885 1799 3177 1842 ιτΙιαι-ὶιιιιίι-
3224 1803 3335 1842 nm

2077 1794 2118 1863 in
2139 1794 2470 1846 [festinanter
2501 1809 2620 1847 cum
2659 1794 2860 1863 fervore
2885 1794 3178 1852 charitatis.
3220 1794 3368 1856 Duas
3393 1801 3454 1857 8.
3485 1802 3594 1858 Be-

1998 1858 2246 1918 nedictus
2294 1863 2522 1938 requirit
2571 1865 2626 1917 in
2659 1858 2951 1938 reddendo
2995 1883 3262 1938 responso
3307 1873 3586 1927 virtutes:

1998 1931 2489 2011 mansuetudinem,
2529 1949 2649 2002 qua:
2685 1949 2748 2011 ex
2776 1935 2969 2011 timore
2995 1931 3124 2011 Dei,
3144 1949 3200 2011 et
3228 1940 3591 2011 diligentiam,

1998 2012 2125 2081 ψῃ
2138 2014 2221 2081 ex
2241 2001 2511 2058 charitate
2534 2001 2816 2081 procedat,
2843 2007 2967 2076 quia
2995 2009 3224 2077 spiritali
3255 2001 3372 2065 virvo
3399 2001 3587 2068 omnia

1996 2071 2311 2146 spiritaliter
2338 2086 2498 2146 agere
2520 2071 2792 2128 convenit.

2069 2139 2084 2217 ξ
2135 2139 2514 2217 Monasterium
2537 2153 2769 2217 _nutem,
2803 2145 2850 2198 si
2895 2145 3012 2214 ﬁeri
3046 2157 3238 2217 potest,
3286 2157 3391 2205 etc.
3437 2152 3586 2206 Idem

1995 2208 2492 2290 habetuconcilium
2537 2208 2937 2290 Moguntinum_
2958 2208 3070 2290 sub
3111 2208 3304 2273 Carolo
3352 2221 3547 2290 Magno
3568 2264 3583 2286 ,

1995 2297 2126 2356 cap._
2144 2280 2234 2356 29,
2265 2282 2426 2350 idque
2453 2298 2522 2356 ex
2547 2280 2873 2356 auctoritate
2902 2285 3142 2356 Regula,
3172 2298 3228 2344 et
3256 2289 3393 2344 liber
3416 2280 3585 2346 vvCa;

1994 2350 2154 2431 pitul._
2195 2351 2520 2431 impp.,_tit.
2557 2353 2650 2431 _78,
2678 2354 2767 2431 u_bi
2802 2350 3207 2431 pratcipvituriut
3247 2362 3397 2415 missi
3440 2363 3584 2431 regis

1996 2421 2156 2501 simul
2180 2435 2306 2501 cum
2335 2421 3058 2501 episcopis_uniuscujusque
3093 2429 3345 2484 dimcesis
3371 2421 3584 2501 perspi-

1995 2491 2141 2571 ciant
2171 2490 2295 2571 .Ioca
2336 2490 2807 2571 monasteriorum,
2850 2490 2877 2571 ⁸ἱ
2905 2490 3049 2551 εἵίῐι
3079 2508 3204 2567 apto
3247 2510 3299 2554 et
3339 2490 3586 2571 congruo

1995 2561 2114 2640 loco
2141 2561 2250 2640 sint
2271 2562 2597 2640 posita,_ubi_
2615 2567 2959 2640 commodum
2987 2582 3050 2620 ac
3075 2561 3588 2640 necessa‘riumvpos-

1995 2633 2067 2687 sit
2090 2632 2318 2706 acquiri,
2347 2633 2491 2706 quod
2531 2635 2600 2688 ad
2636 2635 2923 2706 utilitatem
2961 2641 3197 2706 pert'net
3227 2632 3588 2697 monasterio-

1995 2717 2140 2765 rum,
2182 2703 2407 2776 sicut_in
2455 2705 2891 2776 sanctaARegula
2929 2703 3147 2762 dicitur.
3193 2709 3585 2766 Monasterium

1995 2781 2180 2828 autem
2209 2773 2284 2827 ita
2314 2773 2476 2829 debet
2502 2773 2794 2840 constitui;
2815 2786 2873 2830 ut
2899 2777 3078 2831 omnia
3113 2781 3417 2834 necessaria
3442 2781 3586 2835 infra

1993 2843 2383 2899 monasterium
2411 2855 2769 2900 exerceantur
2793 2865 2805 2899 :
2835 2855 2895 2901 ut
2914 2863 3018 2901 non
3049 2849 3120 2902 sit
3153 2851 3453 2905 necessitas
3478 2868 3586 2904 mo-

1995 2915 2189 2989 nachis
2213 2913 2298 2968 vel
2327 2913 2542 2970 clericis
2581 2917 2832 2989 vagandi
2864 2917 3030 2980 foras,
3066 2920 3190 2985 quia
3223 2937 3328 2974 non
3367 2923 3588 2989 expedit

1995 2986 2277 3039 animabus
2312 3000 2518 3040 eorum.
2558 3005 2576 3038 ι
2626 2986 2726 3042 Ubi
2769 2988 2951 3043 addita
2991 2999 3118 3044 sunt
3145 2990 3234 3043 illa
3263 2986 3466 3054 verba,
3509 2991 3588 3046 vel

1996 3055 2224 3125 clericis,
2251 3061 2472 3125 propter
2499 3057 2811 3112 canonicos.

2068 3126 2117 3201 κ-
2137 3123 2202 3178 Ut
2231 3141 2332 3178 non
2348 3123 2417 3201 sit
2439 3127 2715 3201 necessitas
2737 3128 3007 3201 monachis
3027 3130 3255 3201 vagandi
3275 3130 3578 3201 foras,_etc.

1996 3193 2212 3264 Optima
2248 3195 2580 3259 constitutio,
2613 3204 2669 3251 et
2699 3193 3384 3254 monachorum'mentibus
3413 3199 3584 3255 altius

1997 3265 2304 3339 deligenda,
2337 3265 2513 3339 sieos
2542 3268 2668 3339 vitae
2705 3268 2961 3336 perfecta:
2991 3285 3186 3325 sensus
3208 3271 3404 3339 aliquis
3436 3280 3589 3326 tenet

1999 3337 2347 3411 stimulatque
2370 3337 2718 3411 desiderium.
2747 3339 2802 3392 In
2830 3341 3030 3411 mundo
3049 3341 3193 3394 enim
3221 3337 3363 3411 alget
3387 3343 3582 3410 pietas,

314 3403 661 3479 tias_dicunt.
705 3405 969 3479 Quidest,
1005 3406 1290 3479 inquiunt,
1320 3405 1426 3460 Deo
1461 3409 1707 3479 gratias?
1749 3403 1897 3464 Itane
1924 3403 1967 3464 C
2001 3413 2179 3474 torpet
2199 3403 2451 3479 Adevotio.
2497 3407 2678 3461 Mundi
2724 3409 2981 3478 pestilens
3023 3425 3119 3464 aer
3143 3419 3244 3473 est,
3276 3403 3401 3479 qui
3422 3412 3587 3465 citius

315 3476 513 3532 surdus
534 3492 610 3538 es,
635 3485 694 3529 ut
719 3475 932 3530 nescias
967 3476 1094 3546 quid
1125 3476 1198 3531 sit
1229 3475 1334 3530 Deo
1373 3475 1609 3546 gratias?
1635 3479 1738 3545 Qui
1768 3479 1899 3534 dicit

315 3547 666 3617 Deoigratias,
699 3547 905 3617 gratias
934 3547 1045 3617 agit
1071 3545 1200 3602 Deo.
1229 3545 1438 3617 Vide’si
1467 3563 1574 3601 non
1602 3548 1761 3604 debet
1789 3547 1899 3604 fra-

317 3627 399 3686 ter
424 3616 536 3671 Deo
560 3616 766 3686 gratias
799 3616 989 3685 agere,
1022 3617 1237 3685 quando
1271 3616 1418 3671 videt
1461 3617 1686 3672 fratrem
1715 3634 1894 3674 suum.

317 3685 452 3740 Num
479 3685 624 3757 enim
650 3701 756 3741 non
780 3695 864 3741 est
889 3687 1036 3757 locus
1060 3686 1454 3757 gratulationis,
1487 3689 1702 3757 quando
1731 3705 1790 3744 se
1817 3690 1898 3742 in-

318 3757 487 3810 vicem
517 3755 724 3827 vident,
747 3757 838 3825 qui
862 3755 1109 3827 habitant
1136 3757 1189 3810 in
1217 3756 1468 3812 Christo?
1503 3755 1521 3810 ἱ
1553 3755 1781 3827 Optatus
1801 3759 1898 3813 Mi-

315 3827 612 3888 levitanus,
646 3824 739 3882 lib.
771 3824 810 3882 tt
850 3835 1036 3883 contra
1069 3826 1485 3881 Parmenianum
1513 3845 1526 3881 :
1565 3824 1770 3884 (Tunc
1807 3828 1898 3882 Se-

314 3897 523 3950 cundus
573 3897 729 3962 dixit,
782 3895 978 3952 Sedete
1021 3912 1230 3952 omnes.
1276 3897 1428 3952 Tunc
1475 3897 1680 3954 dictum
1705 3907 1792 3954 est
1829 3899 1898 3954 ab

310 3969 562 4022 omnibus
591 3985 604 4020 :
636 3967 744 4038 Deo
769 3969 986 4038 gratias.
1019 3975 1074 4038 et
1099 3969 1373 4022 sederunt.
1408 3985 1426 4018 ι

386 4040 411 4078 ⁸
450 4037 554 4091 Aut
577 4037 808 4091 benedici.
858 4037 935 4091 Ita
966 4038 1018 4091 in
1043 4037 1343 4092 Concordia
1369 4053 1470 4093 ms.
1511 4037 1893 4095 Vindocinensi

309 4117 365 4194 et
392 4108 451 4194 in
478 4106 598 4194 eod.
634 4105 692 4161 S.
719 4107 904 4194 perm.
940 4123 1048 4194 mn.
1075 4107 1247 4194 Vulgo
1267 4116 1458 4194 tamen
1495 4107 1713 4194 legitur,
1739 4110 1891 4194 bene:

309 4180 474 4243 dicat,
505 4185 566 4251 ut
597 4177 737 4246 apud
763 4177 1283 4251 Smaragdum.‘Sed
1312 4177 1730 4251 textusitegulae
1752 4180 1894 4250 apud

308 4263 432 4302 eum
474 4247 694 4319 vitiatus
734 4255 846 4319 est,
894 4256 949 4302 et
979 4247 1382 4319 legendumest
1427 4265 1440 4302 :
1491 4247 1738 4312 Ben'edic,
1785 4247 1892 4304 non

307 4318 595 4372 benedicat.
618 4317 772 4388 Quod
799 4318 957 4388 plane
979 4316 1219 4388 indicant
1246 4316 1362 4386 ejus
1388 4319 1646 4374 adnotata
1669 4322 1723 4374 in
1750 4320 1893 4376 hunc

308 4389 488 4460 locum
518 4407 530 4443 :
571 4407 590 4439 ‹
627 4387 916 4460 Eleganter
943 4387 1033 4444 hic
1060 4387 1195 4443 duas
1221 4387 1552 4443 venientium
1578 4391 1894 4460 beatusgpo—

305 4461 415 4540 suit
459 4459 785 4542 Benedictns
823 4473 1139 4542 personas,
1188 4475 1352 4542 tinam
1388 4459 1623 4530 potentis
1653 4477 1666 4518 :
1700 4459 1813 4542 qni
1844 4461 1890 4542 _si

302 4529 516 4598 ianuam
541 4529 856 4585 monasterii
882 4530 1147 4584 invenerit
1173 4529 1432 4594 clausam,
1462 4545 1624 4584 manu
1646 4529 1730 4586 vel
1750 4529 1891 4585 fuste

303 4601 482 4669 pulsat
501 4616 621 4654 eam
650 4618 663 4653 :
689 4600 850 4653 aliam
877 4615 1006 4654 vero
1035 4601 1288 4670 pauperis
1313 4600 1618 4670 posuit,qui
1643 4616 1747 4654 non
1771 4600 1891 4669 pul-

301 4679 404 4732 sat,
422 4671 514 4726 sed
529 4678 738 4725 tantum
763 4669 1118 4724 humiliterad
1140 4669 1355 4735 ianuam
1375 4672 1594 4725 clamat.
1616 4670 1816 4737 Quibus
1836 4679 1889 4726 et

300 4742 434 4795 satis
448 4749 570 4811 apta
587 4757 616 4794 a
639 4741 878 4811 portario
897 4741 1264 4808 respondendo
1279 4743 1580 4810 composuit
1602 4757 1890 4811 responsa:
1923 4747 1973 4808 1)
2001 4739 2222 4793 diffundi
2247 4740 2430 4808 jussit,

299 4812 549 4867 videlicet
565 4819 624 4866 ut
640 4826 771 4866 vocc
786 4811 1036 4882 pauperis
1056 4812 1261 4876 audita,
1280 4811 1389 4882 Deo
1409 4825 1519 4881 gra'
1534 4813 1612 4867 ias
1633 4820 1786 4882 agat:
1804 4827 1894 4880 po-

300 4883 433 4936 tenti
469 4896 599 4937 vero
619 4880 911 4937 occurrens
932 4880 1147 4935 obviam
1181 4880 1453 4936 humiliter
1479 4884 1545 4936 ab
1569 4897 1635 4936 eo
1672 4880 1893 4936 benedi-

298 4953 533 5006 ctionem
561 4961 728 5022 petat.
769 4972 786 5004 ι
833 4951 888 5006 Si
915 4967 1044 5021 ergo
1065 4952 1218 5022 juxta
1249 4951 1605 5022 Smaragdum
1621 4950 1828 5019 jauitor
1859 4969 1887 5006 a

300 5024 464 5078 divite
481 5021 909 5078 benedictionem
934 5031 1116 5086 petere
1139 5021 1316 5086 debet,
1335 5021 1701 5076 necessarium
1718 5030 1800 5076 est
1821 5022 1890 5076 le-

298 5095 440 5166 gisse
464 5093 820 5166 Smaragdum
849 5095 905 5166 cf}
928 5091 1159 5166 benedic,
1183 5107 1287 5166 non
1310 5091 1678 5166 ribenedicat.
1705 5093 1890 5166 Itaque

300 5163 584 5233 legendum
599 5163 704 5228 est,
720 5163 949 5217 benedic.
975 5163 1049 5216 Ita
1072 5173 1128 5218 ut
1141 5163 1346 5233 jauitor
1369 5163 1795 5233 benedictionem
1825 5163 1892 5218 ab

301 5232 514 5302 hospite
530 5243 712 5304 petere
732 5234 926 5288 debeat
947 5248 961 5287 :
986 5234 1108 5304 quia
1132 5232 1381 5288 monachi
1395 5233 1694 5288 humilitati
1717 5235 1890 5304 magis

299 5303 720 5359 consentaneum
748 5313 827 5359 est
851 5313 1035 5374 petere
1066 5303 1513 5367 benedictionem,
1540 5320 1700 5374 quam
1725 5303 1890 5359 bene-

301 5374 500 5446 dicere,
524 5375 801 5446 magisque
827 5373 892 5429 ad
923 5373 980 5428 S.
1006 5373 1064 5427 Ρ.
1091 5375 1365 5446 Benedicti
1394 5373 1627 5446 mentem
1655 5375 1884 5441 accedit,

303 5445 395 5566 diti
418 5458 543 5524 .cap.
577 5445 645 5499 53
675 5445 787 5499 vult
814 5455 872 5500 ut
907 5445 1156 5499 monachi
1191 5445 1259 5500 ab
1297 5445 1509 5528 hospite
1534 5446 1694 5528 obvio
1720 5446 1885 5526 bene-

303 5523 594 5566 ttcttonem
634 5524 836 5566 notant.
873 5531 995 5566 cum
1026 5516 1231 5566 nullum
1272 5515 1374 5566 hac
1401 5532 1454 5566 m
1498 5532 1556 5566 re
1594 5517 1882 5566 discrimen

303 5513 594 5584 dictionem
634 5524 836 5584 petant,
873 5531 995 5569 cum
1026 5516 1231 5570 nullum
1272 5513 1454 5571 hacin
1498 5532 1556 5571 re
1594 5517 1883 5572 discrimen

306 5585 452 5642 inter
496 5581 794 5658 ingressum
833 5595 885 5642 et
915 5601 1200 5643 occursum
1240 5587 1558 5644 intercedat.
1599 5586 1727 5655 Quae
1763 5586 1882 5658 qui-
1937 5664 1941 5666 _

2002 3476 2298 3548 monachos
2325 3492 2419 3548 sua
2457 3476 2776 3548 contagione
2817 3479 3074 3535 funestat.
3109 3476 3334 3536 Mundus
3375 3483 3588 3536 retibus

1999 3556 2056 3600 et
2080 3546 2249 3618 plagis
2275 3547 2558 3608 redundat,
2582 3546 2703 3616 qua:
2719 3551 2918 3618 gtatim
2949 3552 3272 3604 monachum
3301 3551 3586 3605 involvunt

1999 3624 2057 3671 et
2091 3617 2372 3694 _irretiunt.
2417 3619 2477 3672 οἱ
2535 3617 2748 3694 βρόχοι.
2799 3623 2883 3674 καὶ
2927 3620 3144 3694 trav/ide;
3182 3630 3285 3680 τοῖς
3325 3623 3586 3694 ὲξξλονᾳιν

1999 3690 2221 3746 σωθῆναι
2241 3689 2294 3744 αἱ
2319 3694 2418 3743 τῶν
2462 3689 2709 3762 nepotali!
2747 3689 3056 3762 συντνχίᾳὶ,
3085 3691 3139 3744 id
3165 3700 3267 3762 est,
3302 3708 3320 3740 t
3358 3691 3587 3762 Munda-

1999 3773 2192 3829 norum
2231 3757 2562 3829 congressus
2591 3767 2647 3813 et
2681 3757 3142 3828 frequentationes
3168 3760 3252 3815 bis
3281 3763 3371 3829 qui
3395 3760 3587 3815 volunt

1999 3827 2196 3898 salvari
2230 3827 2404 3895 laquei
2435 3837 2581 3891 suut,
2619 3848 2636 3880 ι
2685 3827 2858 3898 inquit
2897 3829 2956 3884 S.
2997 3827 3313 3884 Antiochus
3336 3831 3486 3885 bom.
3528 3830 3585 3883 5.

1997 3897 2073 3970 Ita
2095 3897 2382 3970 _sentie_bat
2407 3897 2531 3970 olim
2562 3897 2931 3970 S.ANon’nosus
2952 3901 3276 3970 praepositus
3311 3910 3591 3955 monaste.

1997 3966 2064 4020 rii
2089 3966 2328 4022 Soractis
2355 3969 2574 4022 montis.
2617 3967 2751 4023 Cum
2773 3971 2918 4023 enim
2946 3966 3002 4024 in
3022 3966 3089 4025 eo
3116 3971 3445 4025 monasterio
3478 3970 3586 4026 olei

1996 4038 2218 4105 penuria
2260 4046 2423 4102 esset,
2459 4037 2572 4107 jam
2604 4039 2778 4107 parati
2822 4049 2978 4094 erant
3018 4041 3267 4094 monachi
3301 4055 3400 4108 per
3433 4041 3586 4095 vicos

1995 4115 2050 4160 et
2075 4108 2267 4178 oppida
2291 4107 2469 4162 oleum
2491 4124 2738 4178 qumrere
2769 4126 2782 4163 :
2821 4111 2872 4162 id
2893 4125 3001 4164 non
3024 4110 3145 4163 tulit
3179 4109 3237 4164 8.
3263 4107 3583 4175 Nonnosns;

1995 4177 2088 4232 sed
2113 4177 2304 4248 magna
2332 4179 2654 4243 humilitate,
2681 4188 2740 4234 ut
2771 4180 2940 4234 abbas
2958 4179 3114 4248 jussa
3137 4189 3437 4243 revocaret,
3465 4181 3588 4235 effc-

1995 4247 2070 4302 cit
2097 4265 2108 4300 :
2137 4246 2226 4302 ne’
2244 4246 2440 4303 fratres
2463 4250 2793 4304 monasterio
2822 4246 3102 4314 exeuntes,
3145 4252 3268 4305 dum
3291 4251 3396 4305 olei
3434 4251 3586 4305 lucra

1992 4327 2319 4390 quaererent,
2343 4319 2641 4390 animarum
2657 4320 2851 4374 damna
2875 4329 3210 4389 paterentur.
3240 4321 3426 4390 Itaque
3443 4337 3583 4389 pau-

1993 4403 2087 4442 cas
2110 4388 2300 4458 olivas,
2333 4403 2451 4458 quae
2477 4388 2530 4444 in
2560 4390 2842 4444 arboribus
2869 4388 3265 4454 remanserant,
3292 4388 3349 4444 in
3369 4388 3578 4457 prelum

1993 4459 2135 4530 mitti
2179 4457 2360 4530 jussit,
2394 4468 2448 4530 et
2487 4467 2751 4530 quantum
2799 4459 2902 4514 olei
2941 4461 3174 4530 exprimi
3220 4467 3426 4529 posset,
3475 4461 3578 4514 sibi

1992 4528 2215 4600 deferri.
2258 4527 2353 4584 llis
2393 4529 2467 4582 ita
2506 4527 2796 4599 perfectis,
2824 4527 3102 4584 vasculum
3132 4527 3255 4585 oleo
3297 4530 3580 4600 impletum

1993 4607 2118 4652 ante
2145 4598 2315 4653 altare
2341 4598 2540 4670 posuit,
2565 4608 2620 4654 et
2647 4600 2883 4654 dimissis
2914 4601 3133 4654 arbitris
3161 4601 3339 4654 oravit
3362 4598 3390 4664 ς’
3409 4609 3464 4652 et
3496 4615 3582 4669 po-

1991 4677 2104 4722 stea
2127 4685 2191 4724 ex
2219 4671 2320 4722 hoc
2343 4669 2462 4725 oleo
2483 4685 2774 4739 parumper
2805 4671 2857 4723 in
2888 4671 3069 4724 omnia
3100 4686 3230 4725 vasa
3263 4671 3582 4724 monasterii

2503 4756 2582 4794 nte
2605 4741 2860 4795 continuo
2895 4740 3073 4794 claudi
3097 4739 3269 4807 jussa,
3300 4740 3469 4794 altera
3498 4741 3581 4794 die

1999 4817 2185 4879 aperta
2225 4809 2601 4880 omniagplena
2645 4819 2856 4879 reperta
2888 4819 3032 4873 sunt,
3067 4820 3126 4863 ut
3155 4809 3320 4865 refert
3357 4810 3415 4864 S.
3449 4810 3582 4864 Gre-

1998 4881 2183 4948 gorius
2225 4879 2318 4934 lib.
2364 4896 2379 4934 l
2419 4879 2577 4943 Dial.,
2608 4896 2727 4949 cap.
2762 4881 2812 4933 7.
2854 4881 3017 4950 quue
3045 4881 3173 4934 olim
3203 4881 3372 4935 sacris
3400 4881 3581 4934 huma-

1998 4951 2191 5020 nisque
2235 4951 2438 5020 legibus
2477 4962 2693 5007 cautum
2730 4950 2848 5015 fuit,
2884 4967 2951 5005 ne
2991 4952 3238 5006 monachi
3284 4951 3446 5004 urbes
3490 4961 3580 5004 aut

1997 5035 2168 5088 pagos
2205 5021 2640 5084 obambularent,
2691 5021 2786 5076 sed
2821 5030 2880 5075 ut
2912 5022 2966 5074 in
3010 5021 3357 5076 monasteriis
3396 5036 3580 5074 mane-

1999 5101 2120 5146 rent
2158 5092 2372 5152 inclusi,
2407 5100 2466 5146 ut
2491 5093 2722 5160 habetur
2752 5107 2872 5145 can.
2895 5090 2927 5143 ι
2961 5092 3150 5160 synodi
3176 5091 3580 5145 Chalcedonen-

1997 5162 2093 5233 sis,
2124 5173 2177 5217 et
2205 5160 2429 5233 cant“
2459 5161 2644 5233 synodi
2682 5159 3006 5225 Trullcnsis,
3038 5170 3092 5215 et
3133 5161 3267 5216 Cozl.
3302 5162 3338 5213 l.
3382 5159 3477 5233 29,
3514 5160 3580 5213 de

1999 5231 2176 5305 Episc.
2210 5241 2266 5286 et
2293 5231 2463 5298 Cler.,
2489 5231 2614 5305 'ctc.
2639 5250 2651 5284 :
2681 5234 2739 5286 Oi
2782 5234 2827 5285 ἓν
2846 5239 2955 5305 τοῖς
2990 5236 3348 5305 μιιναστηρίοις
3383 5231 3577 5305 dim-pi-

1997 5304 2166 5385 βρντες
2193 5305 2568 5385 μήἠὶχιὲςτωσαν
2598 5303 2828 5384 ἕξουσξᾳν
2856 5304 3037 5385 ξξίιναιι
3063 5309 3162 5356 τῶν
3201 5303 3573 5382 ροναστηθὲὼν,

1994 5373 2047 5427 id
2076 5373 2235 5440 est,’t
2267 5373 2367 5441 Qui
2394 5375 2446 5428 in
2470 5374 2818 5427 monasteriis
2841 5374 3062 5441 degunt,
3093 5381 3418 5440 potestatem
3436 5373 3577 5424 'iuttc

1992 5446 2223 5499 exeundi
2249 5461 2352 5498 non
2378 5445 2642 5508 habeant;
2667 5443 2749 5497 vel
2779 5445 2830 5497 in
2855 5443 3077 5496 civitate
3092 5442 3467 5503 Antiochensi,
3486 5456 3577 5494 seu

1992 5513 2046 5568 in
2069 5515 2189 5570 aliis
2211 5515 2539 5585 quibuslibet
2563 5515 2874 5570 civitatibus
2889 5583 2894 5585 _
2910 5513 3263 5585 conversandi
3283 5512 3581 5585 .hexceptis

1989 5580 2247 5643 duntaxat
2264 5585 2326 5640 iis
2341 5587 2430 5658 qui
2450 5583 3076 5656 vocanturapocrisiarii,
3092 5583 3288 5655 quibus
3302 5580 3576 5637 licentiam
