4014 6186
291 244 317 298 1
328 243 424 300 337

1276 240 1667 298 CONCORDIA
1709 237 2164 296 REGULARUM.
2205 269 2276 279 —
2313 237 2465 294 CAP.
2509 239 2694 295 LXXI.

3411 241 3548 298 i338

285 367 498 410 eorum.
540 351 692 408 Hanc
720 358 900 405 autem
952 349 1213 420 Regulam
1256 352 1454 420 sapius
1478 351 1728 406 volumus
1773 351 1856 404 in-
1888 353 1939 413 Α
1967 351 2216 405 nuntient
2254 351 2456 406 abbati.
2488 350 2622 406 Nam
2652 360 2708 408 et
2741 353 2844 408 hoc
2876 353 3163 409 observare
3204 354 3400 410 debent
3447 357 3552 426 ipsi

284 445 706 518 congregatione
725 443 829 512 legi
848 482 864 508 ,
893 457 960 498 ne
987 444 1109 512 quis
1138 439 1366 497 fratrum
1389 457 1447 498 se
1469 442 1535 498 de
1560 442 1863 514 ignorantia

283 547 520 596 CXCUSCI

622 653 650 726 ᾗ
675 652 737 707 11.
771 682 834 693 —
861 651 940 706 Ex
969 651 1190 707 Renum
1213 650 1525 706 ORIENTALI.

358 780 381 807 ο
413 765 639 832 Quando
665 764 734 818 ad
761 763 958 817 ostium
992 762 1301 817 monasterii
1326 761 1489 830 aliqui
1519 761 1780 822 venerint,
1823 759 1869 813 si

286 859 470 914 clerici
496 855 696 911 fuerint
719 862 809 908 aut
831 855 1101 918 monachi,
1133 853 1324 921 majori
1349 854 1552 908 honore
1582 852 1872 920 suscipian-

288 960 378 1004 tur
403 968 415 1002 :
444 948 805 1014 lavabuntque
831 945 995 1014 pedes
1018 959 1224 1005 eorum,
1256 943 1409 1011 juxta
1437 942 1711 1012 Evangelii
1738 957 1875 1010 pra:-

286 1049 528 1110 ceptum,
559 1045 612 1092 et
637 1037 950 1108 prmbebunt
985 1036 1066 1089 eis
1090 1036 1270 1088 omnia
1299 1051 1418 1104 quze
1449 1043 1572 1104 apta
1601 1042 1725 1090 sunt
1750 1033 1873 1104 usui

288 1132 698 1187 monachorum.
730 1129 758 1168 δ
793 1126 849 1182 Si
876 1127 996 1196 quis
1042 1129 1107 1182 ad
1145 1128 1345 1182 ostium
1374 1128 1687 1183 monasterii
1713 1141 1876 1182 vene—

289 1227 361 1279 rit
381 1222 569 1276 dicens
596 1220 732 1274 velle
775 1233 832 1274 se
873 1217 1057 1272 videre
1092 1217 1314 1272 fratrem
1361 1233 1515 1272 suum
1545 1218 1629 1272 vel
1655 1217 1876 1286 propin-

289 1330 490 1386 quum,
536 1313 739 1384 jauitor
776 1311 1043 1366 nuntiabit
1093 1310 1275 1364 abbati
1322 1328 1334 1362 :
1386 1317 1440 1364 et
1493 1309 1872 1379 permittente,

292 1419 316 1446 ε
346 1421 471 1461 eum
500 1403 730 1473 accipiet
764 1402 1040 1465 comitem,
1067 1399 1220 1468 cujus
1250 1399 1383 1454 ﬁdes
1409 1401 1632 1470 probata
1670 1407 1789 1465 est;
1823 1406 1879 1454 et

291 1497 373 1552 sic
420 1495 659 1549 mittetur
701 1492 768 1546 ad
815 1490 1038 1545 fratrem
1086 1477 1371 1543 videndum
1413 1489 1497 1544 vel
1545 1490 1872 1559 proximum.

291 1585 318 1625 ἀ
349 1587 406 1641 Si
436 1585 770 1654 propinquus
793 1581 1018 1650 alicujus
1042 1590 1287 1634 mortuus
1311 1579 1491 1647 fuerit,
1519 1580 1878 1650 prosequendi

295 1677 456 1730 funus
483 1690 588 1729 non
634 1672 852 1743 habebit
896 1671 1191 1736 licentiam,
1235 1671 1335 1724 nisi
1376 1670 1536 1725 Pater
1565 1670 1878 1724 monasterii

294 1765 632 1836 praeceperit.
665 1775 688 1804 ο
719 1761 904 1816 Nullus
935 1761 1002 1816 de
1046 1761 1205 1816 horto
1248 1761 1398 1816 tollat
1443 1760 1611 1827 olera,
1661 1759 1764 1814 nisi
1810 1759 1878 1812 ab

295 1855 583 1910 hortulano
613 1853 902 1922 acceperit.

466 1963 602 2034 §lll.
639 1993 710 2002 —
734 1963 812 2015 Ex
849 1960 1072 2017 Renum
1111 1961 1376 2016 Macrsrnr
1417 1959 1555 2032 (cap.
1598 1960 1706 2031 95).

375 2075 395 2113 ί
431 2075 648 2128 Duobus
673 2072 935 2127 fratribus
978 2073 1003 2112 ⁸
1033 2079 1192 2126 aetate
1238 2072 1530 2140 decrepitis
1567 2070 1702 2126 cella
1741 2073 1880 2124 intra

299 2167 327 2208 ιι
358 2165 536 2235 regias
591 2163 905 2218 monasterii
949 2177 1116 2233 pr0pe
1153 2163 1514 2217 constituatur
1541 2179 1555 2215 :
1581 2161 1674 2230 qui
1713 2161 1880 2230 depu-

305 2259 400 2312 tati
451 2257 524 2311 ibi
570 2264 626 2310 et
673 2253 929 2310 claudant
960 2252 1348 2308 monasterium
1389 2252 1535 2307 omni
1587 2253 1720 2305 hora
1761 2259 1884 2320 post

303 2355 601 2412 exeuntes,
652 2343 898 2413 aperiant
938 2341 1394 2411 ingredientibus,
1437 2349 1492 2396 et
1539 2340 1884 2394 advenientes

306 2523 499 2575 damus
511 2519 814 2573 volentibus
830 2518 901 2572 ad
930 2517 1044 2572 sola
1070 2531 1330 2586 responsa
1345 2515 1651 2572 necessaria
1666 2515 1831 2586 exire.
1861 2536 1878 2568 ι

304 2590 539 2645 Consule
569 2589 813 2643 Photium
837 2589 891 2641 in
921 2585 1301 2642 Nomoeauone
1332 2588 1414 2656 tit.
1440 2602 1501 2650 ιι,
1533 2585 1883 2656 cap.4.ldem

293 2663 564 2714 ‘statuitur
600 2657 731 2713 Cod.
774 2657 978 2711 Theod.
1012 2657 1047 2709 l.
1084 2657 1106 2710 1
1142 2664 1194 2709 et
1227 2656 1281 2720 2,
1323 2655 1397 2710 De
1432 2655 1702 2709 monachis
1726 2696 1740 2720 ,
1779 2656 1884 2710 nisi

305 2730 447 2785 forte
468 2731 541 2806 de
559 2726 868 2806 judiciariis
903 2725 1116 2806 injuriis
1143 2735 1352 2806 agatur.
1388 2725 1498 2806 Nec
1523 2741 1581 2779 se
1608 2726 1884 2806 itainclu-

307 2816 429 2856 sum
451 2796 630 2852 doleat
659 2797 977 2852 monachus.
1003 2796 1135 2850 Nam
1164 2796 1211 2849 si
1240 2796 1318 2850 vel
1350 2796 1578 2850 minimo
1609 2796 1886 2865 religionis

307 2885 494 2926 amore
521 2876 750 2930 tenetur,
781 2881 838 2920 se
880 2867 995 2935 ipsa
1039 2866 1335 2920 inclusione
1366 2866 1419 2918 in
1451 2864 1760 2935 libertatem
1800 2880 1886 2918 as-

307 2952 513 2996 sertum
535 2934 928 3008 ptitabit.ivera
952 2937 1137 3008 utique
1161 2935 1383 3008 libertas
1409 2943 1492 3008 est
1515 2934 1674 3002 hujus
1697 2935 1884 3008 mundi

308 3002 554 3066 carcere'
573 3007 809 3063 liberari.
844 3002 998 3061 Veris
1037 3002 1318 3060 monachis
1359 3005 1509 3059 cellae
1550 3005 1884 3058 amatoribus

311 3082 365 3136 id
394 3079 574 3133 dicam
599 3079 742 3146 quod
773 3075 901 3130 olim
928 3075 1290 3130 Tertullianus
1321 3075 1526 3146 sanctis
1555 3073 1884 3146 martyribus

311 3151 368 3204 in
394 3144 837 3203 carcere'vinctis
867 3146 1140 3200 scribebat
1181 3163 1193 3196 :
1239 3163 1258 3194 ι
1295 3144 1402 3198 Nec
1432 3161 1528 3199 vos
1553 3147 1657 3199 hoc
1685 3144 1889 3200 Contri-

313 3227 420 3274 stet
440 3219 580 3286 quod
609 3217 874 3286 segregati
907 3215 1040 3270 estis
1067 3215 1133 3270 de
1166 3215 1383 3269 mundo.
1417 3213 1474 3269 Si
1505 3216 1648 3269 enim
1685 3215 1890 3283 recogi-

314 3288 610 3344 taverimus
657 3285 830 3354 ipsum
889 3285 1068 3356 magis
1113 3286 1368 3339 mundum
1423 3301 1697 3356 carcerem
1745 3299 1886 3356 esse,

313 3359 492 3414 exisse
522 3371 616 3411 vos
643 3370 673 3409 e
696 3370 912 3411 carcere
941 3354 1102 3424 quam
1130 3357 1183 3408 in
1227 3369 1500 3410 carcerem
1531 3355 1782 3407 introisse
1809 3354 1891 3424 in-

317 3429 634 3497 telligemus.
666 3445 684 3477 ›
723 3425 859 3497 Vere
883 3422 1468 3497 munduscarcer‘es‘t,
1503 3425 1556 3476 in
1582 3439 1690 3497 quo
1713 3422 1889 3497 homi-

316 3515 413 3552 nes
433 3491 708 3550 vvitiorum
753 3495 986 3550 vinculis
1031 3494 1268 3563 colligati
1315 3493 1626 3563 detinentur
1677 3491 1887 3546 inclusi.

316 3567 466 3622 Felix
494 3566 808 3630 monachus,
824 3565 916 3634 qui
944 3573 1052 3634 tam
1084 3562 1220 3634 tetro
1243 3576 1462 3634 carcere
1486 3562 1694 3634 solutus
1720 3569 1892 3634 est,et

317 3646 492 3707 potest
523 3637 700 3707 dicere
725 3630 858 3707 cum
881 3633 1088 3707 David;
1114 3631 1372 3707 Dirupisti
1396 3630 1601 3707 vincula
1631 3647 1765 3692 mea,
1799 3630 1892 3707 tibi

315 3700 622 3774 sacriﬁcabo
663 3703 888 3756 hostiam
937 3702 1132 3755 laudis.
1181 3700 1238 3754 Si
1285 3701 1447 3774 igitur
1484 3701 1538 3754 in
1567 3701 1894 3774 monasterio

318 3770 470 3831 sedet
499 3774 755 3836 inclusus,
781 3780 1020 3826 mentem
1060 3786 1243 3825 rerum
1285 3770 1644 3837 humanarum
1687 3770 1894 3838 cupidi-

319 3855 430 3900 tate
476 3845 709 3903 solutam
737 3855 833 3909 per
869 3841 1009 3896 hanc
1046 3840 1456 3894 universitatem
1504 3839 1771 3894 mirabilia
1814 3839 1894 3894 di-

318 3916 455 3970 vium
506 3912 768 3968 bonitatis
799 3925 964 3980 opera
1012 3909 1406 3964 considerando
1442 3910 1657 3980 evagari
1707 3910 1891 3980 sinat:

321 3987 598 4052 Deumque
647 3978 937 4052 laudet'et
977 3979 1260 4052 benedicat
1306 3980 1360 4033 in
1422 3978 1694 4052 omnibus.
1747 3979 1896 4052 biens

317 4053 467 4109 omni
495 4048 855 4107 sollicitudine
885 4050 1053 4104 libera
1080 4065 1176 4119 per
1207 4049 1527 4104 immensam
1555 4048 1703 4102 illam
1728 4049 1894 4104 caelo-

320 4139 441 4178 rum
471 4123 670 4192 regiam
689 4121 1042 4190 exspatietur,
1061 4120 1322 4192 sedesque
1345 4119 1462 4192 illas
1484 4121 1764 4173 beatorum
1785 4135 1896 4174 sus-

319 4193 486 4265 piciat
504 4188 708 4265 [nunc
736 4188 933 4246 choros
962 4188 1274 4265 angelorum
1299 4189 1621 4265 perlu‘stret,
1667 4205 1810 4265 nunc
1839 4203 1896 4243 se

320 4258 752 4332 patriarcharum
797 4270 852 4314 et
899 4258 1568 4332 prophetarum'cmtibus
1605 4259 1893 4332 tadjungat,

323 4329 467 4387 nunc
493 4330 819 4400 martyribus
852 4329 1216 4400 consocietur,
1243 4345 1386 4383 nunc
1423 4330 1722 4400 virginibus
1758 4329 1894 4400 assi-

1969 443 2076 497 duo
2100 441 2299 496 fratres
2326 443 2587 511 quotidie,
2627 451 2689 497 ut
2732 443 2882 498 horis
2907 443 3101 513 quibus
3122 453 3331 513 oportet
3356 445 3409 498 in
3435 460 3552 499 mo-

1967 532 2207 588 nasterio
2231 531 2410 601 legere
2437 532 2632 587 seratis
2661 532 2823 602 regiis
2867 546 2926 587 se
2949 531 3194 603 iungant,
3232 535 3246 574 i
3293 542 3350 587 et
3371 532 3554 603 legen-

1970 630 2051 677 tes
2077 622 2298 676 audiant
2327 638 2340 674 :
2374 630 2429 676 et
2470 637 2592 676 cum
2636 621 2703 675 ad
2726 637 2864 690 opus
2894 621 3133 675 divinum
3158 620 3391 688 forator-ii
3417 620 3430 671 i
3477 622 3555 676 in-

1969 713 2070 768 de:
2107 713 2399 778 sonaverit,
2448 713 2644 768 seratis
2684 713 2813 766 item
2857 713 3018 782 regiis
3053 712 3294 767 oratorio
3321 727 3555 782 praesen-

1973 811 2173 858 tentur.
2205 802 2288 856 Ad
2312 817 2450 872 opus
2477 803 2680 858 laboris
2722 803 2825 858 hoc
2861 810 3133 872 quaeratur
3160 802 3300 873 quod
3329 807 3558 871 possunt

1972 911 2070 965 pro
2098 896 2272 948 aetatis
2300 895 2659 963 possibilitate
2705 895 2950 964 implere,
2979 894 3031 947 id
3067 905 3170 957 cst,
3203 902 3295 948 aut
3325 894 3370 947 si
3411 900 3559 949 artes

1973 985 2174 1050 sciunt,
2199 993 2292 1038 aut
2321 993 2486 1050 certe,
2514 984 2559 1038 si
2586 984 2856 1047 nesciunt,
2892 984 2946 1036 in
2991 999 3098 1052 quo
3122 991 3347 1051 possunt
3382 981 3560 1050 quotic

1974 1075 2061 1129 die
2103 1072 2354 1142 adiuvent
2391 1073 2825 1142 septimanarios.
2869 1073 3069 1126 Tamen
3117 1072 3286 1126 labori
3317 1071 3421 1125 alio
3450 1086 3560 1125 non

1975 1173 2313 1234 quzerantur,
2358 1165 2403 1218 si
2442 1171 2664 1234 propter
2701 1177 2836 1231 opus
2866 1161 3144 1231 aperiendi
3187 1169 3242 1215 et
3278 1160 3560 1215 claudendi

1975 1257 2123 1314 omni
2151 1255 2282 1309 hora
2303 1262 2654 1325 occupentur.
2691 1253 2979 1308 Annonam
3005 1268 3200 1308 canum
3225 1267 3255 1306 a
3281 1251 3566 1307 cellarario

1978 1349 2078 1418 ipsi
2104 1347 2392 1416 accipiant,
2421 1354 2476 1400 et
2503 1347 2583 1401 eis
2609 1362 2730 1402 cum
2760 1361 2898 1415 aqua
2927 1345 3010 1401 vel
3035 1345 3226 1400 culina:
3249 1353 3568 1400 remanente

1969 1436 2199 1507 juseello
2237 1437 2562 1491 ministrent.
2607 1437 2935 1491 Animalium
2983 1437 3127 1490 intra
3173 1437 3560 1491 monasterium

1978 1542 2140 1583 curas
2167 1524 2422 1594 adjuncto
2453 1526 2507 1580 in
2546 1527 2843 1596 septimana
2875 1525 3086 1581 illorum
3118 1526 3566 1581 bebdomadario-

1982 1633 2099 1671 rum
2129 1615 2324 1670 solatio
2369 1615 2470 1685 ipsi
2517 1616 2797 1686 impleant,
2837 1623 2892 1671 et
2935 1618 3096 1687 regiae
3137 1617 3430 1670 munditias
3461 1615 3568 1685 ipsi

1910 1703 1955 1762 B
1982 1717 2272 1764 exerceant
2310 1726 2322 1762 :
2356 1708 2438 1763 vel
2479 1709 2621 1764 intra
2663 1724 2784 1763 eam
2817 1711 2841 1750 Ιί
2873 1711 3204 1765 cicendelum
3244 1725 3566 1780 suspensum

1977 1810 2032 1855 et
2055 1800 2255 1856 factum
2279 1801 2568 1855 incendant
2593 1801 2854 1870 quotidie,
2882 1811 2942 1856 ut
2963 1811 3126 1857 noctu
3153 1801 3285 1857 foris
3307 1801 3573 1873 cujusque

1979 1898 2340 1962 cognoscatur
2370 1891 2662 1961 ingressus.
2704 1892 2807 1958 Qui
2845 1907 3022 1957 senes,
3053 1900 3114 1946 ut
3154 1893 3400 1962 superius
3431 1892 3571 1946 dixi-

1979 1996 2122 2041 mus,
2149 1995 2244 2049 pro
2287 1980 2492 2034 honore
2528 1981 2706 2034 aetatis
2730 1995 2853 2034 cum
2900 1980 3092 2034 abbate
3119 1981 3444 2035 manducent
3473 1995 3563 2035 se-

1981 2071 2215 2127 cundum
2276 2070 2505 2125 formam
2564 2070 2802 2140 prtefata:
2863 2072 3198 2137 humilitatis,
3234 2075 3250 2110 ι
3285 2080 3344 2127 ut
3379 2081 3569 2128 sancta

1981 2160 2292 2231 evangelica
2323 2161 2676 2227 demonstrat,
2705 2178 2826 2231 quae
2853 2162 2988 2216 dixit
3014 2177 3115 2218 nec
3152 2163 3284 2233 ipsis
3309 2177 3370 2218 se
3405 2177 3569 2232 supe-

1982 2253 2182 2306 riorem
2216 2249 2349 2304 velle
2375 2250 2680 2304 ostendere.
2707 2250 2845 2304 Nam
2892 2250 3087 2305 talibus
3118 2251 3250 2305 dicit
3285 2249 3568 2320 Scriptura

1982 2338 2237 2410 perfectis
2263 2356 2276 2392 :
2310 2349 2350 2378 ω
2379 2338 2587 2404 Quanto
2617 2356 2837 2410 magnus
2864 2357 2938 2405 es,
2970 2349 3116 2394 tanta
3150 2340 3372 2394 humilia
3405 2350 3492 2395 te:
3519 2351 3569 2395 et

1987 2521 2162 2576 nacho
2214 2519 2315 2576 soli
2371 2534 2494 2574 eum
2540 2529 2800 2574 extraneo
2848 2519 3101 2590 colloqui,
3151 2521 3247 2575 sed
3285 2521 3489 2574 dabant
3523 2520 3578 2574 ei

1987 2592 2237 2646 comitem
2271 2599 2324 2644 et
2358 2605 2668 2644 sermonum
2703 2598 2916 2655 testem,
2955 2607 3060 2660 non
3103 2590 3348 2660 quemvis
3384 2590 3450 2644 de
3478 2591 3574 2643 tri-

1985 2661 2218 2782 vioised
2243 2661 2528 2730 probatum
2563 2660 2822 2726 moribus,
2855 2676 2921 2715 ne
2949 2659 3088 2714 forte
3115 2659 3338 2714 daretur
3359 2660 3580 2714 occasio

1988 2747 2075 2782 ma
2101 2746 2246 2782 lL’llO.

1988 2746 2246 2785 maligno.

2055 2800 2082 2839 ἀ
2113 2799 2174 2855 Si
2200 2801 2544 2870 propinquus,
2575 2809 2680 2855 etc.
2721 2800 2848 2854 Htec
2877 2799 3038 2854 tertia
3067 2814 3194 2867 pars
3228 2799 3390 2870 etiam
3422 2813 3577 2870 repe—

1987 2871 2126 2924 ritur
2154 2869 2207 2923 in
2239 2869 2441 2940 Regula
2475 2870 2532 2924 S.
2565 2869 2865 2935 Pachomii,
2899 2879 3003 2924 art.
3042 2871 3130 2934 55,
3167 2869 3353 2940 paucis
3389 2869 3574 2924 verbis

1990 2939 2318 3002 immutatis,
2349 2948 2566 2994 servato
2589 2949 2768 2995 tamen
2798 2941 2986 2994 eodem
3011 2939 3191 2994 sensu.

2063 3020 2086 3048 ο
2117 3007 2314 3062 Nullus
2358 3009 2422 3062 de
2467 3010 2636 3073 horto,
2679 3020 2785 3065 etc.
2823 3010 2950 3064 Haec
2994 3019 3188 3078 quarta
3232 3006 3392 3078 hujus
3424 3008 3574 3077 capi-

1989 3078 2085 3202 tulti
2121 3093 2254 3202 ἔξιτε
2298 3079 2602 3134 continetur
2647 3081 2811 3136 etiam
2862 3080 2917 3134 in
2954 3080 3157 3150 [tegula
3185 3078 3241 3132 S.
3271 3077 3572 3152 Pacliomii,

1989 3163 2054 3202 ar,
2079 3188 2092 3201 .
2196 3187 2209 3200 .

1989 3158 2092 3202 art.
2121 3158 2209 3202 58.

2066 3217 2084 3256 ί
2113 3217 2330 3290 Quoius
2353 3217 2643 3290 fratribus,
2675 3228 2778 3276 etc.
2817 3220 2944 3275 Haec
2975 3218 3243 3290 habentur
3269 3217 3323 3272 in
3369 3218 3571 3286 Regula

1991 3303 2093 3342 ms.
2126 3287 2378 3358 Magistri
2395 3289 2512 3342 cod.
2541 3287 2727 3354 COrb.,
2752 3293 2939 3344 eodem
2969 3304 3089 3358 cap.
3112 3289 3200 3342 95.

2063 3356 2294 3409 δΑΞιὰιε
2345 3356 2640 3424 decrepitis.
2707 3359 2764 3411 ld
2809 3367 2923 3421 est,
2982 3356 3228 3418 senibus,
3290 3358 3392 3410 hac
3442 3372 3576 3412 voce

1991 3425 2153 3480 latius
2183 3436 2430 3496 sumpta;
2477 3441 2601 3478 nam
2630 3427 2890 3496 decrepiti
2931 3424 3258 3496 huicroilicio
3285 3426 3464 3480 minus
3488 3441 3577 3481 es-

1991 3504 2112 3550 sent
2137 3496 2335 3550 idonei.
2369 3495 2688 3564 Decrepitus
2727 3495 2810 3550 est
2846 3496 2999 3564 cujus
3028 3495 3135 3548 vita
3161 3509 3272 3564 prae
3303 3505 3580 3564 senectute

1992 3565 2046 3619 in
2071 3565 2234 3620 dubio
2281 3573 2384 3619 est.
2414 3562 2655 3620 Nonnius
2692 3562 2999 3628 Marcellus,
3026 3563 3197 3631 cap.l
3234 3581 3246 3616 :
3284 3580 3304 3614 ι
3344 3562 3579 3633 Crepera

1995 3649 2082 3716 res
2122 3636 2339 3716 proprie
2392 3634 2838 3716 dicitur‘dubia,_
2875 3643 2931 3716 et
2957 3633 3582 3716 crepusculumudicitur

1993 3703 2087 3784 ius
2109 3703 2288 3784 dubia,
2318 3713 2372 3760 et
2399 3719 2556 3760 senes
2584 3705 2841 3776 decrepiti
2873 3704 3000 3760 dicti
3028 3704 3082 3758 in
3111 3703 3274 3759 dubio
3304 3704 3425 3757 vitae
3453 3719 3582 3758 con-

1997 3781 2196 3829 stituti.
2231 3793 2250 3826 ι

2065 3844 2094 3883 h
2122 3841 2330 3913 Regius.
2357 3842 2414 3897 ld
2435 3850 2536 3907 est,
2554 3841 2770 3910 januas.
2799 3843 2934 3900 Vide
2963 3858 3144 3913 supra.

2071 3913 2088 3952 ί
2124 3911 2447 3982 Ειίιεςιεημεδ
2481 3913 2719 3982 audiant.
2751 3914 2886 3981 Quia
2917 3915 3006 3969 hic
3028 3911 3291 3982 magister
3329 3927 3435 3965 non
3469 3913 3585 3966 vult

1994 3989 2054 4036 ut
2083 3980 2328 4036 seorsum
2357 3980 2556 4037 fratres
2585 3980 2790 4052 legant,
2812 3984 2906 4038 sed
2936 3990 2995 4036 ut
3022 3980 3332 4052 congregati
3361 3997 3458 4049 per
3491 3983 3584 4037 de—

1996 4053 2162 4107 cadas
2189 4053 2453 4122 legentem
2481 4051 2724 4117 audiant,
2749 4061 2808 4106 ut
2835 4053 3065 4107 habetur
3090 4051 3208 4120 cap.
3232 4051 3317 4105 ’50
3341 4052 3580 4122 ejusdem

1997 4122 2216 4195 Regula
2242 4121 2261 4175 ξ
2290 4121 2390 4195 «UA
2420 4122 2592 4195 prima
2622 4137 2790 4195 usque
2819 4123 2885 4177 ad
2912 4123 3123 4195 tertiam
3148 4133 3442 4195 segregata:
3471 4137 3500 4174 a
3524 4137 3583 4195 se

1995 4191 2101 4262 per
2135 4192 2251 4247 loca
2298 4191 2510 4246 diversa
2547 4191 2768 4258 decade,
2800 4207 2868 4246 ne
2913 4193 2966 4248 in
3002 4208 3108 4246 uno
3149 4193 3364 4246 redacta
3406 4192 3583 4245 omnis

1999 4262 2367 4333 congregatio,
2415 4262 2529 4333 suis
2564 4263 2666 4316 sibi
2714 4263 2945 4316 invicem
2985 4263 3209 4333 vocibus
3247 4263 3578 4330 obstrepent,

2001 4333 2055 4387 id
2088 4331 2550 4396 e'st,'lectionibus
2576 4341 2788 4395 vacent,
2833 4348 2976 4388 unus
3004 4332 3070 4386 de
3101 4333 3284 4386 decem
3327 4348 3422 4401 per
3464 4334 3579 4386 loca

322 4404 466 4456 deat.
495 4399 643 4472 liinc’
660 4400 826 4453 Deum
853 4401 1062 4472 adoret,
1100 4399 1398 4472 admiretur
1418 4408 1471 4454 et
1501 4399 1893 4472 stupeatallzec
1920 4401 1973 4460 D
1999 4403 2162 4472 legat,
2191 4411 2244 4456 et
2275 4402 2475 4456 residui
2501 4418 2599 4456 suo
2629 4416 2854 4456 numero
2882 4404 3123 4454 audiant.
3159 4421 3177 4452 ι

322 4487 450 4524 vera
495 4470 748 4527 libertas,
792 4471 886 4524 sed
930 4467 1072 4523 illius
1110 4469 1200 4537 qui
1259 4470 1418 4524 unius
1463 4467 1610 4523 cellae
1656 4469 1896 4523 inclusus

322 4541 589 4609 angustiis
632 4539 915 4594 latitudine
957 4540 1152 4593 fruitur
1189 4540 1448 4608 paradisi.
1496 4539 1621 4592 llmc
1667 4538 1900 4609 optanda

326 4606 606 4689 monachis
650 4610 916 4689 evagatio,
972 4609 1098 4689 dum
1245 4608 1379 4689 cella
1435 4609 1639 4689 sedent.
1684 4606 1896 4689 inclusi.

325 4679 464 4734 Nam
516 4697 534 4729 ι
589 4681 688 4732 etsi
724 4677 943 4749 (inquit
990 4677 1401 4749 'l‘ertullianus)
1437 4693 1564 4730 caro
1610 4677 1900 4749 detinetur,

324 4750 506 4804 omnia
548 4746 758 4819 spiritui
798 4746 1004 4817 patent.
1037 4746 1246 4816 Vagare
1276 4747 1762 4819 Spi_ritu,_spatiare
1789 4746 1902 4816 spi-

328 4822 433 4874 ritu
461 4836 475 4883 ;
507 4816 693 4873 etnon
721 4816 894 4871 stadia
923 4831 1090 4885 opaca
1133 4824 1188 4869 et
1229 4817 1468 4884 porticus
1497 4816 1682 4884 longas
1710 4830 1906 4884 propo-

326 4905 461 4944 nens
487 4888 600 4953 tibi,
632 4889 726 4942 sed
772 4887 918 4940 illam
946 4889 1086 4940 viam
1115 4900 1234 4953 qua:
1270 4885 1334 4938 ad
1366 4885 1531 4939 Deum
1562 4886 1726 4939 ducit.
1761 4886 1906 4951 Quo-

329 4961 431 5014 ties
475 4974 595 5038 eam
641 4959 835 5028 spiritu
888 4955 1335 5021 deambulaveris,
1395 4956 1552 5009 toties
1591 4956 1644 5008 in
1684 4970 1907 5009 carcere

329 5045 434 5083 llOll
467 5043 592 5081 CI‘IS.
633 5047 651 5079 ι

401 5109 426 5136 ει
456 5096 678 5160 Quando
716 5096 786 5148 ad
826 5096 1013 5149 ostium
1057 5095 1381 5158 monasterii,
1411 5103 1514 5148 etc.
1555 5093 1680 5147 Haec
1713 5094 1910 5148 haben-

331 5176 417 5220 tur
446 5169 498 5219 in
529 5165 729 5236 Regula
759 5166 901 5220 edita
931 5166 986 5236 S.
1018 5164 1312 5236 Pachomii,
1345 5173 1448 5218 art.
1474 5163 1563 5228 28,
1593 5178 1697 5217 non
1727 5173 1906 5218 tamen

329 5236 593 5290 articulus
615 5234 830 5303 integer
858 5234 1186 5303 producitur.

401 5304 430 5345 ι)
466 5304 528 5361 Si
551 5306 666 5374 quis
693 5300 762 5358 ad
796 5300 1005 5374 ostium,
1053 5312 1158 5374 etc.
1213 5302 1458 5374 Secunda
1475 5300 1652 5374 hujus
1689 5303 1906 5372 capituli

328 5389 456 5444 pars
484 5372 663 5427 exatat
687 5374 850 5427 etiam
882 5373 935 5426 in
965 5372 1161 5442 Regula
1184 5388 1380 5426 excusa
1399 5373 1454 5426 S.
1475 5372 1904 5444 Pachomii,.art.

329 5443 421 5507 5U,
448 5443 547 5497 etsi
573 5443 816 5514 quaedam
863 5444 948 5495 hic
980 5443 1353 5496 desiderantur
1378 5459 1496 5514 qua:
1531 5444 1672 5511 apud
1715 5443 1770 5497 S.
1807 5443 1907 5498 Pa-

333 5513 608 5569 cbomium
636 5512 872 5580 reperire
897 5520 997 5566 est.

406 5598 426 5624 ε
479 5583 615 5637 Eum
658 5581 1176 5652 accipietcomitem,
1227 5590 1332 5636 etc.
1376 5581 1514 5637 Nota
1566 5580 1903 5652 disciplinam

333 5657 606 5726 antiquam
637 5653 847 5709 illorum
871 5651 1108 5717 Patrum,
1137 5651 1229 5723 qui
1255 5667 1359 5708 non
1390 5651 1773 5724 permittebant
1798 5670 1905 5709 mo-

2080 4472 2092 4521 i
2135 4471 2323 4527 Index.
2352 4472 2410 4528 Id
2437 4479 2543 4537 est,
2574 4472 2820 4541 signum,
2857 4485 3142 4540 campana,
3179 4480 3238 4523 ut
3285 4483 3444 4537 supra
3486 4485 3582 4524 n0-

2005 4550 2172 4595 tatum
2210 4551 2312 4594 est.

2077 4611 2101 4649 ¹ί
2133 4608 2456 4663 Cicindelum
2496 4626 2823 4678 suspensum.
2848 4607 2983 4663 Vide
3011 4623 3190 4678 supra.

2082 4678 2099 4717 1
2130 4678 2196 4731 Ut
2222 4689 2405 4748 sancta
2443 4676 2736 4748 evangelica
2783 4676 3125 4732 demonstrat.
3157 4678 3214 4730 In
3243 4676 3446 4748 Regula
3474 4694 3576 4732 ms.

2004 4749 2202 4819 legitur
2230 4747 2344 4819 :__ln
2371 4757 2553 4819 sancta
2576 4747 2838 4819 Eugenia
2887 4750 3294 4819 demonstratur.
3324 4747 3483 4819 che_,
3524 4757 3583 4800 ut

2009 4815 2083 4872 in'
2108 4819 2226 4871 cod.
2251 4815 2437 4881 Vind.,
2474 4827 2532 4870 ut
2570 4815 2750 4872 sancta
2793 4817 3032 4887 Eugenio
3077 4815 3420 4887 demonstrat.
3453 4816 3584 4870 Pro—

2008 4889 2102 4942 hat
2126 4887 2483 4940 humilitatem
2521 4899 2638 4956 quae
2669 4889 2720 4941 in
2749 4885 2942 4942 abbate
2990 4887 3281 4954 requiritur
3311 4885 3378 4939 ab
3401 4902 3581 4941 exem-

2008 4957 2096 5027 plo
2128 4956 2198 5028 VS.
2255 4956 2505 5028 Eugeniae
2557 4958 2840 5027 martyris,
2893 4972 3013 5028 qua:
3071 4956 3403 5028 dissimulato
3452 4971 3584 5028 scitu

2011 5024 2224 5080 tandem
2264 5028 2316 5080 in
2342 5024 2603 5081 'abbatcm
2631 5024 2802 5081 electa
2831 5024 3040 5080 caeteris
3077 5025 3331 5079 fratribus
3363 5024 3583 5079 humili-

2012 5105 2119 5150 tate
2143 5096 2410 5166 prmluxit,
2441 5098 2576 5166 utin
2607 5097 2722 5166 ejus
2749 5095 2869 5166 Vita
2897 5097 3146 5159 habetur,
3178 5095 3328 5164 cujus
3359 5104 3580 5159 textum,

2010 5165 2349 5236 qui-alumen
2399 5165 2554 5220 affert
2593 5167 2718 5221 huic
2757 5165 2897 5231 loco,
2922 5166 3118 5235 alioqui
3163 5167 3295 5218 satis
3333 5166 3581 5227 obscuro,

2009 5235 2276 5306 proferam
2313 5255 2325 5291 :
2366 5255 2382 5287 ι
2417 5237 2532 5305 Ipsa
2575 5244 2752 5292 tamen
2783 5247 2907 5290 ante
2937 5252 3122 5291 omnes
3155 5249 3289 5303 opus
3319 5243 3587 5306 monaste-

2012 5305 2098 5370 rii,
2127 5307 2268 5376 quod
2296 5306 2475 5359 infima
2501 5306 2705 5360 solebat
2727 5321 2980 5360 exercere
2999 5321 3250 5376 persona,
3274 5305 3526 5376 suscepit.
3559 5323 3577 5357 ι

2009 5376 2076 5430 Ει
2102 5375 2259 5446 paulo
2291 5386 2445 5446 post:
2485 5395 2501 5426 ι
2547 5376 2755 5446 Aquam
2800 5375 3037 5444 portare,
3089 5375 3230 5446 ligna
3277 5375 3584 5440 concidere,

2009 5445 2303 5500 munditias
2339 5447 2595 5500 adbibere
2614 5445 2636 5499 ξ
2670 5446 2721 5500 in
2747 5447 3042 5514 eodemque
3070 5446 3185 5499 loco
3210 5445 3454 5499 habitare
3483 5446 3586 5500 sibi

2009 5516 2187 5586 elegit,
2220 5516 2309 5570 ubi
2337 5517 2590 5570 ostiarius
2619 5517 2931 5570 monasterii
2961 5517 3214 5570 manebat
3259 5531 3327 5570 ne
3357 5515 3442 5570 vel
3471 5516 3588 5587 ipso

2007 5603 2066 5643 se
2089 5588 2420 5643 superiorem
2450 5587 2777 5641 ostenderet.
2811 5606 2829 5639 ι

2078 5669 2115 5696 m
2140 5653 2347 5724 Quanto
2375 5674 2594 5726 magna:
2623 5673 2698 5727 cs,
2730 5666 2872 5713 tanto
2902 5653 3118 5712 Ittttttifiu
3154 5666 3220 5711 te.
3256 5655 3326 5714 Ut
3358 5656 3412 5715 in
3437 5664 3584 5714 textu
