4014 6186
310 294 447 351 13η

1234 290 1627 350 CONCORDIA
1664 290 2123 351 REGULARUM.
2160 323 2232 335 —
2266 294 2425 362 CAP.
2461 296 2646 353 LXXI.

3439 310 3578 367 ηιξ

302 407 565 472 diximus,
620 403 947 475 transgressi
1000 401 1233 470 fuerint,
1289 403 1523 476 regulari
1577 404 1894 475 paenitentia
1923 409 1973 468 Α
1999 414 2123 475 pter
2149 405 2402 478 loquendi
2444 408 2844 466 necessitatem.
2871 411 2940 466 Et
2995 412 3041 467 si
3081 427 3305 472 necesse
3330 415 3493 475 fuerit
3522 431 3582 478 ut

302 497 664 568 castigentur.
686 493 744 550 Si
763 493 952 550 humili
975 494 1349 552 satisfactione
1366 496 1715 566 patefaciant,
1738 502 1899 566 prout

302 585 588 644 humilitas
620 582 931 640 conﬁtentis
954 586 1216 652 cernitur,
1241 584 1315 641 ita
1344 585 1712 656 delinquentis
1739 583 1895 655 culpa

293 680 595 749 iudicetur.
634 675 692 732 Si
722 691 851 732 vero
889 679 1247 735 contumacia:
1287 678 1496 733 crimen
1540 676 1805 741 incurrit,
1840 683 1895 729 et

301 769 525 825 modum
572 766 906 837 paenitentiae
952 768 1190 838 augebit.
1243 767 1437 823 Claves
1492 768 1759 823 ostiorum
1808 765 1893 822 vel

299 866 474 930 portae
500 857 648 913 nullo
689 857 851 912 modo
891 873 1057 928 penes
1085 874 1145 915 se
1175 859 1477 927 retineant;
1510 859 1603 914 sed
1634 858 1701 913 ad
1730 858 1896 913 abba-

302 956 413 1003 tem
459 954 619 1003 nocte
669 946 975 1002 deferentes
1019 957 1365 1019 praesentem,
1411 957 1465 1003 et
1507 964 1666 1005 mane
1703 960 1727 989 ο
1770 957 1894 1019 post

300 1036 596 1092 secundam
631 1035 913 1106 recipiant.
949 1037 978 1077 ι)
1005 1036 1241 1108 ldipsum
1285 1046 1342 1094 et
1389 1037 1676 1102 cellararii,
1714 1044 1769 1092 et
1806 1039 1892 1108 pi-

300 1136 500 1194 stores,
525 1135 580 1183 et
594 1128 753 1197 coqui
770 1127 994 1198 implere
1021 1130 1277 1185 studeant
1302 1147 1315 1184 :
1342 1131 1486 1186 etab
1510 1144 1706 1185 occasu
1737 1129 1888 1195 solis,

297 1220 387 1277 vel
413 1236 536 1276 cum
569 1218 733 1275 fuerit
757 1235 891 1291 opus
925 1222 1255 1277 necessitate
1290 1221 1611 1293 perfectum,
1647 1234 1685 1261 ε-
1720 1235 1891 1291 usque

301 1313 373 1369 ad
402 1312 696 1367 secundam
738 1313 905 1368 abbas
934 1313 1114 1369 claves
1152 1315 1426 1385 retineat;
1458 1314 1562 1369 nisi
1595 1313 1891 1369 necessitas

298 1402 565 1467 evenerit,
590 1408 650 1458 ut
675 1416 773 1473 per
804 1411 1167 1457 commeatum
1196 1403 1408 1458 abbatis
1437 1410 1593 1457 nocte
1617 1402 1891 1456 retinean-

298 1505 410 1563 tur,
451 1503 508 1551 et
553 1502 676 1565 post
723 1496 1020 1551 secundam
1064 1496 1240 1552 denuo
1280 1495 1605 1550 tribuantur.
1650 1493 1696 1548 A
1736 1494 1890 1563 signo

296 1585 615 1656 vespertino
653 1600 825 1655 usque
851 1586 921 1641 ad
950 1587 1244 1645 secundam
1274 1587 1549 1658 impletam
1582 1586 1888 1643 nullatenus

297 1684 579 1747 portarum
614 1672 761 1739 fores
779 1676 1116 1746 aperiantur,
1144 1691 1319 1747 neque
1339 1677 1482 1733 ullus
1502 1693 1531 1732 a
1558 1676 1695 1733 foris
1716 1677 1886 1732 intro-

1999 495 2203 551 ihidem
2249 506 2552 565 maneatur,
2594 501 2775 557 minus
2813 511 3047 572 quatuor
3067 519 3175 559 non
3207 505 3339 572 sint,
3363 517 3420 563 et
3441 525 3581 567 unus

1998 599 2066 639 ex
2095 585 2176 642 eis
2204 586 2387 643 senior
2414 589 2485 643 sit
2514 592 2863 660 prmpositus,
2913 590 3068 662 cujus
3114 595 3362 666 religioni
3395 601 3581 657 creda-

2000 684 2088 731 tur
2120 694 2132 730 :
2164 678 2257 748 qui
2300 688 2356 734 et
2399 677 2654 750 loquendi
2688 680 2965 738 licentiam
3017 683 3237 750 habeat,
3278 694 3333 741 et
3360 704 3578 758 panem,

1996 781 2159 836 quem
2190 766 2393 823 faciunt
2422 784 2521 839 per
2542 771 2712 835 vices,
2734 771 2920 828 senior
2959 773 3054 842 qui
3081 789 3146 827 ex
3178 775 3259 829 eis
3282 785 3385 841 est,
3420 777 3583 832 cella-

1997 854 2147 909 rario
2190 865 2559 927 repraesentet,
2592 861 2616 899 ⁸
2649 868 2707 914 ut
2728 861 2876 915 omni
2917 863 3165 918 custodia
3199 865 3299 918 tuti
3342 865 3399 918 in
3431 866 3579 923 nullo

1995 946 2449 1014 reprehensibiles
2465 950 2820 1019 reperiantur.
2847 950 3110 1007 Similiter
3130 961 3186 1008 et
3204 954 3296 1024 qui
3323 954 3377 1008 in
3405 954 3434 994 ιι
3457 956 3582 1010 bra‘

1993 1033 2333 1090 chisitorium
2363 1036 2429 1091 ad
2479 1038 2765 1093 cervisiam
2794 1037 3099 1096 faetendam
3133 1042 3578 1111 inhabitaverint,

1994 1141 2133 1182 unus
2154 1143 2218 1182 ex
2243 1128 2323 1183 eis
2352 1130 2533 1185 senior
2557 1128 2600 1202 [ί
2629 1129 2721 1201 sit]
2749 1131 3071 1201 praepositus
3099 1133 3395 1189 secundum
3422 1150 3581 1206 regu-

1994 1215 2099 1273 lam
2130 1218 2353 1288 pistoris
2374 1219 2557 1274 omnia
2586 1220 2877 1275 custodiat.

2292 1309 2320 1382 ᾗ
2347 1309 2433 1365 VI.
2466 1341 2539 1352 —
2569 1312 2646 1367 Ex
2688 1312 2908 1371 REGULA
2949 1312 3272 1369 OBIENTALI.

2062 1398 2301 1456 Ostiario
2332 1417 2459 1456 cura
2489 1403 2560 1456 sit
2598 1411 2658 1457 ut
2702 1419 2893 1459 omnes
2933 1406 3285 1461 advenientes
3321 1406 3465 1459 intra
3489 1405 3575 1476 ja-

1991 1506 2128 1544 nuas
2153 1490 2415 1560 recipiat,
2466 1491 2599 1547 dans
2646 1494 2726 1548 eis
2773 1508 3092 1563 responsum
3136 1496 3422 1550 honestum
3455 1511 3578 1550 cum

1990 1579 2298 1635 humilitate
2335 1590 2390 1635 et
2419 1584 2756 1648 reverentia;
2799 1598 2864 1639 ac
2896 1585 3081 1639 statim
3135 1586 3350 1640 nuntiet
3371 1585 3455 1640 vel
3486 1587 3582 1639 ab—

1990 1670 2105 1724 bati
2135 1669 2221 1724 vel
2244 1670 2548 1726 senioribus
2573 1673 2698 1742 quis
2727 1673 2937 1727 venerit
2963 1680 3017 1728 et
3041 1673 3169 1743 quid
3194 1674 3414 1743 petierit
3443 1693 3456 1728 :
3480 1690 3581 1730 nec

300 1768 410 1822 itus
442 1764 692 1837 patefiat;
734 1766 829 1822 sed
876 1767 921 1821 si
952 1768 1248 1823 necessitas
1291 1768 1416 1824 talis
1462 1768 1773 1835 advenerit,
1826 1776 1887 1822 ut
1915 1752 1960 1813 Β
1989 1762 2133 1817 ullus
2176 1771 2560 1819 extraneorum
2588 1765 2829 1835 patiatur
2865 1765 3143 1836 injuriam,
3180 1781 3355 1835 neque
3382 1766 3583 1822 habeat

297 1866 425 1930 post
470 1872 752 1928 vesperam
799 1858 920 1914 sitd
952 1858 1382 1926 deliberandum,
1423 1874 1521 1931 per
1564 1859 1885 1926 fenestram,

294 1964 422 2020 qua
461 1950 516 2005 in
556 1948 746 2005 eadem
789 1959 945 2020 porta
977 1950 1162 2013 fuerit.
1191 1959 1361 2007 totum
1387 1952 1739 2009 deliberetur.
1772 1964 1796 1991 ε
1828 1951 1886 2007 Si

298 2039 424 2097 talis
456 2040 750 2097 necessitas
785 2040 1059 2111 hospitum
1096 2041 1180 2097 vel
1213 2042 1625 2113 peregrinorum
1655 2042 1887 2098 advene-

300 2130 393 2195 rit,
422 2136 482 2184 ut
513 2129 653 2188 hora
689 2127 1002 2186 refectionis
1038 2147 1163 2188 cum
1189 2131 1451 2193 fratribus
1475 2147 1596 2188 esse
1622 2147 1729 2187 non
1754 2147 1884 2202 pos-

297 2218 430 2283 sint,
457 2225 580 2288 post
604 2233 730 2273 cum
744 2218 936 2289 coquis
957 2218 1043 2274 vel
1058 2219 1343 2285 ministris,
1369 2220 1454 2275 vel
1465 2235 1592 2276 cum
1608 2218 1885 2276 reficiendi

296 2314 536 2384 spatium
559 2312 870 2380 habuerint,
911 2312 1182 2369 reficiant.
1212 2313 1355 2370 Vasa
1384 2313 1471 2371 vel
1494 2313 1701 2386 reliqua
1731 2321 1888 2369 uten~

295 2403 441 2469 uilia,
470 2419 595 2474 qum
633 2403 704 2458 ad
745 2403 1038 2473 hospitium
1081 2402 1348 2472 bajulant,
1378 2419 1444 2460 ac
1481 2404 1527 2459 si
1564 2419 1720 2460 sacra
1751 2404 1885 2469 Deo,

296 2494 600 2566 gubernant
623 2500 789 2563 atque
815 2492 1125 2549 custodiant
1156 2510 1169 2547 :
1205 2509 1275 2549 ne
1292 2509 1398 2571 per
1439 2494 1680 2564 ipsorum
1708 2494 1888 2565 negle-

294 2591 443 2640 ctum
490 2584 559 2640 ab
604 2583 725 2653 ipso
770 2583 1078 2649 mercedem
1130 2598 1238 2639 non
1285 2582 1573 2655 recipiant,
1606 2582 1760 2652 cujus
1802 2598 1889 2639 res

296 2674 600 2745 diripiendo
628 2689 736 2729 non
765 2681 1006 2729 servant.
1054 2673 1201 2730 Intra
1235 2683 1391 2746 septa
1437 2675 1754 2731 monasterii
1800 2673 1888 2730 vel

293 2767 435 2822 ostia
472 2766 679 2823 nullum
702 2765 947 2821 virorum
977 2765 1200 2821 omnino
1226 2766 1310 2821 vel
1338 2766 1664 2822 feminarum
1702 2766 1885 2831 edere,

294 2859 382 2914 vel
405 2858 591 2915 bibere
617 2860 969 2930 permittant;
995 2860 1091 2916 sed
1122 2859 1141 2899 ε
1168 2861 1235 2917 de
1273 2860 1527 2927 omnibus
1556 2859 1890 2916 advenienti-

294 2953 397 3006 bus
423 2949 556 3006 foris
588 2950 642 3005 in
667 2950 954 3021 hospitale,
982 2959 1144 3020 prout
1186 2950 1359 3006 honor
1387 2952 1574 3021 exigit,
1598 2966 1696 3022 per
1720 2950 1889 3007 abba-

294 3042 368 3096 tis
386 3040 783 3096 ordinationem
808 3041 1147 3106 ministrent;
1174 3041 1320 3095 intus
1339 3054 1468 3095 vero
1488 3040 1881 3106 tantummodo,

1989 1869 2112 1908 cum
2142 1853 2324 1922 aliquo
2346 1854 2413 1909 de
2445 1846 2705 1910 fratribus
2751 1857 3136 1913 necessitatem
3175 1873 3238 1912 ac
3264 1856 3579 1913 facultatem

1986 1944 2239 2015 loquendi
2275 1945 2481 2015 absque
2517 1947 2851 2001 conscientia
2882 1946 3096 2001 abbatis
3137 1947 3221 2002 vel
3253 1949 3525 2003 seniorum
3563 1966 3576 2002 :

1987 2035 2410 2105 mandatumque
2434 2036 2577 2106 quod
2604 2036 2789 2101 fuerit,
2815 2035 2952 2091 nihil
2972 2036 3040 2091 ad
3073 2038 3247 2106 ipsum
3274 2039 3577 2109 perveniat,

1984 2125 2303 2195 priusquam
2322 2126 2506 2181 abbati
2528 2125 2612 2181 vel
2642 2127 2953 2182 senioribus
2975 2126 3268 2182 indicetur.
3298 2128 3440 2182 Ante
3464 2143 3582 2182 om-

1986 2220 2075 2275 nia
2102 2220 2357 2275 ostiarius
2383 2221 2701 2276 monasterii
2733 2221 2849 2277 haec
2873 2221 3209 2288 observabit,
3239 2236 3309 2277 ne
3333 2237 3492 2293 quem
3515 2222 3582 2278 de

1985 2309 2245 2367 fratribus
2267 2310 2399 2366 foris
2415 2312 2640 2381 januam
2669 2313 2822 2368 exire
2852 2313 3156 2382 permittat.

2077 2400 2106 2472 §
2139 2400 2245 2455 VII.
2275 2431 2346 2442 —
2369 2402 2451 2458 Ex
2487 2402 2710 2459 Rscuu
2745 2419 2934 2460 SANC‘I'l
2972 2403 3171 2462 Ismom
3207 2405 3345 2478 (cap.
3377 2406 3488 2480 l9).

2060 2490 2074 2543 i
2106 2492 2188 2547 Ad
2218 2491 2512 2562 ianitorem
2542 2497 2838 2566 pertinebit
2876 2512 3007 2552 cura
3051 2498 3349 2567 hospitum,
3376 2499 3583 2554 denun-

1988 2584 2142 2639 tiatio
2163 2584 2590 2652 advenientium,
2618 2589 2864 2643 custodia
2902 2587 2930 2628 ι
2966 2594 3280 2644 exterorum
3315 2587 3581 2646 claustro-

1986 2689 2128 2729 rum.
2160 2672 2177 2712 ι
2210 2674 2340 2730 Item
2368 2690 2499 2730 cura
2536 2676 2949 2746 peregrinorum
2981 2675 3065 2731 vel
3100 2691 3399 2746 pauperum
3431 2675 3574 2731 elee-

1986 2778 2212 2836 mosyna
2232 2764 2526 2835 pertinebit
2548 2763 2617 2819 ad
2635 2780 2758 2819 eum
2780 2765 2866 2819 cui
2894 2765 3316 2836 dispensationis
3332 2774 3576 2836 potestas

1987 2857 2274 2912 commissa
2302 2864 2403 2911 est.
2434 2855 2542 2911 iste
2570 2856 2713 2925 quod
2740 2855 2907 2909 habet
2932 2855 3245 2921 distribuat,
3274 2855 3578 2933 communi-

1988 2957 2077 3005 cet
2092 2960 2129 2987 ω
2146 2948 2199 3002 in
2226 2947 2370 3018 quod
2392 2955 2592 3017 potest,
2618 2963 2725 3002 non
2748 2960 2814 3000 ex
2842 2947 3064 3001 tristitia
3087 2954 3180 3001 aut
3207 2949 3535 3002 necessitate
3559 2966 3576 3002 :

1995 3036 2239 3092 Hilarem
2260 3037 2397 3092 enim
2425 3037 2660 3091 datorem
2688 3036 2859 3108 diligit
2875 3037 3017 3092 Deus
3040 3037 3125 3109 (II
3147 3034 3271 3092 Cor.
3297 3035 3397 3107 ις).
3420 3036 3576 3095 Item.

292 3133 386 3204 qui
412 3146 624 3188 sacram
663 3132 776 3188 Deo
811 3132 1055 3188 voverint
1092 3132 1430 3203 religionem,
1462 3139 1515 3188 et
1546 3132 1885 3187 immunitate
1912 3106 1956 3168 Ε
1986 3128 2094 3185 Ars
2120 3139 2300 3184 autem
2334 3129 2563 3199 pistoria
2588 3139 2614 3165 υ
2638 3129 2707 3183 ad
2744 3106 2913 3184 laicos
2951 3106 3266 3200 pertinebit.
3293 3106 3400 3200 Ipsi
3431 3128 3578 3185 enim

294 3223 617 3280 obedientia:
658 3223 760 3279 sub
811 3239 917 3278 una
964 3222 1168 3294 Regula
1206 3232 1336 3279 sunt
1379 3224 1553 3295 ligati,
1598 3224 1760 3281 edere
1800 3214 1886 3279 vel

294 3314 482 3370 bibere
528 3328 830 3369 censemus.
865 3313 959 3368 Sic
1000 3329 1214 3383 semper
1261 3314 1475 3369 ostiarii
1520 3320 1702 3383 agant,
1731 3320 1793 3367 ut
1829 3312 1885 3367 in

294 3404 548 3461 omnibus
593 3404 768 3458 zelum
798 3402 891 3459 Dei
922 3404 1185 3460 habentes
1224 3403 1444 3475 Regula:
1487 3411 1728 3457 tenorem
1761 3415 1885 3456 con-

294 3501 534 3560 servent,
562 3500 623 3548 ut
662 3509 761 3563 pro
788 3494 951 3549 studii
985 3494 1066 3547 sui
1098 3494 1183 3547 vel
1227 3494 1452 3547 culturae
1481 3491 1667 3546 labore
1707 3493 1887 3546 incor-

297 3593 512 3655 ruptam
545 3584 809 3657 recipiant
843 3584 1170 3639 mercedem.

484 3676 513 3748 ς
544 3676 604 3731 ν.
633 3705 707 3716 --
728 3674 861 3727 Item
881 3689 947 3727 ea:
974 3670 1155 3726 eadem
1182 3670 1384 3741 Regula
1416 3670 1553 3742 (cap.
1580 3670 1692 3740 12).

368 3765 607 3821 Pistores
628 3778 759 3819 vero
782 3762 1093 3817 alternatim
1119 3776 1217 3832 per
1247 3762 1395 3816 vices
1433 3776 1571 3832 opus
1593 3776 1883 3817 commune

293 3856 517 3912 faciant.
547 3854 658 3910 Nec
699 3861 881 3908 tamen
914 3850 1019 3925 [ut]
1045 3852 1224 3907 minus
1262 3852 1435 3908 tribus
1468 3867 1576 3907 non
1622 3852 1732 3907 sint
1759 3868 1885 3923 pro-

367 4023 393 4051 ι
424 4007 547 4064 Post
575 4006 881 4062 secundam.
906 4005 1108 4061 Horam
1147 4004 1492 4069 matutinum,
1534 4017 1654 4072 quae
1684 4012 1768 4058 est
1796 4018 1887 4060 oc—

294 4088 656 4155 tara_n_ostra,
681 4092 879 4155 nempe
903 4077 1079 4155 prima
1106 4076 1268 4155 dicta.
1434 4153 1440 4155 Α
1614 4142 1625 4155 _

370 4150 397 4190 δ
423 4148 666 4219 ldipsum
706 4159 754 4203 et
782 4143 1043 4219 cette-rarii
1070 4148 1367 4219 etpistores
1393 4153 1443 4199 et
1472 4143 1625 4215 coqui
1668 4143 1885 4213 implere

293 4215 562 4276 studeant.
590 4219 644 4273 ω
674 4227 776 4281 est,
832 4217 1012 4272 claves
1058 4215 1396 4271 oﬂicinarum
1454 4229 1675 4269 suarum
1727 4223 1886 4271 nocte

295 4291 636 4360 consignent,
660 4302 730 4344 ne
750 4289 1001 4344 videlicet
1025 4287 1189 4357 aliqui
1217 4286 1284 4342 de
1312 4292 1472 4341 nocte
1487 4292 1773 4355 surgentes
1793 4302 1887 4340 co-

296 4369 623 4416 messentur.

1985 3219 2223 3273 triticum
2253 3226 2507 3290 purgent.
2540 3219 2645 3289 Ipsi
2671 3234 2740 3273 ex
2769 3233 2920 3274 more
2945 3219 3168 3275 molant.
3195 3218 3428 3274 Massam
3454 3228 3573 3275 tan-

1984 3310 2226 3365 tumdem
2256 3310 2509 3364 monachi
2536 3309 2853 3375 conficiant,
2878 3317 2933 3364 et
2960 3325 3158 3379 panem
3185 3308 3292 3364 sibi
3324 3308 3576 3365 manibus

1981 3400 2226 3469 propriis
2262 3400 2367 3468 ipsi
2395 3399 2619 3454 faciant.
2672 3399 2845 3455 Porro
2882 3414 2981 3470 pro
3008 3400 3317 3469 hospitibus
3334 3407 3391 3454 et
3421 3398 3575 3454 infir-

1984 3490 2089 3545 mis
2115 3489 2237 3544 laici
2266 3488 2471 3544 faciant
2506 3503 2696 3557 panes.

2267 3576 2295 3649 §
2336 3576 2465 3633 VIII.
2488 3607 2559 3617 ——
2585 3576 2723 3630 Item
2742 3575 2976 3647 ejusdem
3006 3575 3144 3647 (cap.
3179 3576 3291 3648 l2).

2055 3671 2314 3726 Ilortulus
2360 3685 2492 3725 sane
2543 3670 2686 3724 intra
2743 3670 3133 3725 monasterium
3182 3670 3255 3724 sit
3286 3651 3565 3735 .inclusus,

1985 3771 2274 3832 quatenus,
2305 3760 2434 3816 dum
2472 3760 2620 3831 iqtus
2665 3760 2918 3815 monachi
2964 3768 3277 3831 operantur,
3305 3760 3449 3816 nulla
3479 3778 3573 3817 oc-

1985 3856 2203 3913 casione
2233 3857 2475 3913 exterius
2509 3864 2826 3927 evagentur.

1985 4019 2317 4083 peratorem,
2369 4010 2764 4137 supplicatione
2799 4012 2863 4067 I6
2896 4030 2908 4067 :
2951 4029 2970 4064 (
3008 4012 3081 4068 Ut
3106 4012 3220 4082 ipsa
3252 4018 3568 4072 monasterii

1986 4082 2286 4137 ministeria
2313 4099 2408 4137 ner
2460 4090 2633 4137 ratres
2659 4082 3002 4137 ordinentur.
3038 4082 3091 4137 id
3120 4091 3222 4137 est.
3257 4084 3567 4137 Distrinum.

1986 4082 2286 4154 ministeria
2313 4099 2408 4154 per
2434 4082 2633 4154 fratres
2659 4082 3091 4154 ordinentur,“
3108 4091 3222 4154 est,
3257 4084 3567 4154 pistrinum,

1986 4155 2202 4219 hortus,
2248 4151 2593 4216 bratiarium,
2627 4153 2876 4223 coquina.
2914 4151 3267 4223 agricultura.
3305 4172 3323 4205 ι
3357 4153 3570 4217 Bratia-

1989 4226 2150 4288 rium,
2193 4238 2287 4278 seu
2317 4224 2714 4287 hratiatorium,
2746 4232 2839 4278 aut
2861 4222 3277 4287 braiiatorium,
3305 4225 3446 4293 quod
3467 4242 3568 4282 nos

1988 4295 2183 4349 Franci
2228 4294 2593 4349 occidentales
2619 4308 2898 4359 vocamus,
2924 4293 3201 4358 brasserie,
3225 4301 3308 4348 est
3332 4293 3567 4361 omcina,

1988 4365 2044 4419 in
2088 4378 2195 4435 qua
2248 4365 2479 4420 cervisia
2517 4377 2611 4419 seu
2661 4364 2882 4434 zythum
2929 4363 3244 4435 conficitur,
3275 4366 3566 4435 anomine,

371 4441 394 4469 ο
447 4427 618 4501 Usque
641 4429 711 4515 at!
737 4429 1043 4485 secundam.
1087 4428 1488 4515 vespertinam,
1509 4442 1659 4515 quael
1678 4434 1761 4480 est
1788 4442 1884 4481 no-
1910 4456 1962 4515 Ι)
1988 4427 2377 4515 braiium,_§eu,
2414 4435 2665 4515 lirasium,
2691 4427 2832 4515 quod
2857 4433 3023 4515 veteri
3048 4427 3566 4515 GermanorumJiq.’

296 4509 413 4555 stra
446 4496 659 4555 octava.
685 4499 871 4569 Itaque
902 4515 1025 4554 cum
1057 4498 1216 4569 paulo
1257 4506 1381 4553 ante
1410 4498 1566 4557 dixit,
1601 4496 1664 4549 ab
1696 4513 1883 4569 occasu

294 4570 444 4653 ιριὶε,
474 4571 589 4653 haec
613 4566 799 4626 verba'
834 4569 995 4641 paulo
1032 4566 1192 4624 latius
1220 4569 1480 4623 sumenda
1508 4574 1636 4622 sunt
1661 4580 1761 4635 pro
1787 4566 1886 4620 ini-

296 4650 373 4695 tio
398 4650 591 4696 noctis.

366 4709 393 4749 (ι
418 4709 844 4767 Deliberandum.
867 4708 926 4765 Id
950 4717 1057 4775 est,
1087 4708 1522 4778 colloquendum.

373 4790 396 4819 °
429 4780 487 4837 Si
521 4781 642 4834 talis
668 4781 949 4834 necessitas
986 4773 1267 4850 hospitum:
1309 4776 1407 4831 Hic
1431 4777 1589 4850 locus
1617 4773 1881 4850 intellige-

293 4861 387 4928 tur
414 4859 625 4928 tantum
657 4851 723 4904 de
748 4849 1052 4928 hospitibus
1081 4846 1182 4902 'vel
1231 4846 1536 4928 peregrinis
1575 4847 1877 4928 monachis.

293 4921 432 4978 Nam
457 4921 617 4993 paulo
646 4928 768 4990 post
794 4915 1047 4993 prohibet
1087 4933 1156 4972 ne
1184 4915 1307 4987 quis
1340 4915 1583 4993 virorum
1611 4916 1694 4969 vel
1722 4915 1878 4970 femi-

295 4988 490 5069 narum
534 4988 675 5046 intra
704 4988 1036 5069 monasterii
1060 4996 1213 5059 septa
1254 4988 1524 5069 comedat,
1552 4993 1753 5055 praeter
1783 4999 1878 5040 eos

295 5062 388 5134 qui
417 5077 628 5117 sacram
653 5060 969 5130 religionem
998 5059 1112 5114 Deo
1144 5059 1412 5112 voverint.
1604 5125 1636 5137 η

376 5131 396 5172 ἲ
426 5130 504 5186 De
519 5132 775 5186 omnibus.
801 5130 1001 5201 Nempe
1030 5130 1097 5183 ad
1120 5129 1321 5183 victum
1345 5140 1687 5189 necessariis,
1716 5132 1879 5195 atque

295 5202 560 5283 etiamad
589 5202 909 5283 capiendum
935 5214 1246 5283 somnum...
1324 5282 1327 5283 ν
1402 5268 1418 5283 .
1652 5280 1733 5283 ru

370 5276 395 5310 κ
428 5270 493 5325 Ut
523 5265 671 5325 omni
688 5270 926 5340 custodia
966 5270 1082 5324 tuti.
1113 5269 1205 5323 Est
1232 5268 1566 5340 hyperbaton
1591 5280 1759 5340 tuam
1789 5265 1877 5320 his

295 5342 499 5418 verbis,
526 5343 615 5412 qui
638 5351 699 5418 _et
724 5339 971 5418 loquendi
1004 5334 1286 5418 licentiam'
1309 5334 1525 5418 habent,
1549 5334 1870 5418 subjungen-

297 5414 430 5468 dum
471 5406 592 5467 erat
638 5411 741 5466 hoc
788 5406 1133 5474 membrum,
1168 5417 1229 5463 ut
1278 5406 1550 5464 referatur
1594 5407 1662 5460 ad
1709 5406 1883 5474 pisto-

298 5498 407 5626 ξεῖ.
425 5549 492 5626 In
522 5547 1073 5626 brachisitorium._lta
1104 5547 1305 5626 in_cod.
1330 5547 1517 5626 Vin_d.,
1547 5545 1666 5626 lege
1687 5546 1877 5626 tamin

302 5620 633 5684 bratiatorio,
665 5618 748 5673 vel
770 5619 1024 5674 bratiario
1049 5635 1067 5670 :
1096 5618 1249 5689 cujus
1277 5618 1480 5689 mentio
1497 5625 1589 5689 est
1610 5614 1669 5689 in
1698 5614 1878 5689 libello

302 5692 529 5766 supplici
560 5690 948 5747 monachorum
978 5685 1323 5747 Fuldensium
1368 5688 1434 5743 ad
1484 5686 1736 5743 Carolum
1774 5685 1872 5741 im-

2026 4520 2095 4558 ua
2110 4505 2398 4577 Asigniﬁcat
2420 4505 2682 4577 hor_deum
2704 4504 2769 4557 de
2792 4502 3007 4577 madido
3030 4501 3403 4577 torrefactum.
3434 4504 3571 4558 Vide

2014 4570 2444 4645 ihristophorum
2470 4644 2479 4645 ί
2508 4573 2861 4645 Browerum,
2907 4570 3001 4624 lib.
3052 4585 3113 4625 ιιι
3165 4570 3568 4641 Antiquitatum

1986 4643 2359 4709 Fuldensium,
2383 4660 2434 4698 c.
2461 4643 2546 4696 12.

2066 4717 2081 4790 ξ
2112 4714 2195 4795 ξίς
2224 4708 2554 4795 ρναςροδὶιιιε.
2581 4712 2650 4795 ἰ’Ᾱρ
2677 4708 3085 4795 siltrequndat.‘
3174 4788 3186 4795 Δ
3285 4779 3298 4794 ο

2062 4782 2075 4832 i
2114 4784 2192 4837 Ad
2210 4778 2496 4863 ianitorem
2518 4779 2811 4863 pertinebit.
2844 4779 2971 4835 lber.
2991 4778 3261 4835 habentur
3284 4779 3338 4835 in
3361 4779 3569 4853 Regula

1986 4868 2187 4910 excusa
2210 4849 2284 4907 'S.
2309 4849 2527 4914 Isidori,’
2548 4866 2669 4921 cap.
2696 4849 2787 4905 20.

2058 4924 2084 4963 ι
2117 4923 2451 4979 Exterarum.
2488 4918 2651 4992 Lege,
2683 4920 3038 4992 exteriorum;
3062 4927 3124 4992 ut
3150 4919 3205 4973 in
3235 4918 3439 4992 Regula
3468 4934 3566 4975 ex-

1985 5009 2136 5049 cusa.
2184 4992 2432 5048 Claustra
2483 4987 2753 5046 extériora
2792 4998 2917 5044 sunt
2954 4987 3181 5044 ollicina:
3219 4989 3306 5044 vel
3322 4987 3561 5055 'domus,

1984 5080 2106 5136 qua:
2125 5071 2261 5136 sunt
2280 5073 2434 5118 extra
2459 5069 2616 5136 septa
2636 5059 2972 5136 monasterii.

2063 5133 2079 5173 ι
2115 5134 2247 5189 Item
2272 5150 2397 5186 cura
2418 5127 2829 5205 peregrinorum.
2849 5127 2975 5205 Ilaec
2996 5128 3249 5205 usquead
3268 5127 3563 5205 i_lla_verbt_t,

1983 5221 2070 5259 ars
2097 5213 2270 5258 autem
2293 5198 2830 5272 pistoria,'habcntur
2849 5199 2901 5253 in
2924 5199 3030 5254 line
3056 5199 3249 5269 capitis
3277 5199 3331 5255 in
3356 5198 3565 5269 Regula

1982 5286 2372 5416 θιῗῗίθαοά.
2404 5342 2567 5415 L889:
2605 5342 2661 5395 ίη
2696 5346 2975 5413 quantum’
3024 5345 3085 5392 ut
3129 5339 3186 5393 in
3234 5337 3439 5411 Regula
3466 5352 3560 5393 ex.

1981 5430 2201 5554 cuia)”
2241 5483 2403 5537 [uicos
2439 5480 2730 5554 pertinebit.
2784 5480 2860 5554 De
2911 5478 3066 5554 laicis
3112 5478 3236 5534 vide
3283 5492 3405 5554 qum
3460 5490 3599 5545 ω’.

1976 5571 2072 5627 pra
2110 5550 2363 5612 adnotata
2393 5548 2519 5610 sunt
2546 5552 2651 5609 hoc
2686 5550 2864 5621 capite
2898 5548 2964 5603 ad
3001 5557 3247 5605 sanctum
3283 5548 3555 5604 Fructuo-

1978 5642 2118 5682 sum.
