4014 6186
467 265 605 320 1545

861 370 888 442 §
916 369 1006 424 IX.
1034 395 1104 408 ——
1130 364 1264 419 Item
1289 363 1424 434 (cap.
1462 358 1528 414 l9
1559 360 1628 427 α).

535 467 616 521 Ad
660 462 1007 518 hortulanum
1057 454 1352 528 pertinebit
1412 451 1643 506 munitio
1689 445 2044 514 custodiaque

468 563 774 624 hortorum,
820 554 1057 609 alvearia
1095 565 1280 620 apum,
1325 562 1455 603 cura
1491 544 1758 599 seminum
1807 541 2046 596 diverso-

464 667 609 716 rum,
633 665 696 704 ac
724 644 1063 703 denuntiatio
1093 643 1242 714 quid,
1273 639 1489 710 quando
1517 641 1766 708 oporteat
1792 634 1845 688 in
1874 632 2047 688 hortis

463 758 572 798 seri
606 750 699 794 aut
723 737 975 810 plantari.

520 833 548 906 §
581 833 648 887 Χ.
677 863 750 874 -
778 831 856 884 Ex
893 829 1109 884 Rasum
1149 840 1337 880 sane"
1373 822 1667 877 Aususvmr
1707 818 1845 890 (cap.
1873 811 1987 886 40).

533 904 561 964 ἱ)
589 923 660 978 Ut
689 930 868 977 autem
891 935 988 974 vos
1025 919 1080 972 in
1120 919 1222 971 hoc
1247 913 1427 968 libello
1463 921 1718 980 tauquam
1747 910 1798 962 in
1830 904 2047 975 speculo

461 1013 685 1084 possitis
712 1012 1000 1080 inspicere,
1034 1023 1101 1061 ne
1149 1021 1246 1076 per
1287 1004 1615 1058 oblivionem
1645 997 1849 1067 aliquid
1879 994 2047 1067 negli-

465 1106 628 1178 gatis,
659 1102 825 1159 semel
856 1103 909 1156 in
933 1099 1234 1169 septimana
1263 1095 1416 1149 vobis
1452 1094 1665 1161 legatur
1701 1105 1715 1143 :
1753 1096 1807 1143 et
1832 1087 1922 1141 ubi
1949 1101 2047 1140 vos

463 1193 804 1256 inveneritis,
831 1206 951 1260 quae
977 1190 1178 1258 scripta
1223 1193 1369 1249 sunt,
1410 1182 1698 1245 facientes,
1751 1177 1893 1249 agite
1922 1193 2048 1248 gra-

462 1285 569 1338 tias
598 1282 829 1336 Domiao
857 1281 1121 1332 bonorum
1153 1273 1416 1343 largitori.
1445 1271 1551 1326 Ubi
1591 1277 1771 1323 autem
1796 1267 1898 1322 sibi
1929 1266 2045 1335 qui—

466 1388 682 1441 cunque
702 1379 946 1426 vestrum
975 1368 1123 1421 videt
1146 1365 1348 1434 aliquid
1379 1363 1586 1424 deesse,
1614 1360 1792 1415 doleat
1821 1359 1888 1412 de
1911 1373 2049 1426 pra:-

460 1464 646 1527 terito,
689 1469 876 1517 caveat
922 1459 986 1514 de
1033 1456 1240 1521 futuro,
1277 1467 1299 1494 ο
1335 1469 1498 1508 orans
1543 1461 1604 1507 ut
1644 1452 1746 1507 sibi
1795 1459 1850 1505 et
1895 1450 2046 1504 debi-

466 1565 581 1608 tum
607 1553 929 1615 dimittatur,
959 1559 1014 1604 et
1039 1550 1091 1603 in
1121 1547 1471 1603 tentationem
1494 1560 1599 1599 non
1631 1544 1937 1598 inducatur.

521 1647 547 1720 ς
584 1647 674 1701 ΧΙ.
703 1676 773 1687 -
803 1645 881 1698 Ex
913 1644 1132 1697 Rasum
1170 1641 1398 1694 Asnam
1439 1651 1675 1691 EPISCOPI
1709 1635 1845 1706 (cap.
1877 1631 1988 1704 54).

1492 248 1551 303 S.
1593 241 1955 301 BENEDICTI
1996 238 2288 295 ABBATIS
2327 231 2734 292 ANIANENSIS

2071 357 2120 414 Α
2148 348 2274 404 mile
2298 347 2574 404 habebunt
2607 343 2901 405 silentium,
2936 346 2992 395 et
3017 345 3228 393 tantum
3257 335 3327 392 de
3344 335 3580 405 psalmis
3609 339 3750 394 etde

3614 219 3748 276 1341

2150 440 2448 511 Scripturis
2488 438 2693 508 aliquid
2746 447 2770 476 ο
2811 432 3193 494 decantabunt,
3252 429 3430 516 donec
3470 442 3616 497 opus
3656 445 3753 482 un-

2148 533 2350 602 pleant.
2386 529 2445 586 Si
2471 530 2601 601 quid
2626 526 2999 584 necessarium
3037 521 3355 585 habuerint,
3395 535 3505 574 non
3525 519 3754 586 loquen-

2149 630 2258 686 tur,
2297 621 2316 660 ί
2357 621 2455 674 sed
2483 619 2699 689 signum
2747 616 2952 670 dabunt
2998 611 3084 667 his
3127 609 3220 681 qui
3261 617 3498 682 possunt
3555 607 3753 664 δῦθι-η

2149 715 2344 787 quibus
2371 715 2630 784 indigent.

2558 822 2747 895 §XlV.
2781 851 2851 862 —
2881 819 3017 875 Item
3056 819 3196 892 (cap.
3223 815 3333 889 l7).

2224 941 2249 978 8
2275 936 2500 1004 Quando
2529 935 2597 990 ad
2633 932 2972 988 miscendum
3015 929 3250 984 farinam
3292 926 3482 982 vocati
3523 924 3751 989 fuerint,

2150 1028 2330 1084 nullus
2359 1027 2594 1082 resideat
2621 1026 2677 1080 in
2718 1025 2842 1079 loco
2876 1036 3046 1093 panes
3083 1019 3483 1090 coquentium;
3507 1017 3754 1085 exceptis

2149 1120 2236 1174 bis
2258 1120 2349 1189 qui
2381 1118 2616 1173 coctioni
2672 1116 2943 1172 sufficient
2989 1123 3046 1170 et
3090 1113 3287 1184 quibus
3315 1111 3542 1182 iussum
3569 1108 3750 1174 fuerit,

2149 1211 2176 1250 δ
2207 1225 2368 1264 nemo
2389 1208 2670 1264 residebit.

2150 1319 2177 1390 ς
2210 1317 2325 1373 XV.
2347 1318 2518 1373 —-Ex
2546 1318 2768 1373 Rasum
2799 1318 2966 1374 PAULI
3001 1333 3071 1372 ετ
3102 1315 3379 1371 δτεριιλιιι
3411 1312 3564 1386 (cap.
3598 1312 3670 1367 52
3691 1310 3750 1383 ί).

2220 1429 2544 1501 Magnopere
2567 1438 2750 1484 autem
2793 1427 2862 1482 ab
2916 1427 3170 1484 omnibus
3214 1435 3302 1481 est
3339 1425 3660 1479 cavendum
3695 1439 3754 1477 ne

2147 1529 2243 1575 aut
2267 1521 2320 1574 in
2351 1521 2598 1590 pistrino,
2639 1530 2733 1574 aut
2792 1521 2845 1574 in
2880 1533 3204 1589 quacunque
3243 1531 3518 1571 manuum
3561 1529 3756 1584 opera-

2149 1612 2293 1667 tione
2323 1613 2520 1682 aliquis
2566 1612 2795 1668 fratrum
2825 1613 2979 1683 pigre
3017 1619 3074 1667 et
3113 1625 3222 1666 non
3248 1611 3396 1664 inter
3424 1609 3646 1679 primos
3674 1623 3762 1664 oc-

532 1712 600 1794 Et
627 1753 742 1802 vos,
777 1742 963 1792 sancta
991 1733 1358 1804 congregatio,
1404 1738 1465 1784 ut
1491 1728 1671 1783 omnia
1699 1742 1818 1796 quae
1858 1725 1911 1778 in
1943 1725 2046 1778 hac
2075 1719 2121 1778 B
2149 1712 2356 1804 ουηξιξς

461 1829 667 1900 Regula
695 1843 796 1898 pro
836 1825 1079 1880 remedio
1130 1824 1324 1877 anima:
1364 1829 1595 1885 nostra),
1627 1826 1682 1872 et
1718 1832 1817 1886 pro
1841 1816 2048 1868 anima-

463 1936 584 1974 rum
607 1927 910 1973 vestrarum
938 1915 1112 1971 salute
1145 1915 1456 1977 statuimus,
1499 1913 1710 1982 integra
1749 1918 1805 1964 et
1841 1908 2048 1962 illibata

463 2009 804 2074 custodiatis,
855 2017 910 2063 et
949 2024 1016 2062 ne
1053 2022 1152 2074 per
1189 2006 1516 2060 oblivionem
1562 2001 1767 2071 aliquid
1820 2000 2051 2071 negliga-

462 2101 553 2163 tis,
579 2097 748 2153 semel
798 2114 862 2152 ea
906 2098 960 2150 in
1005 2097 1224 2167 triginta
1269 2095 1462 2151 diebus
1498 2091 1742 2164 relegite,
1791 2090 1846 2146 id
1880 2100 1965 2146 est
1995 2091 2049 2145 in

463 2189 740 2244 Kalendis.

525 2278 552 2352 ς
588 2279 698 2333 Xll.
723 2309 794 2319 -——
822 2279 901 2332 Ex
939 2278 1160 2334 Rasuut
1193 2293 1379 2334 sucu
1416 2275 1679 2331 Pssnoun
1712 2275 1850 2346 (cap.
1878 2273 1990 2348 68).

533 2369 937 2424 Levitonarium
966 2378 1021 2424 et
1058 2369 1322 2440 quidquid
1371 2369 1426 2423 in
1457 2375 1606 2423 veste
1647 2374 1732 2421 est
1757 2366 2057 2421 monacho-

466 2477 607 2528 rum,
633 2477 790 2517 nemo
817 2462 960 2517 lavet
983 2460 1134 2535 [nisi]
1166 2462 1254 2517 die
1284 2460 1583 2527 Dominica,
1621 2467 1820 2530 praeter
1859 2465 2056 2513 nautas

465 2560 521 2608 et
556 2553 785 2623 pistrina
795 2553 922 2607 rios.

853 2643 880 2716 ᾗ
919 2641 1054 2697 Xlll.
1081 2674 1153 2682 —
1179 2641 1313 2696 Item
1346 2641 1484 2715 (cap.
1518 2640 1666 2712 116).

539 2735 562 2776 δ
588 2735 812 2803 Quando
843 2735 1075 2789 farinam
1121 2741 1488 2806 conspergunt
1535 2748 1696 2803 aqua,
1728 2738 1784 2786 et
1823 2744 2059 2786 massam

470 2829 745 2898 subigunt,
778 2842 938 2882 nemo
965 2827 1218 2897 loquatur
1243 2827 1421 2881 alteri.
1464 2825 1621 2880 Mane
1655 2823 1873 2895 quando
1906 2824 2059 2878 tabu-

2267 1793 2295 1866 ᾗ
2321 1792 2460 1850 XVI.
2485 1825 2557 1835 —
2583 1795 2661 1850 Ex
2699 1796 2918 1852 Rasum
2959 1795 3303 1851 TARNATENSI
3347 1794 3496 1867 (cap.
3527 1795 3648 1867 10).

2220 1884 2446 1952 Quando
2487 1901 2656 1955 panes
2694 1885 2922 1952 faciunt,
2956 1898 2968 1937 1
3010 1888 3096 1940 vel
3142 1887 3195 1941 in
3232 1887 3384 1941 omni
3418 1886 3763 1941 monasterio

2152 1978 2178 2018 ι
2209 1978 2547 2047 corporalem
2585 1979 2826 2032 laborem
2859 1993 3016 2032 suum
3071 1989 3258 2032 mutuo
3303 1977 3680 2032 relevabunt:
3709 1987 3760 2032 et

2151 2069 2451 2139 quamlibet
2479 2069 2787 2139 cuicunque
2835 2069 2986 2138 operi
3026 2083 3149 2124 esse
3188 2069 3486 2123 videantur
3538 2068 3756 2133 intenti,

2151 2159 2345 2214 orandi
2377 2166 2433 2214 et
2460 2158 2726 2228 psallendi
2752 2167 2997 2230 tempora
3033 2174 3142 2213 non
3195 2159 3459 2213 omittant
3490 2178 3504 2210 :
3538 2168 3602 2212 ut
3633 2159 3758 2213 dum

2151 2265 2309 2306 escas
2332 2249 2539 2321 eligunt
2587 2265 2900 2320 praeparare
2929 2250 3198 2316 carnales,
3232 2249 3564 2320 spiritaliter
3595 2252 3758 2304 verba

2153 2343 2251 2399 Dei
2277 2353 2333 2398 et
2360 2344 2515 2398 bonae
2558 2345 2907 2399 conscientia:
2936 2343 3288 2398 meditatione
3327 2351 3659 2410 pascantur.
3689 2342 3763 2396 De

2153 2449 2262 2505 quo
2286 2442 2466 2489 tamen
2488 2449 2654 2505 opere
2678 2434 2884 2488 nullum
2916 2434 3106 2488 deesse
3141 2432 3417 2495 convenit,
3450 2432 3561 2486 nisi
3598 2445 3760 2501 quem

2155 2533 2394 2580 retentat
2438 2525 2756 2590 inﬁrmitas,
2811 2533 2902 2578 aut
2952 2539 3113 2594 quem
3169 2523 3501 2594 praepositus
3550 2522 3611 2576 in
3662 2521 3759 2575 alia

2163 2616 2182 2656 ι
2215 2632 2380 2673 causa
2407 2618 2735 2688 praeceperit
2757 2617 3037 2688 occupari.

2457 2727 2486 2802 ς
2519 2728 2680 2784 XVII.
2705 2759 2768 2768 —-
2796 2729 2876 2783 Ex
2902 2727 3124 2784 Rasum
3152 2727 3442 2783 Pssuoun.

2229 2831 2270 2860 ω
2294 2819 2484 2876 Nullus
2527 2821 2592 2876 de
2620 2821 2781 2875 horto
2818 2818 2970 2875 tollat
3011 2818 3181 2884 olera,
3215 2818 3322 2873 nisi
3350 2819 3422 2873 ab
3461 2818 3759 2874 hortulano

468 2921 551 2977 las
575 2920 644 2975 ad
671 2919 890 2975 furnum
921 2918 1006 2973 vel
1035 2919 1103 2973 ad
1139 2918 1384 2974 elibanos
1431 2918 1722 2987 deportant
1761 2930 1950 2985 panes,
1989 2914 2062 2970 si-
2159 2913 2453 2983 acceperit.

539 3064 567 3092 ι
597 3052 728 3121 gap.
755 3052 827 3106 20
849 3050 1070 3121 Regula:
1095 3065 1328 3121 exausta.

537 3122 566 3161 δ
598 3116 888 3174 Πιάιιεεηι.
916 3116 1157 3174 liabetur
1182 3120 1237 3172 in
1279 3117 1479 3186 Regula
1510 3117 1567 3169 S.
1599 3116 1908 3186 Augustini,
1933 3132 2060 3187 cap.

466 3190 559 3254 43,
587 3190 730 3259 quod
759 3197 843 3243 est
873 3189 1154 3253 ultimum;
1197 3197 1251 3242 et
1291 3189 1345 3241 in
1379 3188 1485 3241 line
1530 3187 1757 3257 epistola
1787 3187 1887 3242 109
1913 3188 2058 3258 ejus-

468 3260 590 3313 dem
613 3258 681 3329 '_S.
715 3259 1021 3329 Augustini.

541 3341 563 3368 ι
596 3327 767 3383 Orans
788 3326 843 3382 ut
879 3330 998 3382 sibi.
1035 3326 1187 3392 Illud,
1229 3328 1349 3392 sibi,
1380 3341 1502 3381 norr
1529 3334 1708 3380 exstat
1748 3327 1802 3382 in
1854 3326 2056 3396 Regula

467 3414 690 3466 excusa,
729 3415 832 3454 nec
860 3399 914 3454 in
951 3399 1074 3454 cod.
1121 3413 1222 3452 ms.
1269 3397 1454 3463 Corb.,
1495 3411 1596 3452 nec
1624 3397 1679 3451 in
1721 3397 1947 3467 epistola
1979 3398 2056 3452 ci-

473 3477 606 3523 tata.

538 3539 565 3578 ἀ
595 3538 819 3604 Quando
847 3539 1100 3610 farinam.
1133 3537 1324 3594 Exstat
1352 3538 1406 3592 in
1430 3536 1636 3608 Regula
1668 3537 1725 3592 S.
1769 3536 2049 3593 Pachomii

469 3624 693 3674 excusa,
717 3618 822 3663 art.
847 3609 936 3663 65.

508 3691 570 3760 Le
599 3679 988 3760 Decantabunt.
1011 3677 1069 3732 in
1101 3677 1304 3760 Regula
1335 3678 1394 3760 S.
1431 3677 1711 3760 Pachomii
1747 3692 1946 3733 excusa
1977 3678 2054 3734 le-

469 3749 634 3820 gitur,
668 3748 1081 3812 meditabantur,
1112 3748 1254 3818 quOd
1279 3748 1500 3818 perinde
1527 3757 1628 3802 est.

552 3817 569 3888 ἵ
604 3815 708 3871 Sed
757 3819 963 3888 signum
999 3817 1218 3872 dabunt.
1249 3819 1306 3873 In
1335 3818 1524 3873 eadem
1565 3817 1772 3888 Regula
1829 3833 2051 3885 excusa,

471 3887 563 3941 sed
589 3889 794 3957 signum
816 3887 958 3940 dent.

547 3959 572 3997 ε
601 3955 825 4029 Quando
848 3958 916 4009 ad
938 3958 1254 4029 miscendam
1276 3958 1525 4028 farinam.
1552 3958 1607 4011 In
1635 3957 1837 4029 Regula
1871 3957 1929 4013 S.
1957 3957 2059 4012 Pa-

472 4025 672 4099 chomii
702 4041 903 4081 excusa
938 4028 1026 4099 hic
1064 4025 1325 4099 articulus
1375 4043 1480 4082 non
1538 4025 1824 4098 separatur
1850 4046 1880 4083 a
1919 4045 2058 4099 pra:-

473 4096 702 4149 cedente
726 4114 740 4161 ;
779 4105 834 4150 et
857 4106 990 4167 puto
1013 4098 1068 4152 in
1095 4098 1250 4152 titulo
1272 4098 1459 4154 deesse
1485 4096 1688 4165 notam,
1711 4115 1759 4162 c,
1787 4109 1846 4154 ut
1864 4096 2056 4154 secun-

2160 3047 2287 3103 dum
2321 3057 2566 3104 nostrum
2592 3056 2873 3103 auctorem
2924 3047 3014 3102 hic
3050 3045 3312 3100 articulus
3332 3047 3402 3098 sit
3433 3061 3614 3108 cxvu,
3641 3061 3760 3100 cum

2161 3120 2426 3188 superior,
2479 3121 2563 3174 cui
2606 3121 2660 3174 in
2727 3118 2932 3188 Regula
2983 3131 3182 3171 excusa
3234 3131 3484 3188 annexus
3531 3126 3672 3188 est,
3699 3118 3761 3170 sit

2151 3185 2309 3258 juita
2344 3201 2589 3245 nostrum
2618 3185 2898 3243 auctorem
2928 3202 3073 3253 sxw,
3100 3197 3155 3241 et
3189 3186 3344 3240 ambo
3387 3185 3458 3239 ad
3503 3187 3761 3240 eamdem

2158 3261 2443 3328 materiam
2466 3265 2733 3328 spectent.

2228 3329 2256 3369 ιι
2283 3327 2452 3383 Nemo
2478 3325 2743 3383 residebit.
2773 3325 2946 3382 Verba
2969 3328 3086 3382 hmo
3099 3342 3205 3381 non
3226 3333 3448 3382 exstant
3467 3325 3532 3396 in
3553 3325 3758 3396 Regula

2159 3397 2218 3454 S.
2247 3399 2524 3454 Pachomii
2547 3399 2714 3463 edita,
2748 3415 2870 3468 qua:
2900 3413 3030 3452 sane
3051 3398 3301 3468 videntur
3335 3394 3644 3468 superflua.

2236 3471 2252 3538 ἰ
2284 3469 2341 3522 1η
2375 3469 2578 3538 Regula
2603 3485 2706 3524 ms.
2730 3465 2850 3523 cod.
2881 3468 3129 3538 Flor.,ic.
3154 3465 3270 3538 53._
3408 3465 3422 3466 ί
3579 3465 3582 3468 ’

2234 3537 2246 3589 i
2290 3536 2638 3622 Vel-inomni
2680 3538 3017 3592 monasteria.
3059 3536 3372 3608 Legendum
3405 3545 3564 3606 puto,
3604 3536 3683 3589 rei
3707 3537 3754 3588 in

2159 3620 2300 3663 omni
2333 3620 2639 3664 ministerio.

2235 3679 2258 3718 ¹ί
2284 3678 2624 3749 Corporalent
2655 3679 2886 3733 laborem
2931 3695 3085 3749 suum
3137 3687 3319 3730 mutuo
3352 3677 3676 3749 relevabunt.
3705 3676 3754 3730 ld

2162 3757 2266 3814 est,
2301 3751 2353 3820 in
2387 3748 2653 3820 corporali
2683 3749 2867 3803 labore
2907 3765 3005 3804 suo
3041 3748 3142 3802 sibi
3174 3748 3409 3802 invicem
3435 3748 3750 3802 succedent.

2241 3819 2254 3858 ι
2283 3819 2490 3888 Causa.
2513 3819 2568 3873 Id
2599 3829 2705 3883 est,
2739 3833 2923 3888 Opere.

2235 3902 2274 3928 ω
2300 3887 2494 3942 Nullus
2519 3889 2583 3942 de
2608 3884 2793 3943 Ιιονιοῖ
2831 3889 3022 3958 Exstat
3051 3889 3103 3942 in
3145 3887 3351 3958 Regula
3381 3887 3532 3958 edita
3562 3884 3624 3938 S.
3661 3885 3754 3958 Ps-

2166 3959 2387 4024 chomii,
2417 3967 2522 4013 art.
2551 3959 2641 4023 58,
2674 3967 2729 4012 et
2755 3957 2993 4013 refertur
3022 3973 3184 4026 supra
3216 3955 3319 4012 lioc
3346 3957 3530 4026 capite
3557 3973 3625 4010 ex
3664 3955 3756 4007 Re-

2203 4031 2288 4083 ula
2312 4029 2596 4084 Orientali.
2621 4029 2832 4084 Citatur
2858 4037 3042 4082 autem
3069 4045 3097 4081 a
3123 4037 3308 4082 nostro
3339 4037 3604 4088 auctore,
3635 4026 3751 4096 quia

2211 4141 2223 4152 .
2264 4099 2590 4155 Benedictus
2614 4099 2717 4154 hoc
2747 4099 2926 4168 capite
2955 4099 3097 4153 horti
3135 4098 3472 4152 mentionem
3506 4096 3659 4151 facit.

1763 4349 1814 4425 C
1831 4348 2099 4426 APUT
2179 4349 2416 4426 LXXI
2433 4348 2494 4424 Ι.

1511 4497 1600 4553 DE
1638 4497 2035 4554 FRATRIBUS
2073 4499 2140 4554 ΙΝ
2179 4498 2294 4554 VIA
2335 4497 2670 4554 DIRECTIS.

1928 4619 2000 4632 —

722 4675 813 4749 εἰ.
840 4674 1002 4728 -Ες
1043 4673 1258 4729 Rasum
1289 4689 1476 4728 ssas'rt
1505 4674 1819 4730 BENEDICTI.

551 4763 825 4837 Dirigendi
869 4763 1065 4818 fratres
1091 4774 1114 4802 ιι
1149 4763 1202 4816 in
1252 4762 1337 4817 via
1362 4763 1389 4802 ι»
1419 4765 1658 4818 omnium
1698 4764 1927 4819 fratrum
1973 4762 2062 4819 vel

555 4917 579 4944 ιι
613 4901 680 4956 In
705 4902 808 4955 via.
837 4899 894 4971 S.
918 4898 1246 4963 Dunstanus,
1271 4897 1600 4971 Smaragdus
1621 4907 1676 4955 et
1695 4915 1824 4955 mss.
1851 4899 1910 4955 S.
1927 4900 2056 4955 Ebr.

477 4984 535 5029 et
560 4972 700 5026 Vict.
732 4987 809 5039 p.,
840 4970 1024 5040 legunt
1050 4989 1063 5025 :
1089 4971 1143 5024 in
1169 4971 1325 5024 viam.

555 5042 580 5082 δ
623 5039 871 5095 Omnium
898 5039 1120 5109 fratrum
1161 5041 1239 5093 vel
1284 5040 1487 5093 abbatis
1539 5056 1594 5094 se
1639 5041 1866 5094 orationi
1917 5056 2062 5094 com-

481 5111 740 5165 mendent.
791 5109 1061 5164 Particula
1088 5109 1163 5180 vel
1191 5111 1422 5164 sumitur
1450 5111 1550 5165 hoc
1581 5110 1698 5164 loco
1727 5111 2050 5180 copulative.

486 5182 702 5235 Fratres
732 5189 910 5235 autem
949 5181 1002 5234 in
1046 5179 1131 5233 via
1160 5179 1448 5250 dirigendi,
1482 5196 1540 5234 se
1570 5181 1696 5236 olim
1728 5179 1852 5233 ante
1882 5181 2056 5235 altare

481 5251 915 5320 prosternebant,
943 5257 1000 5304 ut
1037 5251 1195 5321 docet
1237 5251 1591 5321 Smaragdus,
1624 5251 1713 5320 qui
1761 5260 1815 5305 et
1863 5266 2055 5320 preces

483 5322 738 5376 dicendas
766 5321 1008 5390 profert:
1041 5339 1059 5372 t
1093 5320 1188 5375 His
1222 5336 1348 5374 vero
1391 5320 1649 5375 fratribus
1673 5321 1724 5374 in
1749 5322 1892 5374 viam
1923 5321 2054 5374 diri-

483 5391 670 5462 gendis
696 5400 750 5445 et
777 5401 903 5447 ante
933 5391 1106 5446 altare
1130 5392 1437 5462 prostratis,
1471 5402 1526 5444 et
1555 5392 1623 5445 ab
1654 5392 1903 5445 omnibus
1930 5405 2056 5462 01⁸3-

487 5461 683 5530 tionem
716 5464 1063 5530 poscentibus
1099 5461 1243 5516 dicat
1271 5462 1522 5516 sacerdos
1564 5463 1662 5516 hos
1698 5477 1904 5523 versus,
1938 5461 2053 5527 ipso

488 5529 773 5601 incipiente
796 5539 851 5585 et
877 5533 999 5586 aliis
1041 5532 1507 5601 respondentibus.
1540 5530 1722 5586 Salvos
1768 5531 1853 5600 fac
1879 5547 2051 5584 servos

485 5600 802 5680 tuos:.l)eus
845 5619 1029 5680 meus,
1067 5600 1332 5672 sperantes
1381 5605 1434 5655 in
1478 5613 1544 5658 te.
1601 5601 1800 5680 Perﬁce
1839 5617 2050 5680 gressus

489 5682 624 5722 meos
651 5673 703 5723 in
731 5672 923 5727 semitis
956 5676 1081 5740 tuis,
1123 5684 1175 5726 ut
1205 5689 1303 5727 non
1350 5683 1653 5729 moveantur
1676 5673 1882 5745 vestigia
1915 5687 2048 5726 mea.

2083 4679 2136 4736 D
2162 4675 2374 4731 abbatis
2403 4690 2462 4729 se
2487 4670 2718 4728 orationi
2755 4670 3154 4735 commendent,
3187 4679 3243 4724 et
3286 4686 3511 4742 semper
3542 4675 3611 4731 ad
3633 4693 3747 4731 ora-

2161 4770 2363 4824 tionem
2389 4766 2634 4820 ultimam
2658 4764 2838 4832 operis
2862 4763 2956 4817 Dei
2984 4774 3005 4800 ε
3031 4765 3485 4819 commemoratio
3510 4769 3742 4821 omnium

2162 4898 2399 4952 Lucerna
2436 4895 2650 4965 pedibus
2686 4895 2811 4947 meis
2840 4900 3051 4965 uerbum
3082 4903 3253 4965 tuum,
3291 4894 3538 4956 Domine,
3576 4906 3626 4950 ct
3660 4896 3738 4949 lu-

2161 4985 2281 5022 men
2308 4962 2505 5020 semitis
2532 4967 2680 5018 meis.
2709 4963 2917 5033 Angelis
2948 4964 3058 5017 suis
3089 4962 3228 5017 Deus
3260 4965 3541 5019 mandarit
3585 4967 3650 5020 de
3680 4979 3744 5028 te,

2162 5047 2218 5091 ut
2246 5037 2546 5090 custodiant
2588 5045 2636 5088 te
2661 5036 2715 5087 in
2759 5033 2997 5088 omnibus
3032 5035 3126 5088 uiis
3154 5036 3276 5086 tuis.
3312 5035 3473 5089 Tune
3499 5035 3745 5091 sacerdos

2161 5107 2426 5161 orationis
2452 5105 2599 5159 dicat
2628 5105 2907 5159 collectam
2932 5122 2945 5156 ε
2978 5103 3206 5161 Anqelus
3227 5104 3446 5158 Domini
3482 5105 3652 5159 bonus
3674 5122 3744 5158 ce-

2158 5179 2373 5231 miletur
2393 5176 2675 5235 vobiscum,
2702 5185 2774 5237 ut,
2790 5183 3000 5245 peracto
3022 5173 3330 5245 obedientia’
3354 5192 3543 5237 cursu,
3569 5178 3642 5228 ad
3661 5193 3742 5228 nos

2156 5248 2346 5301 iterum
2398 5245 2734 5300 revertamini
2791 5243 2909 5297 cum
2961 5245 3176 5313 gaudio.
3237 5243 3346 5296 Per
3398 5245 3735 5299 Christum:

2159 5318 2215 5372 S.
2241 5317 2566 5370 Benedictus
2613 5315 2850 5386 loquitur
2877 5315 2928 5367 in
2965 5313 3185 5386 plurali,
3219 5315 3504 5386 dirigendi
3532 5315 3736 5383 fratres,

2155 5389 2280 5456 quia
2325 5401 2597 5454 nunquam
2624 5384 2770 5441 solus
2796 5385 3115 5447 monachus,
3148 5384 3380 5456 sediduo
3423 5385 3512 5438 vel
3551 5395 3662 5439 tres
3691 5385 3737 5437 in

2154 5455 2241 5512 via
2267 5457 2528 5526 dirigendi
2558 5467 2683 5511 sunt
2706 5457 2774 5509 ob
2801 5463 3042 5508 mutuam
3075 5455 3381 5510 custodiam
3408 5456 3582 5510 animi
3610 5470 3740 5525 pra-

2154 5527 2361 5596 sertim,
2392 5535 2450 5579 ut
2483 5541 2645 5596 supra
2673 5535 2918 5596 notatum
2947 5533 3050 5579 est.

2233 5609 2252 5636 ο
2287 5594 2723 5650 Commemoratio
2754 5595 2981 5648 omnium
3016 5595 3307 5650 absentium
3333 5595 3454 5662 ﬁat.
3483 5597 3543 5651 ln
3568 5612 3669 5651 ms.
3692 5613 3742 5665 ιι.

2162 5668 2296 5724 Vict.
2330 5666 2443 5723 haec
2473 5675 2797 5737 sequuntur.
2834 5684 2850 5718 ‹
2891 5665 2955 5720 Et
2985 5667 3058 5720 sic
3083 5677 3260 5721 aretur
3285 5683 3385 5737 pro
3408 5668 3486 5723 eis
3513 5685 3531 5724 :
3560 5669 3745 5724 Salvos
