4014 6186
483 253 502 306 l
513 250 610 305 547

470 370 567 425 sed
591 367 879 439 separatim
902 366 951 419 ei
980 364 1194 418 dabitur
1217 375 1246 415 a
1267 361 1532 416 ministris
1552 361 1619 415 ad
1635 375 1850 414 omnem
1875 359 2040 413 abun-
2064 369 2112 420 Α

469 458 734 522 dantiam,
779 470 847 510 ne
893 453 947 507 in
970 452 1114 507 nullo
1145 451 1314 506 frater
1356 449 1640 520 languidus
1668 448 2038 504 contristetur.

897 559 924 632 §
958 561 1045 615 VI.
1066 589 1138 599 —
1166 557 1298 612 Item
1331 556 1466 628 (cap.
1499 554 1611 626 84).

538 667 564 694 ι
601 652 785 708 Nullus
806 666 980 720 neque
1016 648 1245 703 exeundi
1272 648 1322 700 in
1347 662 1558 716 agrum,
1597 660 1771 714 neque
1794 645 1822 683 ι’
1846 644 2038 698 ambu-

469 745 611 799 landi
636 745 689 798 in
722 742 1065 804 monasterio,
1107 753 1279 808 neque
1306 746 1458 792 extra
1489 753 1701 792 murum
1725 736 2040 791 monasterii

469 830 791 902 procedendi
822 829 968 883 foras
1003 828 1197 882 habeat
1225 825 1560 890 facultatem,
1592 824 1697 878 nisi
1732 825 2039 895 interroga-

467 924 605 978 verit
630 923 974 993 praepositum
996 922 1208 984 domus,
1249 929 1304 973 et
1327 918 1414 974 ille
1439 919 1790 973 concesserit.

846 1022 868 1050 ο
901 1010 926 1081 §
966 1010 1072 1063 VII.
1108 1040 1168 1049 —
1198 1008 1330 1062 Item
1377 1009 1514 1080 (cap.
1553 1008 1666 1079 85).

534 1101 842 1156 Cavendum
873 1115 940 1154 ne
982 1101 1104 1168 quis
1143 1099 1208 1153 de
1251 1099 1410 1152 domo
1447 1099 1500 1151 in
1545 1098 1772 1152 alteram
1819 1098 2036 1153 domum

466 1194 629 1246 verba
676 1193 986 1256 transferat,
1030 1207 1129 1245 nec
1178 1191 1244 1244 de
1289 1189 1616 1244 monasterio
1666 1191 1718 1243 in
1767 1198 2036 1245 monaste-

468 1285 626 1347 rium,
658 1297 757 1336 nec
778 1283 844 1335 de
887 1280 1217 1335 monasterio
1256 1280 1309 1334 in
1335 1294 1544 1350 agrum,
1579 1293 1680 1334 nec
1717 1278 1783 1333 de
1820 1293 1949 1348 agro
1978 1279 2035 1334 in

465 1372 871 1427 monasterium.

870 1461 897 1534 §
924 1461 1053 1517 Vlll.
1077 1491 1147 1502 ——
1176 1460 1311 1514 Item
1339 1464 1476 1531 (cap.
1503 1459 1613 1527 86).

529 1553 557 1592 ά
585 1552 641 1608 Si
665 1553 788 1622 quis
816 1551 1174 1607 ambulaverit
1199 1563 1222 1591 ο
1244 1551 1351 1614 via,
1383 1551 1467 1604 vel
1502 1549 1521 1588 ί
1552 1551 1908 1621 navigaverit,
1940 1557 2034 1602 aut

461 1653 715 1714 operatus
765 1641 928 1698 fuerit
959 1642 1110 1706 foris,
1159 1657 1264 1696 non
1309 1641 1559 1710 loquatur
1605 1641 1658 1695 in
1703 1639 2032 1694 monasterio

464 1749 584 1802 qua:
611 1734 682 1788 ibi
710 1734 826 1805 geri
853 1732 1068 1787 viderit.

888 1821 914 1892 §
940 1821 1257 1876 lX.—Item
1287 1821 1425 1893 (cap.
1461 1821 1608 1889 104).

537 1915 562 1952 ⁸
582 1911 891 1976 Galliculas,
924 1919 977 1966 et
1003 1912 1046 1966 si
1073 1913 1202 1980 quid
1228 1912 1373 1965 aliud
1393 1914 1418 1952 ιι
1440 1911 1774 1979 jungendum
1805 1921 1906 1977 est,
1949 1913 2032 1968 vel

437 2003 908 2072 componendum,
940 2004 951 2041 ί
981 2002 1184 2070 absque
1217 2017 1282 2055 eo
1304 2001 1390 2056 cui
1424 2002 1525 2055 hoc
1556 2002 1914 2057 ministerium
1939 2002 2034 2056 de-

459 2095 668 2162 legatur
695 2103 749 2148 et
774 2093 1059 2164 prazposito
1089 2094 1278 2147 domus
1306 2092 1483 2147 facere
1518 2092 1695 2147 nullus
1719 2093 1957 2148 audebit.

888 2183 914 2254 §
946 2181 1009 2235 Χ.
1032 2211 1103 2221 -
1141 2182 1273 2236 Item
1312 2181 1449 2252 (cap.
1492 2182 1603 2252 89).

534 2274 547 2323 i
579 2273 837 2329 Cellulam
874 2273 1120 2339 alterius,
1165 2273 1269 2327 nisi
1304 2273 1454 2343 prius
1486 2274 1552 2328 ad
1583 2283 1782 2328 ostium
1814 2289 2033 2345 percus-

459 2365 610 2428 serit,
648 2365 850 2419 intrare
880 2365 1127 2419 illicitum
1147 2373 1248 2420 est.
1277 2365 1304 2404 ι
1329 2363 1410 2419 Ad
1437 2365 1618 2420 cibum
1649 2380 1754 2420 non
1781 2375 2026 2438 pergent,

462 2457 562 2511 nisi
590 2456 828 2527 generali
858 2457 1039 2511 sonitu
1069 2465 1454 2511 convocentur.

873 2545 900 2618 §
926 2545 1016 2599 x1.
1046 2575 1116 2584 —
1145 2545 1280 2599 Item
1303 2546 1440 2617 (cap.
1467 2545 1611 2616 ηδ).

536 2635 548 2673 ι
584 2633 752 2690 Nemo
777 2635 969 2706 juncos
996 2634 1200 2690 infusos
1229 2649 1369 2704 aqua
1400 2635 1505 2688 sibi
1533 2633 1684 2688 tollet
1703 2631 1771 2689 ad
1793 2647 2025 2704 operan-

457 2727 608 2793 dum,
647 2727 750 2780 nisi
776 2726 1023 2782 minister
1059 2726 1414 2781 hebdomadis
1450 2727 1500 2780 ei
1531 2724 1758 2780 dederit.

457 2856 624 2910 Recte
648 2870 778 2925 ergo
821 2855 994 2910 muria
1030 2871 1121 2908 seu
1147 2870 1334 2925 garum
1359 2855 1474 2925 lilia,
1504 2855 1690 2925 thynni
1719 2855 1830 2911 sive
1851 2870 2026 2910 scom-

456 2927 536 2997 bri
573 2941 678 2997 exi
706 2915 895 2997 horum
924 2915 1400 2997 pisciumvliquore.
1451 2915 1803 2997 Antipolitani
1837 2926 2023 2997 thynni

556 2993 792 3078 pntipoli
840 2993 990 3075 dicti,
1031 3009 1150 3078 quae
1183 3002 1278 3078 est
1314 2995 1443 3075 urbs
1475 2993 1835 3078 Deciatiorum
1881 2993 2023 3078 apud

1465 243 1524 299 S.
1561 241 1919 298 BENEDICTI
1957 238 2245 296 ABBATIS
2282 236 2690 294 ANIANENSIS

3589 243 3736 300 1548

2267 357 2296 427 §
2320 354 2431 410 XII.
2458 385 2530 396 —
2551 357 2686 410 Item
2712 371 2779 410 ex
2797 357 2978 410 eadem
3001 354 3204 426 Regula
3231 357 3373 427 (cap.
3411 358 3480 413 15
3501 359 3592 429 Ιι).

2211 445 2397 500 Nullus
2426 445 2480 499 in
2509 446 2668 500 domo
2709 445 3004 516 quidquam
3044 445 3225 513 faciet,
3258 448 3363 503 nisi
3392 449 3549 519 quod
3591 465 3738 522 pra-

2139 536 2347 606 positus
2366 534 2609 604 jusserit.

2201 628 2229 702 ς
2256 629 2390 704 ΧΗΙ.
2409 659 2484 675 ο-
2505 629 2584 684 Ex
2619 628 2838 686 ΒεοῠιΑ
2860 645 3049 686 sanan
3079 631 3287 689 BASILII
3315 632 3457 704 (cap.
3483 633 3562 690 68
3588 635 3664 704 υ).

2211 719 2472 790 Interrog.
2511 717 2570 774 Si
2614 720 2738 789 quis
2779 720 3076 775 industrius
3120 721 3189 776 sit
3228 731 3285 775 et
3325 729 3628 792 promptus
3663 724 3735 779 ad

2137 811 2405 882 implenda
2440 813 2714 877 mandata,
2747 822 2873 883 agat
2918 823 3097 869 autem
3137 831 3242 869 non
3270 817 3415 886 quod
3445 818 3497 871 ei
3544 815 3732 884 injun-

2137 901 2300 972 gitur,
2347 901 2441 955 sed
2469 901 2613 970 quod
2643 902 2758 970 ipse
2797 903 2931 967 vult,
2962 919 3127 972 quam
3158 907 3469 960 mercedem
3517 906 3729 961 habet?

2139 1019 2207 1031 —
2231 989 2387 1059 Resp.
2421 990 2627 1045 Merces
2649 989 2764 1058 ejus
2792 991 2881 1044 illa
2918 992 3032 1061 ipsa
3066 1001 3171 1057 est,
3207 994 3352 1061 quod
3381 994 3490 1048 sibi
3523 994 3724 1063 placet.

2135 1075 2269 1132 Cum
2290 1076 2577 1146 Apostolus
2599 1078 2744 1133 dicat
2771 1097 2783 1131 :
2811 1076 3176 1149 Unusquisque
3198 1091 3253 1133 ut
3282 1082 3338 1134 in
3357 1083 3613 1150 proximo
3631 1100 3724 1136 suo

2133 1166 2335 1236 placeat
2382 1169 2438 1220 in
2471 1167 2603 1222 bono
2630 1168 2700 1221 ad
2744 1168 3145 1237 aediﬁcationem
3171 1169 3345 1242 (Rom.
3390 1171 3507 1242 xv).
3545 1171 3635 1235 Et,
3667 1182 3725 1225 ut

2135 1257 2364 1326 amplius
2394 1257 2681 1313 inclinaret
2715 1266 2770 1312 et
2800 1260 3199 1330 constringeret
3233 1261 3529 1318 audientes
3568 1265 3721 1318 addi.

2135 1346 2214 1400 dit
2240 1347 2426 1401 dicens
2455 1364 2468 1399 :
2502 1346 2639 1411 Quia
2680 1348 2788 1417 ipse
2814 1364 2917 1401 non
2944 1349 3043 1403 sibi
3081 1349 3277 1418 placuit
3310 1350 3532 1422 (Ibid.).
3573 1351 3727 1406 Scire

2133 1436 2292 1491 debet
2327 1438 2695 1508 unusquisque
2720 1438 3019 1507 periculum
3055 1454 3179 1494 esse
3206 1441 3260 1494 in
3303 1455 3368 1496 eo
3412 1442 3566 1510 quod
3611 1443 3724 1496 vult

2133 1528 2236 1583 sibi
2261 1527 2510 1600 placere;
2543 1528 2707 1582 simul
2727 1529 2872 1583 enim
2898 1538 2951 1583 et
2979 1529 3290 1584 inobediens
3315 1531 3624 1608 invenitur.

2541 1618 2568 1688 §
2596 1617 2731 1672 XIV.
2757 1648 2829 1657 —
2854 1617 2987 1671 Item
3015 1618 3152 1689 (cap.
3183 1619 3295 1689 80).

2063 1701 2110 1761 Β
2206 1707 2468 1778 Interrog.
2501 1712 2529 1743 °
2563 1707 2622 1762 Si
2662 1716 2874 1777 oportet
2918 1709 2998 1763 ire
3039 1723 3382 1778 quocunque,
3418 1725 3532 1765 non
3566 1725 3721 1765 com-

2138 1801 2342 1854 monito
2371 1815 2436 1854 eo
2462 1800 2554 1870 qui
2579 1799 3042 1870 praeest?—-Resp.
3069 1799 3201 1854 Cum
3246 1801 3516 1855 Dominus
3539 1803 3716 1856 dicat:

2137 1898 2164 1938 Ρ
2190 1886 2310 1940 Non
2338 1889 2474 1952 veni,
2520 1897 2577 1941 ut
2603 1904 2636 1940 a
2674 1904 2755 1940 me
2783 1886 2978 1956 faciam
3003 1889 3307 1958 quidquam,
3337 1898 3365 1938 (ι
3394 1892 3490 1944 sed
3518 1891 3592 1944 ab
3629 1891 3719 1945 illo

2133 1979 2220 2049 qui
2250 1995 2331 2031 me
2369 1978 2510 2031 misit
2541 1977 2722 2049 (Joan.
2747 1978 2870 2048 vn),
2899 1988 3102 2047 quanto
3132 1980 3303 2050 magis
3334 1982 3719 2050 unusquisque

2133 2076 2373 2122 vestrum
2419 2069 2521 2123 sibi
2559 2069 2871 2138 permittere
2899 2068 3034 2123 nihil
3073 2068 3250 2124 debet.
3279 2071 3383 2137 Qui
3427 2074 3581 2126 enim
3621 2088 3718 2126 sua

2131 2163 2451 2216 auctoritate
2507 2162 2709 2231 aliquid
2759 2162 2893 2230 agit,
2947 2162 3399 2218 manifestissima:
3444 2168 3720 2236 superbia:

2132 2259 2321 2311 morbo
2350 2256 2646 2321 detinetur,
2670 2265 2726 2309 et
2754 2256 3027 2323 subjectus
3057 2266 3142 2310 est
3167 2257 3241 2310 illi
3269 2259 3558 2311 sententia:
3597 2274 3717 2328 qua:

2131 2345 2298 2401 dicit:
2333 2355 2354 2382 ι’
2385 2345 2536 2410 Quod
2575 2346 2630 2398 in
2669 2346 2905 2398 omnibus
2937 2346 3215 2414 superbum
3245 2357 3343 2412 est,
3384 2346 3715 2400 abominatio

2129 2438 2283 2491 estin
2319 2448 2596 2507 conspectu
2623 2436 2719 2489 Dei
2750 2435 2902 2506 (Luc.
2935 2437 3080 2506 xw);
3115 2437 3210 2490 sed
3243 2437 3297 2489 iu
3324 2437 3589 2491 omnibus
3617 2452 3714 2492 sua

2127 2537 2320 2600 sponte
2343 2527 2432 2584 vel
2453 2529 2777 2583 auctoritate
2803 2529 2982 2598 aliqua
3013 2544 3173 2599 agere
3197 2529 3474 2598 culpabile
3495 2539 3605 2586 est.

2528 2617 2557 2692 ᾗ
2587 2616 2699 2672 XV.
2729 2648 2801 2658 —
2826 2617 2960 2672 Item
2987 2617 3123 2690 (cap.
3155 2618 3298 2686 101).

2195 2707 2458 2782 Iuterrog.
2485 2698 2530 2748 ’³
2561 2709 2618 2764 Si
2642 2709 2840 2765 debent
2861 2711 3129 2780 peregrini
3154 2710 3356 2764 intrare
3378 2711 3450 2766 ad
3475 2710 3568 2765 illa
3597 2710 3712 2765 loca

2126 2849 2359 2904 rioribus
2382 2849 2491 2903 sint
2516 2863 2749 2913 annexa,
2766 2846 3114 2902 nihilominus
3134 2856 3315 2902 tamen
3338 2846 3710 2918 sejungenda:

2125 2935 2251 2974 nam
2287 2920 2538 2974 videntur
2565 2917 2778 2973 elliccre
2803 2918 3091 2972 articulum
3121 2918 3306 2982 alium,
3336 2934 3461 2971 cum
3486 2917 3600 2972 sint
3635 2919 3712 2973 rei

2128 2989 2374 3059 diversa}.
2407 2988 2557 3059 Signi
2585 2997 2764 3042 autem
2794 2988 2873 3059 ad
2887 2988 3209 3059 vescendum
3252 2987 3598 3059 mentionem
3630 2987 3712 3042 fa-

459 3056 804 3116 Ptolemzeum
848 3064 900 3133 in
947 3056 1422 3133 ora-Massiliensi,
1444 3079 1567 3133 non
1597 3063 1785 3133 procul
1814 3080 1842 3117 a
1881 3056 2023 3119 Varo

2135 3059 2203 3133 cit
2236 3058 2291 3112 S.
2326 3056 2648 3113 Pachomius
2695 3068 2799 3110 art.
2855 3057 2941 3121 18,
2973 3056 3075 3122 Qui
3115 3059 3336 3128 percutit
3379 3057 3452 3109 ad
3504 3074 3714 3112 uescen-

460 3133 650 3202 lluvio,
670 3134 762 3201 qui
788 3132 1013 3202 Galliam
1038 3141 1251 3202 separat
1273 3133 1339 3185 ab
1362 3131 1529 3194 Italia,
1559 3131 1618 3202 ut
1646 3141 1794 3202 patet
1821 3149 1885 3188 ex
1915 3134 2024 3188 Pli-

457 3203 567 3271 nio,
601 3200 802 3271 libim,
834 3216 952 3271 cap.
987 3200 1020 3271 gi
1053 3219 1082 3260 :_
1105 3219 1121 3250 ι
1153 3201 1222 3254 At
1243 3202 1294 3255 in
1328 3216 1422 3256 ora
1453 3200 1705 3270 oppidum
1736 3203 2022 3268 Latinum;

458 3270 742 3340 Antipolis,
786 3270 947 3340 regio
968 3270 1293 3340 iDeciatium,
1327 3271 1501 3326 amnis
1535 3272 1724 3327 Varus.
1771 3291 1789 3325 ι
1825 3272 2028 3328 Gallice

455 3339 653 3394 dicitur
676 3339 906 3393 Antibcs.
935 3339 1101 3394 Muria
1132 3341 1291 3393 etiam
1320 3341 1516 3395 dicitur
1537 3356 1675 3408 aqua
1707 3342 1818 3396 sale
1837 3343 2025 3407 mixta,

458 3418 594 3480 teste
620 3409 823 3480 lsidoro
852 3409 969 3464 loco
995 3410 1179 3475 citato,
1203 3409 1426 3480 Gallice,
1445 3427 1710 3476 saumure,
1734 3413 1884 3480 quasi
1912 3428 2029 3466 mu-

461 3479 540 3550 ria
583 3480 743 3550 suisa.
782 3479 942 3550 Festo
973 3481 1209 3534 muries:
1249 3497 1266 3529 ι
1296 3479 1492 3550 Murics
1539 3487 1642 3550 est,
1682 3479 2028 3550 quemadmo-

459 3549 586 3602 dum
618 3547 882 3603 Veranius
910 3549 1087 3613 docet,
1121 3565 1183 3603 ea
1222 3564 1340 3616 qum
1382 3548 1441 3603 ﬁt
1469 3565 1534 3603 ex
1566 3549 1675 3603 sale
1699 3547 1931 3605 sordido
1973 3551 2028 3606 in

456 3618 560 3688 pila
598 3619 832 3687 pinsato.
883 3618 950 3670 Et
985 3618 1150 3688 Paulo
1178 3618 1434 3683 Diacono,
1483 3634 1546 3673 ex
1579 3620 1768 3673 eodem
1813 3619 1973 3674 Festo
2011 3634 2025 3674 :

464 3687 481 3737 ξ
513 3687 709 3742 Muries
746 3688 1025 3741 dicebatur
1066 3687 1144 3741 sal
1189 3687 1242 3741 in
1279 3688 1386 3756 pila
1419 3698 1654 3752 tunsum,
1695 3697 1750 3743 et
1785 3689 1837 3742 in
1868 3689 2027 3744 ollam

459 3756 672 3828 ﬁctilem
709 3758 1031 3828 conjectum,
1065 3757 1209 3828 ct_in
1241 3756 1400 3828 furno
1432 3766 1774 3828 percoctum,
1804 3773 1911 3828 quo
1937 3760 2030 3814 de-

460 3827 585 3879 hinc
612 3827 665 3878 in
703 3825 896 3895 aquam
921 3827 1085 3881 misso
1122 3825 1363 3881 Vestales
1392 3825 1627 3895 virgines
1657 3825 1948 3882 utebantur
1973 3829 2028 3882 in

455 3895 742 4017 zacrilicio.
777 3915 796 3947 ›
840 3895 1137 3964 Liquamen
1165 3905 1344 3951 autem
1371 3895 1574 3951 Gallice
1603 3895 1802 3950 dicitur
1833 3915 1844 3950 :
1877 3896 2029 3952 Gelée

495 3982 520 4016 e
543 3981 774 4017 naisson.

495 3982 520 4016 8
543 3981 774 4018 υοιδδοη.

527 3982 779 4088 ορῗῧῗῧῖἷὲ
817 4035 1058 4104 exeundi.
1100 4035 1290 4090 Exstat
1323 4037 1375 4089 in
1404 4035 1606 4104 Regula
1651 4033 1708 4089 s.
1749 4035 2026 4093 Pachomii

457 4117 673 4166 excusa,
713 4111 815 4156 art.
861 4103 953 4167 47,
1006 4105 1058 4156 in
1107 4121 1212 4172 quo
1254 4106 1367 4159 hzcc
1418 4103 1620 4170 verba,
1682 4104 1927 4159 Exeundi
1972 4111 2028 4164 iu

457 4187 663 4240 agrum,
693 4172 1085 4225 desiderantur.
1125 4174 1267 4228 Idem
1293 4175 1600 4243 prmcipitur
1619 4175 1848 4230 articulo
1876 4176 1964 4229 72.

530 4240 557 4278 δ
590 4239 772 4312 Neque
807 4241 1115 4295 ambulandi
1152 4243 1205 4296 in
1229 4245 1562 4297 monasterio.
1614 4244 1778 4299 Extra
1811 4246 2028 4300 domum

457 4324 630 4363 suam.

529 4391 550 4450 ς
576 4380 691 4434 Art.
719 4379 788 4436 48
819 4379 1036 4450 Regulzn
1063 4381 1240 4435 edite.

527 4449 551 4487 ἀ
583 4450 650 4522 Si
683 4453 800 4522 quis
828 4448 1183 4522 ambulaverit.
1227 4450 1466 4522 liabetur
1492 4468 1547 4506 in
1591 4448 1793 4522 Regula
1827 4451 1885 4507 S.
1926 4454 2028 4508 Pa-

457 4519 653 4572 chomii
677 4519 894 4600 excusa,
918 4529 1024 4574 art.
1047 4521 1136 4587 49,
1161 4521 1251 4592 qui
1273 4536 1336 4575 eo
1362 4537 1518 4576 sensu
1542 4519 1920 4593 intelligendus
1945 4533 2028 4579 est

457 4604 563 4657 quo
598 4605 860 4658 superior.

534 4670 556 4729 ς
594 4657 711 4729 γμὶα.
754 4659 914 4728 Lege,
939 4658 1122 4729 inpia,
1148 4667 1204 4711 ut
1228 4659 1428 4729 Regula
1453 4675 1672 4714 excusa.

535 4726 939 4800 illiumigarérit.
989 4726 1151 4800 Sche
1213 4726 1356 4782 enim
1400 4731 1726 4800 navigabant
1774 4733 2028 4788 monachi

461 4797 886 4860 Tabennesiotm,
910 4799 1032 4866 quia
1059 4800 1444 4852 monasterium
1469 4797 1833 4856 SfPachomii
1865 4803 2026 4857 situm

461 4868 864 4939 eratininsula
893 4866 1013 4939 Niii,
1047 4877 1104 4922 ut
1125 4885 1283 4939 supra
1326 4878 1569 4923 notatum
1601 4878 1702 4922 est.

535 4936 889 4990 8Galliculas.
938 4938 1034 4992 Hie
1073 4936 1329 4992 articulus
1375 4955 1479 4992 non
1525 4940 1792 4994 invenitur
1830 4941 1883 4995 in
1924 4940 2030 4996 Re-

461 5005 583 5080 gula
609 5008 779 5080 sancti
823 5007 1096 5061 Pachomii
1136 5023 1352 5063 excusa.
1395 5007 1677 5080 Gallicula,
1725 5010 1898 5080 inquit
1927 5010 2027 5064 Pa-

462 5077 1009 5152 pias,_-_calceamcr_tta
1058 5089 1358 5152 pastorum,
1406 5077 1868 5135 diminutivum—3
1915 5081 2027 5152 gal-

387 5163 400 5174 κ
459 5131 581 5198 lica.
597 5131 748 5216 ’Υἰάθ
768 5147 1015 5216 superius
1036 5131 1308 5202 a'dnotata.

534 5217 558 5254 ιι
585 5215 919 5286 Jungendum
938 5226 1042 5286 est.
1087 5217 1142 5271 ld
1171 5225 1274 5280 est,
1299 5217 1558 5271 suendum
1593 5225 1695 5272 est.

539 5286 553 5358 ξ
586 5285 788 5358 ᾼὺδᾴμςε
808 5302 886 5339 eo.
916 5285 988 5358 _ld
1013 5294 1111 5358 est,
1138 5287 1340 5358 absque
1369 5286 1582 5341 licentia
1603 5287 1738 5358 ejus.

536 5353 548 5402 i
591 5353 845 5408 Cellulum
872 5355 1106 5409 alterius.
1146 5353 1426 5410 Hic'etiam
1450 5353 1705 5411 articulus
1725 5373 1830 5411 non
1859 5356 2022 5412 habe-

465 5425 632 5496 turin
678 5425 886 5496 Regula,
916 5425 972 5478 S.
1004 5425 1276 5496 Pachomii
1315 5427 1478 5490 edita,
1515 5427 1762 5496 quamvis
1789 5426 2020 5480 articulo

461 5489 678 5562 Gllunc
717 5489 954 5562 reperire
1001 5495 1180 5560 liceat,
1226 5495 1306 5548 Ad
1345 5489 1558 5549 alterius
1595 5495 1778 5550 cellam
1823 5496 2024 5549 intrare‘

464 5561 638 5633 nullus
663 5561 890 5633 audebit,
923 5575 1045 5618 nam
1082 5565 1291 5619 diversa
1319 5576 1582 5633 praecepta
1605 5573 1747 5619 sunt.

539 5630 565 5668 λ
595 5630 673 5680 Aa
719 5632 888 5685 cibum
923 5651 1038 5687 cum
1059 5645 1286 5705 pergent.
1321 5630 1452 5689 llaec
1493 5630 1671 5699 verba,
1715 5635 1840 5690 licet
1867 5647 2023 5704 supe-

2127 3128 2271 3188 dum,
2303 3138 2408 3182 etc.

2207 3197 2222 3236 ι
2253 3197 2422 3268 Nemo
2442 3197 2655 3268 juncus.
2698 3197 2796 3268 llic
2828 3196 2992 3251 etiam
3023 3195 3280 3268 articulus
3306 3212 3410 3268 non
3441 3203 3634 3268 exstat
3661 3198 3711 3251 in

2129 3267 2333 3338 Regula
2381 3265 2453 3322 S.
2487 3267 2764 3338 Pacltomii
2806 3282 3037 3338 excusa;
3081 3267 3428 3338 nihilominus
3454 3265 3600 3338 quid
3648 3269 3713 3322 si-

2128 3334 2255 3393 mile
2275 3338 2505 3392 habetur
2534 3344 2638 3390 art.
2669 3337 2736 3391 59
2761 3355 2774 3389 :
2801 3334 3111 3388 Palinurum
3150 3335 3314 3404 folia;
3353 3335 3496 3389 unde
3523 3346 3712 3389 texun-

2129 3418 2216 3462 tur
2245 3418 2456 3476 sportce,
2495 3423 2644 3461 nemo
2671 3407 2795 3476 jure
2827 3422 2920 3459 suo
2955 3405 3120 3468 tollet,
3148 3405 3340 3476 absque
3375 3422 3436 3458 eo
3458 3405 3561 3476 cui
3599 3406 3711 3476 pal—

2129 3494 2228 3531 ma!
2268 3475 2389 3530 aunt
2439 3475 2679 3530 creditw.
2709 3476 3087 3544 intelliguntur
3127 3475 3214 3530 hic
3253 3475 3406 3544 junci
3453 3475 3705 3539 Nilotici,

2170 3561 2265 3600 uos
2292 3547 2538 3601 monachi
2571 3547 2726 3614 aquis
2759 3545 3085 3600 madefactos
3119 3544 3452 3600 consuebant
3474 3545 3544 3598 ad
3581 3560 3707 3598 con-

2130 3562 2265 3668 auos
2292 3562 2538 3601 monacm
2571 3562 2726 3614 aquis
2759 3562 3085 3600 mauctacws
3119 3562 3452 3600 consuenant
3474 3562 3544 3598 au
3581 3562 3705 3598 con-

2170 3617 2390 3669 cicadas
2419 3625 2615 3670 mattas
2638 3632 2732 3670 seu
2758 3615 3020 3685 psiathos,
3055 3615 3705 3685 quemadmodumetiam

2131 3685 2254 3739 folia
2310 3687 2612 3754 palmarum
2659 3683 2795 3754 aqua
2834 3683 3187 3754 infundebant
3227 3685 3294 3736 ad
3336 3683 3706 3754 conﬁciendas

2130 3753 2343 3825 sportas
2370 3775 2382 3809 :
2416 3765 2475 3809 ut
2499 3756 2680 3809 videre
2709 3753 2792 3825 es}
2830 3753 2971 3823 apud
3010 3754 3307 3807 Palladium
3340 3768 3459 3822 cap.
3500 3753 3568 3806 de
3600 3753 3706 3804 Ma-

2130 3823 2276 3880 cario
2297 3823 2873 3896 Alexandrino,06-:o;
2901 3826 3084 3896 βρέξας
3119 3825 3323 3896 sane»;
3359 3832 3466 3896 τοῖς

2130 3897 2274 3948 νίκων
2306 3901 2374 3956 εἰς
2422 3897 2626 3955 πλῆθος-⁸
2686 3895 2738 3948 id
2778 3891 2949 3956 estfi
3000 3910 3123 3948 cum
3158 3894 3271 3962 ipse
3324 3891 3704 3947 madefecisset

2130 3965 2525 4020 multitudinem
2559 3965 2804 4019 foliorum
2832 3980 2898 4017 ex
2924 3965 3139 4034 palmis.
3168 3963 3342 4034 {Erat
3367 3972 3555 4034 autem
3582 3972 3705 4015 tunc

2131 4034 2220 4088 hic
2247 4035 2513 4089 Macarius
2542 4035 2596 4088 in
2627 4031 2956 4089 monasterio
2992 4034 3165 4089 sancti
3195 4031 3498 4086 Pachomii;

2201 4116 2240 4142 ω
2265 4104 2381 4159 Non
2411 4113 2590 4159 exstat
2615 4105 2666 4158 in
2691 4104 2889 4174 Regula
2917 4119 3134 4159 excusa.

2204 4184 2229 4210 ιι
2253 4174 2517 4245 luterrog.
2561 4175 2657 4228 HS
2686 4171 2932 4245 Regulae;
2966 4173 3170 4245 Rulin._,
3201 4171 3447 4245 (ξιιμ-42.

2203 4251 2227 4279 °
2251 4245 2310 4300 Si
2339 4239 2536 4314 oportet
2575 4245 2669 4298 ire.
2714 4239 2904 4298 Eistat
2949 4244 3090 4314 apud
3129 4242 3185 4314 S.
3215 4239 3498 4303 Basiliam,
3531 4239 3705 4314 inter-

2132 4327 2247 4381 rog.
2289 4309 2390 4368 120
2416 4313 2547 4384 Reg.
2579 4315 2750 4378 brev.,
2779 4323 2832 4368 et
2867 4309 3025 4393 apud.
3057 4312 3324 4393 Rulinum,
3517 4309 3608 4363 46.

2202 4393 2228 4432 P
2256 4382 2379 4435 Non
2427 4385 2539 4435 veni
2569 4393 2624 4435 ut
2674 4401 2705 4435 a
2747 4400 2826 4435 me
2856 4383 3047 4435 laetam
3079 4383 3384 4435 aurdauam.
3453 4390 3507 4434 ta
3560 4381 3702 4435 apud

3453 4390 3507 4434 ta
3560 4395 3665 4449 apu

2051 4396 2104 4456 D
2132 4451 2163 4456 _
2202 4382 2379 4456 P_Non
2427 4382 2539 4456 aelii
2569 4393 2624 4436 ut
2674 4401 2730 4456 a_
2747 4400 2826 4438 me
2853 4383 3047 4456 faciam
3079 4383 3384 4456 quidquam.

2131 4451 2402 4529 Ruﬁnum.
2435 4453 2489 4506 In
2518 4461 2665 4529 testu
2690 4451 2901 4529 Graeco,
2941 4451 3069 4529 Οὐδρ
3090 4451 3187 4527 ἓγάρ
3219 4451 3308 4529 (in:
3341 4453 3563 4529 ἐμαυεοῦ
3587 4452 3700 4529 ξλιρο

2127 4525 2272 4586 λυϐα,
2317 4523 2369 4576 id
2404 4532 2510 4588 est,
2544 4521 2666 4576 Non
2721 4524 2857 4576 enim
2885 4540 2916 4575 a
2957 4518 3322 4590 mcipso'veni,
3365 4518 3437 4574 ex
3481 4518 3700 4574 Joannis

2129 4609 2246 4661 cap.
2273 4608 2366 4656 vn,
2396 4587 2591 4647 ubisic
2621 4593 2867 4657 habetur,
2897 4596 2987 4647 ttat
3015 4587 3444 4662 air'épaurosoax
3467 4591 3694 4655 ἐλήλυθα,

2131 4664 2182 4717 id
2210 4670 2310 4726 est,
2338 4671 2384 4714 et
2407 4678 2438 4714 a
2470 4679 2547 4715 me
2575 4663 2686 4730 ipso
2710 4679 2813 4716 non
2835 4663 2969 4715 veni.

2200 4743 2227 4780 (ι
2255 4731 2358 4786 Sed
2397 4730 2460 4783 ab
2497 4727 2708 4801 illo—qui
2745 4748 2826 4785 me
2863 4732 3020 4784 misit.
3063 4728 3216 4800 Apud
3260 4729 3562 4801 Ruﬁnum:
3599 4727 3698 4801 sed

2128 4801 2216 4890 ille
2238 4801 2326 4890 qui
2349 4796 2750 4890 nie‘misit,'ipse
2766 4802 2922 4890 facit:
2951 4796 3126 4890 Aliter
3230 4799 3610 4890 textuACir-mEo
3638 4796 3693 4851 S.

2131 4869 2313 4926 Basilii
2322 4884 2353 4942 _:
2378 4869 2690 4942 alliizcivoc
2727 4869 2782 4942 μ’
2821 4873 3112 4942 anteum,
3146 4870 3197 4942 i_d
3237 4879 3341 4942 est,
3373 4869 3470 4942 sed
3492 4869 3598 4942 ille
3624 4883 3697 4919 ate

2130 4942 2287 4994 misit.
2315 4939 2420 4993 Sed
2448 4939 2675 4996 discedit
2704 4939 2737 4994 a
2765 4950 2914 4994 textu
2942 4940 3130 4996 Graeco
3151 4939 3396 5003 Joannis,
3556 4939 3696 4993 ἔστιν

2128 5010 2400 5084 ἀληθᾳόςό
2428 5011 2633 5084 πέμψας
2663 5033 2745 5084 με,
2774 5011 2826 5064 id
2871 5019 2972 5074 est,
3003 5011 3092 5064 sed
3127 5019 3201 5084 est
3226 5025 3404 5074 verax,
3440 5009 3536 5080 qui
3562 5009 3696 5061 misit

2127 5097 2226 5134 me.
2253 5083 2438 5148 Itaque
2469 5080 2672 5134 citatur'
2688 5081 2834 5134 locus
2859 5096 2922 5135 ex
2955 5080 3234 5134 memoria.

2204 5161 2225 5189 τ
2256 5145 2408 5220 Quod
2440 5150 2494 5202 in
2537 5151 2773 5204 omnibus
2812 5149 3087 5220 superbum
3119 5159 3213 5202 est.
3233 5145 3429 5220 Lege;
3467 5146 3627 5220 Quod
3648 5148 3696 5198 in

2127 5219 2420 5276 hominibus
2466 5216 2886 5290 guperbumiest.
2927 5220 3038 5274 Luc
3081 5234 3192 5282 xvi,
3219 5216 3374 5281 Quod
3402 5218 3696 5290 hominibus

2127 5291 2293 5370 altum
2327 5299 2441 5370 est.“
2467 5288 2539 5343 lu
2560 5297 2709 5344 textu
2747 5289 2934 5370 Graeco
2966 5290 3036 5370 ab
3067 5291 3122 5370 iv
3158 5291 3439 5370 ὰςοθθώποις
3488 5289 3695 5370 dimi-in.

2125 5361 2278 5429 Apud
2326 5357 2576 5412 Ruﬁnum
2604 5398 2618 5424 ,
2659 5361 2906 5429 quoniam
2959 5361 3013 5412 in
3059 5357 3357 5412 hominibus
3407 5357 3701 5428 superbien-

2123 5432 2278 5484 tibus.

2199 5511 2219 5537 ⁸
2251 5498 2308 5555 Si
2351 5498 2554 5569 debent
2569 5498 2846 5569 peregrini.
2901 5497 3142 5569 [labetur
3162 5497 3300 5569 apud
3329 5495 3388 5552 S.
3417 5495 3698 5569 Basiliam.

2127 5570 2386 5637 interrog.
2412 5567 2506 5623 141
2528 5566 2718 5639 Regni.
2744 5568 2912 5635 brev.,
2939 5567 3146 5637 etapud
3167 5567 3427 5622 Ruﬁnum
3475 5581 3597 5637 cap.
3616 5566 3701 5619 51.
