4014 6186
310 316 332 370 Ι
345 311 449 371 349

305 424 403 481 ubi
432 421 633 478 fratres
664 423 981 491 operantur,
1024 414 1114 472 vel
1148 415 1314 472 etiam
1352 415 1403 470 si
1455 413 1546 469 alii
1591 413 1659 469 de
1695 413 1886 469 eodem
1914 416 1967 477 Α

309 513 650 573 monasterio
689 512 905 577 debent,
956 508 1165 565 relictis
1211 507 1327 563 suis
1372 505 1528 572 locis,
1564 505 1772 560 intrare
1824 505 1894 559 ad

311 607 443 672 alia,
479 612 680 675 praeter
711 600 861 657 illum
908 600 998 656 cui
1026 599 1293 655 creditum
1331 603 1417 652 est
1449 595 1730 666 requirere
1757 608 1894 665 ope-

315 703 528 761 rantes,
561 692 618 748 id
652 698 759 757 est,
794 690 864 745 ad
894 704 1053 761 quem
1087 703 1222 760 opus
1261 688 1497 757 pertinet
1522 693 1578 740 et
1615 686 1896 754 dispensa-

310 786 425 842 tio?
457 814 529 825 ——
550 781 708 852 Resp.
748 778 808 837 Si
839 780 963 850 quis
1000 779 1252 834 inventus
1279 776 1446 832 fuerit
1489 776 1596 832 hoc
1646 773 1852 830 faciens
1875 812 1891 838 ,

310 885 572 946 tanquam
614 871 985 927 interturbans
1027 866 1368 938 disciplinam
1408 872 1465 920 et
1493 864 1740 921 ordinem
1784 862 1895 917 fra-

309 952 495 1030 trum,
511 977 539 1006 ι
566 979 599 1018 a
626 961 902 1018 communi
922 966 1190 1016 conventu
1214 956 1553 1020 excludatur,
1591 962 1647 1009 et
1672 954 1895 1011 omnino

311 1056 344 1097 ιι
370 1071 403 1111 a
431 1054 597 1109 licitis
617 1050 998 1123 progressibus
1025 1048 1368 1111 inhibeatur;
1393 1053 1449 1101 et
1473 1045 1668 1101 sedens
1696 1044 1752 1099 in
1788 1059 1895 1109 uno

315 1146 457 1211 loco,
486 1145 555 1201 in'
582 1157 692 1214 quo
708 1139 1036 1213 judicaverit
1064 1138 1111 1193 is
1135 1138 1227 1208 qui
1254 1141 1471 1207 praeest,
1517 1142 1643 1205 apto
1670 1135 1738 1190 ad
1774 1148 1899 1189 cor-

315 1233 615 1290 rectionem
659 1238 716 1287 et
751 1229 1068 1292 vindictam,
1118 1239 1383 1294 nusquam
1412 1238 1639 1294 prorsus
1670 1223 1899 1294 permit-

314 1335 463 1381 tatur
487 1322 801 1386 abscedere,
846 1320 947 1375 sed
992 1323 1251 1389 urgeatur
1286 1316 1343 1370 in
1371 1328 1538 1385 opere
1573 1313 1747 1368 multo
1772 1312 1898 1384 plus

312 1430 476 1488 quam
505 1423 591 1469 est
629 1412 982 1477 consuetudo,
1021 1417 1078 1465 et
1108 1408 1351 1480 quotidie
1387 1407 1658 1477 exigatur,
1699 1420 1899 1476 usque-

314 1521 424 1579 quo
452 1505 630 1561 discat
654 1503 877 1575 implere
917 1502 1021 1557 hoc
1038 1500 1183 1571 quod
1201 1497 1495 1569 Apostolus
1515 1496 1656 1553 dixit
1680 1515 1694 1551 :
1721 1495 1903 1551 Unus-

311 1597 528 1667 quisque
553 1594 610 1648 in
631 1610 735 1666 qua
758 1591 1026 1646 vocatione
1054 1595 1266 1644 uocatus
1294 1594 1391 1652 est,
1415 1586 1470 1640 in
1497 1602 1560 1641 ea
1593 1594 1897 1656 permaneat

316 1686 369 1759 (ι
392 1685 516 1743 σον.
550 1683 671 1758 vn).

699 1770 728 1845 ᾗ
751 1771 888 1827 XVI.
917 1802 989 1812 —
1016 1770 1151 1825 Item
1179 1769 1316 1842 (cap.
1348 1769 1497 1841 102).

384 1863 651 1934 Interrog.
703 1874 726 1902 ο
753 1862 809 1917 Si
845 1868 1064 1932 oportet
1095 1874 1189 1915 eos
1217 1860 1309 1930 qui
1336 1866 1605 1915 noverunt
1636 1857 1890 1924 artiﬁcia,

313 1955 593 2026 suscipere
626 1953 695 2008 ab
717 1952 898 2022 aliquo
925 1966 1062 2021 opus
1089 1952 1295 2020 absque
1321 1948 1654 2006 conscientia
1681 1948 1767 2003 vel
1778 1947 1898 2016 jus-

316 2046 471 2105 sione
495 2043 616 2114 ejus
648 2043 738 2112 qui
764 2050 983 2111 praeest,
1016 2049 1071 2097 et
1097 2055 1323 2111 operum
1355 2038 1775 2094 sollicitudinem
1804 2052 1898 2108 ge-

311 2135 419 2191 rit?
438 2162 514 2176 --
543 2133 695 2204 Resp.
733 2132 761 2172 ἀ
782 2132 936 2187 Furti
968 2144 1093 2186 reus
1125 2130 1234 2185 erit
1259 2127 1547 2198 ejusmodi.
1582 2129 1667 2184 vel
1703 2129 1896 2187 similis

311 2226 394 2281 eis
428 2224 520 2293 qui
547 2222 756 2277 furibus
785 2228 1146 2277 concurrunt.

353 2313 381 2386 §
405 2311 566 2367 XVII.
595 2341 669 2351 —
688 2311 770 2365 Ex
796 2311 1013 2366 Rasum
1050 2324 1247 2364 SANCTI
1276 2308 1545 2365 Srurmm
1573 2311 1711 2382 (cap.
1740 2309 1856 2381 εδ).

388 2415 411 2443 ε
440 2401 583 2457 Nulli
618 2401 780 2455 liceat
809 2408 919 2454 tam
954 2400 1011 2454 in
1041 2399 1261 2454 cellario
1287 2415 1450 2469 quam
1483 2400 1538 2455 in
1570 2400 1799 2470 singulis
1822 2400 1898 2454 of-

314 2491 493 2547 ﬁcinis
527 2491 800 2549 artiﬁcum
849 2489 1095 2559 improba
1140 2496 1305 2558 atque
1346 2488 1655 2558 importuna
1692 2488 1897 2558 absque

310 2584 548 2640 senioris
580 2581 734 2652 jussu
777 2580 1005 2637 audacia
1055 2580 1301 2635 introire.
1347 2579 1485 2646 Quia
1527 2586 1583 2633 et
1621 2578 1896 2634 communi

311 2676 533 2730 utilitati
552 2675 708 2731 valde
731 2673 955 2746 impedit
986 2674 1102 2728 hzec
1132 2674 1503 2744 praesumptio,
1530 2681 1588 2727 et
1607 2673 1745 2743 ipsis
1764 2673 1899 2727 arti-

311 2764 507 2820 ﬁcibus
534 2778 815 2820 rancorem
847 2762 1156 2818 animorum
1177 2776 1246 2817 ex
1268 2761 1541 2831 superﬂua
1564 2762 1670 2816 hac
1693 2761 1898 2831 impor-

313 2851 549 2907 tunitate
578 2851 847 2922 impingit.

386 2940 618 3013 §XVlll.
646 2969 719 2982 —-
744 2941 826 2995 Ex
866 2941 1089 2996 Rscuu
1121 2939 1395 2995 Fennuou
1443 2938 1601 3010 (cap.
1638 2938 1708 2993 20
1756 2938 1824 3011 ί).

1230 299 1619 360 concauum
1646 296 2117 363 nucumnuu.
2158 330 2230 342 —
2265 297 2417 356 car.
2459 297 2671 355 Lxxn.
2737 267 2742 272 ’

3431 304 3570 362 1550

2169 411 2198 485 §
2226 410 2365 466 XIX.
2386 441 2458 451 —
2485 410 2567 465 Ex
2590 409 2813 467 Rasum
2841 409 3085 467 Casam
3110 410 3248 484 (cap.
3281 411 3392 483 30).

2069 504 2096 544 ⁸
2120 502 2294 558 Tanta
2342 507 2523 555 autem
2568 498 2875 555 obedientia
2921 498 3142 571 Regula:
3188 501 3350 559 debet
3384 503 3571 574 junior

1993 594 2162 651 imbui
2190 601 2250 649 ut
2293 595 2497 664 absque
2526 591 2762 648 senioris
2798 592 2883 647 sui
2929 593 3156 648 scientia
3186 594 3267 649 vel
3297 597 3570 664 permissu

1993 695 2102 737 non
2129 682 2305 738 solum
2331 682 2401 736 de
2432 679 2570 737 cella
2595 681 2763 746 exire,
2792 680 2889 737 sed
2912 696 2981 736 ne
3009 684 3280 738 communi
3315 699 3380 739 ac
3414 693 3575 740 natu—

1994 773 2097 828 rali
2135 772 2451 828 necessitati
2499 771 2819 828 satisfacere
2856 787 2954 827 sua
3003 773 3331 830 auctoritate
3368 789 3575 845 presu-

1994 871 2108 917 mat
2137 881 2151 917 :
2176 863 2207 904 ιι
2230 876 2332 918 nec
2361 863 2453 917 illa
2501 863 2669 918 etiam
2713 876 2834 932 qua:
2860 862 3015 917 utilia
3056 871 3202 928 sunt,
3246 863 3300 918 id
3340 871 3442 929 est,
3481 871 3577 919 aut

1994 954 2187 1010 cellam
2235 955 2518 1020 mundare,
2557 961 2652 1008 aut
2683 968 2881 1023 aquam
2935 952 3172 1018 deferre,
3214 962 3310 1008 aut
3353 954 3400 1009 si
3444 954 3575 1025 quid

1995 1043 2142 1099 aliud
2176 1051 2539 1115 opportunum
2584 1050 2690 1107 est,
2734 1041 2853 1097 sine
2897 1042 3229 1097 conscientia
3272 1050 3328 1097 et
3358 1043 3574 1099 ordina-

1997 1137 2146 1192 tione
2183 1137 2265 1193 sui
2292 1136 2524 1192 senioris
2549 1141 2792 1205 usurpet.

2138 1227 2166 1300 §
2193 1227 2312 1281 XX.
2343 1257 2414 1268 —
2440 1226 2520 1281 Ex
2548 1226 2767 1282 Recuu
2796 1226 3138 1281 TARNATENSI
3177 1223 3316 1296 (cap.
3352 1224 3429 1295 Ἰ).

2073 1320 2090 1360 ί
2120 1317 2499 1373 Meditantibus
2533 1317 2700 1372 etiam
2726 1317 3012 1372 “fratribus
3053 1316 3182 1370 nulli
3220 1316 3383 1371 liceat
3415 1315 3576 1371 rebus

1998 1423 2057 1464 se
2096 1408 2216 1464 aliis
2250 1406 2549 1478 implicare,
2590 1421 2692 1462 nec
2734 1408 2965 1462 liberum
2998 1405 3208 1477 judicet
3250 1403 3358 1461 abi
3390 1404 3576 1461 schola

2001 1499 2082 1555 vel
2132 1500 2222 1554 ubi
2267 1498 2599 1553 meditantur
2640 1496 2839 1553 fratres
2883 1497 3181 1553 discedere.
3225 1495 3325 1562 Qui
3355 1509 3487 1550 vero
3521 1494 3577 1549 in

1999 1594 2104 1647 hac
2147 1591 2567 1662 praesumptione
2614 1589 2945 1660 proruperit,
3005 1585 3575 1649 excommunicationi,

1996 1688 2057 1736 ut
2095 1681 2289 1751 dignus
2313 1688 2417 1745 est,
2452 1677 2773 1747 subjacebit.
2801 1679 2829 1719 ιι
2853 1677 3112 1734 Cellulam
3135 1676 3360 1731 alterius
3386 1684 3582 1744 praeter

1923 1770 1970 1829 B
1998 1775 2248 1830 abbatem
2281 1779 2336 1826 et
2359 1771 2728 1841 praepositum,
2767 1770 2870 1824 nisi
2898 1770 3023 1823 dato
3049 1769 3225 1839 signo,
3248 1774 3335 1822 est
3375 1765 3583 1820 licitum

1996 1864 2245 1929 introire,
2277 1863 2406 1934 quia
2448 1863 2579 1933 ipsis
2616 1870 2827 1917 tantum
2857 1861 3174 1916 conceditur
3220 1858 3449 1914 fratrum
3491 1872 3581 1913 se-

1995 1963 2146 2010 creta
2205 1966 2532 2024 cognoscere
2556 1992 2571 2017 ,
2623 1960 2679 2006 et
2707 1948 2729 1989 ι
2773 1949 3005 2020 qualiter
3032 1947 3159 2021 [se]
3209 1949 3583 2018 unusquisque

1996 2056 2143 2120 agat,
2164 2048 2373 2103 occulta
2399 2047 2734 2117 inspectione
2756 2046 3072 2116 perquirere
3096 2064 3109 2098 :
3140 2057 3183 2085 ω
3205 2052 3261 2099 et
3285 2045 3377 2099 ubi
3405 2043 3581 2098 artill-

1995 2155 2087 2196 ces
2113 2146 2407 2208 operantur
2428 2146 2457 2175 ιι
2483 2137 2689 2207 absque
2723 2135 3109 2206 suprascriptis
3129 2134 3376 2205 personis
3401 2134 3582 2189 nullus

1996 2235 2291 2300 praesumat
2337 2226 2616 2281 accedere.
2645 2233 2670 2260 ο
2700 2223 3128 2280 Advenientibus
3176 2238 3392 2294 quoque
3437 2224 3572 2278 nihil

1995 2327 2192 2390 praeter
2221 2318 2542 2374 humilitatis
2582 2316 2832 2371 affectum
2875 2324 2933 2370 et
2974 2316 3216 2371 debitum
3260 2315 3581 2370 famulatum

1990 2412 2179 2482 junior
2206 2409 2520 2466 exhibebit:
2550 2417 2603 2465 et
2635 2422 2823 2464 curam
2853 2408 3056 2463 habere
3080 2408 3149 2463 de
3181 2421 3344 2463 causa
3366 2423 3473 2478 qua
3495 2422 3584 2461 vc-

1996 2501 2161 2566 nerit,
2217 2501 2544 2570 quandoque
2599 2513 2921 2554 reversurus
2963 2498 3054 2564 sit,
3086 2513 3195 2553 non
3244 2504 3578 2569 praesumat:

1996 2591 2123 2660 quia
2151 2592 2268 2646 haec
2307 2591 2582 2646 seniorum
2603 2588 2958 2656 'sollicitudo,
2997 2603 3105 2643 non
3139 2586 3417 2657 juniorum
3444 2602 3583 2657 prai-

1996 2682 2252 2753 sumptio,
2279 2681 2437 2737 debet
2462 2681 2764 2752 inquirere.

2268 2771 2296 2845 §
2325 2771 2568 2827 XXI.--—-—
2596 2771 2676 2826 Ex
2710 2771 2928 2826 Rasum
2953 2768 3275 2825 Onteanu.

2073 2872 2099 2911 ρ
2120 2860 2308 2915 Nullus
2333 2861 2581 2915 mittatur
2607 2858 2754 2914 foras
2775 2859 2846 2914 ob
2874 2858 3091 2928 aliquod
3112 2856 3407 2927 negotium.
3431 2855 3580 2912 Missi

2002 2968 2129 3010 vero
2171 2970 2279 3011 non
2314 2953 2534 3025 singuli,
2584 2952 2681 3008 sed
2708 2951 2820 3006 bini
2876 2949 2962 3006 vel
3004 2949 3142 3004 terni
3176 2947 3472 3013 ambulent,
3519 2954 3581 3003 ut

385 3031 582 3103 Vagari
608 3047 707 3103 per
734 3032 852 3087 loca
897 3031 1244 3109 monachum.
1282 3032 1423 3087 sicut
1466 3046 1572 3086 nou
1611 3032 1786 3098 decet,
1820 3030 1895 3087 ita

1999 3044 2125 3101 dum
2155 3061 2214 3101 se
2239 3045 2472 3100 invicem
2496 3043 2811 3113 custodiunt
2829 3050 2884 3097 et
2906 3039 3274 3106 consolantur,
3322 3046 3378 3093 et
3401 3039 3584 3095 senio-

317 3135 431 3176 non
458 3123 729 3188 convenit,
757 3131 863 3177 etc.

391 3264 415 3292 ο
445 3252 489 3305 Α
524 3258 788 3310 communi
827 3266 1080 3311 conventu
1103 3255 1433 3311 excludatur.
1485 3255 1613 3313 Hinc
1631 3273 1741 3313 non
1772 3266 1899 3315 sunt

314 3321 370 3378 in
401 3323 548 3379 textu
574 3323 784 3382 Graeco.

388 3393 416 3431 ι)
437 3392 669 3467 έμιὶεἱτίε
690 3394 1069 3467 progressibus.
1102 3395 1159 3451 Id
1184 3405 1287 3461 est,
1311 3411 1340 3451 a
1366 3411 1625 3467 concesso
1637 3412 1892 3467 egressu.

388 3471 409 3499 ο
438 3460 501 3535 Si
535 3460 731 3535 oportet
785 3460 893 3535 Eos.
933 3464 1173 3520 [labetur
1206 3460 1348 3535 apud
1383 3464 1458 3535 AS.
1507 3460 1765 3519 Basilium
1807 3480 1895 3520 se-

311 3533 500 3612 quenti
536 3534 984 3607 interrogatione,
1019 3542 1074 3588 et
1101 3531 1254 3604 apud
1286 3531 1540 3588 Ruﬁnum
1577 3535 1767 3588 eodem
1799 3550 1893 3590 ca-

309 3609 599 3746 pltf'FEm‘
642 3670 915 3746 reus_grit.
943 3668 1031 3746 Ita
1053 3671 1193 3741 apud
1220 3666 1495 3746 Ruﬁnum,
1519 3670 1619 3746 scd
1650 3671 1808 3735 aliter
1840 3674 1895 3730 in

313 3745 465 3793 textu
487 3738 678 3822 Graeco
701 3754 722 3822 ⁸ε
747 3738 833 3807 Τῷ
849 3743 1076 3822 ,κρὶμςιτξ
1091 3738 1195 3822 rei
1216 3740 1464 3822 alim-ou:
1502 3740 1532 3800 ἢ
1554 3747 1647 3822 ξος)
1678 3747 1895 3822 ςυντρές

359 3830 502 3885 cura:
532 3816 603 3881 τῷ
629 3809 814 3885 κᾉέπτῃ
836 3809 1121 3885 euomere
1146 3812 1401 3885 ἔδεὰτςρος,
1433 3810 1464 3867 ὅ
1482 3832 1534 3885 rs
1566 3809 1741 3885 διδοὺς
1767 3809 1895 3869 κάὶὸ

310 3831 502 3933 ἔθνεος
532 3831 603 3881 τῳ
629 3831 814 3881 κΛεπτῃ
836 3831 1117 3865 υποκιισυω
1146 3831 1401 3885 εκατερος,
1433 3833 1459 3867 ο
1482 3832 1534 3866 τε
1566 3831 1741 3872 οιοους
1767 3836 1848 3867 και
1869 3831 1895 3869 ο

318 3881 612 3952 Δσχόμενος,
660 3878 714 3952 id_
758 3885 930 3952 est,-_¢_
957 3878 1328 3952 judiciofuris,
1369 3887 1425 3933 et
1468 3880 1586 3949 ejus
1635 3880 1728 3949 qui
1771 3897 1897 3943 cum

310 3946 763 4028 fure'concurrit,
796 3946 1114 4029 subjiciatur
1140 3958 1366 4017 uterque
1392 3958 1462 4029 et_
1479 3946 1613 4029 dans
1641 3946 1694 4029 et
1720 3953 1894 4029 susci:

308 4018 467 4086 piens
493 4032 719 4100 ⁸υνυς...»
757 4017 1006 4073 videlicet
1036 4019 1241 4090 absque
1283 4018 1614 4073 conscientia
1642 4019 1761 4089 ejus
1802 4021 1897 4091 qui

310 4095 513 4159 praeest
535 4089 811 4209 oreribus.
1154 4089 1159 4090 '
1820 4089 1837 4091 “

389 4167 419 4228 ξ
445 4154 599 4209 Nuli
646 4156 822 4228 liceat.
858 4156 1110 4228 Invenire
1152 4165 1237 4214 est
1273 4157 1329 4228 in
1355 4156 1560 4228 Regula
1604 4173 1708 4214 ms.
1739 4159 1896 4217 Pauli

311 4235 368 4280 et
394 4226 657 4299 Stephani
694 4226 1145 4299 c_od._Flor.cap.
1176 4225 1554 4299 27.7Ilelertur
1579 4238 1760 4285 autem
1787 4230 1893 4285 hoc

310 4294 656 4368 paptttf'quia
707 4294 765 4368 S.
817 4294 1141 4354 Benedictus
1174 4298 1426 4368 prohibet
1460 4298 1664 4366 aliquid
1713 4299 1896 4356 facere

312 4365 521 4437 injussu
550 4365 823 4437 rectoris;
847 4382 911 4421 ac
934 4369 1158 4437 proinde
1175 4365 1293 4421 non
1317 4365 1625 4423 intrandum
1655 4370 1707 4425 in
1734 4368 1896 4425 cella-

1923 3110 1968 3172 Ο
1999 3150 2089 3191 res
2131 3150 2319 3193 eorum
2347 3134 2417 3191 de
2441 3110 2672 3191 honesta
2714 3148 2905 3191 eorum
2942 3130 3353 3188 conversatione
3398 3129 3578 3185 securi

1997 3266 2305 3336 praeposito)
2335 3265 2514 3321 nullus
2534 3272 2828 3336 praesumat
2857 3264 3137 3321 accedere.
3169 3283 3188 3316 ι

2073 3334 2094 3373 ί
2112 3334 2261 3406 fide
2289 3334 2452 3405 Supra
2481 3334 2651 3406 c.'3_8_,
2681 3335 2709 3406 §
2740 3334 2793 3389 7.

2073 3406 2098 3444 ε
2126 3404 2297 3458 Tanta
2337 3403 2532 3469 autem.
2598 3403 2726 3458 Haec
2777 3410 2990 3470 sumpta
3044 3409 3172 3456 sunt
3219 3415 3286 3456 ex
3336 3416 3456 3471 cap.
3511 3403 3578 3457 l0

1997 3473 2094 3528 lib.
2122 3489 2175 3528 Iv
2203 3474 2271 3527 de
2296 3473 2564 3528 Institutis
2593 3472 3040 3526 renuntiantium.

2065 3543 2094 3583 δ
2125 3542 2241 3612 Nec
2266 3543 2421 3596 etiam
2454 3540 2549 3595 illa
2572 3557 2690 3612 quia
2721 3540 2874 3595 utilia
2898 3550 3040 3595 sunt.
3071 3538 3199 3595 Haec
3224 3556 3334 3595 non
3356 3550 3575 3597 exstant

1998 3610 2139 3682 apud
2153 3610 2504 3682 Qassianum.
2526 3641 2534 3647 -

2076 3683 2092 3721 ί
2138 3680 2536 3750 Meditautibus.
2594 3678 2652 3733 Id
2688 3686 2795 3750 est,
2839 3677 3187 3750 legentibus,
3215 3678 3569 3750 discentibus.

1997 3749 2201 3822 Regula
2232 3750 2387 3822 Pauli
2414 3758 2468 3804 et
2490 3748 2769 3822 Stephani,
2801 3747 2921 3822 cap'.
2944 3748 3014 3803 32
3048 3766 3061 3801 :
3097 3767 3127 3822 ¢_
3156 3747 3264 3822 Sed
3295 3764 3472 3820 neque
3502 3750 3576 3822 ad

1998 3818 2338 3877 meditandas
2361 3821 2575 3875 litteras
2590 3818 2685 3874 vel
2710 3818 2949 3888 psalmos
2985 3825 3079 3872 aut
3114 3818 3574 3888 lectiones'lquis-

1997 3873 2165 3961 ana
2192 3873 2261 3945 ex
2284 3873 2395 3961 an;
2408 3873 2568 3961 quasi
2614 3873 2878 3961 potestate
2907 3873 3221 3961 prmsumat.
3261 3909 3281 3941 .
3315 3873 3458 3944 Beas
3477 3873 3573 3961 ub.

1997 3958 2057 4015 in
2082 3959 2223 4038 Ilist.
2254 3958 2441 4038 Ang|.,
2467 3976 2587 4029 cap.
2690 3978 2754 4038 :_¢
2790 3958 2860 4038 [lt
2881 3973 3078 4038 omnes
3106 3959 3199 4038 qui
3229 3973 3372 4038 cuin
3395 3973 3460 4013 eo
3496 3959 3577 4038 in-

1996 4030 2283 4099 cedebant,
2309 4028 2423 4084 sive
2441 4028 2662 4099 attensi.
2688 4029 2803 4084 sive
2824 4028 2971 4094 laici,
2996 4028 3249 4099 meditari
3290 4028 3573 4099 deberent.

1996 4099 2054 4154 Id
2073 4108 2178 4164 est,
2212 4096 2307 4153 aut
2330 4100 2572 4170 legendis
2594 4097 2892 4171 Scripturis
2912 4106 3007 4154 aut
3041 4097 3265 4170 psalmis
3303 4096 3576 4155 discendis

1996 4184 2218 4224 oneram
2244 4170 2393 4224 dare.
2427 4189 2446 4222 ι

1996 4184 2097 4224 008
2105 4186 2218 4224 ram
2244 4184 2393 4224 dare.
2427 4189 2446 4222 ι

2031 4185 2218 4242 peram
2244 4185 2393 4224 dare.
2427 4189 2446 4222 ι

2072 4236 2087 4290 i
2138 4237 2353 4311 Schola.
2404 4239 2601 4295 Schola
2652 4250 2738 4296 est
2783 4238 3039 4295 conclave
3091 4238 3302 4311 ingens,
3362 4240 3416 4294 in
3466 4253 3574 4308 quo

1997 4310 2252 4365 monachi
2292 4309 2542 4382 legebant
2569 4318 2627 4365 et
2678 4311 3040 4374 dormiebant,
3095 4309 3173 4364 ut'
3205 4325 3370 4380 supra
3417 4316 3574 4364 nota-

1999 4388 2115 4434 tum
2150 4388 2252 4435 est.

313 4434 453 4520 ςὲμιιι
491 4444 565 4516 εί,
590 4436 644 4520 ξι)
691 4434 961 4520 θΐιίίῗῼῴ
998 4438 1239 4520 οίῖίοξξιθε
1276 4438 1394 4520 Si"?
1434 4437 1554 4520 ei"?
1600 4440 1885 4520 Ρθνιιξίδευ·
1920 4452 1969 4511 D
2067 4449 2093 4490 ιι
2134 4434 2391 4505 cellulam
2422 4449 2661 4507 alterius.
2689 4450 2832 4506 Idem
2862 4447 3107 4520 praecipit
3152 4447 3573 4520 S._Pa_chomi_us

312 4502 443 4577 Qine
477 4505 694 4574 quidem
732 4505 1000 4561 institutio
1041 4509 1242 4576 optima
1285 4517 1369 4562 est
1402 4502 1625 4577 propter
1652 4510 1891 4567 rationes

313 4574 525 4660 allatas,
548 4581 676 4660 tum
704 4578 846 4660 quia
873 4574 1244 4660 cpnfusibnem
1272 4574 1674 4660 ipsis—artiﬁciis
1707 4579 1888 4660 all'ert,

313 4652 478 4712 atque
507 4645 676 4717 etiam
706 4644 1005 4717 artiﬁcibus
1046 4644 1314 4717 ejusmodi
1343 4647 1687 4714 promiscuus
1714 4649 1768 4702 in
1804 4664 1893 4705 eo-

311 4727 433 4767 rum
463 4713 707 4769 ollicinas
744 4716 1021 4786 ingressus
1047 4713 1250 4788 {etiam
1296 4713 1546 4788 nonhsine
1561 4718 1773 4788 jactura
1803 4719 1890 4774 in-

311 4791 757 4863 strumentorum,
785 4800 908 4863 cum
943 4787 1145 4855 passim
1173 4787 1241 4863 ab
1266 4786 1655 4863 omnibussme
1690 4789 1883 4863 discri-

312 4854 816 4926 mine__tractantur.
850 4854 996 4910 Idem
1032 4856 1287 4911 statuitur
1316 4857 1365 4926 in
1388 4854 1575 4926 Poenis
1606 4858 1883 4926 brevibus,

310 4937 433 5011 qua:
463 4921 520 4976 S.
558 4922 754 5011 Basilio
785 4925 1149 5011 ascribyntur,
1169 4933 1302 5011 ‘art.
1341 4924 1447 5011 42.:
1473 4925 1534 5011 ιςῖ
1554 4948 1631 4988 τις
1660 4921 1887 5011 ἀφαίρωξ

312 4995 534 5070 ἔρχεται
556 4995 933 5070 disputavimus,
958 4997 989 5057 ἦ
1017 4998 1087 5070 si;
1113 4995 1365 5070 κελλὰριον
1402 4996 1540 5070 iure;
1563 5005 1661 5051 τῶν
1687 4995 1887 5054 ἐντέτυ-

310 5064 579 5143 τὲοιξμξηωνε
625 5064 655 5124 ἦ
690 5064 1197 5143 ,τῷίφρονςξζόνῖωγ
1235 5064 1321 5126 τ’ἧς
1365 5068 1617 5143 sumitur,
1664 5070 1886 5143 μενὲσθω

310 5132 664 5213 ἆπῖ-εῢλογίαςς
689 5134 739 5188 id
753 5132 862 5213 est_,'_
874 5132 911 5187 ἰ
934 5132 1150 5213 Siquis
1178 5134 1481 5213 importune
1507 5132 1815 5213 ingreditur
1830 5139 1887 5213 in

311 5202 550 5282 culiuani
577 5210 633 5255 et
658 5215 741 5257 vet
764 5202 1309 5282 cellarium'esceptis
1332 5202 1646 5282 designatis,
1684 5215 1777 5261 aut
1802 5208 1887 5264 his

311 5273 404 5346 qui
431 5284 616 5346 curam
649 5283 841 5346 gerun_t
876 5273 1234 5346 ordinationis
1275 5273 1672 5346 et_olis_ciplinae,
1700 5286 1887 5332 careat

312 5336 704 5421 benedictione.
739 5362 758 5394 ι
792 5342 990 5421 Eadem
1029 5353 1115 5421 est
1144 5358 1302 5421 _mens
1327 5343 1406 5421 S._
1436 5336 1734 5421 Pachumii,
1764 5362 1885 5421 cum

314 5409 368 5490 id
409 5408 540 5464 solis
582 5412 885 5490 prspositis
916 5415 1206 5490 permittit,
1243 5422 1346 5469 art.
1374 5413 1409 5467 6
1436 5432 1449 5469 :
1481 5433 1499 5466 ι
1526 5415 1608 5490 ad
1645 5408 1889 5490 ollicinas

312 5478 653 5555 diversarum
685 5478 882 5536 artium
913 5478 1037 5555 soli,
1063 5495 1288 5555 pergent
1321 5486 1597 5555 praepositi
1640 5495 1699 5540 ut
1745 5489 1886 5541 acci-

314 5549 464 5619 plant
491 5548 636 5619 quod
655 5548 1031 5606 necessarium
1046 5548 1190 5608 e'stJ
1218 5548 1365 5609 Idem
1394 5548 1577 5610 videre
1597 5564 1681 5610 est
1702 5558 1755 5611 in
1779 5556 1886 5612 Re-

314 5620 437 5687 gula
473 5620 795 5696 Tarnatensi
835 5621 936 5676 hoc
964 5624 1140 5696 capite
1167 5639 1196 5696 :A
1218 5642 1237 5675 ε
1265 5624 1334 5678 Ει
1361 5625 1454 5679 ubi
1493 5624 1730 5681 artiﬁciis
1757 5642 1885 5696 ope—

317 5700 506 5745 rantur
548 5692 755 5760 absque
798 5705 959 5760 supra
1013 5693 1232 5763 scriptis
1286 5696 1531 5765 personis
1576 5692 1884 5768 (abbate—ct
1934 5770 1949 5781 κ

1993 4520 2098 4575 hoc
2130 4521 2309 4590 capite
2350 4537 2511 4590 supra
2559 4521 2800 4577 citatus:
2837 4516 2881 4568 ι’
2892 4516 3159 4590 Cellulam
3173 4516 3430 4590 alterius,
3465 4517 3569 4571 nisi

1992 4591 2144 4659 prius
2180 4586 2249 4645 ad
2267 4586 2469 4645 ostium
2504 4591 2855 4658 percusserit,
2890 4588 3095 4641 intrare
3128 4586 3374 4641 illicitum
3400 4594 3503 4641 est.
3544 4607 3563 4638 ι

2070 4658 2088 4698 ι
2140 4660 2384 4726 Qualiter
2410 4674 2465 4713 se
2495 4659 2848 4726 unusquisque
2883 4667 3025 4726 agat.
3073 4655 3376 4712 Pronomen
3398 4672 3454 4711 se
3483 4672 3563 4712 re-

2190 4671 2384 4715 uamer
2410 4674 2465 4713 se
2495 4674 2848 4730 unusquisque
2883 4671 3025 4728 agat.
3073 4671 3376 4712 rronomen
3398 4672 3454 4711 se
3483 4672 3568 4712 re-

1991 4729 2213 4785 dundat.

2062 4812 2104 4840 ω
2141 4799 2208 4854 Et
2244 4798 2349 4870 ubi
2376 4799 2608 4870 artiﬁces
2640 4805 2961 4870 operantur.‘
2982 4796 3128 4852 Idem
3168 4796 3482 4870 praecipitur
3507 4795 3565 4850 in
3652 4852 3655 4859 ,

1991 4869 2199 4941 Regula
2228 4869 2376 4924 Pauli
2391 4877 2448 4925 et
2461 4866 2718 4941 Stephani
2751 4882 2913 4941 supra
2948 4866 3052 4921 hoc
3073 4867 3270 4935 capite.

2067 4936 2101 4977 ιῖ
2135 4939 2360 5011 Absque.
2385 4940 2440 4994 Id
2464 4936 2692 5011 est'sine
2721 4936 3008 5011 permissu.

2069 5017 2094 5045 ο
2139 5003 2546 5065 Advenientibus
2572 5003 2795 5080 quoque.
2820 5006 2968 5080 Idem
2997 5005 3253 5080 statuitur
3282 5006 3335 5060 in
3365 5003 3570 5080 Regula

1995 5079 2217 5133 Patrum
2258 5095 2383 5145 ms.,
2421 5094 2542 5149 quae
2562 5074 2647 5134 est
2674 5074 2906 5149 secunda
2942 5074 3281 5149 cod._Elor.,
3312 5074 3454 5149 unde
3481 5074 3569 5130 hic

1993 5150 2146 5205 locus
2176 5150 2387 5205 videtur
2407 5144 2529 5205 esse
2549 5147 2917 5205 emendicatas
2957 5166 2970 5200 :
3012 5163 3031 5195 ι
3068 5144 3384 5199 Advenienti
3416 5158 3572 5214 pere—

1994 5220 2151 5291 grino
2182 5219 2319 5274 nihil
2340 5219 2460 5291 plus
2482 5220 2738 5276 exhibeat
2776 5223 3274 5291 quam__occursum_
3306 5213 3564 5291 humilem

1997 5236 2151 5291 grmo
2182 5236 2319 5274 nlml
2378 5236 2460 5275 Ius
2482 5236 2738 5276 exnineat
2776 5236 2940 5287 quam
2981 5236 3264 5270 occursum
3306 5236 3564 5268 nutunutu

1997 5299 2052 5344 et
2082 5304 2289 5359 pacem.
2340 5236 2633 5359 Ileliquum
2664 5285 2871 5359 nongsit
2898 5285 2974 5359 illi
3012 5299 3144 5359 cura
3167 5284 3308 5359 unde
3334 5284 3564 5347 venerit,

1992 5354 2094 5442 pro
2102 5375 2209 5442 quo
2230 5361 2462 5442 regerit,
2485 5354 2592 5413 'vel
2616 5356 2834 5442 quando
2847 5355 3220 5410 ambulaturus
3240 5354 3332 5420 sit,
3382 5367 3484 5407 nec
3505 5368 3568 5408 se

1985 5427 2184 5501 jungat
2196 5429 2265 5501 ad
2294 5428 2506 5485 fabulas
2532 5444 2662 5501 cum
2682 5427 2792 5481 illo.
2831 5445 2851 5501 ξ

2063 5466 2800 5567 $°‘ii;iiu'.";§}ii¢ici7?o'}‘al'.
2831 5466 2913 5550 Ex
2943 5493 3147 5567 Regula
3169 5493 3228 5567 S.
3268 5466 3565 5567 Pachomii,

1991 5580 2097 5624 art.
2133 5569 2202 5623 54
2232 5587 2245 5623 :
2278 5588 2297 5621 ι
2328 5568 2519 5624 Nullus
2542 5564 2692 5624 solus
2712 5567 2960 5621 mittatur
2980 5564 3124 5623 foras
3138 5565 3204 5620 ad
3236 5564 3451 5636 aliquod
3474 5578 3569 5618 ue-

1990 5642 2218 5709 gotium,
2246 5639 2559 5708 nisijuncto
2585 5640 2635 5693 ei
2666 5638 2859 5693 altero.
2909 5654 2927 5688 ι
