4014 6186
468 305 603 363 i551

1496 290 1552 346 S.
1596 285 1960 343 BENEDICTI
2001 281 2287 340 ABBATIS
2325 278 2733 358 ANIANENSIS

3600 277 3752 334 1332

467 419 600 484 sint,
645 422 700 470 et
732 412 809 469 illi
844 425 952 466 non
1007 404 1400 478 periclitentur.
1452 402 1818 458 Observantes
1867 406 2051 452 tamen
2081 398 2132 458 Α
2158 395 2305 450 aliud
2363 395 2752 449 monasterium
2805 391 3042 448 mittitur
3089 392 3443 457 visitandum,
3497 396 3756 464 quamdiu

472 509 580 564 hoc
601 519 626 548 ι
656 520 717 559 ιιι
745 518 850 557 non
872 515 928 554 se
957 496 1186 552 invicem
1230 491 1428 548 fabulis
1466 491 1717 546 inanibus
1748 490 2048 552 destruant,

472 612 649 667 neque
699 587 992 661 negligenti
1046 585 1246 641 cedant
1295 583 1473 636 locum
1523 577 1923 641 destructionis,
1961 574 2054 629 sed

474 686 844 755 unusquisque
872 681 926 734 in
956 686 1079 734 actu
1103 691 1201 731 suo
1227 682 1467 728 attentus
1504 671 1596 735 sit,
1650 677 1812 739 prout
1841 675 2055 736 tempus

473 778 655 831 fuerit.
710 775 737 813 ιι
765 771 988 838 Quando
1017 776 1197 822 autem
1235 764 1438 819 reversi
1471 761 1671 816 fuerint
1701 759 1753 812 in
1784 763 2073 812 monaste-'

474 868 637 931 rium,
687 865 732 920 si
779 870 906 918 ante
947 861 1146 916 ostium
1171 857 1406 911 viderint
1437 854 1673 922 aliquem
1716 858 2054 920 quaerentem

473 972 694 1012 suorum
739 953 976 1008 amnium
1001 951 1066 1004 de
1091 949 1177 1002 bis
1211 946 1300 1016 qui
1345 946 1396 999 in
1444 942 1776 998 monasterio
1819 953 2061 993 commo-

476 1057 685 1111 rantur,
704 1061 810 1100 non
843 1042 1098 1096 valebunt
1128 1039 1208 1091 ire
1235 1037 1304 1089 ad
1325 1050 1449 1088 eum
1472 1042 1528 1088 et
1547 1032 1798 1086 nuntiare
1819 1029 1904 1084 vel
1935 1043 2062 1082 evo-

476 1138 703 1194 care.Et
724 1135 942 1190 omnino
956 1129 1217 1202 quidquid
1237 1126 1369 1180 foris
1393 1124 1682 1196 gesserint,
1701 1123 1754 1175 in
1787 1128 2063 1175 monaste-

477 1228 558 1282 rio
586 1240 806 1280 narrare
836 1238 940 1276 non
968 1224 1321 1289 praesumant.

548 1317 576 1390 ᾗ
614 1314 944 1371 XXll.—-Ex
978 1312 1196 1365 Renum
1233 1321 1422 1362 sucu
1457 1303 1651 1358 Ismeni
1695 1301 1832 1371 (cap.
1873 1297 1986 1390 24).

554 1389 577 1446 ξ
635 1406 822 1460 Nullus
859 1401 1251 1456 monachorum
1298 1393 1602 1449 inconsulto
1633 1392 1827 1445 abbate
1868 1389 2065 1441 audeat

479 1497 688 1567 uspiam
716 1491 989 1564 progredi,
1040 1504 1142 1543 nec
1181 1486 1384 1556 aliquid
1413 1485 1439 1524 ά
1465 1496 1794 1554 prtesumere
1819 1480 1935 1533 sine
1967 1478 2064 1531 im-

479 1589 632 1657 perio
666 1586 781 1655 ejus
806 1597 898 1639 seu
925 1579 1225 1652 praepositi.
1255 1577 1313 1632 Si
1335 1575 1550 1645 quando
1578 1575 1746 1628 abbas
1778 1583 1800 1611 ε
1818 1571 1904 1625 vel
1926 1585 2064 1639 pra:-

481 1677 690 1746 positus
725 1672 921 1728 alicubi
956 1669 1393 1741 proficiscuntur,
1432 1665 1520 1718 ille
1549 1663 1689 1716 ferat
1709 1661 1938 1714 fratrum
1956 1659 2064 1713 sol-

2152 502 2275 543 cum
2310 486 2390 542 eis
2432 485 2598 540 fuerit
2636 485 2704 540 ad
2739 500 2880 556 quos
2910 485 3214 548 destinatus
3240 492 3345 550 est,
3399 485 3480 539 ita
3507 500 3640 541 eum
3676 487 3759 542 ibi

2153 585 2366 646 oportet
2391 577 2574 632 vivere
2609 577 2749 632 sicut
2778 575 3044 646 reliquum
3073 586 3274 631 coetum
3314 585 3645 632 sanctorum
3674 580 3758 632 vi-

2155 667 2264 728 det.
2297 668 2312 705 ί
2340 673 2561 736 propter
2587 664 2904 720 scandalum
2942 664 3150 720 scilicet
3175 676 3230 720 et
3267 666 3757 737 perturbationem

2156 758 2515 814 infirmorum.

2289 891 2316 963 ᾗ
2347 891 2532 946 XXIII.
2560 921 2631 931 —
2665 890 2745 945 Ex
2773 890 2996 947 Rasum
3033 891 3296 948 ΜΑοιετιιι
3321 891 3462 966 (cap.
3491 894 3608 966 28).

2233 1022 2246 1074 i
2298 1024 2430 1079 Nam
2457 1032 2511 1080 et
2549 1024 2745 1080 fratres
2768 1025 2824 1080 in
2857 1025 2943 1079 via
2990 1025 3252 1096 dirigendi
3284 1027 3388 1081 hoc
3410 1036 3753 1099 praeceptum

2159 1116 2370 1171 abbatis
2392 1116 2476 1169 vel
2496 1116 2910 1185 praepositorum
2949 1131 3166 1170 suorum
3201 1117 3498 1185 accipiant.
3521 1117 3751 1184 Quarta,

2162 1217 2314 1263 sexta
2343 1216 2396 1262 et
2426 1207 2652 1266 sabbato
2681 1209 2735 1261 in
2766 1208 2957 1262 diebus
2986 1208 3302 1277 majoribus,
3328 1209 3382 1262 id
3409 1216 3522 1275 est,
3553 1225 3587 1263 a
3617 1210 3751 1264 Pas-

2163 1301 2265 1355 cha
2295 1315 2464 1368 usque
2489 1315 2588 1353 vru
2619 1299 2846 1354 Kalend.
2895 1299 3117 1355 Octobr.
3138 1341 3153 1365 ,
3203 1302 3346 1370 quod
3381 1310 3468 1357 est
3507 1303 3756 1372 aequino—

2163 1393 2330 1445 ctium
2366 1391 2617 1455 hiemale,
2670 1400 2732 1444 ut
2760 1407 2866 1446 non
2891 1391 2944 1445 in
2967 1392 3054 1446 via
3095 1390 3342 1460 jejunent
3373 1401 3613 1463 propter
3653 1408 3751 1448 aes-

2167 1492 2278 1538 tum
2307 1493 2362 1538 et
2387 1484 2562 1548 sitim;
2612 1484 2807 1538 deinde
2833 1486 2902 1538 ab
2943 1485 3269 1554 aequinoctio
3305 1485 3534 1546 hiemali
3579 1501 3756 1555 usque

2166 1575 2233 1627 ad
2281 1574 2507 1636 Pascha,
2559 1574 2685 1642 quia
2709 1575 2987 1630 breviores
3012 1583 3139 1629 sunt
3162 1576 3296 1640 dies,
3346 1576 3754 1631 ambulantium

2169 1662 2396 1718 fratrum
2419 1665 2472 1718 in
2503 1674 2718 1733 quarta,
2745 1673 2898 1719 sexta
2921 1673 2976 1719 et
3010 1665 3259 1730 sabbato,
3294 1664 3504 1733 jejunia
3535 1675 3759 1736 protra-

481 1736 837 1828 licitudinem,
883 1736 975 1831 qui
1019 1769 1102 1815 est
1150 1766 1272 1828 post
1319 1755 1664 1826 prtepositum
1709 1751 1978 1806 secundus
2010 1750 2064 1803 in
2097 1736 2142 1796 Β
2170 1757 2368 1810 bantur
2401 1756 2452 1809 in
2484 1771 2786 1824 vesperam,
2814 1756 2841 1794 ι
2882 1772 2949 1810 ηε
2985 1758 3232 1825 occupati
3264 1755 3467 1811 fratres
3490 1771 3637 1810 nona
3662 1757 3761 1810 bo-

486 1858 695 1912 ordine.
739 1852 966 1920 Quando
1007 1850 1206 1903 fratres
1247 1845 1379 1900 foris
1413 1843 1834 1915 proficiscuntur
1863 1839 1945 1893 vel
1975 1855 2064 1894 re-

485 1949 651 2004 deunt
676 1943 1018 2016 congregatis
1043 1940 1295 1995 omnibus
1321 1939 1375 1990 in
1407 1951 1572 1989 unum
1603 1935 1658 1988 in
1680 1931 1931 1996 ecclesia,
1973 1931 2068 1986 be—

483 2039 844 2095 nedictionem
871 2034 1157 2102 accipiant.
1185 2030 1493 2096 Eodemque
1522 2026 1684 2098 modo
1706 2023 2070 2078 hebdomada-

488 2131 556 2184 rii
590 2129 607 2168 ί
631 2129 714 2182 vel
739 2124 1105 2196 quarumlibet
1132 2137 1314 2175 rerum
1345 2121 1769 2190 dispensatores,
1800 2117 1912 2171 sive
1939 2117 2067 2170 dum

484 2227 888 2292 promoventur,
913 2216 1027 2270 sive
1049 2215 1174 2268 dum
1198 2212 1475 2266 recedunt.
1520 2209 1749 2279 Propter
1775 2209 2068 2263 necessita-

488 2324 597 2369 tem
629 2312 862 2381 aliquam
887 2304 1202 2362 monasterii
1230 2304 1334 2357 duo
1362 2301 1559 2355 fratres
1587 2300 1897 2370 spirituales
1927 2315 2071 2354 com-

485 2399 851 2476 probatissimi
873 2398 1162 2468 eligantur,
1186 2392 1276 2461 qui
1305 2393 1374 2446 ad
1401 2391 1592 2446 urbem
1622 2392 1647 2429 ε
1669 2389 1751 2444 vel
1773 2390 1839 2443 ad
1856 2404 2072 2459 posses-

486 2496 694 2550 sionem
724 2491 1025 2544 mittantur.
1051 2487 1079 2525 ιι
1108 2481 1508 2538 Adolescentuli
1531 2487 1735 2544 autem,
1787 2480 1872 2534 vel
1901 2494 2072 2548 nuper

487 2583 736 2642 conversi
759 2598 790 2636 a
815 2581 908 2636 tali
930 2575 1231 2634 ministerio
1259 2572 1607 2629 removendi:
1644 2586 1712 2626 ne
1741 2579 1835 2626 aut
1857 2571 2071 2626 infirma

488 2686 622 2732 tetas
649 2674 828 2730 carnis
856 2669 1124 2727 desiderio
1150 2665 1438 2737 polluatur,
1481 2671 1575 2717 aut
1609 2662 1762 2717 rudis
1787 2661 2072 2717 conversio

493 2771 561 2827 ad
599 2768 781 2825 saeculi
817 2762 1086 2822 desideria
1131 2765 1455 2816 revertatur.
1510 2755 1804 2810 Monachus
1848 2754 1976 2810 dum
2003 2752 2072 2808 ad

564 2962 590 2991 ι
633 2945 701 3002 Ut
736 2962 841 3000 non
885 2959 938 2998 se
988 2940 1207 2995 invicem
1261 2935 1454 3006 fabulis
1504 2933 1748 3006 inanibus
1777 2933 2070 3006 destruant.

492 3021 657 3075 Recte
693 3030 844 3079 sane,
894 3013 1020 3082 quia
1043 3003 1277 3082 matrima
1319 3014 1402 3060 est
1439 3005 1831 3082 monachorum
1856 3003 2072 3082 destru—

2171 1863 2230 1901 ra
2269 1862 2367 1916 per
2401 1845 2751 1902 refectionem
2795 1847 2850 1900 in
2888 1848 2977 1901 via
3030 1847 3333 1902 accelerata
3368 1846 3622 1901 brevitas
3652 1846 3761 1900 diei

2169 1939 2430 1994 fratribus
2463 1938 2480 1977 ι
2509 1940 2843 1994 mansionem
2867 1939 3174 2008 protendat,
3197 1947 3310 2002 aut,
3331 1946 3394 1992 ut
3419 1946 3509 1992 est
3539 1937 3762 1992 lucrum

2171 2030 2348 2086 saeculi
2401 2039 2572 2084 totum
2610 2029 2911 2094 mvernale,
2969 2044 3092 2084 cum
3124 2030 3236 2099 jam
3290 2029 3360 2083 ad
3407 2043 3589 2083 seram
3617 2027 3764 2082 finiti

2170 2138 2295 2179 cum
2341 2122 2548 2193 jejunio
2591 2121 2699 2176 diei
2757 2121 3016 2175 inclinata
3049 2119 3164 2187 jam
3205 2119 3444 2174 secunda
3500 2117 3760 2183 refectio,

2173 2223 2202 2251 ιι
2235 2211 2405 2284 [cum]
2434 2211 2568 2265 nihil
2591 2211 2693 2266 sibi
2727 2209 3014 2264 emendum
3046 2208 3386 2263 mansionem
3415 2209 3760 2278 promiserit,

2171 2310 2395 2374 propter
2421 2300 2626 2363 nullum
2664 2308 2688 2336 ο
2720 2299 3088 2355 distractionis
3109 2300 3466 2368 adquxestum,
3495 2311 3524 2349 Ρ
3550 2299 3763 2368 dejejn—

2173 2400 2358 2447 natum
2381 2391 2494 2460 jam
2530 2389 2755 2444 fratrem
2783 2405 2890 2444 non
2918 2389 3080 2444 vel-let
3105 2389 3328 2444 taberna
3366 2389 3672 2459 suscipere,
3709 2399 3765 2444 et

2174 2491 2391 2554 propter
2429 2483 2826 2553 susceptionem
2860 2493 2889 2532 ιι
2920 2498 2951 2535 a
2977 2482 3141 2536 nullis
3176 2482 3342 2536 lucris
3364 2480 3638 2538 fratribus
3671 2483 3766 2538 de-

2175 2585 2446 2648 negatam,
2496 2585 2757 2648 cogantur
2805 2575 3004 2629 fratres
3050 2582 3274 2644 propter
3325 2575 3764 2644 hospitalitatem

2175 2667 2371 2723 iterato
2399 2668 2466 2723 de
2485 2668 2788 2736 sumptibus
2817 2667 2931 2721 suis
2952 2667 3283 2736 expenlere,
3331 2675 3389 2720 et
3421 2681 3525 2735 per
3561 2682 3761 2722 secun-

2180 2758 2305 2814 dam
2331 2757 2705 2822 refectionem,
2731 2771 2852 2826 (λικε
2899 2769 3006 2812 non
3053 2755 3200 2820 licet,
3231 2754 3504 2826 jejunium
3529 2757 3763 2812 violare.

2178 2940 2354 2995 vicus.
2385 2937 2497 2992 Lex
2527 2936 2727 3000 Salica,
2761 2936 2842 2989 tit.
2882 2934 3027 3006 56,§
3067 2935 3102 2988 ὁ
3145 2953 3158 2989 :
3198 2952 3217 2984 ι
3249 2934 3306 2989 Si
3335 2936 3460 3004 quis
3496 2952 3598 3006 per
3647 2953 3768 2991 ma-

2179 3010 2291 3064 lum
2312 3009 2602 3077 ingenium»
2627 3007 2680 3059 in
2706 3005 3193 3077 curtemalterius,
3219 3005 3308 3077 _vel
3356 3008 3410 3061 in
3452 3005 3648 3062 casam
3678 3009 3762 3064 vel

492 3072 601 3145 otio
623 3087 768 3154 loqui
800 3072 1000 3154 inania.
1037 3078 1304 3154 futilia_et
1343 3075 1641 3154 saecularia,
1675 3072 2072 3154 quorum‘t‘elaf
2097 3077 2144 3141 C
2177 3072 2746 3154 ubicunque_niiserit
2773 3076 2997 3144 aliquid,
3029 3076 3177 3154 quod
3213 3073 3452 3154 furatum
3497 3085 3765 3154 gst,_ne_s-

492 3162 637 3213 tione
681 3145 926 3208 monachi
966 3149 1149 3202 fervor
1193 3147 1304 3200 cito
1330 3145 1627 3198 remittitur
1653 3153 1726 3213 et,
1752 3151 1950 3210 torpet,
2009 3153 2069 3197 ut

489 3212 748 3300 prmclare
787 3229 973 3300 monet
1009 3218 1066 3271 S.
1107 3216 1425 3300 Antiochus,
1452 3213 1636 3300 h_omil.
1674 3212 1778 3266 102
1805 3227 1818 3265 :
1845 3217 2071 3300 nal‘xa-

497 3285 674 3352 Incursu
703 3294 727 3350 ὁ
757 3295 872 3351 νοὺς
886 3292 976 3361 καί
997 3293 1326 3361 καταργεῖται
1354 3285 1902 3361 ἓκ-τῆς-πνευμοςτικῆς
1925 3285 2076 3361 ἐργα-

491 3372 629 3430 σίας,
668 3368 752 3419 καὶ
781 3359 1010 3432 ἐκλύεται
1038 3351 1272 3432 πρᾷςζτόν
1296 3361 1386 3432 τῆς
1411 3351 1859 3432 nonnae-merome}:
1889 3351 2069 3432 idest,

499 3421 694 3491 iﬁlli-ens
711 3430 960 3488 monachi
993 3421 1308 3488 remittitur,
1323 3423 1391 3476 ab
1405 3423 1719 3491 operatione
1731 3421 1959 3490 spiritali
1975 3423 2072 3476 ἀει-

495 3508 655 3570 sidct,
686 3504 900 3559 enervis
914 3497 1206 3554 resolvitur
1221 3494 1292 3570 ad
1321 3492 1644 3570 servandum
1667 3491 2074 3570 exercitationis

494 3561 808 3632 monasticze
858 3571 1118 3639 vigorem.
1171 3584 1188 3615 ι
1221 3561 1333 3617 Νεε
1363 3563 1559 3639 mirum
1584 3577 1742 3627 sane;
1778 3563 1904 3630 quia
1931 3561 2076 3630 ejus-

493 3631 638 3702 modi
654 3631 1114 3700 confabulationes
1131 3641 1366 3688 mentem
1383 3648 1410 3684 a
1429 3631 1538 3685 Deo
1551 3640 1822 3694 avertunt,
1844 3646 2075 3700 eamque

493 3716 854 3785 obtenebrant
889 3707 1213 3785 et_sterilem
1240 3702 1496 3785 efﬁciunt,
1547 3702 1888 3785 u‘rt‘przeclare
1917 3702 2075 3785 docet

496 3784 798 3854 Ilesycbius
826 3781 1111 3854 presbyter
1136 3781 1346 3854 centur.
1376 3787 1442 3854 ιιῑ
1487 3787 1541 3824 n.
1727 3778 2073 3854 (‘Trivt‘x'aﬁra

497 3858 523 3912 ὁ
549 3837 667 3915 vos;
688 3837 1002 3915 σκοτίξεταιί
1023 3851 1103 3919 καὶ
1129 3843 1354 3919 innatent):
1383 3844 1538 3912 μένει,
1591 3843 1731 3919 iri-giae
1754 3837 1814 3896 ἂν
1837 3841 1866 3901 ἢ
1897 3841 2072 3914 λόγους

496 3911 763 3984 nectutem);
786 3911 998 3984 10041501),
1027 3916 1056 3976 ἧ
1089 3911 1460 3971 κατέδιάνοαν
1485 3911 1882 3984 καταδεξάμεγος
1906 3911 2070 3984 προσε

494 3976 710 4065 Esaia.
741 3976 1028 4052 tanaim
1059 3995 1160 4051 est,
1193 4004 1210 4035 (
1233 3985 1384 4065 T_unc
1415 3997 1568 4065 mens
1607 3976 2074 4065 obtenebratur'et

495 4051 825 4120 sine-fructu
848 4051 1048 4121 manet,
1101 4054 1317 4125 quando
1355 4053 1642 4125 saeculares
1663 4065 1942 4125 sermones
1995 4051 2074 4125 l_o-

498 4136 700 4204 quitur,
747 4139 840 4185 aut
855 4145 982 4204 cum
1036 4121 1142 4204 illis
1178 4124 1246 4178 ab
1285 4121 2067 4204 intellectu.susceptis‘coufac

497 4191 731 4258 bulatur.
782 4221 799 4252 ι
844 4197 1205 4265 Quamobrem
1258 4194 1384 4246 vitai
1428 4192 1694 4262 religiosae
1735 4191 2073 4265 institutores

495 4271 763 4342 ejusmodi
787 4261 950 4323 verba
975 4265 1430 4342 proscripserunt,
1471 4261 1654 4342 sancta
1677 4261 1789 4316 sola
1805 4268 1860 4342 et
1892 4261 2073 4342 divina

497 4329 776 4399 monachis
839 4329 1232 4408 permittentes.
1267 4331 1325 4385 S.
1372 4330 1716 4408 Pachomius,
1783 4339 1888 4408 art.
1940 4329 2009 4383 35
2055 4344 2069 4383 :

503 4433 523 4465 ‹
567 4401 865 4484 Operatites
902 4407 1034 4462 nihil
1070 4401 1682 4484 loquantur‘szecularen
1709 4401 1804 4484 sed
1843 4408 1940 4484 aut
1966 4415 2072 4454 me-

497 4469 735 4539 dilentur
755 4496 874 4550 quae
898 4484 1088 4550 sancta
1112 4469 1260 4550 sunt,
1283 4477 1549 4550 aut‘certe
1569 4469 1824 4550 silebant.
1862 4469 2071 4550 {Sera-

497 4555 622 4623 pion
656 4561 709 4607 et
737 4539 828 4605 alii
859 4549 1082 4623 abhates
1103 4546 1201 4623 _in__
1229 4558 1327 4623 sua
1359 4540 1560 4623 Regula
1591 4558 1603 4593 :
1640 4557 1658 4590 ‹
1704 4539 1815 4621 Nec
1844 4540 2071 4623 alicujus

498 4610 749 4678 audiatur
785 4634 985 4682 sermo,
1015 4617 1117 4671 nisi
1154 4614 1388 4674 divinus,
1414 4610 1507 4680 qui
1551 4625 1614 4682 ex
1638 4610 1836 4682 pagina
1869 4614 2068 4682 (sacra)

498 4693 824 4764 proferatur.
861 4711 878 4741 ι
917 4688 972 4742 Si
985 4687 1117 4764 quis
1142 4681 1736 4753 ergoloquitur,inquit
1755 4681 2066 4750 Apostolus,

497 4757 649 4834 quasi
662 4775 956 4834 sermones
985 4757 1102 4810 Dei.

571 4836 597 4873 b
639 4831 863 4897 Quando
919 4837 1093 4881 autem
1142 4821 1333 4878 reversi
1392 4821 1605 4897 fuerint.
1675 4821 1905 4897 Beliqua
1970 4821 2071 4897 bu-

489 4903 580 4973 jus
636 4891 828 4971 capitis
882 4905 1096 4967 sumpta
1153 4901 1280 4949 sunt
1328 4905 1395 4946 ex
1425 4892 1632 4963 Regula
1681 4891 1739 4946 S.
1770 4892 2068 4958 Pacbomii,

499 4984 605 5029 art.
630 4973 717 5028 5L

571 5055 590 5081 ε
645 5041 835 5096 Nullus
860 5036 1252 5093 monachorum.
1301 5031 1492 5086 Exstat
1531 5031 1583 5085 in
1625 5031 1827 5101 Regula
1872 5047 2070 5088 excusa

498 5113 555 5169 S.
587 5113 798 5184 Isidori,
821 5126 938 5179 cap.
1141 5183 1145 5184 ί
1471 5172 1483 5184 ,
1507 5113 1539 5184 ξ,
1582 5171 1594 5184 ,

568 5183 594 5223 d
620 5172 965 5240 Prmsume're.
990 5177 1045 5231 Id
1071 5183 1172 5238 est,
1198 5190 1262 5229 ex
1283 5189 1381 5229 suo
1408 5172 1633 5227 arbitrio
1654 5172 1852 5228 facere.

573 5266 595 5293 ε
646 5251 735 5307 Vel
760 5249 1092 5323 prwpositus.
1132 5244 1407 5300 Particula
1448 5242 1523 5296 vel
1551 5243 1652 5298 hoc
1687 5243 1805 5299 loco
1836 5244 2071 5297 sumitur

497 5323 815 5394 copulative.

575 5382 593 5432 ἶ
651 5392 738 5465 νει
759 5388 1104 5465 quarumlibet
1129 5401 1305 5465 reruni
1326 5384 1728 5465 dispensatores:
1752 5382 1964 5465 Optima
1997 5385 2074 5438 in-

498 5464 723 5527 stitutio,
755 5454 814 5516 ut
843 5476 946 5517 non
974 5459 1144 5514 solum
1170 5454 1595 5527 hebdomadarii,
1628 5455 1722 5527 sed
1749 5454 1910 5527 etiam
1935 5470 2071 5524 pne-

499 5535 677 5601 positi,
698 5523 911 5594 deeani,
928 5527 1198 5584 cellcrarii
1226 5527 1425 5595 aliique
1447 5523 1718 5590 ofliciarii,
1743 5525 1865 5579 (lata
1898 5523 1952 5580 in
1978 5540 2069 5579 ec-

499 5603 659 5656 clesia
689 5602 1084 5662 benedictione,
1115 5603 1557 5668 promoveantur.

572 5675 595 5712 Β
647 5671 736 5723 l'e!
777 5672 843 5722 ad
876 5664 1265 5738 possessionem.
1295 5665 1570 5720 Possessio
1591 5673 1673 5720 est
1701 5664 1846 5730 villa,
1879 5667 2069 5728 curtis,

2179 3151 2355 3205 ciente
2375 3144 2613 3216 domino,
2637 3147 2790 3215 cujus
2812 3144 3082 3216 possessio
3103 3152 3204 3199 est.
3219 3163 3236 3196 ›
3256 3145 3323 3198 Εῑ
3338 3146 3432 3200 lib.
3454 3145 3767 3216 vCapitul.,

2180 3220 2261 3273 tit.
2291 3218 2482 3298 i695}
2521 3215 2624 3298 Qui
2665 3216 2720 3268 in
2767 3215 2900 3269 vicis
2920 3215 3005 3268 vel
3041 3216 3472 3284 possessionibus
3512 3215 3770 3288 chorepi-

2177 3295 2727 3409 δθῖρλᾟῖἓὲἓέὲιῗὶιί
2748 3365 2941 3426 autem_
2969 3362 3018 3407 et
3051 3371 3218 3423 nuper
3247 3357 3500 3426 conuersi.
3547 3354 3768 3426 Optima

2178 3426 2466 3489 institutio,
2495 3435 2550 3480 et
2567 3425 2722 3478 valde
2742 3423 2979 3479 notanda
3011 3434 3235 3492 propter
3254 3425 3499 3480 rationes
3527 3423 3724 3481 allatas
3749 3441 3766 3478 :

2176 3505 2290 3550 tum
2337 3497 2520 3559 etiam,
2572 3504 2632 3548 ut
2665 3509 2879 3562 semper
2907 3495 3157 3547 intersint
3190 3495 3578 3549 communibus
3603 3511 3767 3550 exer-

2175 3567 2343 3628 citiis,
2372 3581 2438 3620 ne
2468 3566 2577 3620 cito
2601 3565 2948 3634 desuiescant,
2978 3571 3053 3634 et
3095 3564 3314 3617 tandem
3346 3573 3691 3634 torpescant.

2253 3638 2270 3676 ί
2311 3636 2535 3706 Pcopter
2559 3633 2868 3706 scandalum
2889 3633 3083 3706 scilicet
3113 3643 3160 3686 et
3187 3633 3642 3706 perturbationem
3681 3636 3767 3688 in-

2172 3699 2469 3776 firmarunt.
2504 3705 2633 3771 Quae
2671 3699 2921 3776 suboriri'
2950 3699 3278 3772 possent'cx
3308 3705 3612 3758 remissiori
3652 3706 3763 3759 vita

2173 3773 2303 3845 pere
2343 3777 2586 3829 rinorum
2617 3773 3025 3829 monachorum.

2248 3843 2262 3895 i
2304 3791 2446 3898 ﬁlum
2474 3855 2522 3898 et
2555 3843 2764 3898 fratres.
2812 3843 2935 3897 Haec
2959 3859 3018 3897 su

2248 3843 2262 3895 i
2304 3843 2446 3898 Nam
2474 3855 2522 3899 et
2554 3843 2764 3967 Patres.
2812 3843 2935 3897 Haec
2959 3851 3170 3911 sumpta
3198 3851 3324 3896 sunt
3363 3858 3430 3898 ex
3457 3844 3654 3899 eodem
3676 3860 3766 3900 ca-

2248 3930 2284 3967 με
2309 3915 2378 3967 28
2403 3917 2548 3967 Remi
2574 3931 2618 3967 ιε
2649 3913 2910 3967 Magistri.
2933 3914 3020 3967 cui
3049 3912 3235 3967 titulus
3255 3921 3338 3967 est
3359 3931 3372 3965 :
3393 3913 3472 3967 De
3488 3915 3675 3967 diebus
3699 3917 3766 3967 ie-

2173 3915 2290 3996 pite.
2309 3915 2378 3970 28
2403 3912 2618 3996 Regulae
2649 3913 3034 3996 Magistrimeui.
3049 3912 3235 3967 titulus
3249 3921 3338 3996 est
3359 3931 3372 3965 :
3393 3913 3472 3996 De
3488 3915 3675 3996 diebus
3688 3917 3769 3984 je-

2167 3983 2444 4055 ⁸ῖιιηὶοναιη
2484 3983 2558 4040 uel
2597 3983 3302 4106 horaregctionishpaulo
3331 3992 3457 4051 post
3505 3983 3766 4046 medium,

2173 4064 2234 4106 ut
2265 4063 2487 4106 armaret
2510 4070 2576 4106 ex
2603 4055 2790 4106 eadem
2870 4051 3021 4106 ecula
3055 4067 3084 4106 c
3162 4093 3174 4105 .
3207 4051 3368 4106 Corb.

2173 4051 2234 4109 ut
2265 4063 2487 4124 apparet
2510 4070 2576 4108 ex
2603 4055 2790 4124 eadem
2821 4051 3021 4124 Regula
3055 4051 3174 4106 cod.
3207 4051 3368 4124 Cori).

2248 4125 2276 4164 ιι
2299 4122 2390 4179 Νε
2422 4124 2661 4194 occupati
2695 4122 2906 4194 fratres.
2954 4122 3052 4176 Est
3078 4123 3445 4178 nominativus
3483 4123 3770 4180 absolutus

2174 4194 2296 4250 loco
2325 4193 2820 4248 ablativiabsoluti.

2253 4263 2272 4302 ι
2304 4263 2632 4335 Mansionem
2661 4261 2970 4335 prwtendal.
3006 4261 3064 4316 Id
3101 4263 3510 4335 est,_anticipet
3559 4272 3772 4335 tempus

2178 4334 2495 4397 mansioais,
2545 4342 2606 4387 ut
2653 4332 2760 4387 non
2790 4333 2997 4402 possint
3045 4341 3171 4387 ante
3215 4332 3351 4387 lucis
3386 4332 3771 4390 defectum—ad

2181 4403 2673 4474 illamipervenire.
2716 4471 2741 4474 λ
2864 4472 2875 4474 _

2250 4487 2290 4514 ω
2315 4471 2557 4528 Vérnale.
2608 4474 2666 4527 In
2713 4471 2910 4542 Regula
2942 4487 3043 4543 ms.
3088 4471 3298 4538 binale,
3330 4488 3433 4543 pro
3478 4472 3682 4536 vittate,
3721 4473 3771 4526 id

2179 4553 2284 4610 est,
2339 4543 2542 4607 venale,
2591 4551 2653 4597 ut
2697 4541 2861 4612 supra
2889 4541 3097 4605 vidunt,
3148 4557 3247 4612 pro
3278 4541 3533 4597 vendunt.
3585 4543 3771 4613 Itaque

2177 4615 2459 4684 legendum
2488 4622 2636 4684 puto,
2665 4613 2864 4684 uenale,
2892 4619 2951 4665 ut
2970 4613 3034 4684 in
3067 4615 3184 4684 cod.
3219 4613 3378 4667 Vind.

2250 4681 2277 4722 h
2308 4684 2437 4738 Cum
2466 4681 2597 4737 nihil
2618 4683 2736 4736 sibi.
2769 4681 2843 4736 Ita
2878 4684 2930 4736 in
2961 4681 3162 4752 Regula
3199 4698 3301 4736 ms.
3328 4699 3342 4744 ;
3377 4683 3472 4737 sed
3498 4682 3768 4752 particula

2183 4771 2295 4809 cum
2328 4754 2613 4817 redundat,
2646 4762 2702 4807 et
2727 4753 3031 4817 legendum,
3063 4752 3163 4806 cibi
3185 4767 3281 4817 pro
3306 4753 3427 4806 sibi.

2252 4834 2276 4858 ο
2305 4823 2680 4891 pistractionis
2725 4822 2796 4875 ad
2838 4833 3118 4891 qucrstum.
3171 4822 3227 4877 Id
3273 4834 3394 4887 est,
3441 4822 3768 4878 venditionis

2176 4885 2440 4966 quaestum
2463 4911 2475 4956 ;
2503 4895 2807 4966 adquaastus
2836 4885 2933 4966 pro
2957 4901 3199 4966 qumstu.
3218 4885 3443 4966 Gallice,
3462 4897 3675 4966 aequet.

2251 4976 2277 5014 ρ
2306 4961 2680 5034 Deiejunatum
2697 4963 2813 5034 jam
2842 4963 3098 5034 fratrem.
3143 4963 3203 5034 Id
3230 4972 3347 5034 est:
3392 4961 3501 5028 Qui
3525 4963 3649 5034 jam
3694 4977 3767 5015 re-

2177 5036 2402 5104 fecisset.
2430 5031 2658 5088 'Gallice
2684 5031 2705 5086 :'
2742 5032 2848 5097 Qui
2860 5031 2867 5032 7
2895 5033 3073 5085 aurait
3117 5032 3240 5103 de’jt‘t
3267 5033 3514 5104 dejeuné.
3565 5031 3765 5087 Sensus

2177 5101 2354 5159 autem
2383 5104 2622 5158 omnium
2668 5105 2860 5158 horum
2893 5101 3188 5157 verborum
3217 5101 3339 5158 esti
3374 5101 3432 5156 Si
3465 5104 3537 5158 ad
3567 5118 3763 5164 seram,

2182 5176 2329 5230 linito
2357 5191 2480 5230 cum
2503 5172 2706 5242 jejunio
2745 5174 2853 5236 die,
2882 5172 3023 5227 nulla
3049 5172 3274 5228 refectio
3295 5183 3551 5242 superest
3579 5188 3764 5228 mona-

2175 5247 2313 5308 chis,
2347 5262 2410 5300 ac
2447 5256 2730 5314 propterea
2761 5243 2895 5298 nihil
2935 5242 3071 5297 lucri
3097 5245 3166 5298 ah
3188 5244 3266 5299 eis
3295 5255 3547 5314 speraret
3575 5258 3764 5312 caupo.

2175 5317 2340 5370 nollet
2365 5313 2817 5385 eosgsuscipere;
2873 5329 2936 5368 ac
2959 5313 3184 5383 proinde
3232 5322 3293 5368 ut
3331 5313 3764 5385 susciperentur,

2173 5387 2371 5510 iterum
2404 5383 2629 5441 reficere
2652 5383 3003 5455 cogerentur,
3031 5393 3086 5438 et
3125 5385 3203 5440 sic
3226 5385 3423 5455 jejunii
3448 5383 3631 5456 legem
3663 5385 3770 5437 vio-

2195 5464 2370 5510 arent.

2195 5464 2370 5511 ειύιιῐ.

2245 5538 2272 5578 τι
2304 5533 2344 5579 Α
2375 5525 2532 5582 nullis
2556 5525 2736 5581 lucris.
2767 5525 2927 5594 Lege,
2960 5523 3177 5580 Nullius
3199 5524 3354 5594 lucri,
3383 5525 3773 5597 praepositione

2175 5607 2464 5669 cxpuncta.
