4014 6186
310 271 441 330 i553

1230 262 1621 321 CONCORDIA
1665 260 2126 319 REGULARUM.
2166 292 2236 303 -—
2272 263 2427 320 CAP.
2466 261 2676 320 LXXII.

3433 265 3561 319 1551

299 377 484 434 ιΑΙίἰε
517 388 648 433 vero
669 373 859 432 diebus
886 382 1041 433 extra
1070 385 1287 447 quarta,
1343 386 1498 433 sexta
1535 383 1592 432 et
1617 375 1873 435 sabbato.
1907 378 1954 436 A
1980 374 2163 442 dierit,
2214 377 2514 448 prandeat;
2569 375 2964 446 aliquantulum
3024 383 3207 435 tamen
3242 381 3386 453 legat
3421 380 3439 420 ι
3471 393 3569 439 aut

298 471 352 525 in
392 470 584 525 diebus
607 467 925 533 minoribus,
957 476 1109 524 sexta
1132 468 1267 525 hora
1289 470 1358 524 ad
1384 468 1761 535 refectionem,
1817 469 1875 524 in

297 561 386 618 via
422 561 777 632 1t’repausent
815 569 870 617 et
899 574 1019 616 sera
1061 569 1283 617 cos-nent
1318 569 1543 632 propter
1572 561 1685 631 _vi:n
1721 560 1876 617 labo~

298 669 435 709 rem.
475 652 521 708 A
567 652 775 707 Pascha
810 666 942 708 vero
981 666 1152 722 usque
1205 651 1588 717 Pentecosten,
1630 650 1874 721 exceptis

298 747 482 803 missis
522 746 578 801 in
621 745 912 817 longinqua
939 743 1057 810 via,
1100 743 1156 799 in
1203 742 1535 799 monasterio
1570 742 1653 797 vel
1696 742 1874 797 ubivis

298 845 453 905 sexta
484 850 700 906 semper
723 835 858 891 hora
906 832 1172 898 reﬁciant,
1219 841 1276 887 et
1298 847 1484 888 ccenas
1512 848 1637 888 suas
1663 842 1873 888 mutent

297 928 349 983 in
364 926 625 1000 prandiis,
649 926 862 982 dicente
882 930 1068 981 sancta
1095 921 1375 994 Scriptura
1401 937 1416 977 :
1446 933 1467 963 α
1495 922 1619 977 Non
1644 921 1763 975 licet
1787 937 1874 974 vo-

295 1017 373 1072 bis
384 1017 634 1089 jejunare
659 1031 776 1070 cum
794 1030 1014 1085 sponsus
1028 1012 1288 1068 vobiscum
1310 1020 1404 1079 est,
1428 1018 1484 1068 et
1499 1026 1605 1066 non
1631 1017 1869 1074 coenent,

295 1109 399 1166 nisi
427 1109 612 1179 quinta
646 1105 781 1163 feria
809 1114 864 1162 et
893 1105 1194 1161 Dominica.
1242 1102 1377 1160 Nam
1408 1103 1529 1159 ideo
1565 1101 1712 1159 omni
1738 1090 1872 1156 tem-

293 1192 422 1271 pore
449 1200 475 1241 ἀ
507 1199 693 1270 quinta
717 1196 853 1254 feria
867 1210 975 1252 non
1004 1195 1131 1253 licet
1144 1191 1420 1266 ieiunare,
1442 1193 1571 1264 quia
1600 1201 1625 1232 θ
1644 1203 1870 1247 ascensa

294 1289 508 1347 Domini
542 1303 659 1360 ipso
686 1287 771 1343 die
815 1285 964 1342 omni
997 1292 1237 1356 tempore
1284 1283 1542 1339 occurrit.
1591 1279 1870 1336 Dominica

292 1396 422 1437 vero
450 1380 539 1435 die
567 1394 675 1434 non
697 1378 823 1434 licet
841 1376 1112 1449 ieiunare,
1167 1374 1294 1446 quia
1327 1373 1658 1430 resurrectio
1686 1370 1871 1427 Domi-

293 1473 347 1528 ni
377 1472 694 1542 imputatur,
743 1470 888 1541 quod
916 1469 972 1524 in
998 1468 1155 1525 libris
1189 1468 1304 1524 suis
1350 1467 1469 1523 ﬁeri
1507 1467 1761 1539 prohibet
1805 1464 1864 1522 S.

291 1559 593 1634 Sylvester.
648 1558 782 1613 Nam
820 1558 942 1617 ideo
982 1572 1013 1611 a
1041 1556 1249 1613 Pascha
1289 1570 1461 1626 usque
1509 1555 1867 1611 Pentecosten

291 1665 397 1704 non
425 1649 554 1705 licet
581 1646 850 1720 ieiunare,
903 1648 1030 1718 quia
1070 1647 1352 1702 sabbatum
1394 1646 1617 1703 Paschze
1665 1646 1868 1702 claudit

289 1840 403 1884 tum
439 1828 790 1885 Pentecostes
826 1814 1036 1889 claudit
1077 1827 1289 1883 alleluia
1323 1836 1377 1884 et
1410 1829 1589 1898 aperit
1631 1826 1857 1898 ieiunia.

289 1917 396 1975 Sed
428 1918 449 1957 τ
475 1917 723 1975 ecclesiis
760 1917 1035 1974 clauditur
1082 1917 1319 1973 alleluia.
1353 1917 1488 1973 Nam
1514 1919 1861 1983 monasterio,

287 2007 445 2076 quasi
487 2007 543 2062 in
584 2006 844 2078 peculiari
891 2006 1113 2063 servitio
1150 2006 1247 2063 Dei
1299 2007 1516 2065 alleluia
1562 2025 1736 2080 usque
1787 2010 1856 2064 ad

287 2096 643 2169 Epiphaniam
698 2112 797 2168 per
828 2098 854 2137 ε
888 2097 1107 2152 modum
1137 2096 1470 2167 psalmorum
1513 2099 1866 2153 constitutum

290 2189 325 2229 ιν
353 2195 539 2260 aperta
570 2201 602 2243 a
624 2187 794 2253 servis
822 2186 919 2242 Dei
942 2185 1189 2258 psallitur
1219 2188 1467 2243 Domino.

663 2276 1006 2352 §xx1v.—
1037 2276 1348 2350 Item‘(cap.
1382 2278 1494 2352 57).

362 2368 379 2410 ί
412 2366 606 2424 Frater
634 2368 726 2438 qui
758 2365 772 2418 ἰ
808 2381 908 2439 pro
934 2369 1144 2423 actibus
1187 2367 1504 2424 monasterii
1548 2369 1867 2425 manemis-

285 2476 377 2517 sus
422 2458 607 2527 fuerit,
658 2467 716 2516 et
759 2460 852 2530 qui
903 2468 1126 2532 propter
1166 2460 1577 2531 occupationem
1621 2461 1722 2515 via:
1769 2456 1795 2500 ι
1836 2475 1866 2514 a

285 2553 459 2623 prima
501 2565 674 2623 usque
707 2551 775 2606 ad
806 2551 1019 2607 tertiam
1060 2550 1115 2605 in
1145 2550 1344 2616 hieme,
1393 2549 1509 2607 sive
1548 2564 1579 2605 a
1608 2564 1748 2605 nona
1778 2566 1868 2605 us-

286 2658 393 2714 que
428 2643 495 2698 ad
528 2656 809 2714 vesperam
840 2641 896 2695 in
936 2648 1143 2704 testate,
1188 2639 1415 2710 legerit;
1469 2636 1512 2694 si
1553 2640 1655 2695 sub
1679 2639 1867 2694 eodem

285 2732 375 2789 die
401 2733 813 2790 monasterium
839 2744 1091 2787 reversus
1131 2728 1331 2796 fuerit,
1378 2730 1570 2800 quavis
1596 2729 1731 2785 hora
1775 2742 1867 2784 re-

362 2898 389 2929 ι
413 2887 546 2943 Aliis
575 2904 691 2943 vero
737 2887 916 2943 diebus
944 2897 1092 2942 extra
1114 2895 1327 2957 quarta,
1358 2894 1505 2941 sea-ta
1532 2896 1581 2941 et
1625 2886 1864 2945 sabbato.

286 2957 366 3012 lta
384 2957 445 3083 [in
470 2958 672 3083 ξιξὲυιθ
696 2973 799 3014 ms.
822 2966 877 3014 et
902 2958 989 3013 isti
1022 2956 1241 3012 ablativi
1263 2962 1551 3012 sumuntur
1577 2956 1742 3013 veluti
1772 2957 1865 3013 ad-

286 3043 382 3083 ver
422 3044 471 3082 ta
495 3046 509 3081 l
562 3043 615 3081 ,r.

359 3079 726 3168 filiaiam.
774 3095 832 3153 id
878 3104 985 3164 est,
1028 3095 1294 3168 reﬁciant.
1347 3095 1591 3152 Sumitur
1632 3098 1810 3154 active
1834 3111 1866 3151 a
1894 3079 1939 3143 Ο

286 3165 548 3224 Cassiano
571 3166 695 3223 coll.
726 3170 878 3234 xvin,
908 3183 958 3222 c.
989 3165 1076 3223 14.

362 3249 384 3277 ο
418 3237 681 3308 Eon‘licet
726 3236 1151 3308 vo‘bisjejunqre,
1198 3251 1317 3308 cunt
1360 3252 1580 3308 sponsus
1605 3237 1867 3292 vobiscum

286 3317 383 3363 est.
414 3306 606 3362 Matth.
636 3323 714 3373 rx,
742 3306 910 3362 Marc.
934 3306 1016 3373 ‘u,
1047 3307 1175 3362 Luc.
1210 3323 1265 3361 v.
1292 3306 1508 3363 Prefert
1529 3317 1708 3363 autem
1738 3322 1865 3363 sen-

286 3393 407 3433 sum
437 3376 733 3446 Scriptum:
754 3377 841 3449 hic
866 3377 1147 3449 Magister,
1179 3393 1287 3449 non
1313 3379 1498 3449 verba.
1521 3378 1663 3449 Dicit
1685 3385 1869 3437 autem

286 3461 548 3518 sponsu‘m
590 3461 708 3503 esse
753 3447 1031 3518 nobiscum
1081 3447 1135 3518 in
1167 3447 1252 3502 his
1298 3447 1489 3502 diebus
1531 3447 1866 3516 quinquage-

286 3514 751 3587 simzePaschalis
770 3557 785 3585 ,
830 3518 955 3587 quia
980 3516 1227 3571 Christus
1262 3525 1387 3586 post
1414 3514 1869 3587 resurrectionem

287 3587 397 3641 illis
423 3585 610 3641 diebus
630 3583 980 3643 conversatus
1002 3593 1085 3639 est
1115 3600 1234 3639 cum
1263 3583 1521 3652 apostolis
1543 3624 1561 3649 ,
1603 3585 1733 3641 licet
1759 3600 1869 3639 non

286 3656 513 3737 integris
544 3657 616 3738 ob
655 3658 1045 3738 ascensionem,
1079 3668 1200 3735 quae
1243 3653 1386 3709 facta
1412 3664 1495 3710 est
1522 3654 1873 3738 die_quadra-

287 3724 512 3798 gesiino.
566 3724 673 3782 Sed
699 3727 789 3781 hic
817 3725 1051 3781 sumitur
1075 3724 1251 3793 major
1274 3738 1401 3792 pars
1425 3739 1524 3848 Ero
1556 3734 1689 3780 toto.

298 3795 384 3865 Αγᾷ
417 3792 580 3848 Feria
620 3796 801 3865 quinia
845 3811 949 3848 non
976 3792 1092 3847 licet
1109 3793 1379 3863 jejunare.
1471 3811 1506 3848 Χ
1529 3793 1870 3865 institutione

287 3862 602 3920 Melchiadis
632 3862 815 3933 papae,
868 3871 928 3917 ut
967 3878 1127 3933 supra
1156 3862 1404 3918 notatum
1432 3872 1535 3920 est.
1591 3864 1683 3920 Sic
1708 3864 1867 3920 beata

285 3933 560 4005 Genovefa
589 3931 702 3988 tota
718 3931 1065 4005 hebdomade
1091 3931 1397 4005 ieiunabat,
1418 3935 1665 4005 exceptis
1687 3935 1873 3991 Domi-

287 4005 410 4061 nica
452 4012 509 4060 et
535 4003 669 4059 feria
688 4004 899 4073 quinta,
931 4010 991 4073 ut
1014 4003 1069 4073 in
1093 4002 1244 4058 Actis
1266 4004 1383 4073 eius
1416 4002 1664 4059 liabeiur.

361 4086 386 4115 ο
409 4075 637 4129 Ascensa
666 4072 898 4128 Domini.
938 4072 1018 4128 lta
1048 4072 1103 4127 in
1128 4072 1250 4129 cod.
1286 4072 1444 4130 Vind.
1497 4075 1739 4130 Ascensa
1785 4083 1869 4131 est

287 4144 577 4216 ascensio,
634 4151 696 4216 ut
731 4145 785 4216 in
844 4142 1291 4216 Sacramentariq
1338 4143 1403 4216 S.
1456 4142 1739 4216 Gregorii,
1798 4145 1867 4200 In

286 4216 517 4271 Ascensa
541 4213 775 4296 Domini,
800 4221 855 4297 et
878 4213 1040 4337 paulo
1076 4213 1724 4297 post,.Dont.inica_prima
1751 4225 1867 4286 post

287 4286 569 4337 Ascensam
616 4283 845 4337 Domini.
920 4293 971 4337 ta
1019 4291 1181 4337 etiam
1231 4301 1285 4337 Ill
1332 4283 1575 4337 Almonis
1620 4301 1867 4337 sermone

287 4286 569 4339 Ascensam
616 4283 845 4338 Domini.
882 4283 971 4339 'Ita
1019 4283 1181 4339 etiam
1231 4284 1285 4339 in
1332 4283 1575 4340 Aimonis
1620 4283 1869 4342 sermone

289 4370 392 4410 ms.
420 4353 551 4409 bibl.
593 4352 651 4409 S.
683 4353 867 4409 Germ.
900 4368 933 4408 a
983 4353 1165 4410 Pratis
1197 4371 1214 4414 ;
1258 4354 1330 4409 In
1368 4355 1597 4411 Ascensa
1630 4352 1863 4423 Domini,

1976 465 2288 534 meditetur,
2311 474 2372 522 ut
2396 466 2658 537 Regulam
2681 467 2798 537 ipso
2819 466 2906 522 die
2935 466 3184 524 videatur
3220 469 3465 541 implere.
3504 473 3563 529 Si

1974 571 2105 612 vero
2140 557 2196 611 in
2231 556 2376 612 viam
2412 556 2712 627 longiorem
2735 556 3005 626 dirigatur
3044 559 3349 615 codiculum
3392 564 3569 619 modi-

1975 661 2097 701 cum
2127 659 2251 702 cum
2276 645 2545 717 aliquibus
2575 645 2898 702 lectionibus
2928 646 2995 702 de
3024 651 3357 707 monasterio
3380 667 3566 709 secum

1974 745 2175 807 portet,
2216 748 2275 795 ut
2318 739 2511 809 quavis
2559 739 2695 795 hora
2742 738 2796 794 in
2825 738 2913 794 via
2943 750 2983 779 ω
3015 744 3408 811 repausaverit,
3459 746 3562 800 ali-

1973 828 2295 899 quantulum
2329 836 2508 885 tamen
2544 828 2727 901 legat:
2762 830 2836 886 ita
2871 837 3052 887 tamen
3081 833 3127 887 si
3155 831 3320 889 fuerit
3349 845 3376 872 ιι
3417 836 3565 906 psal-

1977 926 2199 975 leratus.
2243 918 2303 974 Si
2343 933 2474 975 vero
2500 934 2608 975 non
2639 918 2829 986 fuerit,
2862 928 2886 955 ο
2921 921 3132 978 tabulas
3159 938 3189 978 a
3235 923 3441 994 maiore
3471 941 3563 982 su-

1972 1008 2277 1079 perpositas
2303 1007 2527 1080 psalmis
2555 1023 2739 1064 secum
2768 1017 2988 1080 portet,
3022 1019 3083 1066 ut
3116 1011 3181 1067 ad
3210 1013 3559 1070 refectionem

1973 1096 2208 1168 prandii,
2250 1105 2344 1153 aut
2374 1107 2402 1148 P
2429 1099 2499 1154 ad
2520 1098 2858 1154 mansionem
2884 1113 3008 1153 cum
3055 1101 3425 1170 applicaverit,
3459 1104 3561 1159 ali—

1972 1186 2312 1257 quantulum,
2365 1196 2394 1238 ιι
2446 1196 2707 1258 quantum
2757 1190 3098 1257 occurrerit,
3159 1198 3338 1247 tamen
3391 1196 3562 1250 medi-

1972 1284 2138 1345 tetur,
2170 1284 2231 1332 ut
2253 1277 2494 1347 quotidie
2523 1277 2741 1346 Regula:
2768 1278 2954 1335 reddat
2983 1280 3126 1350 quod
3168 1296 3325 1337 suum
3347 1292 3449 1339 est.
3482 1285 3559 1339 Ita

1971 1375 2028 1422 et
2052 1367 2222 1423 frater
2249 1368 2340 1439 qui
2390 1367 2568 1424 adhuc
2595 1368 2805 1424 litteras
2831 1369 3023 1437 discit,
3058 1371 3268 1428 tabulas
3300 1390 3559 1447 superpo-

1970 1461 2160 1519 sitasa
2209 1459 2413 1530 maiore
2439 1461 2506 1515 de
2554 1462 2886 1517 monasterio
2935 1478 3121 1519 secum
3150 1474 3367 1536 portet;
3422 1476 3481 1523 ut
3509 1471 3555 1524 si

1970 1569 2094 1609 cum
2119 1553 2359 1609 litterato
2391 1551 2562 1621 vadit,
2592 1553 2707 1625 ipse
2735 1568 2858 1609 cum
2905 1570 2963 1610 se
2987 1556 3055 1610 ad
3081 1554 3437 1613 refectionem
3464 1570 3558 1614 aut

1970 1643 2306 1699 mansionem
2343 1641 2728 1714 applicaverit,
2776 1657 2899 1699 cum
2927 1659 2992 1702 eo
3024 1653 3226 1714 tamen,
3273 1658 3367 1703 aut
3410 1649 3558 1705 solus

178 1808 189 1817 ο
290 1739 524 1794 tristitizc
543 1737 749 1809 ieiunia
775 1745 831 1819 et
857 1737 1031 1808 aperit
1059 1736 1258 1792 laetitiae
1294 1736 1529 1805 alleluia,
1560 1747 1617 1792 et
1661 1737 1857 1793 sabba-
1893 1729 1941 1788 B
1968 1728 2385 1823 aliqhantnlum,
2416 1745 2676 1806 quantum
2696 1738 3017 1804 occurrerit,
3044 1741 3357 1808 meditetur,
3383 1751 3444 1797 ut
3467 1759 3555 1800 su-

1968 1841 2068 1897 pra
2096 1826 2354 1895 diximus,
2401 1835 2497 1883 aut
2521 1824 2590 1883 ad
2614 1827 2900 1898 prandium
2948 1837 3043 1884 aut
3072 1832 3412 1887 mansionem
3461 1834 3559 1890 ali-

1966 1918 2285 1988 quantulum
2322 1927 2503 1975 tamen
2548 1920 2862 1987 meditetur,
2915 1931 2975 1976 ut
3019 1923 3270 1979 videatur
3313 1927 3557 1996 quotidie

1966 2018 2281 2063 consuetam
2306 2008 2546 2080 regulam
2578 2009 2893 2080 adimplere.
2946 2011 3081 2067 item
3108 2012 3280 2069 frater
3320 2014 3413 2085 qui
3453 2032 3555 2087 pro

1968 2097 2178 2153 actibus
2212 2098 2526 2156 monasterii
2565 2106 2661 2154 aut
2707 2099 2944 2156 noluerit
2991 2101 3106 2168 ire,
3144 2111 3238 2158 aut
3266 2114 3414 2161 certe
3442 2121 3552 2163 am-

1966 2184 2159 2242 bulans
2185 2188 2628 2256 murmuraverit,
2656 2187 2742 2243 vel
2772 2203 2895 2244 cum
2919 2190 3098 2262 aliqua
3122 2192 3380 2250 tarditate
3407 2196 3557 2253 exire

1966 2277 2219 2344 voluerit,
2264 2280 2310 2334 si
2346 2279 2613 2350 placuerit
2664 2280 2868 2346 abbati,
2905 2280 3019 2353 iam
3046 2298 3155 2338 non
3206 2285 3474 2355 mittatur,
3503 2299 3556 2345 et

1967 2366 2152 2422 statim
2179 2368 2754 2425 cxcommunicationis
2773 2385 2989 2441 poenam
3018 2373 3301 2444 suscipiat,
3339 2386 3396 2432 et
3419 2379 3554 2434 sciat

1968 2473 2027 2513 se
2068 2458 2321 2534 adeptum
2374 2460 2684 2530 superbiam
2727 2463 3076 2533 praeceptioni
3122 2460 3425 2539 repugnare
3475 2471 3552 2528 di-

1968 2546 2145 2613 vinte;
2189 2547 2310 2604 ideo
2336 2549 2551 2615 divinae,
2606 2550 2735 2620 quia
2765 2551 2897 2606 dicit
2936 2552 3197 2613 Dominus
3241 2558 3552 2618 doctoribus

1967 2637 2167 2693 nostris
2193 2656 2206 2692 :
2241 2648 2264 2675 τ
2294 2637 2399 2704 Qui
2422 2656 2506 2695 vos
2528 2641 2743 2711 spernit,
2773 2659 2854 2698 me
2879 2645 3076 2713 spernit
3093 2646 3243 2719 (Luc.
3264 2648 3342 2723 κ).
3367 2651 3550 2724 Appli-

1968 2737 2156 2786 cantes
2183 2744 2313 2786 vero
2360 2730 2413 2784 in
2454 2731 2541 2786 via
2575 2732 2641 2788 ad
2676 2734 3013 2791 mansionem
3061 2735 3259 2796 fratres
3312 2742 3404 2799 tali
3434 2744 3557 2801 loco

2044 2883 2066 2925 ί
2101 2883 2204 2941 Sed
2246 2882 2495 2950 ecclesiis,
2547 2892 2651 2941 etc.
2693 2884 3024 2944 Clericorum
3073 2897 3127 2945 et
3168 2890 3549 2950 canonicorum

1968 2955 2238 3012 videlicet.
2288 2955 2425 3009 Nam
2454 2955 2694 3011 ecclesiae
2720 2965 2845 3011 sunt
2881 2958 3204 3017 clericorum
3235 2971 3290 3018 et
3326 2966 3552 3021 canoni-

1969 3042 2158 3096 corium
2179 3025 2417 3096 proprie,
2449 3026 2685 3080 oratoria
2714 3028 3124 3084 monachorum.

2043 3099 2069 3138 Β
2100 3094 2424 3173 ὶέράιιῃικιᾱ
2453 3104 2556 3161 est,
2585 3111 2887 3173 numerum.
2917 3098 2995 3153 lta
3024 3100 3076 3173 in
3112 3100 3301 3157 eadem
3328 3103 3551 3173 Regula,

1969 3165 2211 3237 cap..35,
2265 3165 2321 3220 in
2352 3165 2701 3241 lem_mate_de
2745 3167 2900 3241 modo
2946 3169 3294 3241 psalmorum,
3350 3165 3439 3229 υεῖ
3458 3165 3548 3230 ηαξ

1968 3235 2132 3316 mero,
2160 3245 2217 3316 et
2236 3235 2726 3316 posteanin‘eodem
2753 3237 2931 3316 capite
2946 3235 3090 3316 ’φεοι
3110 3235 3313 3316 psalmi
3326 3245 3554 3316 singulis

1968 3257 2132 3302 utero,
2160 3257 2217 3291 et
2237 3257 2422 3306 posrea
2456 3257 2510 3290 in
2535 3257 2726 3292 coactu
2753 3257 2931 3306 capite
2958 3257 3090 3310 qum
3177 3257 3302 3298 almt
3326 3257 3552 3316 Singulis

1967 3306 2117 3362 horis
2146 3305 2468 3362 decantandi
2496 3301 2621 3369 sint.
2657 3307 2979 3364 instituitur.
3008 3309 3066 3364 In
3098 3257 3230 3368 (P.3d.
3273 3314 3479 3371 Theod.
3513 3317 3552 3371 Ι.

1968 3392 2130 3447 supra
2169 3378 2373 3447 citata:
2423 3395 2442 3426 ι
2466 3377 2617 3447 Quos
2663 3377 2829 3432 etiam
2877 3377 3010 3435 ﬁsco
3055 3390 3206 3436 certo
3252 3383 3549 3441 solidorum

1968 3444 2126 3502 modo
2155 3445 2420 3501 obnoxios
2456 3444 2708 3499 facimus.
2747 3465 2766 3498 ι

2038 3516 2075 3588 ὶι-
2099 3515 2316 3588 Αρεενιαἶ
2337 3515 2415 3588 lia
2452 3515 2517 3588 in
2552 3514 2758 3588 Regula
2804 3530 2904 3569 ms.
2932 3514 3180 3588 Magistri
3226 3520 3347 3575 cod.
3386 3522 3548 3579 Corb.

1968 3583 2233 3657 Beiertur
2251 3585 2318 3657 ad
2339 3583 2563 3657 alleluia
2593 3583 2759 3656 (quod
2792 3583 3117 3657 vocabulum
3158 3589 3414 3657 Magister
3448 3595 3552 3649 hoc

1967 3654 2087 3712 loco
2111 3654 2429 3725 fentininum
2460 3654 2614 3725 facit)
2642 3662 2701 3709 et
2720 3655 3010 3725 opponitur
3037 3659 3203 3714 verbo
3239 3654 3526 3719 clauditur.

2004 3796 2016 3807 .
2099 3723 2427 3807 (Vrat-etlam:
2458 3723 2701 3807 [labetur
2724 3723 2777 3779 in
2796 3723 3009 3807 Regula
3050 3743 3153 3783 ms.
3177 3728 3419 3801 eiusdem
3441 3734 3553 3790 Ma-

1967 3795 2121 3865 gistri
2149 3794 2269 3849 cod.
2300 3794 2489 3861 Corb.,
2514 3796 2702 3853 eodem
2730 3811 2850 3866 cap.
2879 3794 2968 3850 57.

2042 3864 2054 3938 ᾖ
2097 3862 2204 3938 Pro
2236 3864 2462 3938 actibus.
2502 3864 2560 3919 ld
2593 3871 2706 3938 est,
2737 3881 2838 3938 pro
2867 3866 3119 3938 negotiis.

2039 3935 2066 4012 ξι
2093 3934 2136 3986 Α
2163 3935 2337 4012 prima
2364 3951 2525 4012 usque
2552 3934 2622 4012 ad
2662 3934 2872 4012 tertiam
2890 3934 2962 4012 in
2994 3937 3183 4012 hieme.
3232 3939 3369 4012 Quia
3394 3942 3550 4012 juxta

1968 4002 2126 4086 hujus
2161 4002 2405 4087 Magistri
2439 4002 2727 4087 Regulam
2764 4006 2819 4087 in
2851 4006 3028 4062 hieme
3072 4002 3278 4087 fratres
3306 4002 3495 4082 legunt
3518 4032 3551 4071 a

2007 4074 2143 4152 rima
2178 4074 2247 4129 ad
2270 4075 2507 4152 tertiam,
2543 4074 2600 4152 in
2636 4083 2823 4152 aestate
2846 4091 2876 4130 a
2893 4091 3040 4152 nona
3062 4080 3131 4133 ad
3159 4074 3464 4152 vesperam,
3493 4095 3553 4141 ut

2007 4091 2143 4129 “ma
2178 4091 2247 4129 aa
2270 4091 2507 4138 wrllam,
2546 4091 2600 4130 111
2636 4091 2823 4131 ωειειιθ
2846 4091 2876 4130 a
2900 4093 2979 4130 n01

1966 4091 2196 4218 ﬂaretur
2216 4145 2430 4218 can-50
2451 4144 2692 4218 easdem
2739 4146 2979 4218 Regulae.

2044 4213 2062 4254 ι
2090 4215 2194 4293 A_ut
2208 4213 2504 4293 meditetur.
2522 4213 2899 4293 Meditarihoc
2920 4216 3041 4293 ioco
3056 4226 3140 4293 est
3162 4220 3364 4293 legere,
3383 4221 3553 4282 idem-

1966 4300 2071 4355 que
2098 4284 2369 4364 signiﬁcat
2394 4293 2506 4364 toto
2532 4287 2637 4364 hoc
2674 4286 2869 4358 capite.
2923 4287 3056 4364 Nam
3085 4290 3173 4347 hic
3212 4284 3395 4364 agitur
3423 4306 3545 4352 tan-

1970 4364 2083 4411 tum
2109 4355 2177 4429 de
2204 4356 2437 4429 lectione
2461 4358 2577 4414 sive
2620 4358 2689 4429 in,
2713 4355 2900 4429 mensa
2935 4359 3050 4429 sive
3079 4370 3234 4417 extra
3248 4355 3548 4429 “mensam,

287 4423 696 4514 etc..._Sic.misfa
714 4439 828 4514 pro
841 4423 1289 4514 ﬁssiohrernissa
1315 4440 1419 4514 pro
1439 4425 1694 4514 remisosio.
1719 4427 1865 4514 3:81:-
1892 4423 1943 4485 D
1968 4442 2076 4514 non
2099 4426 2165 4481 de
2190 4428 2447 4514 pretioue
2475 4427 2715 4514 mentali.
2754 4426 3048 4514 ‘Vult‘enim
3078 4430 3179 4514 ‘hic
3209 4431 3465 4514 hiagister
3489 4423 3563 4489 ut.

291 4494 564 4566 tullianus,
594 4493 687 4566 lib.
718 4493 773 4548 iv
802 4504 992 4549 contra
1023 4493 1381 4566 Marcionem,
1395 4510 1511 4566 cap.
1544 4493 1610 4549 18
1635 4508 1649 4548 :
1670 4513 1688 4545 ι
1718 4494 1865 4551 Dixi-

288 4579 410 4636 mus
435 4563 503 4636 de
526 4565 750 4636 remissa
776 4573 1143 4636 peccatorum.
1177 4584 1198 4617 ι
1257 4564 1316 4623 S.
1345 4563 1667 4636 Cyprianus,
1704 4566 1860 4634 epist.

289 4634 357 4707 10
378 4654 391 4689 :
412 4651 429 4685 ι
461 4633 562 4707 ριιί
587 4633 1322 4707 blaSpbemaveritSpiritum
1346 4633 1623 4707 sanctum,
1642 4633 1750 4707 non
1777 4637 1867 4707 ba-

286 4705 377 4760 bet
407 4703 720 4774 remissam;
742 4727 762 4756 ι
797 4705 864 4759 Ει
889 4703 1053 4774 episC
1071 4703 1139 4759 59
1164 4722 1177 4758 :
1210 4704 1558 4759 Gravissimis
1593 4703 1867 4762 delictori—

286 4776 389 4829 bus
438 4782 493 4828 et
549 4776 602 4828 in
658 4773 827 4829 Deum
870 4772 1093 4828 multum
1134 4782 1258 4828 ante
1311 4773 1680 4842 peccantibus,
1741 4790 1863 4830 cum

284 4852 472 4915 postea
494 4844 841 4915 crediderint,
878 4845 1106 4915 remissa
1132 4852 1475 4915 peccatorum
1479 4842 1697 4915 _datur.
1720 4863 1740 4896 ι
1774 4842 1865 4901 Sic

286 4910 506 4969 defensa
533 4922 618 4969 est
645 4910 908 4978 defensio,
959 4913 1014 4969 id
1055 4910 1156 4979 est,
1188 4913 1448 4968 vindicta.
1478 4911 1863 4981 Tertullianus,

287 4983 475 5054 libari
520 4992 710 5038 contra
738 4981 1107 5054 Marcionem:
1163 5000 1182 5034 ι
1224 4982 1295 5041 Ut
1323 4983 1449 5054 quia
1494 4983 1783 5054 durissimo
1811 4993 1865 5039 et

286 5052 501 5124 inﬁdeli
533 5054 587 5108 in
618 5054 785 5108 Deum
816 5053 1011 5124 populo
1051 5052 1273 5124 longum
1294 5052 1380 5124 vel
1424 5053 1862 5124 etiamincredi-

285 5123 394 5177 bile
418 5123 691 5179 videretur
715 5138 746 5177 a
770 5121 1220 5194 Duo—exspectare
1244 5121 1519 5194 defensam
1547 5121 1863 5181 edicendum

285 5202 471 5264 postea
502 5208 598 5264 per
623 5195 941 5264 prophetam
968 5191 1072 5264 :1!
1077 5193 1148 5248 ἰΙιὶ
1172 5191 1462 5261 defensam,
1492 5201 1541 5246 ct
1570 5209 1662 5263 ego
1683 5194 1866 5262 defen-

284 5261 434 5326 dam,
490 5261 919 5318 dicit'Dominus.
953 5283 973 5317 ι
1028 5261 1121 5327 Sic
1174 5278 1369 5318 resona
1419 5271 1504 5317 est
1547 5261 1858 5319 resonatio:

285 5330 741 5415 Glosszenueteres,
761 5330 993 5415 Reform,
1011 5338 1152 5415 ἠχὼ,
1179 5331 1358 5415 idest,
1389 5331 1544 5415 echo.
1571 5330 1735 5414 Mida,
1764 5335 1865 5415 mi-

287 5402 459 5455 natio.
483 5398 688 5455 Glossaa
714 5398 1177 5458 Arabico-Latinae
1203 5402 1361 5457 dieue
1384 5400 1859 5466 :Mima,mimatio

287 5470 617 5543 bestiarum;
665 5469 780 5543 lege
825 5472 989 5535 mina,
1018 5473 1257 5543 minutio.
1312 5468 1467 5543 [inde
1492 5471 1858 5543 subiungitur,

287 5538 668 5612 minabalnur,_
694 5538 774 5612 id“
795 5548 901 5605 est,
939 5541 1287 5596 minabamus.
1334 5540 1541 5612 Proba,
1586 5538 1856 5612 probatio.
1890 5608 1893 5611 _

284 5610 419 5681 Cod.
485 5606 691 5664 Theod.
723 5608 926 5681 lih.v1,
974 5612 1056 5666 tit.
1102 5611 1162 5666 5|
1199 5631 1211 5664 :
1270 5628 1288 5681 ς
1326 5619 1385 5666 ιιι
1419 5611 1486 5666 ab
1534 5606 1860 5669 st'ratoribus

293 5696 431 5737 unus
459 5686 670 5735 tantum
698 5679 900 5735 solidus
932 5683 1113 5750 probae
1143 5679 1359 5737 nomine
1385 5687 1677 5752 peteretur.
1714 5704 1734 5739 ι

616 5771 885 5833 Pnaon.
931 5770 1087 5835 Clll.

1965 4495 2165 4567 fratres
2188 4497 2245 4553 in
2273 4497 2359 4553 via
2387 4497 2577 4554 directi
2602 4498 3097 4567 leganttetAferant
3144 4495 3420 4557 codicillos
3451 4518 3548 4559 seu

1966 4566 2198 4639 tabul_as,
2228 4576 2290 4622 ut
2313 4567 2603 4639 videantur
2628 4564 2868 4639 quotidie
2893 4565 3153 4639 Regulam
3177 4571 3421 4639 implere.

2038 4636 2484 4711 mljepausaverit.
2500 4634 2688 4711 ides},
2720 4634 3067 4711 refectionem
3092 4634 3401 4711 sumpserit.

2039 4715 2068 4743 ιι
2093 4704 2445 4760 Psalteratus.
2492 4704 2594 4771 Qui
2636 4704 2961 4761 Psalterium
3012 4704 3231 4774 didicit;
3250 4709 3544 4769 litteratus.

1966 4773 2259 4845 Videkquze
2274 4790 2437 4845 supra
2454 4775 2528 4845 de
2553 4775 2657 4831 hoc
2687 4776 2947 4833 vocabulo
2977 4786 3160 4833 notata
3195 4792 3340 4836 sunt.

2039 4851 2063 4879 ο
2093 4842 2321 4899 Tabulas
2342 4842 2563 4915 iisaltnis
2590 4847 2961 4915 superpositas.
3001 4847 3056 4901 Id
3096 4858 3197 4915 est,
3235 4850 3545 4909 codicillum

1967 4913 2020 4968 in
2045 4929 2154 4983 quo
2175 4913 2518 4992 sintpsalini,
2541 4923 2603 4992 ut
2626 4913 2909 4992 illiteratus
2934 4916 3042 4992 ille,
3072 4926 3128 4992 et
3152 4913 3387 4976 nondum
3408 4922 3546 4992 psal-

1966 4991 2197 5056 teratus,
2230 4984 2433 5056 aliquid
2460 4985 2750 5056 meditetur
2770 4985 2836 5040 de
2855 4985 3142 5043 Psalterio.

2036 5065 2064 5104 ι»
2090 5054 2173 5107 Ad
2219 5054 2560 5109 mansionem.
2613 5055 2669 5110 ld
2699 5063 2813 5121 est,
2844 5056 3218 5112 diversorium.
3271 5057 3380 5115 Lex
3412 5058 3545 5114 Bur-

1965 5125 2321 5194 gundionum,
2369 5126 2459 5192 tit,
2502 5125 2593 5191 58,

1962 5209 2186 5266 nearum
2219 5194 2460 5266 gentium
2498 5204 2558 5248 ut

2681 5124 2755 5178 ’ὃς
2811 5142 2830 5175 ι
2868 5126 2946 5181 De
2974 5125 3168 5185 leuatis
3201 5144 3329 5184 vero
3360 5140 3541 5185 extra-

2635 5196 2798 5250 ictum
2830 5202 2940 5260 est,
2989 5196 3047 5251 id
3082 5199 3329 5254 volumus
3358 5207 3539 5255 custo-

1963 5264 2089 5329 diri,
2139 5275 2202 5320 ut
2226 5264 2535 5335 ubicunque
2578 5280 2671 5335 eos
2696 5266 2907 5335 mansio
2957 5269 3266 5324 contulerit.
3311 5288 3330 5322 ›
3368 5267 3460 5325 Sic
3489 5278 3543 5324 et

1962 5335 2279 5409 mansiones
2305 5333 2567 5409 militares
2589 5333 2755 5409 Plin.,
2789 5334 2880 5390 lib.
2912 5352 2990 5401 vi,
3010 5352 3136 5409 cap.
3168 5339 3237 5393 23
3263 5357 3274 5392 :
3307 5357 3326 5391 ι
3363 5339 3408 5393 Α
3434 5340 3540 5396 Co-

1961 5413 2053 5475 pto
2090 5404 2313 5460 camelis
2367 5407 2477 5460 itur
2523 5406 2875 5474 aquationum
2919 5404 3126 5463 ratione
3171 5409 3542 5469 mansionibus

1960 5474 2256 5545 diSpositis.
2297 5495 2316 5528 ι

2029 5544 2057 5594 τι
2089 5544 2359 5620 Quantum
2394 5544 2700 5620 occurrerit.
2736 5547 2794 5602 Id
2821 5556 2924 5611 est,
2954 5556 3211 5620 quantum
3233 5546 3467 5603 licuerit.

2034 5624 2057 5652 τ
2091 5615 2194 5696 Qui
2222 5633 2309 5670 vos
2333 5618 2655 5696 spernit-me
2682 5622 2895 5690 spernit.
2922 5615 2985 5675 in
3010 5635 3151 5689 resp.
3185 5635 3310 5687 ms.,
3338 5621 3428 5691 qui
3456 5636 3541 5676 vos

1960 5688 2213 5756 expernit,
2238 5702 2321 5741 me
2347 5688 2606 5761 expernit.

2912 5781 2987 5840 ’43
