4014 6186
267 272 397 331 ιὸὺῖ

1159 264 1549 324 CONCORDIA
1588 263 2048 323 REGULARUM.
2091 294 2162 305 —
2199 262 2354 319 CAP.
2404 257 2628 316 LXXIII.

3388 265 3524 322 1558

259 390 364 445 riis
397 399 650 458 egressus
693 383 1074 455 ingressusque
1106 380 1276 437 frater
1315 379 1495 445 fuerit,
1510 377 1638 434 'sine
1678 393 1837 434 versu
1867 392 1916 452 Α
1942 376 2010 432 de
2035 376 2280 448 ingresso
2304 375 2493 431 limine
2521 373 2722 429 forensi
2749 373 3037 429 exterioris
3065 375 3229 446 regite
3261 379 3536 435 monaste-

262 495 443 540 tamen
472 486 619 551 petat
642 492 740 550 pro
763 491 824 533 se
850 477 995 531 orari
1032 489 1264 546 semper.

642 609 670 683 §
697 607 890 665 XXIX.
920 638 991 649 -—
1018 605 1154 664 Item
1184 606 1324 679 (cap.
1356 607 1472 678 77).

332 753 362 795 δ
395 750 616 808 Fratres
640 744 832 818 quovis
859 747 1010 804 horae
1043 754 1286 818 tempore
1321 746 1388 800 de
1430 745 1518 800 via
1556 744 1757 800 reversi
1784 744 1854 799 ad

264 839 653 899 monasterium
683 837 904 904 fuerint,
943 845 1000 893 et
1035 835 1238 893 fratres
1263 835 1556 907 psallentes
1592 835 1648 890 in
1673 840 1855 890 orato-

266 933 347 986 rio
367 927 694 994 invenerint,
741 934 959 983 orantes
988 942 1115 982 mox
1145 924 1378 998 psallant
1417 939 1542 980 cum
1577 923 1749 996 ipsis;
1798 931 1857 979 et

267 1033 289 1062 ε
324 1029 446 1093 post
461 1018 731 1090 psalmum
757 1018 1031 1089 expletum
1052 1033 1082 1073 a
1111 1017 1468 1088 psallentibus
1496 1018 1703 1088 pariter
1723 1031 1856 1073 voce

264 1111 550 1166 universos
583 1115 772 1179 petant
813 1122 914 1180 pro
951 1123 1010 1164 se
1042 1109 1188 1164 orari
1231 1109 1451 1174 debere,
1487 1115 1547 1163 ut
1571 1108 1858 1165 videantur

342 1255 369 1284 ι
403 1242 662 1316 Egressus
711 1242 1077 1314 ingressusque
1121 1243 1288 1316 frater
1327 1243 1516 1316 fuerit.
1557 1243 1624 1316 In
1650 1243 1858 1316 Regula

269 1328 373 1368 ms.
403 1312 556 1383 deest
589 1316 649 1370 τὸ
696 1312 954 1383 egressus,
992 1312 1218 1368 non'ita
1269 1321 1434 1368 recte.
1483 1312 1584 1379 Qui
1612 1312 1761 1370 locus
1783 1315 1858 1370 ita

268 1382 609 1453 intelligitur,
660 1382 920 1438 ut'frater
946 1391 1097 1452 petat
1121 1383 1448 1446 orationem,
1485 1384 1690 1438 nullum
1731 1400 1859 1440 ver-

269 1469 388 1508 sum
425 1453 852 1534 proferens-sive
892 1454 1219 1534 egrediatur,
1275 1454 1390 1534 sive
1419 1454 1754 1534 ingrediatur
1795 1456 1861 1510 li-

269 1539 392 1598 men
427 1522 609 1598 januae
656 1522 860 1598 ultimm
887 1522 1226 1598 monasterii.
1279 1523 1434 1598 Quod
1461 1522 1570 1579 non
1597 1534 1863 1598 repugnat

270 1594 424 1665 initio
453 1593 614 1664 hujus
642 1594 854 1665 capitis,
897 1593 1102 1665 iniquo
1131 1594 1463 1665 praecipitur,
1512 1604 1573 1649 ut
1599 1593 1863 1652 exeuntes

269 1673 324 1718 et
348 1663 710 1734 ingredientes
728 1663 926 1718 fratres
952 1663 1396 1727 dicant’versum,
1425 1679 1550 1719 nam
1579 1666 1683 1721 hoc
1705 1666 1863 1722 intel-

1952 468 2017 524 rii
2048 469 2102 526 in
2139 469 2369 539 petenda
2399 467 2643 523 oratione
2672 464 2938 537 Regulam
2977 465 3291 536 adimplere.
3328 470 3394 525 Et
3418 482 3540 542 post

1949 561 1977 602 d
2017 563 2212 620 missas
2241 563 2425 633 operis
2462 560 2637 618 sancti
2665 559 2718 614 in
2767 558 3009 615 oratorio
3041 560 3218 629 primo
3270 561 3540 630 abbatem,

1953 654 2146 711 deinde
2171 653 2489 726 praepositos
2526 665 2656 707 suos
2687 660 2711 690 ο
2741 649 2826 706 vel
2852 661 3044 706 omnes
3083 657 3207 720 post
3230 665 3539 723 regressum

1952 746 2053 803 via:
2078 747 2146 802 ad
2172 761 2362 817 pacem
2391 743 2414 785 ί
2449 743 2738 815 accipiant.

2025 835 2053 908 ᾗ
2084 836 2254 893 XXX.
2282 867 2354 878 ——
2381 835 2461 891 Ex
2492 834 2713 892 Rasum
2745 849 2932 891 sane-rt
2960 833 3195 891 (Sesami
3224 834 3362 908 (cap.
3396 835 3472 908 6).

2026 929 2055 974 ε
2084 927 2255 984 Nemo
2307 927 2410 985 sibi
2458 927 2664 998 aliquid
2708 927 2892 996 operis
2935 925 3021 981 vel
3049 926 3266 983 artiﬁcii
3306 939 3403 996 pro
3449 943 3549 983 suo

1955 1021 2109 1077 libito
2135 1019 2299 1091 eligat
2324 1018 2650 1082 faciendum,
2709 1019 2806 1074 sed
2834 1018 2890 1074 in
2935 1018 3163 1075 arbitrio
3189 1019 3419 1076 senioris
3444 1021 3550 1076 erit

1955 1111 2100 1183 quod
2129 1109 2263 1166 utile
2290 1108 2648 1182 prospexerit,
2689 1107 3086 1179 imperandum.

1956 1241 2253 1313 expletam,
2307 1255 2380 1313 ex_
2425 1254 2532 1309 quo
2570 1238 2890 1313 intelligitur
2943 1239 3011 1294 ad
3069 1238 3232 1294 ﬁnem
3287 1240 3550 1313 cujusque

1957 1309 2171 1384 psalmi,
2203 1326 2328 1384 cum
2355 1309 2554 1364 fratres
2580 1309 2633 1362 in
2658 1310 2904 1384 oratione
2929 1309 3370 1384 prosternuntur,
3403 1309 3548 1384 ejus-

1958 1378 2434 1438 inodi'orationem
2464 1395 2496 1434 a
2523 1379 2758 1449 reversis
2789 1378 3053 1434 fratribus
3077 1393 3198 1433 esse
3238 1378 3546 1449 petendam.

2028 1451 2310 1506 ἀνιΜὶεδαε.
2337 1449 2394 1504 ld
2423 1459 2528 1515 est,
2560 1448 2838 1513 collectas,
2867 1464 2962 1504 seu
2989 1448 3263 1519 expletum
3292 1449 3546 1505 cilicium.

2036 1535 2060 1563 ε
2098 1521 2192 1578 Vel
2216 1537 2416 1577 omnes.
2448 1519 2721 1576 Particula
2751 1520 2827 1574 vel
2857 1521 2960 1576 hoc
2983 1519 3103 1575 lo'co
3125 1520 3360 1576 sumitur
3387 1536 3552 1592 copu-

1961 1594 2147 1650 lative.

2040 1664 2058 1702 τ
2100 1661 2395 1732 Accipient.
2420 1659 2476 1732 Id
2508 1668 2614 1732 est,
2637 1659 2933 1732 excipiant.

272 1729 475 1804 ligitu'r,
506 1750 630 1788 cum
662 1741 851 1805 petunt
875 1734 1178 1790 orationem
1206 1735 1262 1789 in
1287 1734 1402 1804 ipso
1421 1737 1694 1800 oratorio,
1741 1737 1855 1792 sive
1885 1748 1930 1805 Β
2034 1735 2060 1774 Β
2079 1729 2246 1805 Nemo
2269 1731 2368 1786 sibi
2390 1731 2590 1805 aliquid
2615 1729 2807 1802 operis.
2837 1731 3029 1805 Exstat
3052 1732 3102 1805 in
3118 1730 3321 1805 Regula
3349 1729 3409 1805 S_.
3435 1731 3553 1786 Cas-

271 1820 371 1888 pro
401 1818 623 1888 egressu
661 1804 741 1858 vel
773 1805 1036 1888 ingressu.

343 1873 372 1913 ιι
409 1873 630 1946 Fratres
675 1873 855 1946 quovis
904 1875 1048 1930 hora:
1095 1883 1340 1946 tempore.
1379 1873 1640 1945 Reperire
1684 1885 1768 1931 est
1800 1877 1854 1933 in

272 1943 477 2015 Regula
501 1959 626 2010 ms.,
662 1943 850 2015 eodem
880 1947 1055 2015 capite
1078 1945 1166 2001 67.
1191 1943 1208 2015 ί
1437 1997 1444 2002 .

346 2014 371 2054 έ
400 2015 529 2070 Post
557 2014 818 2087 psalmum
838 2014 1121 2088 expletum.
1154 2014 1271 2073 Non
1297 2016 1451 2084 dicit,
1501 2026 1622 2088 post
1663 2019 1852 2072 horam

1961 1803 2091 1858 sarii
2121 1802 2244 1872 eod.
2269 1817 2390 1872 cap.
2434 1800 2489 1872 ϐξ
2530 1800 3186 1872 ῌοστιιιιθιηρθρὶῑιιιυω
3207 1800 3314 1858 ’δίο
3350 1803 3550 1856 citatur

1959 1875 2029 1929 ob
2078 1872 2165 1927 illa
2201 1869 2259 1926 8.
2290 1869 2570 1943 Benedicti
2617 1871 2779 1943 verba
2799 1891 2820 1943 :A
2866 1869 2973 1943 Vel
3000 1873 3268 1943 quippiam
3313 1873 3551 1942 quamvis

1958 1959 2201 2015 parvum,
2242 1943 2355 1996 sine
2375 1939 2617 2010 jussione
2647 1939 2849 1995 abbatis
2872 1939 3064 2013 facere.

290 2141 3554 2170 ___________________________________________________________.

1549 2251 1887 2328 CAPUT
1965 2249 2320 2328 LXXIII.

1223 2402 1286 2457 Sl
1324 2401 1581 2457 FRATRI
1620 2400 2074 2458 IMPOSSIBILIA
2111 2396 2614 2457 INJUNGANTUR.

516 2574 546 2649 θ
570 2575 610 2630 l.
644 2605 714 2616 —
733 2574 811 2630 Ex
834 2574 1055 2632 Rasum
1077 2590 1267 2632 sanan
1292 2576 1608 2633 Bassareu.

351 2668 412 2725 Si
450 2668 538 2724 cui
568 2667 723 2724 fratri
746 2668 927 2739 aliqua
949 2667 1091 2724 forte
1114 2667 1298 2739 gravia
1325 2677 1419 2724 aut
1443 2681 1471 2710 ει
1504 2669 1858 2740 impossibilia

280 2762 660 2833 injunguntur,
714 2761 975 2831 suscipiat
1016 2761 1233 2832 quidem
1276 2761 1519 2832 jubentis
1573 2761 1860 2832 imperium

279 2868 405 2909 cum
453 2853 599 2925 omni
648 2851 1062 2910 mansuetudine
1116 2859 1171 2908 et
1220 2851 1546 2908 obedientia.
1602 2852 1755 2920 Quod
1813 2851 1860 2908 si

279 2945 503 3000 omnino
549 2943 746 2999 virium
775 2959 994 3000 suarum
1024 2958 1337 3000 mensuram
1365 2943 1564 3000 viderit
1594 2945 1622 2986 ιι
1654 2943 1864 3016 pondus

280 3035 464 3093 oneris
491 3035 772 3103 excedere,
815 3034 1269 3106 impossibilitatis
1301 3049 1412 3091 suae
1437 3051 1631 3092 causas
1671 3036 1722 3091 ei
1769 3037 1863 3106 qui

283 3127 387 3182 sibi
413 3135 630 3198 praeest,
675 3126 945 3197 patienter
979 3135 1034 3183 et
1080 3135 1383 3198 opportune
1428 3137 1706 3202 suggerat,
1754 3145 1863 3186 non

282 3219 651 3290 superbiendo.
667 3228 761 3274 aut
782 3219 1083 3276 resistendo
1104 3218 1189 3276 vel
1218 3221 1659 3278 contradicendo.
1707 3220 1862 3289 Quod

283 3311 331 3366 si
357 3320 479 3380 post
506 3312 908 3382 suggestionem
931 3327 1104 3378 suam,
1151 3311 1206 3366 in
1243 3327 1340 3368 sua
1366 3314 1634 3369 sententia
1663 3323 1685 3353 ο
1716 3312 1866 3382 prio-

1967 2577 2096 2647 quia
2124 2577 2364 2634 nondum
2393 2576 2612 2649 negavit
2649 2577 3021 2650 semetipsum.
3053 2579 3257 2639 Deinde
3285 2583 3550 2640 malorum

1967 2667 2258 2724 multorum
2287 2681 2450 2724 causa
2478 2666 2709 2725 efﬁcitur
2737 2677 2846 2724 tam
2895 2667 2998 2724 sibi
3047 2685 3208 2741 quam
3255 2672 3420 2728 etiam
3445 2689 3551 2730 ca:-

1969 2763 2122 2829 teris,
2154 2761 2280 2833 quia
2312 2761 2556 2818 auditum
2585 2762 3034 2818 contradictionis
3074 2762 3322 2833 pluribus
3349 2767 3544 2837 aperit,

1968 2864 2024 2910 et
2067 2854 2304 2925 seipsum
2351 2853 2420 2908 ad
2475 2853 2962 2912 contradictionem
2992 2853 3284 2921 insuescit;
3323 2864 3382 2912 et
3425 2871 3552 2914 cum

1969 2957 2078 2998 non
2106 2943 2318 3012 possint
2365 2941 2563 3014 singuli
2604 2941 2914 2998 discernere
2941 2944 3085 3014 quod
3136 2943 3330 3000 melius
3372 2954 3457 3001 est
3501 2957 3556 3002 et

1965 3032 2188 3106 eligere,
2219 3040 2394 3104 potest
2418 3031 2557 3098 fieri,
2584 3031 2629 3088 si
2659 3030 2784 3088 talis
2830 3037 2914 3088 est
2965 3031 3184 3088 licentia
3233 3040 3294 3088 ut
3349 3034 3555 3107 aliquid

1967 3126 2204 3184 deterius
2232 3126 2417 3197 eligat.
2447 3124 2600 3182 Tunc
2629 3125 2826 3182 deinde
2862 3124 3028 3181 etiam
3067 3125 3433 3198 suspicionem
3456 3127 3550 3184 da-

1967 3219 2045 3275 bit
2075 3218 2367 3287 fratribus,
2408 3217 2552 3289 quod
2601 3219 2853 3290 passione
2891 3218 3092 3288 aliqua,
3127 3218 3147 3258 ί
3195 3219 3282 3275 vel
3305 3219 3376 3276 ad
3422 3235 3558 3292 opus

1969 3309 2102 3364 illud
2147 3309 2334 3379 eligit,
2387 3309 2777 3377 adstringatur,
2819 3307 2907 3363 vel
2955 3318 3102 3364 certe
3147 3323 3273 3380 erga
3300 3324 3396 3365 eos
3437 3325 3558 3365 cum

283 3403 361 3459 ris
387 3403 671 3472 imperium
698 3403 1088 3475 perduraverit,
1113 3405 1250 3460 sciat
1268 3402 1455 3474 junior
1480 3405 1553 3458 ita
1584 3403 1686 3457 sibi
1708 3418 1868 3473 expe—
1892 3420 1937 3482 ρ
1970 3401 2168 3470 quibus
2212 3399 2272 3455 id
2312 3415 2534 3455 necesse
2577 3409 2663 3455 est
2714 3400 2950 3471 Operari.
3001 3400 3188 3470 Itaque
3245 3401 3556 3457 omnimodo

285 3493 425 3559 dire,
453 3491 480 3532 ἀ
506 3501 561 3548 et
586 3509 652 3548 ex
697 3495 965 3550 charitate
1009 3493 1289 3549 conlidens
1333 3494 1401 3548 de
1451 3491 1720 3560 adjutorio
1771 3491 1869 3546 Dei

285 3583 524 3640 obediat.

429 3674 539 3749 §Il.
561 3707 634 3718 —
656 3677 738 3732 Ex
763 3676 983 3731 Recuu
1005 3688 1192 3730 SANCTI
1219 3675 1418 3729 Basn."
1448 3673 1587 3746 (cap.
1614 3673 1727 3746 63).

361 3767 621 3838 Interrog.
656 3777 680 3807 ο
711 3766 769 3822 Si
804 3767 932 3822 licet
959 3765 1121 3821 alicui
1157 3781 1421 3821 excusare
1455 3781 1615 3838 opus,
1648 3769 1792 3838 quod
1820 3771 1872 3826 ei

291 3857 594 3930 iniungitur
617 3867 672 3914 et
691 3857 837 3914 aliud
866 3873 1132 3930 quaerere.
1161 3889 1232 3898 —
1252 3858 1409 3930 Resp.
1435 3861 1570 3916 Cum
1591 3861 1870 3918 definitum

297 3951 372 4007 sit
401 3964 712 4006 mensuram
745 3950 1065 4005 obedientiae
1084 3965 1255 4022 usque
1276 3950 1344 4006 ad
1372 3964 1600 4008 mortem
1621 3967 1763 4021 esse,
1780 3955 1870 4024 qui

290 4041 497 4097 devitat
509 4042 612 4096 hoc
627 4039 771 4110 quod
786 4041 834 4096 ei
849 4038 1169 4112 iniungitur,
1183 4051 1237 4096 et
1249 4041 1391 4096 aliud
1405 4043 1620 4112 quaerit,
1638 4043 1873 4113 primum

288 4135 534 4190 omnium
557 4120 1028 4190 obedientiafreus
1052 4141 1155 4203 est,
1179 4143 1235 4191 et
1259 4133 1546 4192 manifeste
1570 4137 1874 4193 ostenditur

360 4281 387 4340 μ
430 4267 807 4340 Impossibilia.
837 4267 894 4323 Id
941 4275 1046 4340 est,
1095 4267 1691 4340 admodumdifﬁcilia.
1746 4267 1874 4340 Haec

284 4339 431 4420 enim
466 4337 572 4393 non
595 4338 837 4420 physice,
861 4339 955 4394 sed
987 4337 1267 4420 moraliter
1292 4337 1551 4420 capienda
1573 4347 1717 4394 sunt.
1744 4339 1875 4420 Quae

286 4409 507 4490 quidem
558 4408 854 4490 perfectam
877 4487 885 4490 _
905 4408 1622 4490 requiruntpbedientiamn
1653 4410 1869 4490 qualern

286 4477 402 4535 suis
439 4477 716 4550 discipulis
741 4485 893 4550 optat
941 4477 998 4533 S.
1036 4479 1364 4535 Benedictus
1415 4481 1570 4550 cujus
1608 4477 1875 4550 beneficio

285 4563 424 4604 onus
453 4551 596 4619 quod
625 4548 767 4604 ultra
789 4549 933 4603 vires
954 4563 1076 4604 esse
1105 4551 1408 4614 videbatur,
1433 4548 1544 4605 Deo
1570 4549 1874 4619 opitulante

287 4621 406 4674 leve
430 4619 555 4672 erit.
579 4618 636 4672 ln
683 4619 787 4674 hoc
813 4619 1050 4674 maxime
1091 4620 1287 4674 enituit
1329 4618 1637 4674 obedientia
1686 4635 1876 4674 mona-

285 4690 514 4760 chorum
561 4688 965 4760 Legerentium,
1013 4690 1292 4760 quainiita
1340 4687 1605 4760 describit
1649 4699 1874 4746 sanctus

1971 3507 2078 3547 non
2109 3490 2331 3547 obedire
2360 3490 2653 3545 multorum
2689 3490 2954 3545 malorum
2977 3505 3138 3545 causa
3169 3498 3254 3545 est
3291 3501 3346 3546 et
3381 3493 3554 3560 radix,

1972 3582 2031 3639 Si
2073 3593 2254 3638 autem
2289 3583 2431 3639 ratio
2470 3590 2556 3639 est
2583 3582 2784 3653 aliqua,
2825 3597 2930 3653 qua
2957 3582 3061 3637 sibi
3103 3591 3251 3638 recte
3289 3598 3557 3640 excusare

1971 3673 2217 3730 videatur
2263 3688 2400 3743 opus
2446 3673 2577 3728 illud
2630 3673 2774 3743 quod
2828 3680 3071 3739 excusat,
3125 3681 3362 3744 exponat
3418 3674 3559 3732 hanc

1973 3770 2144 3839 ipsam
2172 3783 2390 3824 causam
2414 3768 2541 3823 huic
2562 3769 2655 3839 qui
2675 3777 2904 3840 prmest;
2930 3777 2985 3825 et
3023 3769 3295 3842 relinquat
3326 3769 3444 3842 ejus
3464 3771 3555 3843 ju—

1970 3861 2138 3927 dicio,
2189 3867 2249 3914 ut
2298 3859 2413 3931 ipse
2433 3858 2647 3931 probet,
2693 3861 2740 3916 si
2768 3864 2792 3902 ε
2825 3862 3176 3917 excusatione
3215 3863 3440 3935 dignum
3471 3875 3556 3922 est

1973 3951 2116 4021 quod
2139 3951 2356 4024 allegat.

2341 4001 2368 4115 ξ
2395 4041 2479 4098 III.
2512 4072 2583 4084 —-
2612 4041 2749 4097 Item
2775 4044 2884 4114 ipse
2906 4040 3042 4116 (cap.
3071 4042 3184 4118 82).
3277 4001 3284 4006 ὁ

2047 4133 2310 4206 lnterrog.
2339 4136 2367 4176 h
2395 4135 2453 4190 Si
2491 4135 2619 4192 licet
2666 4134 2957 4206 unicuique
3001 4135 3176 4192 vitare
3222 4152 3378 4210 opus,
3410 4140 3555 4211 quod

2049 4284 2070 4313 c
2101 4270 2307 4328 Prioris
2336 4272 2631 4343 imperium.
2674 4269 2776 4343 Per
2798 4269 3048 4343 Priorem
3071 4271 3174 4329 hoc
3197 4271 3318 4327 loco
3361 4271 3560 4343 intelli-

1973 4345 2053 4427 git
2079 4343 2374 4427 seniorem,
2400 4340 2560 4427 quem
2604 4340 2808 4412 juniori
2833 4343 3076 4412 Opponit,
3106 4355 3228 4397 cum
3260 4343 3337 4396 ait
3363 4360 3376 4396 :
3413 4341 3559 4398 Sciat

1965 4413 2154 4485 junior
2173 4414 2274 4468 sibi
2287 4413 2562 4485 expedire.

2044 4484 2072 4523 ά
2108 4484 2176 4538 Et
2210 4500 2274 4538 ea:
2300 4480 2556 4538 charitate
2583 4481 2851 4552 conﬁdens
2879 4481 2943 4552 de
2985 4481 3252 4552 adjutorio
3295 4480 3395 4534 Dei
3443 4481 3564 4536 obe-

1975 4556 2108 4609 diat.
2138 4554 2196 4608 In
2239 4555 2360 4609 cod.
2394 4553 2534 4608 Vict.
2581 4567 2634 4621 p.
2671 4549 2982 4621 praepositio
3008 4549 3072 4606 ea:
3103 4549 3464 4621 desideratur.
3498 4552 3556 4621 lu

1977 4639 2077 4679 ms.
2106 4623 2164 4678 S.
2189 4622 2371 4678 Germ.
2400 4637 2507 4692 ma.
2533 4619 2735 4692 legitur
2768 4633 2783 4672 :
2817 4619 2975 4692 Elide
2995 4620 3250 4692 charitate
3291 4619 3558 4692 conﬁdens

1978 4694 2107 4747 etde
2133 4692 2399 4762 adjutorio
2427 4691 2545 4762 Dei.
2578 4690 2807 4762 Vulgata
2846 4691 3198 4762 nihilominus
3226 4690 3386 4747 lectio
3426 4707 3562 4761 prm-

285 4758 543 4826 Eulogius
572 4759 627 4812 in
644 4755 881 4830 epistola
909 4760 976 4813 ad
1007 4755 1376 4830 Willisindum
1399 4755 1869 4830 Pampilonensem
1895 4765 1948 4824 D
1974 4763 2132 4825 valet,
2161 4755 2222 4815 ut
2249 4760 2370 4830 quis
2393 4761 2612 4815 obediat
2642 4755 2711 4815 ei
2729 4760 3015 4829 charitate,
3049 4761 3102 4815 id
3124 4769 3228 4825 est,
3254 4762 3350 4815 Dei
3373 4755 3559 4817 amore

283 4830 644 4903 episcopum“:
679 4827 705 4880 ἱ
738 4827 838 4903 Sic
879 4843 1094 4898 quoque
1137 4829 1199 4903 in
1251 4827 1463 4903 aliquos
1505 4827 1869 4903 principatum
1975 4833 2238 4903 impulsus
2266 4827 2332 4885 de
2358 4830 2460 4903 Dei
2481 4831 2681 4903 auxilio
2710 4827 3008 4903 conﬁdens,
3037 4845 3146 4884 non
3177 4831 3243 4903 de
3289 4846 3385 4886 sua
3431 4831 3561 4885 cha-

286 4897 453 4972 suum
475 4897 809 4972 obedientia,
855 4897 978 4968 quae
1007 4898 1246 4972 omnium
1295 4897 1558 4952 virtutum
1607 4897 1868 4972 magistra
1974 4897 2174 4960 ritate:
2215 4916 2342 4956 nam
2374 4901 2466 4972 qui
2493 4901 2559 4956 de
2604 4917 2700 4956 sua
2747 4900 3013 4957 charitate
3039 4900 3366 4967 consideret,
3417 4915 3559 4972 prte-

284 4978 390 5034 est,
406 4970 709 5042 vindicans,
731 4983 858 5042 suos
880 4983 987 5024 non
1010 4968 1319 5042 patiebatur
1337 4968 1870 5042 exsecutoresdege-
1974 4972 2299 5042 sumptionis
2327 4968 2513 5042 notam
2536 4987 2645 5027 non
2674 4972 2950 5042 evaderet.

285 5053 502 5105 nerare,
521 5039 793 5109 sedsupra
805 5038 950 5094 vires
971 5038 1194 5110 grandia
1213 5053 1470 5093 exercere
1490 5038 1866 5110 compellebat,
2046 5055 2068 5083 ε
2093 5038 2151 5100 Si
2188 5043 2304 5098 licet
2335 5041 2497 5096 alicui
2533 5058 2802 5096 excusare.
2836 5041 3028 5096 Exstat
3047 5039 3187 5110 apud
3217 5039 3274 5096 S.
3298 5039 3559 5098 Basiliam

286 5123 640 5183 quoscunque
686 5107 910 5183 munere
937 5107 1035 5164 suo
1067 5108 1460 5183 illustra_verat._
1497 5128 1516 5160 ι
1543 5107 1730 5183 Neque
1781 5118 1870 5166 est
1972 5116 2133 5170 inter.
2169 5114 2271 5168 119
2317 5111 2451 5183 Reg.
2484 5111 2662 5178 brev.,
2696 5119 2758 5171 et
2786 5111 2926 5180 apud
2963 5107 3098 5166 Ruf:
3113 5126 3233 5180 cap.
3262 5110 3352 5166 42.
3383 5111 3565 5167 Excu-

288 5182 434 5250 qnod
462 5195 528 5234 ex
550 5178 661 5252 hoc
688 5179 810 5234 loco
851 5194 962 5234 sua?
1015 5178 1283 5250 tyrannidi
1303 5178 1699 5252 indulgendum
1742 5195 1868 5252 cen-
1971 5202 2089 5240 sare
2111 5185 2214 5240 hoc
2238 5183 2356 5239 loco
2382 5178 2468 5239 e'st
2494 5197 2767 5252 recusare,
2799 5178 2859 5236 ut
2891 5196 3053 5252 supra
3079 5178 3323 5252 notatum
3345 5192 3449 5238 est.

287 5249 443 5330 seant
469 5251 975 5330 quidamurectores
1023 5249 1496 5330 monasteriorum.
1541 5249 1677 5303 Nam
1724 5249 1868 5330 ejus-
2053 5254 2072 5293 τ
2114 5253 2203 5309 Vel
2241 5255 2311 5330 ad
2350 5270 2478 5330 opus
2525 5253 2658 5330 illud
2705 5251 2868 5330 eligit.
2895 5249 3051 5330 Apud
3079 5250 3354 5330 Rufinum,
3390 5251 3465 5307 vel
3493 5252 3562 5330 ad_

290 5320 437 5398 modi
484 5319 848 5398 impossibilia
866 5320 1062 5383 rarius,
1088 5319 1427 5398 probationis
1449 5329 1542 5374 aut
1569 5321 1868 5377 necessita-
1974 5342 2102 5398 opus
2146 5324 2285 5398 quod
2330 5319 2493 5396 eligit.
2546 5323 2712 5393 Lege,
2765 5319 2843 5377 uel
2895 5339 2924 5376 a

293 5343 437 5374 IIIUUI
485 5343 835 5388 ιιιψυδδιυιιιξι
867 5343 1062 5383 rarius,
1089 5343 1427 5388 ιπυυδιιυιιιδ
1449 5343 1542 5374 aut
1569 5343 1868 5377 ηεοεδδιιίι-
1974 5343 2003 5378 ο
2042 5343 2102 5380 αδ

293 5390 375 5466 tis_
394 5396 809 5466 causa‘tantum,
836 5389 1152 5466 imperanda
1176 5399 1319 5444 sunt.
1519 5461 1532 5466 _
1972 5343 2134 5466 eligit.

361 5460 390 5500 ιι
419 5457 855 5529 Ιξοηᾴιιείοηενὶε.
887 5457 962 5512 Ita
989 5475 1179 5529 omnes
1205 5476 1335 5516 mss.
1362 5461 1556 5524 nostri,
1585 5475 1694 5515 uno
1713 5475 1870 5516 exce-
2044 5457 2076 5505 ῖς
2108 5464 2484 5519 Excusatione.
2513 5463 2570 5519 Id
2603 5471 2708 5529 est,
2734 5463 3093 5519 recusatione.

332 5537 406 5603 to.
448 5527 525 5603 Ita
553 5527 612 5603 8Σ
642 5528 973 5603 Dunstanus,
1005 5528 1438 5603 Turrecremata,
1479 5540 1534 5584 et
1560 5531 1730 5603 editio
1767 5531 1870 5585 Co-
2047 5535 2077 5576 ιι
2111 5535 2172 5591 Si
2226 5535 2342 5589 licet
2389 5527 2703 5603 unicuique.
2740 5533 2984 5588 llabetur
3033 5533 3174 5603 apud
3205 5531 3260 5588 S.
3291 5530 3556 5588 Basiliam

314 5599 652 5679 oniensis._ln
675 5597 901 5679 vulgatis
924 5601 983 5655 τὸ
1003 5600 1173 5679 oneris
1194 5599 1360 5656 deest.
1384 5600 1440 5679 l_n
1466 5616 1568 5656 ms.
1592 5601 1651 5657 S.
1678 5600 1864 5657 Germ.
1976 5606 2166 5662 interr.
2196 5605 2329 5679 Reg.
2361 5606 2512 5662 brev,
2541 5597 2674 5670 122,
2711 5614 2762 5660 et
2791 5605 2933 5673 apud
2955 5597 3208 5658 [luti-num
3236 5617 3354 5676 cap.
3385 5603 3469 5674 Mi.

295 5685 346 5742 ιι.
376 5680 429 5726 et
455 5671 598 5742 apud
621 5667 979 5741 Smaragdum
1011 5667 1228 5742 legitur,
1260 5672 1450 5741 operis.

3020 5338 3148 5394 opus
3195 5320 3353 5387 illud,
3416 5323 3559 5391 quod

3601 241 3636 256 ρ
