2007 3093
229 137 304 165 1359

724 131 772 168 ’S.,
783 130 964 159 BENEDICTI
983 128 1129 157 ABBATIS
1147 127 1354 156 ANIANENSIS

1805 131 1881 158 I360

227 191 346 227 ,gravius
356 188 603 222 videtur'l—Rcsp.
611 187 662 221 Qui
669 185 783 219 ﬁdeliter
792 190 819 214 et
830 185 935 221 puriter
944 184 1029 212 Deum
1043 190 1067 220 Α
1081 183 1179 218 inquit,
1196 189 1271 211 nocte
1285 192 1316 211 ac
1328 184 1370 211 die
1384 183 1398 204 ἀ
1419 192 1528 219 operam
1547 185 1599 212 vixi
1618 183 1645 221 (i
1655 184 1719 213 Cor.
1735 187 1797 222 vn).
1811 187 1896 216 Νοη,

238 237 335 273 diligit,
342 239 370 262 et
380 238 471 263 certus
480 237 522 260 est
532 239 544 252 ι
556 232 588 260 de
597 231 773 259 tribulatione
781 230 899 262 Domini,
908 237 958 257 nec
970 229 1029 256 suf-

238 281 319 309 ﬁcere
329 279 380 308 sibi
394 282 470 314 putat
482 284 513 305 ea
525 284 584 311 quae
598 276 649 303 sibi
663 274 851 311 iniunguntur,
864 273 911 302 sed
922 281 1030 309 semper

237 331 382 363 augmenta
394 324 485 360 operis
495 323 601 358 quaerit,
613 326 641 349 et
651 322 754 357 majora
763 329 845 358 quam
854 319 1030 355 iniunguntur

237 372 374 400 desiderat
399 374 426 396 et
440 373 550 403 exoptat
564 367 670 395 etiamsi
696 374 778 403 supra
805 366 878 394 vires
905 366 1029 393 videatur

236 424 297 445 esse
308 415 380 451 quod
390 415 470 448 facit;
486 422 536 441 nec
550 412 695 448 aliquando
707 419 819 440 securus
831 415 884 443 est,
899 415 1027 446 tanquam

237 469 317 498 opere
329 468 383 489 non
407 459 525 496 expleto,
547 459 595 486 sed
609 466 624 486 e
640 457 777 485 contrario
800 456 930 484 sollicitus
943 459 986 483 est
1001 458 1029 482 et

236 509 343 541 anxius,
366 512 494 542 tanquam
508 505 553 540 qui
580 504 648 532 nihil
661 504 771 540 dignum
790 501 932 537 praeceptis
947 509 1029 529 evan-

236 555 329 591 gelicis
342 553 437 588 egerit,
462 558 565 579 memor
580 550 654 577 illius
678 548 813 576 Dominici
835 547 968 575 sermonis
986 546 1027 574 di-

236 601 325 629 centis
348 609 354 626 :
377 598 442 626 Cum
458 602 545 624 autem
570 595 684 631 feceritis
709 594 797 621 omnia
816 602 875 628 qua:
898 597 1027 628 prwcepta

236 651 296 673 sunt
318 651 478 681 quaecunque
490 641 613 678 prmcipio
628 641 709 673 vobis,
734 645 796 666 tunc
820 639 934 665 dicetis:
951 637 1027 665 Servi

235 690 341 718 inutiles
352 687 540 723 sumua;quod
553 686 691 714 debuimus
707 685 804 719 facere,
822 684 931 720 fecimus
950 682 1025 719 (Luc.

237 735 314 771 mi).
330 735 383 763 Sed
394 738 421 762 et
431 733 598 761 imitabimur
609 729 828 766 Apostolum,cui
840 737 901 757 cum
911 729 1028 756 mundus

235 785 307 808 esset
321 779 479 811 cruciﬁxus,
491 781 518 805 et
536 777 594 811 ipse
619 775 720 802 mundo
731 795 737 807 ,
761 782 816 801 non
829 773 966 801 erubescit
985 772 1027 799 di-

236 833 299 854 cere
321 835 328 852 :
357 824 426 857 Quia
452 831 498 858 ego
513 822 639 857 meipsum
655 821 771 847 nondum
793 820 892 847 aestimo
904 819 919 839 b
935 826 1027 854 appre-

1079 230 1142 265 quia
1154 238 1205 257 non
1217 229 1340 256 habemus
1357 234 1520 265 potestatem,
1531 232 1578 258 sed
1591 237 1617 259 ut
1630 240 1676 259 nos
1692 232 1809 267 formam
1822 233 1882 260 da-

1080 284 1166 303 remus
1188 276 1259 304 vobis
1278 276 1312 303 ad
1326 276 1483 303 imitandum
1495 285 1540 304 nos
1564 277 1607 313 (II
1624 277 1713 305 Thess.
1731 279 1785 314 iii).
1810 279 1884 312 Qum

1080 329 1143 349 eum
1170 322 1205 349 ita
1233 322 1296 354 sint,
1318 322 1378 356 quis
1401 322 1439 349 ita
1453 322 1551 350 stultus
1564 328 1616 356 est,
1636 324 1678 350 vel
1695 324 1826 356 inﬁdelis,
1847 329 1880 352 ut

1080 371 1157 402 putet
1182 375 1212 395 se
1227 367 1377 402 majoribus
1392 375 1476 402 quam
1490 368 1582 402 debet,
1608 370 1739 398 oneribus
1761 378 1880 406 pergra-

1079 412 1164 440 vari°
1186 420 1249 440 cum
1263 413 1291 440 in
1309 413 1371 446 hoc,
1386 413 1459 448 quod
1480 421 1607 442 mensura
1629 416 1727 450 poscit,
1751 415 1878 443 nondum

1078 458 1164 493 possit
1177 458 1307 493 implere?

1179 524 1193 561 §
1207 524 1250 552 IV.
1263 540 1299 545 ——
1310 525 1349 552 Ex
1362 524 1475 553 Rscuu
1490 525 1613 553 CASSIAM
1627 525 1696 563 (cap.
1708 527 1765 564 3i).

1116 591 1126 611 ί
1143 591 1187 619 Illa
1199 593 1271 620 enim
1289 600 1354 620 vera
1364 593 1517 621 obedientia
1540 600 1592 627 est,
1608 603 1669 631 quae
1680 596 1812 630 quamvis
1825 597 1875 624 ali-

1077 638 1142 673 quid
1157 638 1263 666 difIicile
1281 639 1306 666 ei
1320 639 1479 675 imperetur,
1497 641 1509 660 ε
1523 641 1589 668 nihil
1611 646 1702 669 tamen
1722 643 1876 671 discutiens

1078 684 1136 712 sine
1156 684 1245 719 aliqua
1268 685 1359 712 cordis
1373 685 1543 713 haesitatione
1568 687 1700 721 perﬁcere
1724 688 1826 715 nititur
1847 695 1876 715 et

1077 738 1267 757 consummare
1280 731 1351 765 quod
1359 730 1466 765 jussum
1480 735 1533 763 est,
1548 736 1576 759 et
1593 740 1642 767 pro
1660 734 1819 761 reverentia
1831 742 1875 761 se-

1077 775 1163 803 nioris
1180 775 1248 802 nihil
1263 775 1298 803 de
1314 777 1532 811 impossibilitate
1543 782 1590 805 aut
1604 778 1717 806 stultitia
1740 781 1873 815 praecepti

1078 822 1218 856 diiudicat,
1235 822 1282 850 sed
1301 822 1379 858 plena
1394 822 1447 850 ﬁde
1467 830 1499 851 ac
1519 824 1660 852 devotione
1674 826 1809 860 quidquid
1833 827 1874 854 di-

239 872 359 900 hendere.
376 870 462 898 Unum
476 874 561 897 autem
571 877 601 896 ea
612 868 716 904 quidem
729 876 788 903 qua:
803 872 871 894 retro
886 871 947 894 sunt
962 866 1027 893 obli-
1040 869 1064 899 Β
1079 871 1152 896 ctum
1166 867 1259 901 fuerit,
1276 876 1329 896 non
1344 872 1474 903 tanquam
1488 870 1522 896 ab
1536 870 1655 903 homine,
1675 871 1723 898 sed
1739 875 1872 907 tanquam

235 919 344 950 visceris,
357 917 533 944 adven-autem
546 921 557 934 ε
574 922 633 950 quw
652 914 741 940 inante
754 917 814 940 sunt
830 921 870 940 me
886 911 1026 939 extendens

236 963 378 991 secundum
404 961 566 997 propositum
592 967 687 995 sequor
712 959 746 985 ad
766 958 882 994 palmam
907 965 1027 993 superme

236 1007 378 1035 vocationis
392 1007 441 1033 Dei
464 1006 492 1033 in
510 1005 614 1032 Christo
636 1004 701 1031 Jesu
717 1002 844 1039 (Philipp.
859 1003 912 1037 iii).
933 1003 966 1029 Et
981 1002 1025 1036 qui

236 1061 297 1082 eum
308 1053 421 1080 haberet
428 1054 594 1087 potestatem
605 1053 647 1086 ,ιιι
660 1049 835 1084 Evangelium
851 1048 1025 1081 annuntians,

237 1099 271 1126 de
281 1097 427 1134 Evangelio
438 1096 553 1123 viveret.
571 1094 658 1129 Magis
677 1094 705 1121 in
720 1093 808 1120 labore
821 1097 844 1120 et
859 1092 1025 1127 fatigatione,

279 1172 290 1185 τι
306 1166 344 1192 De
355 1164 532 1191 tribulatione.
548 1163 637 1197 Lege:
656 1162 693 1188 De
708 1162 891 1193 retributione;
906 1162 942 1188 ita
957 1161 1027 1196 apud

237 1202 374 1232 Rufinum,
390 1205 417 1227 et
444 1203 533 1225 textus
550 1198 659 1225 Gra‘cus
677 1197 802 1234 postulat.
829 1201 878 1227 Τῆς
894 1200 965 1234 παρὰ
975 1201 1025 1234 500

238 1238 327 1274 Κυρίου
343 1234 558 1271 μισθαποδασίας,
580 1233 605 1260 Id
624 1238 674 1264 est,
691 1233 724 1259 de
739 1232 958 1258 remuneratione
974 1232 1027 1258 D0-

237 1280 314 1297 IIIlIlI.

269 1307 283 1325 ιι
296 1305 503 1340 Appreliendcre.
518 1303 557 1340 Ad
572 1303 759 1340 Philippense-3
775 1310 814 1328 III.
832 1302 871 1328 Ita
887 1302 1027 1340 apud‘itu—

237 1337 370 1373 ﬁiium','iii
386 1340 500 1375 Vulgata
526 1339 758 1375 interpretatione,
784 1337 1026 1372 comprehendisse;

237 1380 327 1403 textus
341 1374 451 1403 Grazcus
469 1375 539 1401 idem
555 1379 644 1405 sonat,
663 1374 842 1409 κατειληφέναι.

275 1417 285 1429 θ
315 1411 380 1443 Qum
410 1411 508 1436 inmite.
529 1410 632 1440 Inantc,
660 1408 685 1434 id
702 1413 753 1440 est,
768 1407 869 1439 antea,
891 1411 928 1443 fut
956 1407 1026 1442 apud

238 1442 365 1473 Ruﬁnum
391 1446 503 1480 legitur;
526 1445 553 1472 in
582 1444 694 1479 Vulgata
720 1443 859 1470 editione:
881 1442 947 1474 Qua:
967 1447 1027 1469 sunt

257 1489 337 1507 riora.

237 1491 414 1551 ρΓῖὶΟξῗρει-αηδ
427 1516 487 1542 vixi.
502 1515 540 1542 Ita
552 1515 621 1550 apud
635 1514 781 1551 Rirﬁnum._
793 1514 820 1539 In
837 1512 950 1551 Vulgata
970 1513 1027 1551 edi-

238 1545 478 1585 tionc,'operanles,
494 1556 522 1577 ut
534 1545 651 1577 ἱυίρχιιι
665 1549 758 1575 GrzL-co
770 1545 902 1585 Apostoll;
922 1549 1027 1585 ἐργαζό-
1040 1545 1062 1575 C

237 1583 553 1620 anonqiiemadmodum
579 1585 660 1611 etiam
676 1584 702 1609 in
718 1587 793 1610 textu
815 1583 843 1610 S.
870 1583 979 1616 Basilii;
1000 1587 1028 1609 at

238 1621 311 1651 illud,
329 1620 393 1652 vixi,
407 1628 459 1646 non
472 1620 615 1654 reperitur.

259 1661 269 1675 ε
296 1655 361 1682 Cum
375 1655 401 1681 in
415 1655 463 1681 hoc
479 1653 550 1689 quod
575 1662 696 1689 mensura
707 1653 807 1689 poscit.
820 1653 978 1687 Prcepositio
1000 1654 1027 1679 in

239 1690 390 1717 redundare
403 1690 518 1716 videtur.
530 1690 606 1723 Apud
618 1688 743 1714 Ruﬁnum
762 1697 767 1714 :
788 1688 853 1714 Cum
875 1688 942 1714 hanc
960 1696 1026 1723 quo-

238 1734 286 1760 que
299 1733 458 1756 mensuram,
476 1729 528 1752 cte.
543 1724 594 1751 Sed
609 1724 659 1750 hoc
683 1723 805 1750 ultimum
822 1724 973 1750 membrum
1000 1723 1026 1749 in

871 1837 1042 1877 CAPUT

1076 920 1091 940 a
1106 913 1161 941 Deo
1173 913 1225 940 sibi
1238 914 1350 949 suscipit
1363 914 1533 950 imperatum.
1542 914 1581 942 Ita
1591 916 1661 943 enim
1675 917 1805 944 omnibus
1818 918 1874 945 vir-

1076 960 1181 987 tutibus
1200 960 1329 995 praeferre
1347 960 1428 988 debet
1441 961 1634 995 obedientiam,
1647 967 1677 990 ut
1699 963 1764 991 huic
1777 965 1871 992 omnia

1076 1009 1285 1039 postponantur,
1299 1010 1328 1033 et
1344 1006 1470 1034 universa
1483 1007 1623 1041 dispendia
1637 1008 1789 1036 monachus
1804 1010 1870 1036 sub-

1077 1050 1117 1078 ire
1134 1056 1277 1078 contentus
1290 1051 1335 1086 sit,
1350 1052 1495 1081 dummodo
1508 1054 1560 1081 hoc
1572 1053 1672 1081 bonum
1686 1055 1714 1082 in
1727 1055 1803 1083 nullo
1817 1056 1873 1083 rio-

1076 1096 1133 1124 lare
1149 1097 1282 1125 videatur.

1078 1167 1150 1189 textu
1165 1163 1259 1190 Graeco
1270 1164 1449 1191 desideratur.

1115 1199 1123 1217 ί
1141 1198 1193 1236 Illa
1208 1200 1276 1236 enim
1289 1208 1347 1236 uera
1360 1200 1504 1236 obedientia
1525 1205 1572 1227 est.
1588 1201 1650 1228 Hice
1674 1206 1780 1236 sumpta
1807 1207 1870 1230 sunt

1077 1241 1108 1260 ex
1125 1234 1214 1267 capite
1233 1235 1271 1264 l0,
1293 1234 1353 1260 libr.
1374 1243 1411 1266 iv,
1430 1236 1461 1261 de
1484 1235 1615 1263 Institutis
1634 1234 1866 1264 Renuniiantium.

1115 1270 1126 1287 ε
1153 1268 1227 1295 Nihil
1256 1270 1412 1306 discutiens.
1433 1270 1500 1302 Quia
1522 1271 1675 1298 obedieniia
1702 1272 1818 1306 simplex
1843 1280 1871 1299 et

1077 1312 1147 1331 cmca
1169 1311 1228 1330 esse
1253 1305 1331 1331 debet
1348 1305 1414 1330 nihil
1431 1306 1611 1339 dijudicando,
1640 1307 1687 1333 sed
1708 1305 1870 1334 mandatum

1078 1339 1238 1373 simpliciter
1251 1344 1279 1366 et
1299 1339 1439 1366 humiliter
1453 1340 1650 1374 amplectendo.
1674 1341 1747 1368 Idem
1763 1343 1871 1370 Cassia-

1077 1383 1127 1401 nus
1146 1374 1235 1411 collat.
1254 1375 1294 1411 l8,
1307 1383 1367 1408 cap.
1384 1375 1419 1411 3:
1439 1384 1447 1400 i
1465 1376 1598 1402 Cieterum
1623 1385 1760 1411 nunquam
1788 1379 1872 1405 ratio-

1076 1417 1138 1436 nem
1168 1410 1289 1436 veritatis
1313 1410 1435 1441 intrabit,
1460 1410 1583 1445 quisquis
1605 1419 1619 1437 a
1645 1410 1797 1439 discutione
1816 1421 1873 1439 ca:—

1076 1445 1148 1479 perit
1160 1445 1260 1482 c_rudiri
1277 1445 1474 1482 :_quira‘videns
1486 1446 1684 1482 eumininiicns
1704 1455 1754 1473 suo
1780 1448 1873 1482 potius

1076 1480 1596 1517 quaml’atrumjudicioconlidentem,
1612 1481 1690 1509 facile
1703 1482 1729 1508 in
1745 1482 1770 1509 id
1780 1480 1873 1517 usque

1078 1514 1207 1552 propellit
1227 1520 1256 1541 ut
1277 1516 1358 1542 etiam
1391 1515 1450 1552 illa,
1467 1523 1527 1549 qua:
1549 1517 1665 1543 maxime
1690 1517 1766 1544 utilia
1790 1514 1874 1552 atque

1079 1550 1254 1577 saluberrima
1267 1555 1340 1581 sunt,
1356 1550 1489 1585 superﬂua
1506 1551 1530 1577 ei
1546 1551 1690 1578 videantur
1704 1557 1730 1579 et
1745 1550 1839 1580 noxia.
1860 1563 1870 1578 ι

1080 1585 1155 1612 Unde
1185 1585 1214 1610 Β.
1250 1586 1409 1617 Antiochus,
1435 1585 1527 1612 homil.
1553 1586 1598 1618 59,
1627 1587 1661 1612 ita
1686 1588 1872 1614 obedientiam

1079 1619 1207 1659 pra-clare
1230 1621 1324 1659 deﬁnit
1348 1622 1449 1659 xiii-amri
1459 1618 1600 1659 obvim-iii
1613 1621 1763 1659 adtingi-0;
1779 1626 1871 1653 suae.

1080 1656 1106 1681 id
1131 1660 1188 1693 est.
1216 1664 1225 1680 ι
1247 1656 1400 1683 obedientia
1430 1660 1471 1682 est
1498 1656 1558 1683 sine
1585 1656 1777 1690 dijudieatione
1810 1667 1874 1693 [θεῖα

1080 1697 1180 1717 51111510.
1199 1702 1208 1716 Ι

1080 1837 1249 1878 LXXIV.

452 1916 500 1945 UT
518 1916 552 1944 IN
573 1914 796 1943 MONASTERIO
815 1914 885 1943 NON
904 1914 1107 1943 PRESUMAT
1126 1915 1241 1943 ALTER
1259 1916 1427 1946 ALTERUM
1447 1918 1667 1947 DEFENDERE.

354 2011 368 2047 §
383 2009 404 2038 I.
417 2008 506 2036 ——Ex
521 2007 630 2036 Recens
647 2013 741 2033 SANC'I'I
756 2004 912 2032 Bsusuic'ri.

275 2087 292 2101 ι
305 2075 516 2108 Praecavendum
531 2074 609 2104 εει-ι»
623 2080 657 2100 ne
669 2072 764 2107 quavis
778 2072 920 2099 occasione
928 2079 1028 2107 praesu-

242 2129 298 2155 mat
317 2124 385 2151 alter
407 2121 522 2149 alterum
543 2117 689 2146 defendere
709 2117 870 2145 monachum
886 2118 913 2145 in
931 2125 1028 2145 mona-

242 2172 342 2204 sterio,
360 2175 370 2189 α
385 2172 432 2197 aut
444 2166 521 2203 quasi
541 2165 631 2193 tueri:
647 2163 660 2183 ά
671 2164 780 2191 etiamsi
807 2164 903 2199 quavis
914 2171 1025 2192 consan-

1082 2005 1110 2033 id
1122 2013 1137 2033 a
1151 2006 1293 2034 monachis
1303 2011 1484 2041 praesumatur
1498 2017 1504 2034 :
1519 2008 1582 2042 quia
1600 2008 1699 2036 exinde
1711 2009 1873 2043 gravissima

1081 2046 1190 2080 occasio
1208 2058 1220 2072 ε
1234 2053 1424 2081 seandalorum
1448 2054 1514 2081 oriri
1541 2059 1640 2090 potest.
1667 2056 1744 2090 Quod
1766 2057 1789 2085 si
1811 2058 1875 2092 quis

1082 2097 1140 2125 haec
1154 2102 1339 2134 transgressus
1350 2098 1440 2133 fuerit,
1457 2101 1546 2128 acrius
1560 2106 1727 2129 coerceatur.

1181 2153 1237 2190 δτι.
1251 2170 1286 2174 ——
1297 2154 1338 2182 Ex
1350 2154 1509 2184 PRECEP'HS
1521 2164 1614 2185 sum
1628 2157 1772 2186 PACROIII.

242 2208 1069 2253 guinitauspropinquitateiunsamur-Necquolibetmodo1)
1118 2213 1129 2234 ι
1151 2213 1202 2247 Qui
1230 2214 1366 2241 consentit
1387 2214 1572 2250 peccantibus,
1602 2219 1629 2243 et
1651 2215 1771 2243 defendit
1791 2216 1873 2243 alium

271 2313 290 2327 λι
315 2302 522 2332 Ρνωεηυεηάιιπι
537 2305 584 2328 εει.
609 2299 646 2326 lta
672 2299 700 2327 in
715 2298 816 2335 nostris
830 2306 896 2335 mss.
910 2303 938 2327 et
960 2300 1031 2335 apud

244 2339 441 2380 Smara‘gdum;
472 2337 498 2363 in
518 2336 577 2363 cod.
603 2335 671 2362 Vict.
690 2342 733 2396 §.,
758 2334 907 2361 Cavendum
930 2334 985 2367 est}
1003 2335 1031 2362 in

244 2376 360 2396 milimtie
379 2380 440 2396 cum
462 2371 491 2396 S.
509 2371 647 2396 Duiistano
667 2378 673 2396 :
712 2377 860 2396 ummooere
886 2377 1031 2396 ννιτείιυιιη-

244 2371 360 2411 vulgatis
379 2380 442 2401 cuiu
462 2371 491 2399 S.
509 2371 647 2398 Duustano
667 2378 673 2396 :
690 2371 860 2404 Summopere
885 2377 1032 2404 primum-

612 2448 643 2466 ne
653 2438 835 2475 qualicunque.

244 2412 307 2439 dum
322 2413 368 2437 est.

268 2447 290 2466 Ἢ
309 2444 351 2472 Ne
360 2443 461 2480 quavis.
473 2441 542 2469 Vict.
555 2448 595 2502 Γ,
612 2448 643 2466 ne
653 2441 784 2479 qualicuni

278 2487 290 2501 ε
309 2480 357 2502 Ani
371 2478 446 2502 ητιηεί
462 2477 540 2502 tueri.
568 2481 593 2502 ta
608 2474 727 2502 louuitur
739 2482 784 2502 om

278 2487 290 2501 ε
306 2474 446 2510 Αιιιήτιαεί
462 2477 540 2504 tueri.
555 2474 593 2503 Ita
608 2474 727 2510 loquitur
739 2474 802 2508 quia
826 2474 887 2508 plus
900 2478 941 2502 cst
965 2475 1033 2503 tueri

263 2523 326 2544 nam
340 2509 501 2544 defendere;
516 2518 578 2538 nam
595 2509 663 2537 tueri
678 2513 720 2537 est
738 2515 864 2541 servare,
885 2511 1031 2538 custodire.

270 2551 360 2580 onius,
374 2556 433 2583 cap.
451 2547 478 2583 gl,
495 2543 525 2574 in
549 2545 659 2583 tu_tel_a_m
684 2543 806 2583 accipere
829 2551 845 2583 ᾳ
862 2545 985 2583 furantlo
1007 2550 1035 2573 et

247 2577 338 2614 tutela.
353 2577 438 2611 Varro
450 2577 511 2609 libr.
524 2589 550 2608 γι
566 2581 598 2608 de
608 2580 686 2614 Ling.
699 2577 774 2606 Lat:
789 2583 816 2605 at
826 2577 968 2607 defendere
981 2588 1034 2608 non

248 2587 338 2614 tutela.
354 2587 438 2611 Varro
450 2587 511 2609 Itbt‘.
524 2589 550 2608 γι
566 2587 598 2608 ne
608 2587 686 2641 Ling.
699 2587 774 2606 Lac:
789 2587 816 2605 ai
826 2587 968 2607 ueienaere
981 2588 1031 2608 non

248 2622 328 2652 item,
348 2619 400 2646 etsi
418 2617 554 2652 interdum
579 2615 636 2642 haec
679 2621 713 2652 uo
725 2614 808 2652 verba
823 2614 1031 2652 confundantur.

249 2648 382 2684 Particulo
408 2652 483 2689 quasi
506 2651 584 2689 abest
598 2657 613 2677 a
627 2657 678 2677 ms.
690 2649 720 2676 S.
742 2648 846 2689 (ἔπῃ,
861 2651 1029 2689 quemadmo-

247 2683 310 2718 dum
333 2694 360 2717 et
383 2683 556 2723 haecverha,
575 2685 602 2713 in
618 2684 790 2723 monasterio.
807 2683 974 2723 Hice’autem
987 2685 1034 2712 de-

246 2726 333 2753 fensio
344 2725 381 2751 ita
395 2722 525 2760 capienda
536 2724 589 2760 est,
603 2721 624 2747 si
638 2726 734 2760 nempe
750 2719 854 2760 iniusta
869 2719 913 2760 sit,
932 2725 959 2748 ei,
971 2728 1035 2760 θρη-

248 2765 290 2787 tra
303 2755 443 2786 veritatem
464 2766 471 2784 :
493 2755 592 2790 alioqui
609 2759 698 2790 potest
712 2755 773 2789 quis
787 2755 960 2783 innocentem
986 2756 1033 2783 de-

248 2794 368 2824 fendere,
382 2792 518 2819 humiliter
532 2796 621 2819 tamen
639 2795 665 2817 et
678 2797 730 2817 non
754 2793 887 2823 proterve.

276 2828 294 2849 δ
304 2822 422 2854 Ἑιὶἠιεί
434 2827 534 2861 quavis.
549 2826 587 2853 Ita
605 2825 683 2859 vulgo
694 2822 819 2852 habetur.
831 2824 866 2851 At
882 2825 908 2852 in
922 2822 981 2850 eod.
1002 2822 1032 2850 S.

1081 2302 1145 2329 Far.
1161 2301 1226 2338 Ebr.
1241 2302 1311 2338 Vict.
1332 2306 1428 2338 maaut
1442 2302 1513 2337 apud
1525 2301 1704 2338 Smaragdum
1715 2307 1744 2330 et
1757 2303 1787 2330 S.
1801 2302 1875 2330 Dun-

1083 2341 1191 2365 stanum
1205 2336 1313 2372 legitur,
1328 2337 1451 2371 qualibet.

1121 2378 1132 2392 ε
1147 2371 1352 2407 δεαηᾱαιρζιιιη.
1367 2372 1395 2399 Id
1408 2376 1460 2405 est,
1472 2371 1632 2407 iurgiorum,
1655 2373 1789 2405 rixarum,
1814 2381 1876 2400 eon-

1084 2407 1247 2434 teutionum.
1270 2406 1328 2433 Hoc
1352 2411 1441 2434 autem
1466 2406 1569 2434 malum
1584 2408 1751 2435 defensionis
1777 2413 1875 2435 mutua:

1085 2443 1112 2470 in
1144 2441 1316 2469 monasteriis
1338 2442 1472 2477 praecipue
1491 2446 1583 2469 manat
1602 2450 1616 2469 a
1638 2443 1807 2470 clandestina
1832 2443 1874 2470 illa

1084 2477 1262 2512 quorumdam
1269 2477 1464 2513 monachorum
1474 2477 1667 2510 familiaritate,
1674 2486 1746 2511 quae,
1755 2483 1785 2505 ut
1795 2486 1873 2513 supra

1084 2513 1249 2553 monuimus,
1262 2512 1417 2539 universam
1431 2513 1587 2548 pessumdat
1600 2513 1772 2548 disciplinam
1788 2518 1816 2540 et
1828 2512 1876 2540 ob-

1084 2553 1260 2575 servantiam.

1124 2583 1132 2602 ἲ
1162 2583 1215 2615 Qui
1242 2582 1379 2610 consentit.
1405 2581 1456 2610 Hic
1485 2583 1598 2611 minime
1621 2587 1730 2610 notatur
1749 2590 1876 2609 numerus

1086 2618 1192 2646 articuli
1207 2625 1216 2645 :
1231 2617 1406 2645 nihilominus
1430 2618 1474 2645 hic
1483 2618 1603 2646 habetur
1616 2622 1707 2645 textus
1722 2617 1750 2644 in
1775 2617 1875 2652 Regula

1089 2653 1118 2681 S.
1129 2653 1266 2681 Pachomii
1277 2661 1387 2686 excusa,
1395 2659 1446 2680 art.
1455 2653 1522 2686 909;
1537 2654 1581 2681 hic
1590 2658 1681 2680 autem
1694 2653 1782 2685 locus,
1793 2660 1875 2687 iisque

1088 2689 1120 2716 ad
1133 2689 1176 2716 illa
1193 2689 1275 2716 verba
1299 2688 1412 2724 quodsi
1431 2697 1477 2723 per
1493 2688 1831 2724 ignorantiamtbabetur
1851 2687 1877 2713 in

1087 2724 1196 2752 decreto
1207 2724 1295 2752 Ivonis
1305 2723 1336 2759 'p.
1354 2723 1397 2756 Η,
1413 2731 1473 2758 cap.
1488 2723 1550 2759 lit),
1562 2728 1589 2759 et
1601 2723 1670 2757 apud
1690 2723 1876 2759 Burchai'duin

1088 2759 1149 2787 libr.
1162 2768 1193 2792 ii,
1216 2767 1276 2794 cap.
1290 2756 1318 2792 ιζ
1335 2760 1385 2787 sub
1399 2756 1507 2786 nomine
1520 2758 1549 2785 S.
1564 2756 1669 2794 Basilii,
1684 2762 1717 2794 et
1730 2758 1776 2791 II,
1792 2765 1837 2793 qu.
1850 2756 1877 2790 ὅ,

1088 2802 1147 2831 cap.
1163 2795 1179 2823 6
1191 2816 1199 2829 ,
1221 2792 1270 2824 sub
1287 2795 1398 2823 nomine
1409 2794 1438 2821 S.
1452 2794 1563 2827 Isidori;
1577 2793 1623 2821 sed
1639 2792 1719 2820 male.
