4014 6186
442 378 580 436 1505

607 492 742 566 ειν.
770 490 849 546 Eii
890 491 1107 545 Bscuu
1145 504 1332 543 SANC'I'I
1357 487 1558 543 Bssmt
1591 486 1730 558 (cap.
1761 485 1876 554 28).

509 627 773 695 Interrog.
807 635 833 663 ι
856 620 1026 689 Quale
1067 618 1333 690 judicium
1363 635 1486 676 esse
1534 618 1694 676 debet
1724 619 1790 674 de
1822 617 1907 673 his
1930 617 2021 687 qui

437 724 726 789 peccantes
749 712 1168 769 defendunt?——
1197 709 1354 783 Resp.
1389 709 1461 767 Ut
1488 710 1620 765 mihi
1647 708 1881 775 videtur,
1905 722 2024 779 gra-

438 806 558 864 vius
593 808 661 863 ab
688 805 802 873 illo,
834 805 977 876 quod
1007 804 1144 860 dixit
1167 804 1430 859 Dominus
1462 822 1474 856 :
1511 800 1652 869 Quia
1675 799 1878 872 expedit
1907 797 2021 865 illi,

438 909 495 954 ut
536 897 892 970 suspendatur
940 895 1081 951 mola
1132 895 1369 950 asinaria
1421 894 1490 948 ad
1537 891 1730 948 collum
1770 892 1907 962 ejus,
1951 900 2018 954 et,

439 991 468 1030 ι’
506 989 863 1060 prtecipitetur
895 988 950 1043 in
980 1003 1146 1053 mare,
1187 1002 1344 1058 quam
1376 983 1702 1040 scandalizet
1747 1000 1912 1038 unum
1959 983 2024 1036 de

438 1081 669 1136 minimis
719 1080 833 1134 istis
864 1077 1081 1150 (Matth.
1124 1093 1288 1142 xvm;
1344 1076 1474 1130 Luc.
1529 1074 1684 1146 xvu).
1721 1073 1836 1130 Non
1879 1074 2024 1131 enim

434 1169 548 1240 jam
575 1170 977 1240 correptionem
1033 1168 1100 1223 ad
1129 1167 1583 1230 emendationem,
1619 1167 1712 1223 sed
1759 1166 2027 1223 defensio—

442 1275 566 1314 nem
597 1258 664 1313 ad
693 1257 1124 1329 confirmandum
1157 1265 1441 1326 peccatum
1479 1271 1636 1312 suum
1660 1257 1885 1327 suscipit
1932 1256 2026 1328 qui

443 1349 727 1420 delinquit.
757 1347 862 1404 Sed
907 1357 961 1404 et
994 1348 1128 1403 alios
1153 1349 1221 1403 ad
1268 1347 1445 1403 simile
1489 1356 1750 1418 provocat
1778 1348 1978 1403 malum
2010 1366 2023 1402 :

445 1453 466 1479 ο
500 1442 575 1495 ita
621 1448 681 1494 ut
704 1440 993 1495 conveniat
1020 1439 1089 1501 ei,
1127 1439 1220 1510 qui
1268 1446 1558 1508 peccantes
1587 1438 1851 1504 defendit,
1899 1437 2029 1494 illud

443 1526 586 1598 quod
620 1527 823 1583 dictum
866 1536 949 1584 est
992 1547 1004 1582 :
1041 1527 1179 1594 Quia
1227 1530 1272 1582 si
1323 1545 1425 1582 non
1463 1528 1791 1609 ostenderitis
1826 1529 2031 1599 fructus

445 1622 631 1693 dignos
657 1621 994 1692 paenitentire,
1025 1623 1360 1690 excidemini,
1388 1632 1436 1677 et
1467 1625 1524 1678 in
1552 1623 1725 1694 ignem
1753 1623 2032 1678 mittemini

443 1710 595 1781 (Luc.
630 1711 737 1786 ιιι).
765 1711 862 1769 Vel
887 1728 1124 1777 rursum,
1147 1713 1292 1784 quod
1320 1729 1350 1768 a
1381 1713 1612 1770 Domino
1651 1715 1856 1770 dictum
1903 1722 1987 1770 est
2015 1732 2028 1768 :

445 1800 582 1867 Quia
609 1803 655 1857 si
703 1802 886 1858 oculus
917 1812 1038 1857 tuus
1066 1801 1251 1857 dexter
1278 1802 1609 1858 scandalizat
1635 1814 1704 1869 te,
1734 1803 1866 1874 ejice
1891 1819 2033 1874 eum,
2067 1836 2112 1896 Β

439 1901 488 1945 et
514 1892 711 1962 projice
740 1893 832 1949 abs
863 1903 910 1949 te
941 1894 1182 1966 :expedit
1207 1895 1372 1961 enim,
1401 1904 1459 1948 ut
1489 1904 1664 1965 pereat
1695 1912 1856 1949 unum
1884 1912 2029 1951 men-

442 1983 654 2038 brorum
694 1992 928 2050 tuorum,
951 1994 999 2041 et
1040 2002 1143 2038 non
1183 2002 1334 2040 omne
1381 1997 1570 2057 corpus

445 2073 471 2114 δ
498 2075 551 2128 in
587 2075 874 2144 gehennam
903 2075 1119 2148 (Matth.
1155 2077 1263 2147 xv).

799 2209 828 2282 ᾗ
852 2209 914 2265 ν.
941 2240 1014 2251 -
1047 2208 1184 2265 Item
1215 2211 1324 2281 ipse
1352 2208 1491 2283 (cap.
1523 2211 1668 2285 120).

517 2342 780 2414 Interrog.
832 2354 854 2382 ο
887 2340 946 2398 Si
998 2342 1044 2397 is
1071 2343 1164 2413 qui
1210 2341 1341 2398 facit
1391 2342 1727 2398 voluntatem
1775 2341 2026 2413 alicujus,

449 2432 466 2471 τ
504 2433 670 2489 etiam
698 2435 972 2508 particeps
1017 2443 1122 2502 est,
1153 2436 1238 2492 vel
1287 2437 1505 2493 socius?
1534 2467 1604 2477 —
1631 2436 1786 2510 Resp.
1815 2439 1844 2482 ⁸
1874 2437 2030 2494 Scire

443 2521 702 2579 debemus
730 2523 960 2581 Domino
991 2526 1206 2582 dicente
1239 2545 1252 2578 :
1287 2527 1425 2594 Quia
1453 2529 1543 2599 qui
1572 2527 1700 2599 facit
1730 2537 2025 2599 peccatum,

441 2630 620 2670 servus
644 2623 721 2670 est
757 2617 980 2686 peccati,
1010 2625 1066 2673 et
1103 2618 1303 2673 iterum
1332 2637 1345 2673 :
1397 2617 1500 2674 Vos
1536 2635 1602 2673 ea:
1628 2627 1777 2690 patre
1817 2619 2026 2674 diabolo

439 2707 585 2774 estis,
612 2716 662 2762 et
699 2707 963 2764 desideria
998 2711 1166 2780 patris
1211 2710 1370 2766 vestri
1419 2709 1594 2780 facere
1642 2708 1797 2764 cultis
1840 2708 2022 2782 (Ioan.

440 2799 582 2871 vm).
627 2795 842 2855 Scimus
871 2799 997 2870 quia
1021 2815 1128 2855 non
1153 2800 1328 2856 solum
1359 2801 1566 2856 socium
1601 2807 1659 2856 et
1681 2800 2023 2871 participem,

440 2889 534 2944 sed
568 2888 846 2945 dominum
889 2891 993 2947 sibi
1045 2906 1110 2947 ac
1156 2900 1365 2962 patrem
1406 2891 1630 2948 ascribit
1678 2907 1826 2958 eum,
1873 2891 2028 2962 cujus

439 2993 577 3048 opus
601 2977 748 3034 facit.
777 2980 1036 3036 Testatur
1064 2991 1244 3037 autem
1275 2984 1342 3038 de
1372 2983 1459 3038 his
1487 2984 1775 3054 Apostolus
1796 2983 1981 3039 dicens
2007 3003 2020 3038 :

442 3067 545 3120 Aut
589 3069 818 3135 nescitis,
851 3072 978 3141 quia
1018 3074 1104 3126 cui
1138 3073 1446 3128 exltibuistis
1471 3091 1557 3129 vos
1597 3091 1769 3128 servos
1800 3074 1870 3129 ad
1908 3075 2028 3129 obe-

440 3157 710 3225 dientium,
741 3162 876 3214 servi
906 3164 1030 3216 estis
1081 3164 1218 3232 ejus,
1270 3165 1356 3218 cui
1380 3165 1648 3231 obedistis,
1684 3167 1791 3220 sive
1827 3167 2025 3237 peccati

440 3253 495 3306 in
528 3260 772 3324 mortem,
810 3258 916 3308 sive
946 3254 1250 3310 obedientiw
1296 3257 1366 3312 ad
1386 3258 1657 3328 justitiam
1709 3257 1888 3332 (Rom.
1921 3258 2023 3332 vi).

511 3417 535 3480 ξ
567 3403 738 3480 Quale
754 3404 1020 3480 judicium
1054 3423 1175 3480 esse
1209 3407 1376 3480 debet.
1411 3408 1607 3464 Exstat
1637 3411 1778 3480 apud
1827 3411 1886 3466 S.
1927 3410 2028 3466 Ba-

440 3474 927 3599 :illgunetbintermg.
976 3477 1007 3532 7
1051 3478 1182 3549 lteg.
1234 3478 1430 3547 Brev.,
1481 3489 1538 3536 et
1583 3474 1726 3551 apud
1774 3480 2028 3537 Rufinum

440 3561 1169 3701 fagifrfimipiteturin'ntare.
1190 3620 1261 3701 l_.lt
1281 3621 1609 3701 supI:a__aPUd
1630 3621 1687 3679 S-
1705 3619 2023 3701 ΟτδίεδδΪΨη·

439 3685 496 3740 In
522 3685 900 3762 Grieco'textu
921 3687 1154 3762 ξρῤιπται
1172 3696 1243 3754 εἰς
1277 3685 1367 3752 τήὖ
1391 3685 1674 3758 θάλᾷσσαν,
1711 3693 1855 3762 qilod
1884 3693 2026 3747 idem

440 3764 637 3831 sonat;
667 3773 788 3827 qua:
813 3760 1030 3827 quidem
1063 3763 1228 3816 verba
1267 3770 1482 3831 sumpta
1509 3772 1637 3818 sunt
1663 3760 1880 3820 exicau.
1914 3779 2023 3818 ml

439 3827 594 3889 Lue.,
630 3837 826 3884 caatera
853 3845 980 3883 vero
1005 3845 1072 3884 ex
1112 3832 1300 3887 Matth.
1328 3827 1487 3887 mu.

512 3897 652 3976 calta
683 3908 739 3953 ut
780 3901 1049 3976 conveniat
1081 3901 1338 3976 illiquod
1374 3903 1587 3976 dictum
1629 3914 1723 3976 est.
1750 3902 1834 3976 ita
1885 3906 2025 3976 apud

439 3966 848 4044 RuﬁtiumLsed
874 3969 1134 4044 aliter_in
1183 3966 1333 4044 textu
1363 3971 1573 4038 Graeco,
1605 3973 1698 4044 qui
1746 3975 1821 4028 ita
1868 3966 2026 4030 so'nat

439 4038 581 4116 apud
607 4037 664 4093 8.
695 4039 983 4116 Basilum:
1018 4042 1103 4116 Ea:
1129 4060 1232 4116 quo
1255 4043 1337 4116 ﬁt,
1365 4045 1564 4116 utqnisi
1586 4037 1792 4116 [ructus
1837 4045 2024 4116 dignos

437 4109 1075 4188 pwnitertt_ia_ostenderit_,
1101 4109 1192 4188 qui
1217 4109 1383 4188 alium
1411 4109 1644 4184 defendit
1666 4116 1723 4188 in
1751 4109 2023 4188 eumcen-

437 4178 609 4232 veniat
630 4178 786 4246 illud,
811 4180 952 4250 quod
976 4200 1006 4235 a
1036 4178 1260 4238 Domino
1283 4178 1489 4238 dictum
1507 4195 1621 4240 est:
1651 4183 1805 4252 Quod
1832 4185 1878 4239 si
1900 4202 2025 4240 ocu-

437 4247 520 4300 lus
552 4256 695 4301 tuus.
737 4259 844 4301 etc.

461 4263 520 4300 us
552 4259 695 4314 tuus,
737 4259 844 4304 etc.

501 4314 1005 4442 segeltemmm.
1062 4321 1217 4392 Apud
1275 4323 1530 4378 Rufinum
1573 4325 1834 4383 additur:
1874 4325 2022 4398 Ignis

437 4399 690 4445 ardentis.

511 4457 633 4550 ξηδὶ
668 4460 794 4550 (μείς¹
831 4459 1330 4550 Ῑαεὶξᾘρριαιιεαιρηιε
1360 4458 1634 4550 Ilieperire'
1683 4473 1765 4519 est
1790 4465 1931 4550 apud
1959 4465 2017 4523 S.

436 4527 694 4606 Basiliuni
721 4527 1075 4606 inte'rr._285;
1107 4545 1163 4590 et
1187 4535 1330 4606 apud
1360 4527 1634 4600 Rufinum,
1664 4551 1784 4606 cap.
1817 4527 1906 4591 62.

485 4551 694 4586 asumm
721 4551 913 4587 interr.
938 4551 1075 4602 zzso;
1107 4551 1163 4590 et
1187 4551 1219 4590 a
1263 4551 1330 4591 ua
1360 4551 1634 4600 ttunnum,
1664 4551 1784 4606 cap.
1817 4551 1906 4591 οε.

485 4651 494 4684 .v
514 4599 534 4638 τ
565 4600 742 4684 Etiam
785 4604 1045 4684 particeps
1074 4615 1171 4684 est_.
1214 4551 1357 4684 {iege
1384 4620 1481 4676 per
1510 4606 2008 4684 interrogationem,

438 4667 698 4796 Nunguid
729 4667 804 4726 est
835 4667 996 4728 etiam
1021 4667 1406 4759 particepsiui
1433 4676 1572 4745 apud
1603 4667 1878 4732 Rufinum.

511 4743 536 4780 ⁸
608 4757 713 4794 crre
740 4741 984 4796 debemus
1026 4744 1252 4796 Domino
1293 4747 1514 4796 dicente.
1558 4745 1615 4796 in
1641 4754 1792 4796 textu
1823 4747 1878 4796 Gl

511 4743 536 4780 ⁸
565 4741 713 4796 Scire
740 4741 984 4797 debemus
1021 4741 1252 4800 Domino
1293 4741 1514 4800 dicente.
1558 4745 1615 4800 In
1641 4754 1792 4802 textu
1823 4747 2012 4804 Graeco

434 4810 612 4891 aliter.
639 4814 699 4891 Εἰ
720 4817 900 4891 marsi}
911 4833 1027 4891 arm
1053 4823 1126 4891 re,"
1149 4819 1310 4891 Κυρίῳ
1332 4819 1547 4891 λέγοντι,
1569 4816 1621 4870 id
1637 4826 1739 4883 est,
1775 4837 1792 4868 ι
1823 4818 1870 4875 si
1896 4834 2012 4874 cre-

435 4883 612 4938 dimus
639 4883 866 4938 Domino
893 4883 1112 4939 dicenti.
1155 4905 1173 4938 ι

505 4953 531 4994 h
557 4953 823 5026 Interrog.
864 4953 934 5008 46
959 4955 1086 5024 Reg.
1120 4957 1294 5020 brev.,
1328 4954 1579 5022 Rufinus,
1615 4971 1734 5026 cap.
1763 4957 1857 5014 cit.

511 5021 635 5097 i_Si
679 5021 1062 5097 quisaerrori.‘
1083 5026 1181 5082 ilic
1225 5034 1407 5097 textus
1450 5021 1764 5097 produciiur
1802 5026 2013 5084 aSma-

432 5093 633 5170 ιἰιειιοΞΔ
670 5093 961 5170 (ιιιξ--ἱιιιιιιι⁸
988 5097 1237 5170 attribuit
1273 5093 1483 5170 cuidam
1526 5097 1670 5170 Patri
1694 5113 2009 5170 anonymo.

434 5164 488 5240 in
515 5164 703 5240 codice
739 5165 1122 5240 Vindocinensi
1156 5165 1406 5240 jungitur
1444 5168 1708 5237 superiori
1729 5164 1908 5240 capiti
1950 5169 2008 5226 8.

431 5232 638 5306 Basilii,
665 5253 773 5292 non
799 5237 874 5290 ita
900 5246 1062 5300 recte,
1098 5232 1223 5306 quia
1258 5232 1364 5292 non
1401 5232 1581 5292 exstat
1604 5237 1744 5306 apud
1779 5232 1837 5296 S'.
1867 5239 2014 5296 Basi-

432 5253 638 5301 uasuu,
665 5253 773 5292 non
799 5253 874 5290 lla
900 5253 1062 5300 reete,
1098 5253 1223 5306 quia
1258 5253 1364 5292 non
1401 5253 1581 5292 exstat
1604 5254 1633 5292 a
1676 5253 1744 5295 ua
1779 5253 1837 5296 δ.
1867 5253 2010 5296 bas:-

432 5305 594 5380 lium;
628 5307 857 5380 habetur
878 5308 1042 5380 etiam
1071 5309 1210 5378 apud
1236 5307 1606 5362 Burchardum
1637 5253 1758 5364 iibr.
1782 5327 1855 5374 xl,
1889 5326 2010 5380 cap.

433 5375 521 5442 46,
554 5389 608 5434 et
647 5378 864 5432 lvoncm
910 5378 965 5432 in
1015 5375 1240 5433 Decreto
1287 5386 1442 5447 parte
1492 5393 1566 5440 IV,
1623 5393 1741 5446 cap.
1790 5380 1912 5444 110,
1943 5375 2010 5435 éx

431 5447 591 5504 dictis
618 5447 678 5505 8.
713 5447 920 5513 Basilii,
945 5457 1001 5504 et
1028 5449 1245 5518 quidem
1275 5449 1636 5510 contractius,
1677 5449 1781 5505 hoc
1809 5450 1968 5506 modo
1994 5469 2006 5504 :

440 5536 456 5566 ι
489 5518 624 5600 Hinc
663 5527 718 5600 et
754 5519 973 5600 quidam
1023 5519 1401 5600 sanctissimus
1446 5517 1608 5575 Pater
1640 5519 1718 5574 ait
1735 5519 2011 5600 .:__Si..qu_i‘s_

432 5590 599 5642 errori
641 5589 856 5643 alterius
898 5591 1215 5645 consenserit
1243 5631 1257 5649 .
1302 5591 1435 5644 sciat
1484 5607 1539 5644 se
1572 5607 1690 5644 cum
1728 5589 1818 5645 illo
1847 5589 2010 5647 simili

429 5659 586 5728 modo
607 5658 917 5728 culpabilem
943 5660 1288 5726 iudicandum
1308 5671 1355 5715 et
1379 5660 1958 5715 excommunicandum.
1984 5682 2002 5714 ι

433 5726 500 5782 Et
530 5745 622 5798 qu.
651 5726 726 5791 xi,
764 5743 884 5796 cap.
933 5731 983 5791 5,
1037 5729 1141 5794 Qui
1167 5732 1456 5794 consentit,
1499 5747 1565 5786 ex
1605 5729 1661 5784 8.
1695 5731 1919 5791 Isidoro.
1953 5732 2008 5788 in

434 5800 561 5855 line.
593 5798 700 5854 Sed
740 5813 846 5870 non
884 5807 1060 5870 exstat
1099 5801 1238 5867 apud
1270 5801 1328 5853 S.
1359 5800 1643 5854 lsidorum.
1707 5801 1785 5855 Ex
1813 5803 2010 5870 quibus

432 5879 584 5940 patet
628 5868 1017 5926 restituendam
1058 5883 1176 5924 esse
1230 5871 1368 5925 hanc
1417 5872 1740 5927 sententiam
1787 5868 2006 5943 lii-gula:

1428 371 1487 428 S.
1528 369 1891 427 BENEDICTI
1930 368 2222 425 ABBATIS
2260 366 2670 424 ANIANENSIS

2045 486 2097 544 Α

3566 372 3721 428 ιεϐι

2529 481 2557 555 §
2580 481 2666 537 Vl.
2687 511 2764 524 —
2782 481 2917 536 Item
2939 483 3077 554 (cap.
3106 482 3210 539 120
3235 485 3309 556 h).
3363 525 3396 536 ρ

2198 575 2462 646 Interrog.
2495 573 2551 629 Si
2586 575 2633 630 is
2660 574 2755 644 qui
2808 575 3088 630 consensit
3128 575 3352 631 alterius
3377 587 3628 646 peccato,
3677 580 3729 633 si

2125 663 2290 718 etiam
2321 665 2436 734 ipse
2455 663 2665 734 peccati
2696 677 2821 719 reus
2841 665 2961 719 est?
2987 694 3053 704 -—
3087 662 3243 736 Resp.
3290 664 3416 721 Huic
3443 669 3730 723 sententia

2126 754 2416 810 manifesta
2445 763 2531 810 est
2553 769 2620 810 ex
2658 754 2841 810 verbis
2869 755 2926 809 in
2957 755 3154 825 quibus
3175 755 3252 810 ait
3279 755 3347 811 ad
3377 755 3619 812 Pilatum
3641 760 3732 814 di-

2125 862 2296 902 cens:
2329 845 2432 912 Qui
2481 844 2705 899 tradidit
2741 861 2824 899 me
2865 843 2979 910 tibi,
3027 843 3204 916 majus
3251 856 3524 916 peccatum
3569 847 3730 902 habet

2126 934 2311 1010 (Ioan.
2348 933 2462 1007 xv).
2511 932 2857 990 Manifestum
2904 949 3143 1004 namque
3180 943 3266 990 est
3313 950 3380 990 ex
3427 936 3561 1001 hoc,
3596 937 3730 1006 quia

2125 1036 2181 1084 et
2199 1028 2408 1084 Pilatus
2432 1027 2788 1098 acquiescens
2811 1027 2896 1082 his
2933 1026 3026 1096 qui
3056 1027 3400 1084 tradiderunt
3427 1029 3727 1084 Dominum

2125 1125 2413 1187 peccatum
2464 1117 2719 1182 habebat,
2753 1115 2880 1170 licet
2907 1117 3088 1172 minus
3127 1132 3290 1188 quam
3317 1117 3416 1173 illi.
3452 1118 3720 1174 Ostendi—

2127 1217 2215 1262 tur
2247 1208 2413 1262 etiam
2440 1207 2625 1263 hocin
2651 1221 2736 1273 eo,
2769 1206 2914 1277 quod
2944 1207 3116 1262 Adam
3141 1209 3442 1279 acquiescit
3466 1209 3600 1265 Erae
3641 1211 3723 1266 vel

2127 1298 2422 1364 consentit,
2447 1312 2567 1368 qua:
2597 1297 2948 1367 acquieverat
2970 1298 3231 1368 serpenti.
3261 1297 3457 1353 Nullus
3476 1300 3630 1354 enim
3660 1317 3726 1356 ex

2131 1389 2263 1459 ipsis
2287 1398 2384 1443 aut
2423 1389 2684 1445 innocens
2703 1387 2980 1457 judicatus
3005 1400 3109 1456 est,
3139 1398 3233 1444 aut
3253 1391 3563 1460 impunitus
3595 1393 3726 1447 abs-

2129 1479 2313 1535 cessit.
2339 1477 2446 1534 Sed
2489 1487 2545 1534 et
2570 1479 2686 1550 ipsa
2713 1480 2808 1535 Dei
2835 1480 3152 1550 indignatio,
3186 1495 3307 1550 qua:
3333 1481 3609 1537 adversus
3635 1499 3731 1541 eos

2129 1569 2312 1625 habita
2341 1575 2445 1636 est,
2472 1569 2577 1626 hoc
2600 1570 2776 1642 ipsum
2799 1570 3022 1626 indicat.
3070 1569 3206 1626 Cum
3232 1573 3379 1627 enim
3421 1573 3606 1629 Adam
3630 1591 3733 1645 pro

2131 1661 2484 1717 excusatione
2510 1677 2606 1717 sua
2637 1661 2928 1731 objecisset
2955 1680 2968 1716 :
3003 1661 3143 1728 Quia
3171 1663 3358 1718 mulier
3378 1682 3547 1736 quam
3579 1668 3734 1722 dedi-

2133 1754 2201 1808 sti
2223 1753 2373 1820 mihi,
2397 1755 2513 1819 ipsa
2541 1754 2671 1809 mihi
2699 1754 2862 1820 dedit,
2891 1764 2940 1808 et
2968 1754 3302 1809 manducavi.
3333 1755 3475 1821 Quia
3500 1758 3730 1822 audisti,

2143 1843 2320 1913 inquit
2355 1844 2530 1910 Deus,
2561 1859 2734 1898 vocem
2762 1842 3001 1897 mulieris
3055 1853 3180 1908 tute,
3208 1853 3256 1898 et
3280 1847 3627 1901 manducasti
3668 1847 3733 1902 de

2131 1931 2299 2003 ligno,
2341 1932 2406 1987 de
2429 1950 2532 2004 quo
2559 1947 2910 2002 prwcepcram
2953 1930 3070 1998 tibi,
3102 1948 3166 1985 ne
3195 1933 3574 2002 manducares,
3615 1953 3732 1991 ma-

1599 1997 1746 2040 "mm
1789 1987 2030 2041 "mum"
2131 1987 2321 2075 (edicta
2343 1987 2486 2076 terra
2512 1987 2610 2075 eiit
2638 2021 2693 2074 in
2724 1987 2969 2091 bperibus
2995 1987 3100 2074 tuis
3133 2018 3289 2092 (Gen.
3323 2023 3459 2094 cn).

2408 2110 2436 2183 δ
2464 2108 2573 2165 Vll.
2596 2140 2668 2150 —
2691 2109 2769 2164 Ex
2794 2108 3015 2166 Rscuu
3040 2109 3440 2168 Ontsuuuuu.

2210 2203 2224 2241 ί
2262 2199 2320 2257 Si
2365 2201 2488 2271 quis
2533 2201 2710 2256 errori
2746 2210 2760 2250 ι
2802 2201 2921 2271 ejus
2952 2203 3325 2269 consenserit,
3371 2213 3428 2259 et
3459 2205 3488 2245 ιι
3519 2219 3726 2262 secun-

2132 2295 2261 2352 dum
2286 2293 2543 2348 duritiam
2579 2291 2728 2348 illius
2775 2291 2950 2364 magis
2977 2293 3265 2350 consilium
3296 2295 3526 2364 dederit,
3569 2308 3633 2353 ut
3668 2314 3731 2356 se

2132 2386 2341 2442 tardius
2359 2383 2629 2452 humiliet,
2653 2385 2790 2440 sciat
2807 2400 2887 2453 se,
2922 2379 2941 2420 ί
2971 2400 3093 2441 cum
3130 2387 3186 2441 in
3212 2387 3312 2444 hoc
3341 2404 3530 2446 ermre
3559 2390 3731 2447 fuerit

2131 2477 2523 2547 deprehensus,
2553 2476 2718 2531 simili
2748 2477 2910 2534 modo
2939 2478 3262 2549 culpabilem
3284 2477 3667 2548 judicandum.

2407 2567 2437 2640 §
2471 2566 2603 2623 Vill.
2634 2597 2707 2606 —
2733 2564 2892 2633 Item,
2919 2584 2984 2623 ea:
3013 2567 3196 2623 eadem
3229 2568 3448 2640 Regula.

2201 2671 2242 2698 ιιι
2268 2660 2373 2728 Qui
2405 2660 2678 2716 consentit
2701 2670 2730 2698 η
2756 2660 2995 2731 peccatis
3018 2669 3073 2716 et
3095 2661 3333 2717 defendit
3355 2663 3527 2718 alium
3556 2664 3731 2720 delin-

2130 2736 2408 2820 queniem,
2437 2749 2760 2806 maledictus
2780 2751 2886 2806 erit
2910 2751 3052 2820 apud
3081 2751 3249 2806 Deum
3274 2761 3328 2808 et
3355 2753 3637 2820 homines,
3674 2764 3732 2811 et

2130 2829 2458 2910 corripiemr
2487 2841 2863 2912 increpatione
2893 2843 3267 2898 severissima.

2362 2931 2390 3005 §
2422 2931 2512 2986 IX.
2538 2962 2610 2972 —-—
2634 2931 2713 2986 Ex
2738 2932 2961 2989 Rscuu
2989 2931 3217 2988 Parnuu
3241 2934 3383 3006 (cap.
3412 2935 3494 3006 5).

2203 3030 2227 3057 ο
2258 3022 2316 3078 Si
2342 3024 2465 3094 quis
2494 3039 2624 3080 vero
2647 3023 2712 3079 de
2746 3023 3009 3080 fratribus
3032 3065 3048 3090 ,
3082 3035 3110 3075 Ρ
3138 3025 3224 3080 vel
3264 3027 3356 3096 qui
3387 3027 3443 3082 in
3477 3030 3728 3085 oratorio

2131 3122 2303 3181 sunt,
2354 3115 2441 3170 vel
2490 3115 2585 3185 qui
2637 3117 2689 3169 in
2717 3115 2869 3170 cellis
2901 3116 3225 3180 consistunt,
3266 3119 3495 3175 sermri
3536 3121 3729 3177 fratris

2053 3211 2099 3275 C
2129 3211 2491 3275 consenserit,
2520 3209 2806 3281 culpabilis
2832 3209 2936 3265 erit
2973 3218 3138 3281 atque
3158 3213 3727 3269 excommunicatione

2129 3301 2500 3372 dignissimus.

2129 3415 2506 3480 Orientalium,
2533 3424 2592 3470 ut
2624 3418 2679 3471 in
2713 3417 2817 3472 hac
2841 3414 3142 3472 Concordia
3174 3414 3426 3472 habetur.

2201 3485 2216 3538 i
2264 3485 2422 3556 Ejus.
2468 3486 2624 3557 Apud
2655 3485 3051 3557 Smaragdum,
3095 3485 3470 3542 Burchardum
3510 3495 3568 3542 et
3599 3487 3720 3544 lvo—

2128 3572 2254 3612 nem
2291 3557 2510 3680 leﬁitur,
2561 3557 2816 3624 alterius;
2859 3572 2982 3626 quas
3029 3557 3245 3627 quidem
3291 3557 3454 3614 lectio
3505 3559 3720 3614 videtur

2128 3627 2356 3682 nlausibi
2382 3629 2482 3682 ior.

2184 3643 2482 3682 ausunuor.

2167 3643 2482 3682 Iausunuor.

2126 3643 2162 3698 Ρ
2200 3699 2227 3738 k
2265 3696 2563 3753 Secundum
2594 3698 2846 3753 duritiam
2880 3697 3042 3753 illius.
3103 3696 3231 3754 Habe
3256 3698 3422 3753 verba
3442 3715 3550 3754 non
3580 3710 3715 3754 sunt

2127 3769 2270 3839 apud
2287 3768 2674 3839 Smaragdum.

2205 3838 2222 3878 ι
2264 3838 2396 3893 Cum
2427 3840 2482 3892 in
2499 3837 2805 3911 IMG_8170”
2836 3837 2992 3911 fuerit
3022 3839 3397 3911 deprehensus.
3437 3837 3566 3895 Haec
3590 3856 3716 3897 ver-

2124 3909 2190 3965 ba
2221 3925 2329 3964 non
2364 3918 2584 3964 exstant
2613 3909 2665 3963 in
2698 3923 2862 3964 causa
2891 3910 3079 3964 citata.

2200 3992 2240 4020 In
2282 3978 2385 4046 Qui
2414 3980 2689 4034 consentit.
2741 3979 2843 4034 Hic
2870 3988 3050 4035 textus
3079 3979 3311 4034 habetur
3327 3981 3493 4045 etiam
3523 3980 3577 4036 in
3609 3980 3714 4036 Κρ-

2124 4049 2250 4122 gula
2279 4050 2337 4106 8.
2365 4049 2643 4122 Pachomii
2669 4063 2890 4122 excusa,
2927 4059 3032 4105 art.
3064 4050 3152 4105 99.
3174 4049 3523 4122 APﬁroducitur
3544 4053 3711 4106 etiam

2123 4119 2155 4202 εἰ
2198 4119 2515 4202 8ηιειττιςῴ.
2548 4119 2651 4176 hoc
2697 4121 2895 4202 capite,
2944 4129 3002 4174 et
3029 4120 3613 4202 'apuiiliurehardum
3659 4131 3714 4176 et

2124 4192 2339 4247 lvoncm
2369 4189 2550 4246 citatis
2592 4189 2900 4260 capitibus:
2930 4207 2997 4245 ex
3027 4189 3214 4245 Basilii
3248 4191 3442 4256 dictis,
3478 4192 3575 4246 sed
3605 4207 3712 4246 non

2122 4270 2300 4317 exstat
2324 4261 2467 4330 apud
2492 4259 2740 4330 sanetum
2767 4259 3046 4315 Basilium.
3106 4261 3160 4316 In
3192 4277 3354 4316 causa
3387 4263 3554 4316 citata
3582 4279 3710 4330 pro.

2123 4332 2340 4387 ducitur
2358 4329 2446 4386 fex
2496 4330 2554 4386 8.
2605 4329 2813 4400 Isidoro
2841 4349 2852 4383 :
2883 4330 2977 4386 sed
3003 4345 3114 4386 non
3139 4339 3321 4386 exstat
3349 4331 3493 4400 apud
3535 4329 3708 4387 illum.

2124 4401 2221 4458 Est
2246 4403 2408 4473 igitur
2445 4416 2511 4457 ex
2540 4399 2746 4474 Regula
2776 4399 3134 4457 Orientalium
3172 4410 3229 4458 et
3257 4401 3318 4456 S.
3344 4399 3650 4458 Pachomii.

2197 4503 2224 4534 ιι
2265 4493 2523 4575 Ρεικειιιὶε2
2563 4493 2730 4575 Lege,
2761 4493 3205 4575 peccantibus,_ut
3236 4492 3474 4575 apud}.
3500 4493 3710 4548 Pacho—

2041 4559 2092 4620 D
2119 4567 2307 4630 mium,
2341 4572 2456 4618 tum
2507 4564 2562 4619 in
2606 4559 2811 4635 Regula
2838 4577 3074 4635 excusa,
3121 4572 3236 4619 tum
3261 4559 3317 4635 in
3346 4565 3518 4618 citata
3546 4579 3707 4633 supra

2117 4637 2220 4692 hoc
2265 4635 2475 4705 capite;
2509 4643 2567 4690 et
2613 4633 2778 4690 etiam
2823 4634 2966 4703 apud
3015 4633 3206 4688 Smara
3247 4634 3399 4700 dum,
3430 4635 3706 4689 Burebar-

2117 4708 2264 4760 dum.
2296 4706 2515 4760 lvonem
2544 4713 2602 4760 et
2625 4719 2848 4760 causam
2877 4704 3144 4760 eamdem.
3187 4651 3290 4760 [ibi
3327 4704 3443 4758 haec
3469 4719 3706 4760 seuuun—

2115 4708 2264 4772 dum,
2296 4704 2515 4761 lvonem
2544 4713 2602 4762 et
2625 4719 2848 4761 causam
2877 4704 3144 4760 eamdem.
3187 4704 3290 4760 Ubi
3327 4704 3443 4758 haec
3469 4719 3708 4772 sequun-

2116 4785 2226 4842 tur,
2255 4791 2375 4844 quae
2403 4776 2510 4832 huc
2549 4774 2746 4832 referri
2790 4782 3017 4844 possunt
3053 4792 3065 4827 :
3109 4773 3249 4827 Hinc
3279 4782 3328 4828 et
3363 4773 3508 4828 alius
3541 4773 3706 4828 Pater

2115 4847 2228 4901 ait:
2263 4844 2324 4902 Si
2349 4849 2466 4918 quis
2494 4856 2793 4918 peccantem
2819 4844 3078 4916 defendit,
3103 4845 3284 4898 acrius
3307 4861 3468 4915 quam
3497 4845 3588 4899 ille
3611 4847 3703 4917 qui

2114 4919 2345 4987 peccavit
2373 4927 2694 4972 coerceatur.

2189 5016 2214 5044 °
2255 5007 2312 5063 Si
2341 5010 2457 5080 quis
2485 5025 2606 5080 vero
2636 5009 2700 5064 de
2744 5007 3019 5080 fratribus.
3089 5004 3228 5080 Haec
3255 5008 3609 5080 reperiuntur
3650 5009 3702 5063 in

2115 5077 2602 5151 s_ecunda'7Regula
2642 5077 2753 5135 ms.‘
2796 5079 2916 5134 cod.
2960 5077 3106 5134 Flor.
3145 5077 3301 5148 cujus
3326 5077 3555 5132 initium
3583 5089 3699 5134 est:

2116 5149 2247 5205 Cum
2278 5149 2622 5204 residerémus
2649 5151 2706 5204 in
2725 5165 2910 5204 unum.

2189 5251 2216 5290 ι³
2262 5238 2356 5294 Vel
2398 5240 2488 5310 qui
2537 5241 2593 5310 in
2635 5239 2868 5293 oratorio
2911 5247 3052 5303 sunt,
3101 5246 3207 5310 etc.
3275 5236 3380 5310 Per
3408 5251 3504 5310 eos
3529 5239 3622 5310 qui
3649 5239 3705 5292 in

2113 5311 2356 5367 oratorio
2386 5308 2513 5365 sunt
2539 5309 2796 5379 intelligit
2828 5323 2923 5380 eos
2959 5309 3255 5364 monachos
3284 5308 3374 5380 qui
3411 5309 3575 5380 simul
3607 5309 3705 5380 ha-

2113 5381 2289 5435 bitant
2333 5389 2389 5436 et
2413 5377 2822 5436 conversantur.
2877 5379 2956 5435 Ita
2984 5380 3252 5450 loquitur,
3281 5377 3409 5450 quia
3439 5377 3542 5450 fuit
3571 5379 3704 5433 olim

2114 5451 2472 5520 quorumdam
2525 5451 2916 5506 monachorum
2965 5449 3115 5513 mos,
3169 5458 3230 5520 ut
3288 5449 3594 5520 dormirent
3634 5449 3702 5520 in

2113 5517 2375 5576 oratorio.
2432 5521 2493 5577 In
2538 5521 2720 5576 Poenus
2768 5520 3030 5576 Brevibus
3072 5520 3131 5574 S.
3175 5517 3374 5573 Basilio
3419 5519 3699 5590 ascriptis.

2113 5599 2216 5646 art.
2254 5593 2317 5646 16
2343 5610 2357 5646 :
2391 5591 2454 5647 Εἴ
2476 5613 2554 5654 τις
2582 5599 2682 5649 τῶν
2711 5592 3028 5662 ὑγιαινόντων
3071 5591 3173 5656 ἔξω
3193 5611 3296 5645 που
3334 5595 3580 5662 remittat
3605 5595 3702 5662 rei

2112 5665 2396 5738 ιύκτηρίου,
2448 5669 2578 5738 e_tc.,
2628 5662 2681 5716 id
2708 5660 2791 5718 est
2817 5703 2832 5728 ,
2885 5679 2903 5711 ‹
2926 5661 2981 5738 si_
3010 5663 3133 5731 quis
3172 5676 3236 5716 ex
3259 5660 3434 5738 ‘sanis
3463 5660 3704 5713 dormiat

2111 5729 2609 5799 extra'oratorium,
2641 5729 3163 5788 excommunioetur.
3190 5750 3208 5782 ι
3259 5729 3362 5784 Per
3389 5744 3484 5784 eos
3512 5740 3704 5784 autem

2112 5804 2202 5874 qui
2233 5805 2298 5874 in
2315 5803 2466 5858 cellis
2491 5803 2814 5866 consistunt,
2848 5802 3095 5874 intelligit
3122 5801 3382 5874 reclusos.

2183 5886 2210 5925 (ι
2253 5873 2439 5928 Errori
2467 5874 2650 5944 fratris
2683 5874 3018 5930 consenserit.
3060 5872 3118 5928 lu
3151 5872 3281 5943 Reg.
3318 5886 3421 5926 ms.
3451 5871 3699 5941 legitur:
