4014 6186
423 296 555 354 1365

489 413 517 484 §
549 412 614 467 Χ.
638 442 708 452 -
730 411 805 466 Ex
837 410 1054 467 Rscuu
1081 424 1269 466 sauc'n
1298 409 1610 495 Coruinum
1637 409 1776 481 (cap.
1807 409 1920 481 '53).

484 517 510 544 ο
541 502 837 558 Defendere
858 502 1166 572 proximum
1196 501 1284 557 vel
1311 505 1771 573 consanguineum
1798 502 1852 556 in
1876 515 1993 558 mo-

413 593 653 651 nasterio
695 593 842 650 nullo
889 595 1049 650 modo
1089 594 1119 635 b
1159 594 1400 665 permitti
1435 608 1738 650 censemus.
1794 603 1818 634 ε
1852 592 1992 661 Quid

411 687 558 743 enim
601 686 768 741 alium
797 684 1082 752 defendat,
1128 685 1222 756 qui
1251 684 1363 754 jam
1406 685 1512 742 sibi
1549 700 1659 740 non
1685 684 1854 750 vivit,
1895 684 1992 740 sed

412 780 652 845 Christo,
682 793 844 848 quem
869 778 1133 844 imitatus,
1159 786 1343 833 manet
1374 776 1701 842 cruciﬁxus;
1734 777 1827 847 qui
1858 791 1989 848 pro-

409 871 582 941 priam
609 870 846 925 animam
866 909 881 936 ,
908 880 972 924 ut
997 869 1217 925 uberius
1236 869 1398 924 saluti
1420 869 1702 941 jungeret,
1722 869 1991 939 perdidit?

409 961 512 1028 Qui
539 975 670 1017 vero
692 959 944 1030 proprias
971 959 1205 1030 perdidit
1236 959 1544 1015 voluntates
1563 999 1579 1024 ,
1611 966 1671 1014 ut
1703 957 1906 1015 Christi
1932 958 1988 1015 in

407 1065 468 1106 se
494 1048 825 1105 voluntatem
854 1049 1136 1118 impleret,
1167 1063 1266 1104 cur
1289 1047 1520 1105 aliorum
1543 1048 1686 1104 dicta
1713 1046 1984 1115 defendat,

407 1142 496 1212 qui
527 1143 745 1212 propria
774 1141 1084 1197 cruciﬁxit?
1110 1140 1176 1195 Et
1197 1141 1243 1196 si
1272 1140 1328 1195 in
1356 1139 1586 1195 veritate
1606 1139 1898 1204 cruciﬁxit,
1931 1147 1988 1194 et

405 1244 512 1284 non
555 1230 716 1286 modo
753 1228 952 1296 etiam,
998 1228 1094 1284 sed
1116 1227 1334 1284 Christo
1362 1226 1527 1293 vivit,
1577 1242 1676 1282 cur
1714 1227 1768 1282 in
1798 1228 1986 1283 mundi

433 1369 540 1438 Ejus
585 1368 754 1423 errori
801 1367 1141 1438 consenserit,
1175 1364 1415 1420 refertur
1455 1364 1524 1420 ad
1554 1364 1932 1421 antecedentia
1966 1384 1978 1419 :

404 1435 678 1492 Cbrrectus
705 1446 878 1490 autem
906 1453 1008 1491 non
1034 1435 1249 1490 audeat.
1838 1459 1849 1470 -

473 1521 499 1549 ιι
531 1507 819 1577 Defendere
839 1505 1512 1577 proximumllocicaput
1552 1519 1684 1577 non‘
1708 1511 1887 1559 exstat
1927 1505 1981 1577 in

401 1573 699 1635 Concordia
735 1573 847 1632 ms.
878 1577 1000 1632 cod.
1041 1575 1100 1630 8.
1151 1573 1418 1638 Arnulphi
1462 1573 1748 1638 Metensis;
1781 1588 1882 1630 nec
1927 1575 1982 1630 in

403 1646 600 1720 Regula
631 1645 1054 1720 S._Columbani,
1082 1661 1243 1716 quam
1265 1645 1527 1720 habemus
1557 1645 1978 1720 manuscriptam

401 1718 452 1771 in
483 1714 668 1773 codice
686 1716 1048 1783 Floriacensi;
1080 1714 1252 1785 neque
1286 1715 1340 1770 in
1372 1716 1515 1771 edita
1561 1729 1683 1785 qua
1728 1714 1860 1770 exiit
1911 1730 1977 1770 ex

399 1788 721 1843 bibliotheca
773 1787 1007 1842 coenobii
1071 1785 1383 1846 Bobiensis;
1419 1799 1598 1854 neque
1639 1785 1711 1854 in
1744 1799 1806 1839 ea
1855 1799 1975 1853 qua
2003 1793 2049 1852 Β

397 1859 596 1926 prodiit
638 1873 706 1913 ex
766 1857 1090 1912 bibliotheca
1149 1854 1207 1910 S.
1260 1855 1398 1911 Galli
1454 1853 1617 1926 opera
1654 1853 1974 1926 Melchioris

399 1924 788 1983 Haiminsfeldii
811 1926 1070 1982 Goldasti.
1095 1926 1162 1980 Et
1181 1927 1396 1996 quidem
1419 1926 1474 1980 in
1491 1924 1704 1996 Regula
1738 1940 1875 1996 qua,
1903 1940 1971 1981 ex

331 2026 336 2030 -
399 1997 644 2052 Bobiensi
679 1997 926 2052 canobio
952 1997 1104 2062 exiit,
1138 1994 1214 2050 eti
1237 2012 1300 2051 ea
1326 2011 1445 2067 qua
1495 1994 1672 2049 exstat
1717 1996 1778 2067 in
1826 1994 1973 2051 dicto

395 2067 579 2122 codice
606 2067 934 2122 Floriacensi
967 2074 1093 2121 sunt
1114 2074 1320 2120 tantum
1352 2065 1556 2120 novem
1610 2065 1809 2134 capita,
1862 2081 1971 2121 non

395 2145 703 2206 computato
735 2136 1118 2199 Panitentiali,
1161 2136 1274 2206 qui
1303 2137 1358 2190 in
1407 2136 1592 2191 codice
1638 2134 1970 2206 Floriacen_si

396 2204 640 2263 habetur.
669 2209 725 2264 ln
765 2222 829 2264 ea
875 2222 1005 2262 vero
1039 2222 1159 2276 qua
1180 2204 1340 2276 edita
1383 2216 1465 2262 est
1502 2220 1570 2260 ex
1593 2205 1863 2276 gcanob‘io
1908 2204 1967 2260 S.

393 2277 552 2341 Galli,
603 2287 730 2332 sunt
769 2277 983 2344 quidem
1031 2274 1434 2346 q'uatuordecim
1487 2274 1824 2346 capita;_sed
1881 2290 1966 2339 ea,

394 2347 664 2402 nonnullis
686 2343 948 2416 capitibus
975 2347 1030 2400 in
1050 2343 1158 2400 alia
1188 2346 1397 2416 divisis,
1427 2360 1533 2401 non
1554 2343 1669 2416 est_
1687 2343 1808 2398 aliis
1845 2357 1972 2416 pro-

392 2417 570 2481 lixior,
598 2417 706 2472 imo
731 2413 1065 2474 contractior
1095 2433 1108 2470 :
1137 2415 1262 2485 quia
1289 2415 1341 2469 in
1366 2431 1428 2469 ea
1447 2421 1610 2485 caput
1638 2413 1705 2468 de
1724 2413 1971 2485 oratione

391 2487 748 2554 desideratur,
778 2495 836 2542 ut
857 2495 1068 2542 taceam
1120 2483 1186 2541 de
1226 2483 1611 2548 Poenitentiali,
1656 2483 1748 2552 qui
1797 2499 1972 2553 neque

393 2557 445 2610 in
494 2572 557 2611 ea
594 2566 788 2612 exstat.
831 2555 1190 2623 Quamobrem
1220 2555 1416 2609 mirum
1451 2561 1535 2609 est
1567 2554 1656 2609 hic
1689 2553 1845 2609 citari
1882 2569 1973 2609 ca-

390 2634 487 2696 put
514 2627 847 2700 trigesimum
874 2628 1091 2682 tertium
1124 2623 1342 2696 Regula
1369 2623 1427 2679 S.
1451 2623 1790 2680 Columbani.
1817 2623 1970 2690 Quod

1317 293 1706 354 CONCORDIA
1749 295 2205 352 REGULARUM.
2247 327 2317 338 -—
2355 296 2507 353 CAP.
2550 297 2758 354 LXXV.

2020 415 2070 474 Α
2098 409 2432 466 facinoribus
2476 408 2720 468 labentes
2753 426 2854 481 pro
2899 411 3140 481 qualibet
3180 412 3551 470 familiaritate
3585 416 3677 470 de-

3542 303 3674 359 1566

2094 501 2316 557 fendat?
2353 500 2438 557 Sit
2476 517 2608 573 ergo
2656 502 2707 558 ei
2749 516 2938 572 aequus
2963 517 3117 557 amor
3142 504 3330 558 tamin
3357 504 3678 575 consangui-

2092 609 2195 649 neo
2221 608 2384 664 quam
2407 593 2463 649 in
2489 593 2515 634 ἀ
2543 601 2745 650 catero
2774 592 2962 659 fratre,
2994 593 3089 664 qui
3121 595 3172 649 ei
3199 595 3482 665 sanguinis
3506 595 3677 652 aﬁini-

2091 691 2206 740 tate
2254 699 2362 740 non
2403 682 2670 757 jungitur.
2708 683 2923 739 Maneat
2961 698 3094 756 ergo
3132 684 3189 740 in
3227 685 3481 742 omnibus
3522 702 3677 743 amor

2089 773 2257 829 corde
2278 773 2535 830 clausus:
2569 787 2673 831 nec
2709 788 3039 846 quemquam
3079 775 3182 832 sub
3225 773 3526 847 disciplina
3566 793 3678 833 mo—

2089 867 2366 922 deramine
2392 866 2628 938 positum
2661 867 2800 923 tueri
2832 867 3076 933 studeat,
3129 878 3154 908 ε
3181 883 3250 922 ne
3274 868 3466 925 vitium
3490 867 3676 924 defen-

2087 957 2249 1014 dendi
2273 959 2327 1012 in
2355 959 2479 1014 aliis
2502 958 2765 1013 dimittat.
2809 957 2895 1012 Sit
2917 971 3050 1027 ergo
3073 957 3127 1012 in
3151 957 3379 1014 arbitrio
3401 958 3678 1029 corrigen-

2088 1049 2179 1112 tis,
2211 1057 2274 1104 ut
2295 1048 2686 1120 quos‘corrigit
2718 1047 2738 1087 ί
2771 1047 2873 1104 sub
2900 1047 3104 1102 amoris
3131 1047 3330 1110 studio,
3367 1050 3393 1089 ε
3416 1064 3520 1104 non
3547 1063 3674 1118 pro-

2084 1140 2204 1211 pria
2231 1138 2501 1209 implenda
2543 1138 2822 1196 voluntate
2846 1179 2861 1205 ,
2908 1137 3003 1193 sed
3035 1136 3165 1192 vitia
3192 1137 3517 1210 corrigendo
3543 1137 3672 1192 infc-

2086 1237 2171 1284 rat
2197 1228 2559 1300 disciplinam.

2084 1377 2262 1422 autem
2294 1366 2453 1436 hujus
2486 1367 2678 1436 capitis
2708 1367 2895 1436 titulus
2929 1365 3104 1436 quoad
3141 1380 3336 1420 nomen
3368 1363 3426 1420 S.
3459 1363 3670 1419 Colum-

2083 1438 2230 1508 bani,
2265 1435 2424 1493 verus
2460 1439 2532 1492 sit
2555 1435 2735 1508 liquet
2770 1435 2836 1491 ex
2863 1435 3181 1508 Smaragdo,
3205 1435 3298 1508 qui
3342 1436 3445 1508 hoc
3491 1444 3675 1508 totum.

2081 1507 2198 1562 fere
2234 1516 2395 1577 caput
2422 1509 2554 1564 citat
2581 1504 2682 1563 sub
2731 1507 2951 1562 nomine
3001 1504 3428 1577 S.‘Columbani.
3478 1505 3668 1572 Quoad

2080 1576 2367 1656 numerum
2402 1585 2582 1634 tamen
2618 1577 2816 1656 capitis
2845 1577 3091 1656 suspicor
3122 1576 3378 1656 mendum
3424 1589 3566 1656 esse,
3613 1584 3670 1655 ct

2080 1647 2182 1702 hoc
2219 1659 2382 1717 caput
2432 1663 2553 1704 esse
2601 1644 2867 1702 decimum
2903 1644 3558 1717 ejusdem_I{egula,getsi
3611 1645 3674 1698 in

2080 1717 2200 1787 cod.
2230 1715 2385 1772 Vind.
2421 1718 2563 1773 idem
2593 1717 2666 1773 sit
2689 1731 2948 1772 numerus
2976 1715 3285 1787 trigesimus
3312 1715 3524 1787 tertius.

2104 1857 2116 1868 .
2148 1786 2176 1826 h
2205 1787 2448 1842 Per-mitti
2473 1803 2760 1843 censemus.
2796 1787 2953 1857 Apud
2991 1783 3351 1858 Sriraragdum
3387 1804 3401 1840 :
3445 1783 3671 1839 Permit-

2075 1865 2255 1912 timus.

2150 1937 2173 1964 ο
2195 1925 2349 1999 Quid
2381 1929 2540 1983 enim.
2568 1927 2741 1999 Lege:
2772 1925 2839 1981 Ut
2866 1927 2992 1999 quid
3029 1927 3186 1993 enim,
3232 1925 3306 1980 ita
3334 1923 3476 1996 apud
3513 1920 3674 1980 Sma—

2077 1998 2323 2121 ragdgm.
2659 1998 2664 1999 “
2722 2067 2734 2080 ι

2249 2076 2424 2121 (ctera.
2448 2065 2505 2121 Id
2531 2073 2636 2128 est.
2667 2065 2790 2122 alio.

2153 2147 2178 2217 ς
2208 2135 2522 2217 Ne-v‘itiu‘m
2560 2135 2904 2217 defendendi.
2936 2135 3092 2217 Apud
3123 2133 3503 2217 ‘Srnara‘gdum
3539 2148 3554 2187 :
3589 2131 3672 2187 Ne

2077 2207 2258 2262 vitium
2287 2205 2636 2275 defendendo.
2666 2205 2773 2262 Sed
2805 2205 3014 2275 retineo
3047 2205 3395 2274 defendendi;
3437 2212 3498 2275 ut
3541 2218 3667 2258 scn-

2072 2291 2167 2332 sus
2190 2277 2259 2331 sit
2291 2294 2303 2330 :
2331 2274 2412 2331 Ne
2440 2277 2544 2331 hoc
2566 2275 2788 2330 alterius
2816 2274 3136 2331 defendendi
3159 2276 3350 2330 vitium
3389 2274 3534 2329 malo
3570 2289 3673 2328 suo

2070 2345 2318 2415 exemplo
2341 2346 2395 2400 in
2426 2345 2561 2400 alios
2589 2345 2786 2401 fratres
2819 2346 3087 2415 traducat.

2151 2411 2310 2539 de—ub
2359 2416 2554 2470 amoris
2604 2415 2794 2470 studio.
2822 2414 2880 2470 ln
2918 2416 3037 2471 cod.
3088 2415 3248 2472 Vind.
3281 2455 3296 2480 ,
3328 2411 3436 2470 Sub
3484 2431 3667 2468 amaro

2151 2505 2152 2513 η
2197 2501 2268 2538 ro.

2069 2487 2268 2540 studio.
3669 2495 3681 2500 ”

2146 2558 2172 2628 β
2199 2553 2321 2628 Non
2345 2555 2558 2628 propria
2582 2554 2845 2628 implenda
2875 2553 3156 2611 voluntate.
3187 2555 3328 2628 Lege
3354 2572 3368 2609 :
3397 2553 3521 2609 Non
3547 2569 3668 2624 pro-

2069 2626 2238 2696 priam
2268 2623 2528 2696 implendo
2550 2623 2884 2680 voluntatem.

1695 2884 2036 2964 CAPUT
2097 2884 2391 2963 LXXV.

1014 3041 1102 3098 UT
1138 3040 1280 3098 NON
1316 3039 1719 3100 PMSUMAT
1757 3038 2007 3096 PASSlM
2044 3038 2406 3108 QUISQUAM
2443 3037 2659 3096 ΔωοΜ
2693 3035 3015 3096 CEDERE.

1787 3150 2161 3167 ———-—_—

635 3212 726 3286 εἰ.
756 3243 827 3256 --
856 3213 938 3269 Ex
970 3213 1185 3272 Rasum
1216 3229 1406 3271 ssnon
1434 3214 1764 3270 Bsucntcn.‘

460 3319 486 3346 ι
521 3304 740 3361 Vetetur
765 3306 821 3360 in
846 3307 1180 3364 monasterio
1210 3307 1388 3364 omnis
1414 3304 1852 3378 prasumptionis
1879 3317 1970 3358 oc‘

388 3395 559 3451 casio.
592 3393 916 3454 Ordinamus
945 3404 1107 3468 atque
1127 3398 1533 3462 constituimus,
1559 3403 1621 3450 ut
1649 3393 1782 3448 nulli
1810 3394 1971 3449 liceat

385 3503 712 3559 quemquam
737 3488 966 3543 fratrum
997 3503 1220 3544 suorum
1245 3485 1718 3543 excommunicare
1747 3492 1844 3539 aut
1866 3498 1972 3540 ca-

388 3579 537 3646 dere,
561 3580 666 3634 nisi
693 3579 784 3634 cui
812 3585 1055 3648 potestas
1081 3577 1151 3632 ab
1181 3577 1376 3632 abbate
1400 3577 1526 3632 data
1555 3574 1738 3632 fuerit.
1781 3576 1810 3616 b
1838 3574 1973 3631 Pce-

387 3676 578 3723 cantes
617 3674 798 3721 autem
841 3681 1027 3722 coram
1054 3666 1305 3721 omnibus
1338 3673 1657 3735 arguantur,
1704 3673 1764 3720 ut
1789 3663 1971 3720 cateri

384 3764 588 3812 metum
615 3754 869 3810 habeant.
914 3766 935 3794 ο
968 3755 1239 3810 lnfantum
1284 3771 1416 3812 vero
1443 3769 1616 3826 usque
1655 3755 1968 3827 quindecim

385 3862 654 3902 annorum
689 3853 880 3902 atates
922 3847 1223 3918 disciplina
1263 3847 1291 3890 ει
1333 3849 1614 3920 diligentia
1653 3850 1972 3905 adhibeatur

389 3939 459 3993 ab
490 3935 774 4005 omnibus,
822 3945 879 3992 et
909 3938 1154 3993 custodia
1181 3939 1272 3995 sit.
1330 3938 1438 3996 Sed
1467 3947 1523 3997 et
1545 3940 1650 3996 hoc
1674 3954 1796 3995 cum
1822 3941 1970 3995 omni

387 4043 641 4084 mensura
672 4034 730 4084 et
770 4029 1001 4084 ratione.
1059 4041 1083 4070 ο
1122 4028 1259 4086 Nam
1289 4031 1346 4086 in
1389 4029 1601 4087 fortiori
1641 4037 1802 4086 atate
1825 4071 1842 4096 ,
1879 4031 1970 4102 qui

456 4170 482 4199 ι
517 4156 745 4235 l’etetur.
775 4159 861 4235 ita
896 4161 950 4235 in
995 4162 1412 4235 omnibushmss.
1458 4164 1684 4228 nostris,
1734 4173 1810 4235 et,
1832 4164 1973 4235 apud

388 4227 769 4301 Smaragdum,
825 4229 1186 4299 Rutbardum,
1238 4233 1297 4289 S.
1353 4235 1710 4297 Dunstanum,
1773 4227 1972 4290 Turre-

385 4307 678 4380 crematam
694 4301 814 4380 sita.
841 4302 1133 4380 in_ve_tusta
1179 4304 1413 4380 editione
1450 4304 1973 4380 Parisiensi,__Colo--

387 4369 584 4448 niensi,
615 4377 670 4423 et
702 4369 943 4448 Colinai.
984 4373 1169 4443 Itaque
1211 4375 1341 4448 illud
1368 4373 1726 4448 membrum:
1752 4369 1974 4448 ’Vetetur

385 4441 439 4516 i_n
460 4441 774 4516 monasterio
795 4443 962 4516 omnis
986 4441 1404 4516 prmsumptionis
1432 4445 1972 4516 occasia,_iestiquod-

385 4507 509 4584 dam
535 4509 787 4584 generale
814 4507 1050 4584 edictum
1081 4515 1148 4568 ad
1194 4507 1467 4584 sequenda
1516 4507 1856 4568 stabilienda.
1911 4514 1970 4569 in

387 4577 619 4650 vulgatis
652 4579 847 4650 legitur
874 4600 886 4634 :
915 4581 983 4635 Ut
1011 4583 1218 4638 vitetur.

457 4645 793 4704 h'Peccan'tes
823 4667 1001 4722 coram
1025 4654 1263 4707 omnibus
1302 4660 1613 4721 arguantur.
1646 4650 1780 4706 Cum
1820 4653 1972 4722 prius

384 4715 583 4790 bissaut
617 4727 699 4775 ter
725 4721 792 4773 ab
818 4721 935 4790 ipso
974 4730 1184 4777 rectore
1217 4715 1426 4778 secreto
1449 4722 1708 4777 admoniti
1746 4715 1969 4789 fuerint,

383 4793 444 4841 ut
472 4788 701 4862 habetur
727 4788 852 4859 capi
871 4790 943 4844 25
969 4789 1203 4862 Regula.

459 4867 482 4895 ο
514 4855 813 4932 Infantem—7
845 4855 1171 4932 vacuique
1216 4862 1285 4916 ad
1345 4862 1664 4932 quindecimi
1713 4879 1972 4918 annorum

384 4928 557 5002 ergatis
610 4929 903 5002 disciplina;
945 4928 1216 5002 diligentia
1266 4928 1595 5002 adhibeatur.
1647 4931 1726 5002 lta
1750 4935 1804 4988 in
1844 4935 1966 4990 cod.

386 4997 544 5052 Vind.
581 5006 637 5052 et
682 4997 822 5122 apud
871 4997 1222 5083 Smaragdum
1248 5019 1262 5067 ;
1293 5000 1347 5055 id
1392 5001 1832 5084 esu-disciplina:
1883 5004 1969 5058 in-

387 5066 592 5122 fantum
639 5069 707 5122 ad
746 5069 948 5122 tbeatur
980 5070 1272 5122 dtlmentia.
1314 5080 1424 5122 etc.
1450 5088 1467 5122 :
1511 5089 1566 5122 In
1618 5073 1739 5122 aliis
1786 5082 1967 5122 tamen

385 5066 592 5142 tantum
639 5066 948 5124 adhibeatur
980 5066 1272 5142 diligentia,
1314 5080 1467 5135 etc.;
1511 5072 1566 5127 in
1618 5066 1968 5142 aliistamcn

384 5139 587 5192 nostris
617 5153 753 5213 mss_.
790 5148 953 5208 atque
989 5139 1153 5195 etiam
1181 5142 1358 5213 editis,
1393 5141 1524 5213 item
1565 5143 1722 5213 apud
1745 5141 1804 5198 8.
1830 5143 1971 5198 Dun-

385 5213 601 5259 stanum
631 5215 686 5282 et
711 5207 1184 5282 Turrecrematam
1235 5211 1469 5282 legitur:
1496 5207 1800 5282 Infantibus
1849 5230 1967 5268 vero

384 5288 548 5356 usque
574 5277 643 5356 ad
666 5277 904 5356 quintum
929 5281 1186 5356 decimum
1214 5277 1412 5356 annum
1462 5277 1967 5356 atatisdisciplinw

383 5343 692 5412 diligentia:
718 5355 823 5403 etc.
858 5365 961 5408 ms.
1001 5348 1058 5404 S.
1095 5350 1322 5407 Farodis
1349 5359 1405 5406 et
1447 5352 1616 5409 editio
1635 5343 1854 5408 Colinai
1892 5354 1968 5409 le-

385 5421 536 5481 gunt,
567 5415 736 5470 (etatis
757 5433 888 5471 sua.

460 5481 489 5523 (ι
525 5482 815 5554 Diligentia
844 5487 1156 5542 adhibeatur
1179 5490 1244 5543 ab
1273 5492 1512 5546 omnibus
1541 5502 1589 5547 et
1610 5493 1850 5548 custodia
1872 5495 1959 5550 sit.

387 5553 445 5608 ln
476 5553 1263 5635 vetusta_editione_Parisi_ensi
1294 5562 1624 5635 :_Diligentia
1656 5565 1720 5617 sit
1737 5605 1760 5635 ,Α
1783 5573 1831 5617 et
1870 5582 1961 5617 cu-

388 5624 560 5679 stodia
586 5625 897 5680 adhibeatur
915 5630 979 5681 ab
1011 5631 1268 5685 omnibus.
1298 5631 1432 5687 Cum
1451 5624 1674 5694 dicitur,
1707 5624 1772 5688 ab
1797 5636 1960 5688 omni-

390 5695 506 5762 bus,
539 5695 639 5752 hoc
668 5698 732 5753 dc
757 5699 1078 5769 prapositis,
1119 5702 1368 5764 dccanis,
1412 5705 1801 5756 Sar‘t'dnlilmc.
1842 5705 1955 5752 dia-

1999 3214 2044 3277 C
2075 3213 2840 3286 prasumpseritaliquatenus
2871 3213 2989 3270 sine
3015 3221 3284 3286 pracepto
3309 3215 3543 3283 abbatis,
3575 3221 3659 3274 vel

2077 3305 2131 3358 in
2156 3305 2289 3375 ipsis
2316 3305 2614 3362 infantibus
2647 3307 2767 3362 sine
2807 3307 3137 3362 discretione
3172 3311 3465 3376 exarserit,
3494 3313 3659 3369 disci-

2073 3391 2234 3462 plina
2264 3393 2497 3464 regulari
2546 3393 2844 3462 subjaceat,
2887 3397 3014 3464 quia
3051 3397 3312 3468 scriptum
3343 3408 3428 3455 est
3462 3402 3659 3468 :Quod

2074 3480 2168 3535 tibi
2197 3499 2301 3536 non
2331 3483 2404 3538 vis
2439 3483 2578 3552 ﬁeri,
2614 3482 2634 3522 ί
2667 3483 2774 3538 alio
2805 3501 2868 3538 ne
2896 3485 3101 3555 feceris.

2274 3572 2302 3644 ς
2331 3572 2392 3627 ll.
2422 3602 2492 3613 —
2519 3572 2599 3627 Ex
2628 3572 2848 3630 Rasum
2879 3574 3154 3631 annsou
3184 3575 3322 3648 (cap.
3351 3579 3461 3651 21).

2149 3661 2220 3718 Ut
2243 3662 2543 3718 monachus
2567 3663 2620 3718 in
2643 3665 2969 3720 monachum
3000 3665 3077 3720 ira
3103 3664 3486 3735 inﬂammatus,
3511 3672 3656 3740 quod

2074 3763 2159 3810 est
2205 3754 2576 3825 turpissimum
2603 3796 2618 3824 ,
2675 3770 2867 3811 manus
2903 3756 3125 3826 injicere
3174 3775 3282 3815 non
3324 3773 3652 3832 praesumat;

2071 3853 2272 3915 prater
2302 3844 2426 3900 illos
2462 3845 2530 3899 ad
2560 3860 2696 3915 quos
2731 3846 2968 3914 pertinet
3001 3849 3355 3905 correctionis
3381 3850 3465 3906 vel
3496 3867 3656 3907 nosse

2073 3936 2296 3990 modum
2324 3935 2406 3990 vel
2438 3943 2622 3990 tenere
2639 3934 2906 4005 judicium
2934 3955 2946 3991 :
2980 3953 3050 3993 ne
3075 3953 3183 3993 uno
3208 3949 3472 4008 peccante
3495 3949 3654 3996 cate-

2075 4032 2153 4086 ris
2188 4032 2549 4103 prasumcndi
2587 4039 2802 4086 crescat
2846 4031 3092 4100 audacia,
3137 4042 3196 4088 et
3236 4033 3310 4089 ita
3354 4033 3653 4106 disciplina:

2072 4163 2258 4236 conis,
2287 4163 2625 4236 senioribus,
2666 4163 2894 4234 aliisque
2933 4164 3272 4236 intelligitur,
3303 4165 3394 4236 qui
3430 4168 3498 4222 ad
3526 4183 3648 4224 eam

2071 4234 2248 4290 atatis
2267 4235 2639 4307 maturitatem
2667 4236 3034 4306 pervenerint,
3059 4234 3130 4290 ut'
3144 4234 3357 4307 tempus
3385 4239 3650 4303 rationem

2073 4313 2128 4360 et
2145 4306 2372 4378 modum
2396 4304 3025 4378 discretagcorrectionis
3053 4304 3379 4378 cognoscere
3405 4308 3648 4373 valeant;

2075 4376 2196 4439 vel,
2243 4383 2306 4459 ut
2353 4376 2592 4459 loquitur
2637 4373 2694 4432 S.
2732 4375 3018 4459 Ferreolus
3044 4373 3218 4459 τέλει
3255 4379 3652 4459 qups_pertinet

2073 4445 2433 4502 correctionis
2451 4446 2532 4501 vel
2553 4460 2716 4502 nosse
2736 4447 2975 4510 modum,
3000 4445 3083 4501 vel
3112 4445 3296 4500 tenere
3317 4445 3598 4513 judicium.
3625 4467 3644 4499 ι

2077 4515 2186 4570 Nec
2230 4526 2362 4586 puto
2403 4515 2572 4571 fuisse
2615 4530 2850 4586 unquam
2881 4515 3204 4585 permissum
3244 4515 3338 4580 iis,
3385 4517 3478 4586 qui
3506 4517 3650 4572 deci-

1996 4562 2050 4621 D
2076 4562 3220 4655 ἱήῖιῐηὲἓρἱίιίἷιὶἷιῗ³ὖῖὕέἷίῖιιῖιὶιῗέὲῖἶιὶἑίι
3237 4562 3478 4652 ξ’ῑιῆοᾚί
3502 4562 3647 4656 ἐξῆέὲ-

2073 4655 2271 4726 sim_um
2312 4656 2487 4726 atatis
2515 4670 2714 4708 annum
2746 4655 2831 4709 vix
2856 4657 3179 4726 attigerunt,
3210 4657 3410 4726 passim
3449 4655 3647 4725 pueros

2075 4723 2304 4778 cadere.
2347 4724 2497 4780 lianc
2523 4734 2702 4780 autem
2737 4723 3039 4780 custodiam
3069 4723 3236 4782 usque
3270 4727 3335 4780 ad
3376 4723 3642 4782 decimum

2074 4793 2324 4862 quintum
2367 4795 2546 4850 atatis
2573 4811 2772 4850 annum
2796 4795 3000 4850 deﬁniit
3047 4797 3106 4851 S.
3137 4793 3480 4862 Benedictus,
3513 4797 3640 4862 quia

2077 4873 2206 4919 tunc
2231 4866 2383 4934 pueri
2415 4866 2678 4988 incipiunt
2702 4866 2822 4920 duci
2853 4881 2920 4922 ac
2944 4868 3056 4936 regi
3089 4866 3314 4922 ratione.
3348 4865 3451 4921 Per
3476 4865 3644 4921 infan-

2077 4943 2156 4988 tes
2183 4945 2364 4988 autem
2410 4936 2523 4988 inte
2546 4936 2664 4988 linit
2704 4951 2901 4988 nueros
2923 4977 2936 4988 .
2969 4945 3024 4988 et
3049 4935 3283 4988 infantes
3311 4937 3527 4988 nrourie
3561 4938 3642 4988 di-

2074 4943 2156 4989 tes
2183 4945 2364 4990 autem
2410 4935 2664 5007 intelligit
2704 4951 2901 5006 pueros
2922 4977 2936 5000 ,
2969 4935 3029 4990 et
3049 4935 3283 4992 infantes
3311 4937 3527 5006 proprie
3561 4938 3642 4992 di-

2068 5015 2206 5061 ClOS.

2145 5088 2170 5116 ο
2213 5075 2351 5128 Nam
2379 5075 2432 5129 in
2461 5076 2670 5137 fortiori
2698 5084 2872 5146 atate,
2901 5077 2994 5146 qui
3009 5076 3414 5146 pra’sumpserit.
3440 5076 3498 5132 in
3525 5078 3639 5132 edi—

2068 5147 2214 5200 tione
2237 5145 2456 5200 Colinai
2482 5147 2676 5217 legitur
2701 5164 2715 5200 :
2764 5145 2908 5217 Nam
2932 5146 3223 5217 in_{ortiori
3246 5156 3398 5200 crtare
3421 5149 3510 5217 qui
3535 5146 3637 5200 ali-

2066 5226 2323 5286 quatenus
2372 5217 2484 5270 Iure
2521 5215 2929 5286 prwsumpserit.
2979 5215 3085 5271 Sed
3126 5216 3242 5272 hac
3269 5215 3441 5270 editio
3470 5217 3638 5271 multa

2070 5284 2220 5368 addit
2244 5285 2482 5368 Regula,
2511 5284 2633 5357 qua
2667 5284 2774 5368 non
2811 5284 3090 5368 habentur_
3113 5286 3176 5368 in.
3205 5286 3482 5368 codicibus
3505 5303 3635 5368 mss.

2071 5364 2124 5411 et
2153 5353 2388 5411 excusis.
2429 5353 2634 5412 Sensus
2662 5363 2840 5410 autem
2880 5355 3038 5424 hujus
3077 5355 3178 5410 loei
3217 5364 3301 5410 est
3330 5353 3634 5424 ejusmodi:

2068 5441 2192 5480 nam
2243 5428 2296 5480 in
2334 5425 2525 5496 majori
2573 5435 2732 5482 atate
2760 5427 3103 5494 constitutos,
3141 5426 3232 5496 qui
3263 5427 3444 5497 aliquo
3476 5427 3636 5481 modo

2066 5499 2470 5567 praesumpserit
2491 5497 2717 5559 cadere,
2749 5504 2854 5567 etc.

2142 5565 2160 5604 ἲ
2203 5565 2320 5620 Alia
2349 5583 2413 5622 ne
2443 5567 2646 5636 feceris.
2702 5567 2778 5620 Ita
2825 5565 2879 5619 in
2920 5580 3016 5620 ms.
3053 5567 3110 5618 S.
3139 5565 3322 5621 Germ.
3353 5583 3462 5621 ma.
3493 5567 3631 5629 Alio,

2061 5652 2160 5704 pro
2189 5636 2302 5702 alii,
2345 5647 2404 5692 ut
2445 5651 2606 5706 supra
2655 5637 3016 5691 observatum.
3076 5637 3130 5690 lu
3178 5638 3347 5693 veteri
3390 5638 3632 5693 editione

2061 5707 2374 5760 "aricinnci.
2405 5707 2526 5756 ﬁliis
2558 5724 2618 5752 ηρ
2649 5707 2829 5758 [pravis
