2007 3093
215 156 278 184 1567

707 152 737 182 S.
757 155 961 183 BENENDICTI
979 155 1125 183 ABBATIS
1143 151 1347 183 ANIANENSIS

1774 160 1860 187 I363

210 214 305 240 ordine
322 211 435 239 confuso
459 211 616 244 irrttptaque
629 209 688 245 lege
700 210 805 237 vivendi
821 210 905 245 ipsius
916 217 999 238 sacrae
1014 211 1038 242 Α
1052 211 1244 247 negligentiam
1268 211 1351 239 fuerit
1364 211 1541 247 dissipatum,
1564 214 1720 249 increpetur
1733 222 1750 241 a
1766 215 1861 243 Patre

212 259 348 295 religionis
363 267 412 294 per
426 258 546 293 singulos
562 256 625 292 jura
639 258 798 292 perdantur.
829 257 998 293 Quapropter

212 307 334 342 quisquis
349 305 439 332 taliter
458 305 629 332 incontinens
650 304 774 332 manibus
794 305 941 337 invenitur,
962 305 999 332 ita

211 357 240 378 ut
262 350 369 378 neseiat
387 349 422 376 ab
436 348 538 377 illicitis
555 353 720 384 temperare,
741 357 837 378 manus
849 349 915 382 illas,
931 357 999 384 quas

210 397 297 425 erexit
314 397 342 424 in
356 397 520 432 proximttm,
536 403 583 431 per
600 395 710 431 longum
726 400 832 431 tempus
846 403 899 423 non
913 396 999 424 solum

208 443 328 479 jejunio,
350 442 397 470 sed
412 443 494 470 etiam
514 442 603 477 operis
625 442 785 469 assiduitate
804 442 999 469 lassenturzut

210 489 338 523 deinceps
360 487 394 515 ad
417 487 502 515 Deum
524 487 647 515 leventur
672 487 700 514 in
722 487 858 519 oratione,
870 495 924 514 non
937 494 998 515 cum

210 535 302 562 furore
315 533 496 561 extendantur
511 533 537 559 in
558 532 680 559 fratrem.
705 532 826 560 Dandam
844 537 936 560 tamen
951 540 999 560 ve—

211 580 283 607 niam
296 579 467 607 decernimus
476 598 484 610 ,
497 578 573 612 juxta
584 582 614 605 ut
628 578 713 605 abbas
728 578 863 605 moderari
874 578 999 612 voluerit,

210 624 367 659 postulanti,
384 623 406 651 si
425 623 584 658 pmnitcntia
604 623 759 656 praemissa,
775 623 857 650 etiam
878 623 941 650 dum
956 624 1000 651 de

210 673 350 704 precatur,
366 671 456 695 reatus
472 667 533 701 sui,
562 667 659 695 faciem
672 667 853 703 lacrymarum
870 668 1001 697 effusione

211 715 348 750 rigaverit.
635 726 638 728 τ

239 759 312 795 ς-ιιι.
326 774 360 780 -
376 759 414 786 Ex
430 759 541 786 REGULA
554 767 648 787 SANCTI
665 758 813 786 AURELIANI
834 758 902 795 (cap.
918 759 972 795 I5).

247 812 259 826 η
274 805 370 832 Frater
383 805 410 832 in
425 805 537 832 fratrem
560 805 583 833 si
600 813 682 832 ausus
703 804 785 832 fuerit
809 813 919 832 manum
939 806 1002 832 mit-

213 859 279 886 tere,
297 853 447 890 legitimam
461 853 630 888 disciplinam
645 853 761 888 accipiat

371 898 386 935 ᾗ
401 898 443 926 IV.
458 914 493 919 —
508 898 545 925 Ex
559 898 670 927 chuu
684 898 844 927 OBIENTALI.

247 945 261 965 ιι
276 945 328 978 Qut
342 944 469 973 minister
479 949 529 976 est,
546 945 645 972 habeat
659 945 777 972 studium
792 952 825 972 ne
835 945 900 979 quid
915 945 1003 980 operis

213 995 308 1026 pereat
322 990 349 1017 in
370 990 545 1017 monasterio.
576 990 605 1017 In
619 990 802 1025 qualicunque
817 991 927 1018 omnino
946 994 1004 1018 arte

212 1044 272 1071 qua:
285 1039 428 1064 exercetur
453 1043 468 1062 a
483 1035 628 1069 fratribus,
652 1037 675 1064 si
690 1037 755 1072 quid
775 1037 903 1071 perierit,
917 1041 944 1065 et
955 1045 1004 1072 per

248 1108 261 1122 α
281 1101 379 1129 Frater
393 1103 421 1130 in
436 1103 555 1137 fratrem.
581 1103 680 1130 Eadem
696 1103 782 1131 verba
797 1104 863 1131 citat
879 1104 924 1131 lvo
939 1103 1005 1132 Car—

214 1141 270 1164 not.
286 1145 313 1172 p.
338 1145 364 1173 vt
389 1138 512 1169 Decreti,
537 1146 596 1173 cap.
618 1139 681 1171 292,
698 1147 730 1166 ex
750 1139 847 1166 concil.
861 1139 1003 1172 llerdcnsi,

212 1180 271 1209 cap.
286 1174 311 1198 7.
341 1172 412 1209 Idem
426 1173 521 1200 statuit
542 1172 578 1201 S.’
591 1173 725 1209 Ctesarius
746 1181 807 1208 cap.
824 1173 858 1200 24
872 1174 980 1209 Regula:
995 1182 1002 1201 :

218 1217 226 1232 ι
244 1208 346 1235 Tamen
361 1208 384 1244 si
395 1207 474 1244 forte,
490 1213 520 1235 ut
532 1216 562 1236 se
574 1208 655 1236 habet
674 1207 792 1236 humana
804 1207 953 1244 fragilitas,
977 1209 1004 1236 in

214 1247 316 1278 tantum
338 1243 415 1271 nefas
431 1243 527 1278 aliqua:
540 1244 573 1271 de
587 1245 724 1271 sororibus
734 1252 807 1271 ause
820 1243 932 1277 fuerint,
946 1244 1005 1271 dia-

214 1277 280 1314 bolo?
297 1278 451 1314 instigante,
466 1277 642 1313 prorumpere
657 1285 703 1306 aut
724 1283 753 1306 ut
773 1279 875 1306 furtum
892 1279 1001 1311 faciant,

216 1317 262 1339 aut
274 1313 301 1340 in
314 1321 343 1341 se
356 1313 471 1341 invicem
484 1322 594 1341 manum
612 1314 735 1347 mittant,
746 1313 849 1347 justum
862 1318 904 1342 est
923 1318 951 1342 ut
966 1314 1004 1342 le»

214 1348 335 1384 gitimam
358 1349 528 1384 disciplinam
552 1349 695 1384 accipiant.
712 1359 720 1375 ι
743 1349 892 1384 Disciplina
911 1353 1003 1376 autem

215 1383 241 1409 in
256 1388 372 1418 utroque
386 1383 446 1411 loco
466 1384 496 1411 S.
517 1383 656 1411 Aureliani
681 1388 708 1412 et
734 1384 762 1412 S.
777 1383 888 1412 Caesarii
902 1389 945 1412 est
956 1384 1004 1411 ila-

214 1417 333 1454 gcllatjo,
351 1423 380 1446 ut
394 1426 475 1454 supra
489 1424 611 1446 notatum
624 1423 675 1446 est.

249 1453 540 1495 b__Q‘t_tit_1tinisierest.'
567 1454 685 1495 Operurn
697 1454 822 1495 videlicet
846 1462 907 1489 qum
935 1454 1005 1495 fiunt

215 1488 337 1521 quotidie
352 1489 378 1529 in
394 1490 571 1522 monasterio,
589 1488 616 1516 id
633 1493 685 1522 est,
701 1489 746 1524 qui
761 1488 862 1524 pratest
877 1490 1003 1524 operibus

216 1524 384 1550 monasterii.

252 1563 264 1576 ο
285 1557 428 1594 Principis.
454 1558 556 1594 Nempe
576 1560 744 1592 monasterii,
765 1560 791 1587 id
806 1564 857 1592 est,
875 1559 1000 1592 abbatis;

215 1599 278 1629 nam
293 1592 320 1619 in
336 1592 438 1628 Regula
453 1593 482 1620 S.
496 1592 635 1621 Pachomii
645 1615 652 1627 ,
668 1602 701 1622 ex
715 1602 768 1629 qua
782 1594 839 1622 haec
853 1594 1001 1622 Orientalis

215 1626 272 1653 fere
293 1626 400 1668 sumpta
414 1632 466 1661 est,
488 1629 571 1656 abbas
589 1626 691 1664 passim
712 1626 861 1664 appellatur
875 1629 1000 1665 princeps

218 1667 385 1689 monasterii.

250 1696 264 1716 ει
282 1697 349 1726 Vide
363 1705 455 1733 supra,
474 1706 534 1733 cap.
552 1699 597 1732 59,
613 1698 666 1735 §6.

1051 256 1178 284 minister
1191 263 1316 291 operum,
1329 261 1356 284 et
1371 257 1429 292 ipse
1439 258 1538 285 iterum
1553 259 1675 295 increpet
1686 260 1771 288 alium
1781 281 1789 293 ,
1803 262 1859 296 qui

1050 310 1118 337 opus
1130 303 1290 337 perdiderit,
1303 303 1435 330 duntaxat
1445 302 1524 338 juxta
1538 304 1704 333 voluntatem
1725 311 1756 334 et
1776 314 1859 341 praeb

1052 348 1195 375 scientiam
1211 354 1222 368 ο
1243 348 1375 383 principis
1397 358 1404 377 :
1434 349 1538 385 absque
1563 358 1618 385 quo
1641 351 1732 379 nullus
1758 352 1858 380 incw

1051 394 1132 429 pandi
1147 394 1258 422 habebit
1271 399 1445 429 potestatem.

1122 449 1137 485 §
1155 450 1187 477 V.
1207 450 1294 477 —Ex
1312 450 1423 478 Recens
1443 451 1577 480 Macran!
1596 453 1666 488 (cap.
1685 453 1730 490 Η)
1748 453 1776 480 d.

1086 504 1238 532 lnfantulos
1261 511 1327 532 vero
1350 513 1437 540 usque
1461 506 1615 540 quindecim
1629 515 1766 535 annorum
1794 516 1852 536 non

1052 549 1293 583 excommunicari,
1315 550 1363 578 sed
1385 551 1557 586 praecipimus
1571 551 1699 587 vapulare
1714 560 1767 588 pro
1789 554 1850 580 cul-

1051 596 1103 631 pis,
1120 600 1172 623 etc.

1088 650 1102 687 §
1121 650 1175 678 VII.
1188 666 1223 671 —
1236 651 1275 679 Ex
1292 652 1402 680 REGULA
1421 660 1516 680 sucu
1530 653 1647 681 (laesum
1663 654 1733 690 (cap.
1754 655 1812 691 5)°.

1089 707 1118 736 Si
1133 711 1225 743 potest
1240 708 1310 741 ﬁeri,
1325 712 1372 736 aut
1387 709 1505 743 difﬁcile,
1521 715 1566 737 aut
1579 710 1668 738 nullus
1682 719 1807 747 unquam
1821 712 1849 739 in

1052 754 1219 782 monasterio
1233 753 1383 782 infantulus
1394 755 1534 789 parvulus,
1554 760 1609 783 etc.

1089 798 1103 835 ᾗ
1123 799 1166 826 Vl.
1187 814 1222 819 —
1240 799 1281 826 Ex
1299 799 1411 827 Recens
1431 807 1524 827 SANCTI
1544 800 1642 828 Ismom
1663 802 1732 836 (mp.
1753 802 1811 829 9.0).

1092 843 1102 863 ί
1125 843 1195 871 Cura
1218 843 1425 872 nutriendorum
1449 845 1625 880 parvulorum
1644 847 1795 882 pertinebit
1815 848 1850 874 ad

1014 890 1038 919 B
1052 891 1140 918 virum
1154 898 1237 926 quem
1257 890 1370 926 elegerit
1383 890 1474 923 Pater,
1491 896 1615 919 sanctum
1630 892 1849 927 sapientemque,

1054 941 1136 971 atque
1159 940 1239 964 aetate
1265 945 1385 973 gravem,
1414 937 1610 965 informantem
1636 938 1765 972 parvulos
1791 946 1846 965 non

1054 983 1142 1011 solum
1159 984 1171 1003 ³
1195 983 1293 1011 studiis
1313 983 1482 1016 litterarum,
1502 984 1550 1011 sed
1572 984 1654 1011 etiam
1677 983 1850 1011 documentis

1054 1028 1268 1063 magisterioque
1282 1028 1424 1056 virtutum.

1092 1100 1104 1115 ε
1125 1094 1192 1130 Ῡίιίθ
1214 1101 1306 1129 supra,
1329 1102 1390 1130 cap.
1404 1094 1450 1127 46,
1467 1094 1520 1130 §5.

1092 1130 1101 1149 τ
1122 1128 1193 1156 Cura
1207 1128 1406 1157 nutriendorum
1422 1128 1601 1164 parvulorum.
1622 1129 1686 1157 Bato
1709 1131 1848 1158 habentur

1055 1166 1082 1192 in
1097 1164 1199 1200 Regula
1213 1164 1353 1200 S.rlsidori
1366 1172 1476 1200 excusa,
1492 1166 1588 1193 eodem
1602 1173 1661 1200 cap.
1677 1165 1721 1192 20.

1093 1201 1104 1220 Β
1125 1199 1226 1226 Studiis
1240 1199 1486 1235 litterarumergo
1498 1201 1575 1235 pueri
1588 1199 1712 1227 monachi
1728 1205 1793 1227 sunt
1806 1200 1850 1227 lit-

1093 1208 1104 1220 δ
1125 1208 1226 1226 amans
1240 1208 1400 1226 litterarum.
1415 1208 1451 1227 ΕΓ
1470 1208 1486 1227 0
1498 1208 1575 1235 pueri
1588 1208 1712 1227 monaent
1728 1208 1793 1227 sunt
1806 1208 1850 1227 Ill-

1055 1235 1122 1263 teris
1142 1234 1291 1270 imbuendi.
1308 1234 1387 1262 Unde
1402 1234 1431 1262 S.
1451 1208 1587 1263 Etcsarius
1602 1235 1680 1270 paulo
1694 1240 1759 1262 ante
1782 1236 1850 1263 cita-

1055 1275 1099 1298 tus
1116 1278 1171 1297 non
1190 1269 1248 1296 vult
1269 1269 1370 1304 suscipi
1390 1270 1417 1296 in
1443 1269 1638 1298 monasterium
1659 1278 1772 1305 pueros,
1797 1270 1849 1297 nisi

1054 1306 1101 1340 qui
1116 1305 1223 1332 litteras
1238 1305 1359 1332 ediscere
1371 1304 1491 1333 valeant.
1508 1305 1610 1332 Horum
1627 1304 1736 1332 Patrum
1758 1305 1850 1340 neglt.L

1054 1345 1098 1368 cta
1121 1340 1244 1367 doctrina
1257 1344 1368 1380 propter
1386 1347 1528 1380 operosam
1542 1340 1657 1380 olim-in
1675 1341 1851 1380 monasteriis

1054 1380 1159 1407 cantus,
1173 1375 1397 1402 cazrcmoniarum
1410 1379 1437 1402 et
1446 1375 1595 1403 ofﬁciorum
1606 1375 1760 1402 divinorum
1781 1376 1850 1402 mul-

1055 1410 1234 1446 tiplicitatem,
1258 1417 1421 1446 puerorum,
1435 1410 1542 1446 ingenia
1565 1411 1668 1446 excoli,
1685 1411 1849 1442 desierunt,

1054 1446 1117 1481 quia
1130 1449 1236 1481 tempus
1248 1449 1277 1481 et
1291 1445 1375 1481 otium
1390 1445 1423 1472 ad
1437 1445 1474 1472 id'
1485 1453 1538 1473 non
1551 1445 1729 1481 suppetebant
1745 1455 1751 1472 :
1767 1450 1851 1479 atque

1055 1480 1118 1508 inde
1146 1480 1309 1515 ignorantia,
1327 1480 1454 1507 vitiorum
1477 1484 1565 1508 mater
1584 1480 1612 1508 et
1637 1481 1737 1512 nutrix,
1767 1485 1851 1514 atque

1054 1515 1136 1551 etiam
1148 1515 1409 1551 animorummrugo
1423 1515 1527 1549 aeedia,
1543 1523 1578 1543 ex
1601 1515 1733 1551 ejusmodi
1757 1523 1850 1551 rerum

1055 1549 1164 1586 fastidio
1178 1554 1251 1582 nata,
1265 1549 1419 1586 universam
1434 1549 1659 1579 monasteriorum
1677 1550 1851 1586 disciplinam

1054 1585 1185 1612 radicitus
1201 1585 1393 1620 exstirparunt.

850 1827 1017 1866 CAPUT
1056 1827 1225 1866 LXXVI.

642 1904 685 1932 UT
699 1903 912 1932 OBEDIENTES
926 1904 989 1931 SIBI
1008 1903 1085 1931 SINT
1098 1902 1238 1931 INVICEM
1251 1903 1422 1931 FRATRES.

312 1993 326 2030 ᾗ
345 1993 365 2020 Ι.
385 2007 422 2013 -
440 1992 478 2019 Ex
499 1991 610 2019 REGULA
628 1999 722 2020 SANCTI
741 1992 899 2021 BENEDICTI.

253 2045 264 2058 ι·
280 2036 445 2065 Obedientia:
468 2036 569 2063 bonum
584 2044 638 2063 non
663 2037 750 2064 solum
768 2037 860 2065 abbati
877 2038 1009 2066 exhiben-

218 2085 281 2111 dunt
301 2086 343 2109 est
365 2081 399 2108 ab
416 2081 551 2113 omnibus,
564 2080 578 2100 δ
590 2080 638 2108 sed
657 2082 741 2109 etiam
762 2082 814 2110 sibi
834 2083 951 2111 invicem
972 2084 1009 2110 ita

217 2127 345 2155 obediant
371 2125 489 2158 fratres,
526 2126 644 2154 scientes
675 2134 724 2161 per
750 2128 822 2155 hanc
846 2129 1006 2157 obedientiie

256 2200 269 2214 ι
290 2192 451 2220 Obedientiw
471 2192 577 2219 bonum.
594 2192 651 2220 Hoc
673 2197 754 2228 caput
773 2194 886 2222 multum
899 2197 1008 2224 confert

220 2230 252 2256 ad
266 2228 478 2259 observantiam,
494 2228 558 2263 quia
579 2228 701 2255 continet
719 2236 852 2256 summam
875 2230 1006 2258 obedien-

221 2265 285 2291 tiam
302 2267 330 2290 et
342 2264 482 2290 honorem.

255 2299 269 2319 δ
282 2297 334 2326 Sed
348 2299 428 2334 etiam
440 2298 489 2324 sibi
502 2297 611 2334 invicem
624 2298 661 2324 ita
677 2298 798 2334 qibediant
810 2299 915 2334 fratres.
930 2300 1007 2333 Quod

222 2334 304 2361 etiam
318 2332 449 2367 prteclare
460 2336 552 2359 monet
562 2332 665 2367 Haymo
677 2332 917 2362 llalberstattensis
929 2332 976 2363 lib.
987 2343 1006 2362 tt

220 2369 253 2396 de
270 2368 419 2399 Varietate,
435 2374 496 2401 cap.
513 2367 563 2394 47:
584 2376 593 2392 ‹
611 2367 728 2395 Invicem
741 2369 852 2396 obedire
866 2370 1006 2401 debemus,

222 2404 291 2430 sicut
305 2403 377 2439 servi
384 2402 520 2439 ‘dominis,
537 2402 682 2439 secundum
694 2404 764 2437 quod
776 2405 902 2439 prmeepit
918 2405 1009 2433 Domi-

221 2446 282 2470 nus,
298 2438 362 2474 quia
377 2436 429 2470 Qui
442 2436 498 2474 vult
507 2438 534 2463 in
544 2437 615 2464 vobis
628 2446 683 2465 esse
694 2436 814 2474 ntagnhs,
830 2436 878 2473 [ith
892 2440 1007 2467 omnium

222 2473 377 2509 uerissime;
392 2477 416 2499 et
427 2472 543 2509 omnium
556 2480 659 2509 servus;
672 2472 769 2509 quibus
783 2472 868 2506 addit,
879 2479 910 2501 ut
922 2475 1009 2509 magis

222 2515 271 2535 nos
285 2507 414 2543 inclinet
433 2506 466 2543 ad
494 2506 697 2535 humilitatem:
711 2508 786 2535 Sicut
807 2508 878 2543 ﬁlius
896 2506 1008 2536 hominis

223 2550 273 2570 non
291 2543 358 2569 venit
379 2542 533 2572 ministrari,
561 2542 607 2569 sed
624 2543 775 2570 ministrare
793 2542 811 2569 :7
829 2544 875 2571 sed
895 2549 922 2571 et
942 2545 1007 2571 illud

222 2577 293 2614 quod
307 2578 341 2614 ab
354 2576 485 2614 Apostolo
488 2577 592 2614 dictum
600 2582 663 2614 est,
673 2578 889 2614 Perit/raritatem
902 2579 1008 2614 spiritus

221 2613 312 2648 servile
324 2612 441 2648 inuicem.
457 2622 466 2638 ι
477 2612 598 2648 Epitome
607 2612 735 2648 Ludovici
746 2612 918 2648 imperatoris
930 2621 1010 2648 super

223 2646 355 2682 Regulam
377 2646 405 2674 S.
422 2646 561 2675 Benedicti
578 2656 585 2674 :
602 2656 612 2673 ε
629 2647 742 2682 Oportet
763 2646 874 2676 omnino
897 2654 925 2676 ut
943 2646 1009 2677 ohe-

222 2681 327 2717 dientes
339 2681 390 2709 sibi
402 2682 456 2709 sint
470 2682 597 2713 invicem,
609 2687 636 2710 et
650 2681 708 2717 ipsa
722 2683 886 2716 obedientia,
898 2684 921 2711 si
934 2690 1009 2712 recto

223 2716 305 2753 corde
316 2717 484 2753 ostendatur,
501 2717 556 2745 Deo
570 2716 691 2745 offertur.
704 2718 763 2752 Ipsa
775 2723 818 2746 est
829 2719 873 2745 via
885 2727 945 2753 quae
958 2720 1008 2746 du-

222 2751 260 2777 cit
273 2752 306 2777 ad
321 2752 414 2778 vitam.
430 2751 517 2779 Citius
531 2753 602 2780 enim
616 2751 760 2780 exauditur
774 2761 826 2780 una
840 2751 927 2781 oratio
946 2754 1010 2782 obe-

222 2785 331 2820 dientis,
348 2794 430 2820 quam
444 2787 536 2814 decem
551 2788 633 2815 millia
648 2789 856 2816 contemnentis.
878 2799 887 2815 ι

261 2825 272 2859 c_
294 2819 326 2859 l_1t
339 2819 545 2859 praepositorum.
561 2823 589 2849 In
606 2823 732 2851 omnibus
745 2824 823 2851 editis
836 2828 864 2852 et
879 2831 944 2851 mss.
961 2831 1004 2851 no-

224 2855 288 2882 Itris
300 2855 407 2891 legitur,
423 2861 466 2882 aut
480 2858 678 2893 prrrpositorum
687 2866 696 2891 ;
713 2859 815 2893 optitna
826 2863 915 2887 tamen
927 2859 1008 2888 lectio

1059 1993 1132 2020 viam
1157 1999 1187 2019 se
1212 1991 1298 2018 ituros
1322 1991 1356 2017 ad
1388 1990 1483 2017 Deum.
1515 1989 1659 2018 Praemisso
1679 1998 1745 2026 ergo
1769 1991 1850 2019 abha-

1058 2038 1104 2070 tis,
1129 2043 1140 2056 ο
1165 2041 1193 2064 ut
1204 2035 1429 2071 prrepositorum,
1452 2034 1499 2069 qui
1522 2035 1556 2062 ab
1578 2043 1610 2063 eo
1632 2036 1848 2070 constituuntur,

1058 2083 1183 2118 imperio,
1200 2082 1214 2102 ιι
1238 2082 1282 2110 cui
1297 2089 1351 2109 non
1373 2081 1557 2115 permittimus
1571 2087 1583 2101 ο
1606 2081 1712 2116 privata
1734 2082 1848 2118 imperia

1059 2128 1177 2164 praeponi
1190 2148 1198 2161 ,
1225 2127 1258 2154 de
1280 2131 1378 2154 ctetero
1397 2134 1492 2154 omnes
1509 2127 1633 2161 juniores
1661 2127 1671 2146 ί
1709 2128 1849 2162 prioribus

1060 2199 1159 2223 nostra:
1176 2193 1349 2225 Concordia},
1364 2201 1426 2220 nam
1441 2197 1544 2229 rectum
1559 2200 1668 2221 sensum
1684 2193 1767 2221 eﬂicit
1781 2203 1788 2221 :
1801 2202 1849 2229 per

1059 2230 1217 2266 prapositos
1240 2229 1292 2266 hoc
1313 2229 1373 2256 loco
1396 2228 1582 2264 intelliguntur
1603 2233 1658 2255 tam
1685 2228 1848 2264 praepositus

1079 2264 1140 2292 uain
1158 2264 1262 2292 decani.

1059 2273 1140 2300 quam
1158 2273 1262 2292 necant.

1093 2300 1107 2320 «1
1126 2299 1176 2327 Cui
1201 2307 1253 2326 non
1277 2298 1460 2334 permittimus.
1477 2298 1514 2334 In
1540 2306 1593 2326 ms.
1615 2298 1646 2326 S.
1663 2298 1756 2326 Germ.
1780 2306 1846 2331 ωε..

1059 2335 1153 2370 quibus
1167 2343 1220 2361 non
1233 2333 1511 2370 pefmittimugmale.

1098 2376 1110 2390 δ
1131 2368 1241 2397 Privata
1264 2369 1384 2403 imperia.
1401 2368 1429 2395 ld
1451 2373 1502 2400 est,
1516 2369 1681 2403 privatorum
1701 2369 1847 2396 monacho-

1060 2413 1119 2432 rum
1135 2404 1258 2438 imperia,
1273 2404 1319 2437 qui
1343 2403 1442 2430 nullam
1463 2405 1669 2438 praepositumm
1690 2411 1738 2431 seu
1760 2405 1846 2438 magi-

1060 2440 1174 2467 sterium
1184 2438 1323 2474 habentia
1335 2439 1499 2466 monasterio
1511 2447 1517 2470 ;
1532 2447 1594 2465 nam
1604 2440 1726 2474 privatus
1737 2440 1847 2473 proprie

1060 2475 1106 2502 ille
1126 2478 1167 2503 est
1182 2474 1228 2508 qui
1251 2473 1354 2500 nullum
1377 2474 1446 2508 gerit
1461 2473 1658 2508 magistratum.
1675 2473 1705 2501 S.
1728 2473 1847 2501 Isidorus

1060 2510 1106 2537 lib.
1121 2517 1169 2536 vut
1183 2508 1270 2543 0rig.,
1286 2515 1345 2543 cap.
1368 2509 1384 2535 4
1403 2517 1409 2535 :
1429 2517 1438 2534 ι
1461 2508 1562 2536 Privati
1577 2513 1641 2536 sunt
1667 2509 1792 2536 extranei
1814 2509 1846 2535 ab

1059 2544 1155 2572 ofﬁciis
1172 2544 1303 2575 publicis.
1325 2553 1334 2569 ι
1356 2543 1496 2571 Cornelius
1517 2543 1641 2571 Fronto:
1664 2553 1674 2569 ‹
1691 2544 1844 2575 Privatum,

1060 2552 1155 2572 omcus
1192 2552 1303 2571 UDHCIS.-
1325 2553 1334 2569 ι
1356 2552 1496 2571 υυτηειιυε
1517 2552 1641 2571 rronto:
1664 2553 1674 2569 ‹
1692 2552 1844 2575 rrivatnm,

1060 2587 1115 2608 non
1135 2552 1288 2614 puglieum,
1309 2578 1372 2614 quia
1390 2579 1511 2612 privatus
1531 2586 1584 2614 non
1610 2579 1679 2614 gerit
1700 2586 1845 2614 personam

1060 2613 1213 2650 publicam,
1229 2623 1238 2640 ι
1260 2613 1337 2647 Apud
1360 2613 1538 2650 Athenienses
1549 2613 1662 2645 ἱόιὼιέης,
1682 2613 1845 2650 ψῃίηιιιιιιυιιι

1060 2648 1130 2685 gerit
1144 2649 1344 2685 magistratum,
1359 2648 1410 2685 qui
1419 2656 1472 2685 non
1486 2652 1528 2675 est
1537 2656 1659 2685 persona
1671 2649 1779 2685 publica
1791 2668 1799 2680 ,
1818 2653 1848 2675 ut

1060 2683 1153 2712 videre
1167 2683 1209 2711 est
1221 2683 1321 2718 passim
1342 2683 1412 2717 apud
1426 2683 1632 2711 Demosthenem
1645 2688 1672 2711 et
1686 2684 1844 2711 Isocratem.

1100 2719 1110 2738 ί
1131 2717 1279 2746 Prioribus.
1304 2717 1333 2754 Id
1356 2722 1408 2754 est.
1434 2718 1600 2754 senioribus,
1629 2718 1844 2754 antiquioribus.

1060 2754 1276 2789 praecedentibus
1295 2752 1425 2789 dignitate
1442 2753 1484 2780 vel
1495 2752 1592 2785 otiicio,
1608 2758 1638 2780 ut
1657 2752 1720 2780 sunt
1732 2754 1845 2789 presby-

1062 2788 1122 2821 teri,
1139 2788 1254 2820 diaconi,
1279 2793 1332 2815 etc.
1353 2789 1484 2816 Dicuntur
1504 2789 1584 2816 etiam
1602 2789 1718 2823 priores,
1742 2789 1789 2823 qui
1811 2788 1846 2815 ub

1061 2824 1124 2851 vita:
1137 2824 1261 2851 meritum
1279 2823 1304 2849 in
1322 2824 1411 2850 altiori
1431 2823 1515 2858 gradu
1538 2828 1566 2851 et
1582 2823 1641 2851 loco
1661 2824 1696 2851 ab
1719 2824 1779 2858 ipso
1798 2823 1845 2849 ab-

1061 2859 1124 2887 bate
1150 2859 1362 2887 constituuntur.
1397 2858 1538 2894 Degradati
1568 2863 1658 2887 tamen
1678 2878 1686 2892 ,
1713 2859 1765 2886 hoc
1792 2863 1845 2891 est,
