4014 6186
335 378 477 434 136]

1230 379 1623 438 CONCORDIA
1662 381 2120 439 REGULARUM.
2161 413 2233 425 —
2271 383 2424 440 CAP.
2464 380 2704 441 LXXVI.

3463 390 3596 444 15⁸70

325 495 442 550 suis
473 505 501 534 ι
555 489 704 547 omni
766 491 1036 548 eharitate
1092 500 1149 550 et
1206 494 1572 551 sollicitudine
1628 495 1905 550 obe‘diant.
1935 496 1988 557 Α
2015 510 2142 551 rans
2202 497 2415 552 exstitit
2467 507 2701 568 cognato
2765 513 2864 553 suo
2919 497 3110 554 Jethro
3152 499 3353 572 (Exod.
3415 501 3592 574 xvm),

326 583 484 653 Quod
527 583 573 638 si
631 584 754 652 quis
805 582 1179 640 contentiosus
1221 585 1250 625 δ
1313 586 1610 654 reperitur,
1647 587 1912 655 corripia-

330 681 436 726 tur.
453 681 474 708 ε
495 667 552 724 Si
583 669 706 739 quis
722 675 902 723 autem
925 668 1094 724 frater
1112 686 1210 740 pro
1231 671 1424 740 quavis
1446 671 1673 726 minima
1698 670 1725 710 ἀ
1749 686 1910 725 causa

327 761 396 817 ab
425 761 619 814 abbate
664 758 750 813 vel
789 774 820 813 a
867 774 1194 830 quocunque
1237 762 1421 830 priore
1466 776 1566 816 suo
1617 761 1911 832 corripitur

328 851 570 921 quolibet
625 849 822 915 modo,
878 848 963 904 vel
1005 851 1049 904 si
1097 849 1291 906 leviter
1349 852 1584 906 senserit
1638 863 1661 891 θ
1699 851 1912 906 animos

327 943 526 1014 prioris
550 940 921 1010 cujuscunque
958 949 1151 998 contra
1181 959 1240 998 se
1265 944 1436 1000 iratos
1459 945 1546 999 vel
1585 952 1908 1009 commotos,

326 1033 576 1104 quamvis
614 1033 857 1099 modice,
902 1048 1029 1087 mox
1072 1035 1190 1091 sine
1238 1050 1390 1091 mora
1435 1037 1622 1091 tandiu
1667 1045 1913 1108 prostra-

331 1133 417 1180 tus
435 1124 490 1177 in
509 1131 652 1178 terra
674 1129 802 1176 ante
816 1122 980 1192 pedes
1003 1124 1120 1193 ejus
1135 1122 1696 1192 jaceatsatisfaciens,
1716 1142 1914 1197 usque-

328 1217 458 1272 dum
492 1214 510 1252 ί
554 1212 930 1270 benedictione
968 1222 1194 1269 sanetur
1225 1218 1250 1256 ⁸
1286 1215 1377 1270 illa
1415 1217 1728 1272 commotio.
1759 1215 1914 1283 Quod

329 1307 422 1377 qui
469 1304 857 1375 contempserit
913 1303 1131 1372 facere,
1189 1314 1285 1362 aut
1346 1307 1616 1378 corporali
1661 1307 1914 1363 vindictae

328 1395 631 1467 sulxjaceat,
681 1402 798 1461 aut,
844 1394 891 1449 si
935 1403 1226 1451 contumax
1283 1395 1482 1464 fuerit,
1527 1398 1592 1453 de
1635 1405 1913 1453 monaste-

327 1485 411 1542 rio
437 1487 465 1526 ιι
497 1484 823 1556 expellatur.

423 1576 451 1648 ᾗ
486 1577 549 1632 ll.
589 1608 661 1617 —
698 1577 778 1631 Ex
817 1577 1044 1632 Rccuu
1080 1591 1268 1635 SANCTI
1307 1578 1512 1634 Bssmr
1551 1578 1689 1653 (cap.
1730 1577 1842 1652 64).

402 1665 429 1719 1
435 1675 664 1736 nterrog.
713 1666 1034 1732 iQuomodo
1065 1665 1300 1722 invicem
1326 1667 1589 1723 obaudire
1617 1669 1916 1724 debemus?

324 1755 564 1827 —Resp.
592 1755 744 1811 Sicut
766 1757 908 1812 servi
933 1757 1187 1823 dominis,
1224 1761 1524 1815 secundum
1553 1762 1696 1832 quod
1720 1762 1915 1832 prreci-

2010 602 2130 642 cum
2171 589 2320 643 utilia
2355 597 2602 646 moneret
2637 599 2694 646 et
2722 590 2888 658 justa.
2940 602 2968 629 ιι
3007 591 3439 646 Commotionum
3471 608 3602 648 sane

2008 694 2115 734 non
2147 694 2315 748 parva
2374 689 2460 736 est
2516 682 2823 737 diversitas.
2878 682 3012 738 Alite
3081 699 3318 753 namque
3380 692 3600 738 contra-

2009 771 2105 826 riae
2142 771 2396 827 videntur
2434 789 2558 830 esse
2605 775 2876 830 mandatis
2920 775 3046 839 Dei,
3079 775 3199 829 alim
3241 788 3371 829 vero
3422 775 3597 830 inter-

2009 878 2261 932 rumpere
2285 864 2598 920 mandatum
2627 865 2711 919 vel
2758 865 3131 920 contaminare
3161 865 3292 920 illud
3317 866 3595 925 videntur,

2010 952 2131 1007 aliae
2158 968 2289 1007 vero
2330 954 2397 1008 ad
2435 955 2761 1023 explendum
2805 956 2858 1010 id
2899 964 3062 1027 atque
3091 955 3466 1011 aediﬁcandum
3509 972 3584 1011 ve-

2011 1043 2190 1098 niunt.
2233 1044 2614 1104 Necessarium
2649 1062 2779 1117 ergo
2823 1055 2908 1102 est
2952 1048 3267 1102 meminisse
3317 1046 3600 1116 apostolici

2011 1134 2270 1204 praecepti
2313 1134 2543 1190 dicentis
2573 1154 2586 1188 :
2635 1136 2951 1206 Prophetias
2983 1135 3144 1190 nolite
3171 1151 3460 1205 spernere;
3485 1152 3596 1189 om-

2014 1219 2102 1271 nia
2129 1219 2367 1288 probate,
2398 1219 2537 1289 quod
2570 1218 2764 1274 bonum
2800 1229 2876 1274 est
2907 1221 3120 1275 retinete
3155 1234 3172 1273 :
3209 1219 3274 1272 ab
3316 1221 3458 1273 omni
3487 1236 3597 1289 spe-

2015 1308 2094 1360 cie
2126 1307 2268 1362 mala
2316 1308 2566 1363 abstinete
2615 1326 2703 1364 vos
2747 1308 2834 1381 (II
2873 1310 3053 1364 Thess.
3105 1310 3181 1383 v).
3237 1310 3306 1364 Et
3343 1311 3541 1364 iterum
3583 1328 3596 1364 :

2019 1397 2374 1470 Cogitationes
2411 1411 2694 1470 purgantes
2735 1400 2811 1456 vel
2845 1402 3170 1456 destruentes
3215 1411 3262 1455 et
3292 1417 3496 1456 omnem
3523 1400 3592 1454 al-

2022 1489 2304 1543 titudinem
2332 1489 2660 1544 extollentem
2691 1508 2745 1545 se
2778 1491 3027 1546 adversus
3059 1493 3331 1545 scientiam
3373 1491 3469 1544 Dei
3493 1531 3508 1557 ,
3555 1500 3602 1546 et

2017 1580 2334 1649 captivantes
2373 1596 2578 1634 omnem
2616 1579 2935 1635 intellectum
2976 1581 3045 1634 ad
3076 1580 3420 1634 obedientium
3451 1580 3602 1634 Chri—

2016 1678 2096 1724 sto
2141 1669 2193 1742 (Ι
2242 1667 2368 1725 Cor.
2421 1670 2498 1740 x).
2557 1669 2616 1725 Si
2654 1671 2785 1740 quid
2826 1686 2958 1741 ergo
2999 1678 3083 1724 est
3127 1670 3268 1740 quod
3311 1669 3601 1723 conveniat

2019 1777 2142 1818 cum
2171 1763 2430 1816 mandato
2472 1761 2569 1816 Dei
2611 1775 2666 1817 et
2697 1763 2891 1817 animm
2923 1761 3194 1832 expediat,
3226 1769 3280 1814 et
3311 1761 3414 1816 hoc
3443 1760 3602 1814 nobis

325 1847 403 1918 pit
431 1847 691 1904 Dominus
721 1867 733 1900 :
759 1847 898 1914 Quia
925 1849 1019 1920 qui
1046 1849 1154 1904 vult
1179 1851 1235 1904 in
1272 1851 1416 1906 vobis
1444 1868 1556 1906 esse
1597 1852 1610 1903 i
1653 1870 1909 1924 magnus,
1941 1843 1990 1902 Β
2017 1855 2086 1910 ab
2129 1854 2312 1924 aliquo
2355 1853 2520 1909 fuerit
2560 1854 2904 1925 imperatum,
2947 1853 3088 1907 velut
3135 1853 3474 1906 voluntatem
3502 1849 3598 1904 Dei

324 1938 420 2006 ﬁat
435 1939 666 1992 omnium
706 1939 1018 1992 novissimus
1037 1980 1052 2004 ,
1077 1949 1124 1993 et
1148 1940 1380 1994 omnium
1395 1957 1572 1996 servus
1604 1941 1800 2014 (Marc.
1828 1942 1907 2015 x).

326 2027 532 2094 Quibus
563 2027 728 2094 addit,
755 2037 814 2082 ut
843 2029 1014 2098 magis
1037 2045 1136 2085 nos
1162 2029 1386 2085 inclinet
1415 2031 1484 2085 ad
1515 2032 1909 2087 humilitatem:

329 2117 480 2174 Sicut
515 2117 658 2187 ﬁlius
687 2119 916 2173 hominis
961 2136 1065 2173 non
1091 2121 1230 2173 venit
1273 2122 1588 2188 ministrari,
1631 2123 1723 2176 sed
1754 2124 1912 2178 mini—

325 2220 495 2266 strare
531 2209 746 2283 (Matth.
795 2214 909 2283 xx).
945 2210 1053 2266 Sed
1083 2218 1139 2266 et
1186 2211 1318 2266 illud
1365 2213 1510 2281 quod
1555 2213 1625 2267 ab
1654 2212 1914 2282 Apostolo

331 2302 531 2357 dictum
574 2309 700 2356 est:
741 2299 845 2355 Per
883 2300 1190 2356 charitatem
1215 2303 1430 2372 spiritus
1463 2303 1648 2358 servite
1693 2303 1912 2358 invicem

333 2389 475 2463 (Gal.
506 2391 587 2464 v).

731 2482 760 2556 §
797 2483 880 2538 Ill.
919 2513 992 2524 —-—
1027 2483 1162 2538 Item
1211 2483 1350 2556 (cap.
1389 2484 1504 2556 15).

405 2573 670 2644 Interrog.
711 2574 740 2614 ιι
789 2572 849 2629 Si
883 2581 1100 2643 oportet
1140 2576 1394 2630 omnibus
1433 2576 1519 2631 vel
1577 2577 1912 2645 quibuscuu-

329 2680 437 2735 que
475 2663 737 2719 obedire?
757 2693 828 2704 -
851 2662 1009 2734 Resp.
1054 2663 1256 2719 Eorum
1280 2664 1500 2734 quidem
1531 2665 1624 2734 qui
1648 2666 1916 2735 imperant

333 2754 636 2812 dill'erentia
658 2753 747 2809 vel
771 2753 1061 2810 diversitas
1096 2770 1205 2810 non
1249 2755 1412 2810 debet
1445 2753 1465 2794 1
1496 2755 1761 2825 impedire
1786 2757 1917 2812 obe-

334 2846 594 2902 dientium
630 2845 939 2916 proposito;
971 2857 1012 2885 ιιι
1041 2846 1168 2916 quia
1199 2861 1377 2916 neque
1412 2846 1626 2919 Moyses
1655 2847 1926 2918 intempe-

337 2958 426 3028 qui
454 2957 524 3028 ob
550 2956 742 3012 vitium
788 2973 948 3013 suum
997 2957 1051 3012 in
1080 2957 1330 3012 ultimum
1361 2973 1457 3012 seu
1488 2956 1800 3028 inferiorem
1827 2958 1913 3014 lo-

337 3027 460 3082 cum
490 3027 862 3098 deturbantur,
888 3043 994 3081 non
1021 3039 1248 3098 possunt
1281 3028 1390 3082 dici
1416 3027 1627 3098 priores
1659 3044 1848 3084 eorum
1881 3045 1914 3084 a

342 3098 536 3169 quibus
560 3097 960 3169 praeceduntur.

407 3181 434 3209 II
473 3166 628 3221 Omni
645 3168 918 3222 charitate.
941 3167 1002 3223 In
1031 3169 1173 3225 Vict.
1192 3169 1323 3234 Ma.,
1338 3167 1469 3223 Cum
1481 3169 1622 3223 omisi
1635 3170 1908 3226 charitate.

412 3238 440 3278 δ
480 3235 778 3311 ζίρρειξὶιιιν.
810 3238 868 3292 In
903 3239 1038 3311 Vict.
1065 3257 1150 3311 p.,
1174 3239 1359 3311 Fuerit
1392 3247 1615 3310 reperta.

411 3317 434 3347 ε
475 3305 537 3392 Si
560 3305 678 3392 quis
709 3305 1092 3392 autemffatef.
1124 3310 1280 3392 Qirca
1309 3305 1457 3392 hanc
1481 3315 1910 3392 prostrationem

337 3378 454 3450 btet}
486 3377 796 3432 statuuntur
823 3393 840 3431 ι
868 3377 1007 3433 Add.
1034 3377 1266 3450 Capitul.
1314 3379 1452 3450 Ludi.
1479 3377 1637 3448 imp.,
1680 3380 1766 3432 tit.
1792 3379 1907 3432 l3:

343 3466 364 3502 σ
399 3447 472 3502 Ut
495 3462 617 3520 cu_m
662 3462 693 3520 a
724 3464 1046 3520 quocunque
1076 3447 1259 3520 priore
1297 3465 1395 3520 suo
1429 3447 1743 3520 increpatus
1787 3450 1912 3516 quis

335 3532 524 3573 eorum
550 3516 728 3584 fuerit,
745 3516 872 3573 'mea
895 3516 1050 3587 culpa
1079 3516 1272 3589 'primo
1307 3519 1492 3581 dicat;
1536 3517 1734 3589 deinde
1785 3533 1911 3587 pro-

336 3597 584 3644 sternens
621 3603 680 3642 se
719 3589 861 3642 illius
889 3587 1115 3657 pedibus
1154 3602 1277 3643 cum
1308 3601 1476 3657 cappa
1497 3626 1510 3650 ,
1556 3587 1603 3640 si
1636 3587 1908 3652 habuerit,

337 3658 550 3712 veniam
577 3665 745 3726 petat,
762 3665 828 3726 et
855 3655 981 3710 tunc
1003 3655 1228 3724 jubente
1254 3655 1436 3726 priore
1459 3664 1664 3725 surgat,
1695 3665 1747 3712 et
1768 3657 1911 3711 unde

336 3725 701 3795 interrogatus
751 3725 934 3790 fuerit,
986 3725 1265 3781 rationem
1303 3726 1583 3795 humiliter
1635 3727 1846 3780 reddat.
1884 3745 1904 3777 ι

334 3797 476 3852 Nota
509 3794 634 3866 quia
666 3810 727 3850 se
765 3810 872 3850 non
903 3795 1062 3866 debet
1089 3794 1577 3863 excusarejunior,
1609 3795 1712 3850 nisi
1745 3797 1912 3851 ratio-

337 3883 465 3923 nem
499 3865 667 3921 errati
709 3873 862 3935 petat
888 3865 1038 3935 prior
1063 3882 1159 3921 seu
1186 3867 1387 3921 senior.
1413 3866 1546 3920 Item
1578 3866 1630 3920 in
1661 3866 1910 3935 Epitome

333 3935 592 4006 Ludovici
637 3935 978 4004 imperatoris
1009 3952 1171 4006 super
1199 3936 1460 4006 Regulam
1500 3935 1558 3990 S.
1592 3936 1862 3990 Benedicti
1892 3955 1906 3990 :

341 4025 360 4058 ι
397 4006 454 4061 Si
483 4005 654 4077 frater
683 4006 996 4077 increpatur
1018 4021 1048 4060 a
1076 4005 1496 4077 inajore'priore
1519 4006 1906 4077 qualicunque,

336 4086 432 4132 aut
454 4077 522 4131 ab
549 4075 654 4148 alio
683 4075 942 4148 quolibet,
974 4085 1070 4132 aut
1091 4075 1240 4132 certe
1268 4091 1298 4130 a
1319 4077 1535 4148 juniore
1559 4076 1911 4148 reprehendi-

339 4157 427 4202 tur
453 4162 550 4216 pro
579 4147 682 4200 alia
713 4146 951 4217 qualibet
985 4163 1064 4213 re,
1107 4163 1231 4202 cum
1275 4146 1482 4202 summa
1511 4146 1797 4201 velocitate
1820 4161 1910 4200 ca-

337 4219 471 4288 dens
519 4217 731 4288 veniam
757 4217 992 4286 postulct
1037 4236 1050 4270 :
1083 4217 1213 4288 quia
1259 4218 1375 4272 haec
1411 4217 1602 4272 eadem
1631 4217 1911 4288 humilitas

335 4287 449 4342 Deo
494 4287 799 4351 exhibetur,
849 4303 953 4342 non
990 4286 1215 4355 homini,
1264 4289 1388 4342 etsi
1428 4300 1493 4341 ex
1517 4286 1682 4342 corde
1720 4287 1905 4354 fuerit,

335 4358 446 4411 cito
473 4357 858 4425 indulgentiam
888 4358 1203 4412 merebitur.
1241 4377 1260 4410 ι
1299 4357 1399 4413 Ubi
1422 4359 1648 4413 observa
1676 4358 1781 4412 hoc
1817 4358 1909 4412 de-

336 4437 488 4482 creto
515 4428 762 4498 statuiut
786 4427 950 4481 etiam
977 4430 1127 4497 prior
1153 4443 1247 4483 seu
1290 4428 1472 4483 senior
1499 4444 1530 4481 a
1567 4428 1782 4498 juniore
1825 4443 1910 4482 re-

335 4498 634 4620 ﬁrehensus
682 4497 737 4551 in
778 4506 978 4551 terram
1024 4505 1419 4568 prosternatur,
1470 4497 1614 4567 quod
1644 4505 1827 4551 tamen
1875 4512 1906 4550 a

387 4567 540 4620 ecula
569 4583 674 4620 non
710 4567 1098 4620 praescribitur.
1129 4569 1299 4620 Porro
1327 4583 1433 4620 non
1458 4569 1618 4620 modo
1646 4566 1817 4620 frater
1838 4569 1906 4620 ab

1939 3211 1984 3273 C

2013 1953 2265 2016 prompte
2314 1960 2376 2000 ac
2403 1945 2638 2000 libenter
2665 1946 2925 2000 debemus
2969 1945 3217 2014 accipere
3246 1951 3301 1998 et
3344 1940 3560 2011 explere
3584 1979 3602 2006 ,

2014 2035 2157 2104 quod
2194 2035 2398 2089 dictum
2441 2041 2526 2090 est
2557 2053 2569 2088 :
2620 2043 2644 2069 ο
2694 2033 3118 2104 Obtemperantes
3154 2032 3369 2085 invicem
3396 2031 3450 2082 in
3479 2030 3604 2082 cha-

2015 2125 2170 2178 ritate
2205 2123 2401 2178 Christi
2460 2124 2675 2197 (Ephes.
2726 2124 2824 2193 tv).
2882 2121 2978 2176 Sin
3036 2129 3220 2175 autem
3266 2119 3596 2174 contrarium

2015 2216 2218 2284 aliquid
2260 2216 2532 2271 mandatis
2570 2215 2688 2280 Dei,
2731 2213 2816 2267 vel
2850 2213 2994 2281 quod
3031 2227 3094 2266 ea
3139 2223 3488 2279 corrumpere
3515 2208 3602 2261 vi-

2016 2305 2209 2360 deatur
2238 2313 2329 2360 aut
2363 2305 2756 2367 contaminare,
2800 2301 2985 2356 facere
3020 2300 3277 2369 jubemur
3316 2310 3343 2348 P
3381 2299 3597 2368 aliquo,

2019 2401 2238 2462 tempus
2295 2402 2380 2447 est
2425 2408 2523 2447 nos
2561 2392 2784 2446 dicere:
2829 2387 3198 2458 Obtemperare
3247 2395 3444 2457 Oportet
3490 2385 3597 2443 Deo

2014 2484 2182 2552 magis
2222 2499 2380 2553 quam
2421 2482 2715 2536 hominibus
2745 2481 2882 2552 (Act.
2926 2479 3003 2551 v).
3043 2479 3108 2533 Et
3137 2494 3358 2532 rursum.
3401 2477 3597 2531 menti.

2015 2576 2166 2631 nisse
2191 2575 2400 2630 Domini
2449 2576 2680 2630 dicentis
2719 2593 2733 2629 :
2767 2586 2796 2625 (ι
2841 2573 3015 2628 Alieni
3058 2583 3234 2627 autem
3274 2588 3450 2626 vocem
3495 2587 3598 2627 non

2015 2680 2322 2740 sequuntur,
2354 2669 2444 2723 sed
2475 2669 2682 2739 fugiunt
2708 2668 2772 2722 ab
2813 2684 2893 2730 eo,
2927 2667 3176 2738 quoniam
3205 2665 3439 2718 nesciunt
3467 2662 3602 2718 alter

2026 2778 2215 2816 noram
2241 2778 2415 2816 vocem
2447 2760 2628 2832 (Joan.
2662 2759 2738 2832 x).
2772 2759 2878 2815 Sed
2909 2766 2963 2814 et
2997 2757 3171 2821 sancti
3211 2755 3438 2825 apostoli
3477 2770 3595 2810 meo

2017 2864 2199 2905 mores
2227 2865 2346 2905 esse
2376 2850 2654 2915 debemus,
2687 2849 2780 2919 qui
2817 2848 2884 2902 ad
2915 2856 3160 2903 nostram
3200 2844 3467 2900 cautelam
3504 2859 3601 2897 au-

2096 2962 2112 3001 i
2161 2959 2436 3026 Quomodo
2486 2959 2727 3014 invicem.
2772 2959 3013 3014 Habetur
3037 2957 3177 3026 apud
3209 2955 3267 3010 S.
3299 2955 3597 3026 Basiliam.

2018 3024 2207 3086 interr.
2245 3030 2346 3085 115
2372 3028 2561 3098 Regul.
2601 3031 2776 3093 brev.,
2809 3038 2864 3083 et
2893 3029 3032 3098 apud
3059 3024 3335 3098 Rufinum,
3359 3041 3477 3095 cap.
3505 3024 3596 3078 42.

2093 3097 2108 3150 i
2158 3099 2405 3170 Magnus.
2453 3097 2523 3154 Ut
2548 3101 2689 3168 apud
2725 3097 3055 3170 llaymohem
3102 3097 3598 3170 llahierstatensem

2019 3169 2144 3226 loco
2178 3165 2358 3241 supra
2394 3165 2595 3241 citato,
2614 3179 2668 3224 et
2695 3171 2750 3223 in
2781 3165 2932 3223 textu
2963 3167 3153 3241 Graeco
3178 3165 3474 3241 Evangelii,
3500 3165 3592 3233 μέ-

2081 3263 2132 3306 ς,
2173 3240 2228 3294 in
2254 3236 2490 3311 'vuigata
2534 3240 3013 3311 interpretatione,
3023 3238 3230 3311 major,
3280 3236 3372 3291 hic
3412 3245 3596 3289 autem

2081 3263 2132 3306 ς,
2173 3263 2228 3294 ιιι
2278 3263 2490 3311 vulgata
2536 3263 2998 3310 unerprcwuuuc,
3029 3263 3115 3308 mit

2012 3263 2165 3365 ﬁcus
2199 3319 2479 3366 contracte
2511 3310 2712 3363 citatur
2741 3325 2770 3363 a
2803 3308 2862 3364 8.
2895 3308 3115 3363 Basilio.

2087 3381 2113 3419 ι
2157 3380 2218 3434 Si
2249 3388 2467 3449 oportet.
2523 3379 2790 3449 Habetur_
2812 3379 2954 3449 apud
2999 3377 3055 3431 S.
3085 3375 3591 3449 Basilittm,_interr.

2014 3449 2116 3502 ll/t
2143 3445 2477 3518 Reg.'brcv.,
2514 3456 2570 3501 et
2594 3448 2732 3515 apud
2760 3445 3038 3509 Ruﬁnum,
3071 3445 3317 3518 capuli.
3352 3445 3450 3518 llic
3499 3458 3596 3495 au-

2013 3527 2123 3573 tem
2153 3513 2340 3572 titulus
2361 3513 2697 3572 contractior
2723 3524 2808 3570 est
2831 3529 2991 3584 quam
3019 3516 3158 3584 apud
3188 3513 3244 3567 S.
3275 3513 3555 3584 Basiliam.

2088 3587 2106 3625 ι
2134 3587 2390 3658 Impedite
2409 3585 2759 3658 obedientium
2786 3583 3072 3658 proposito.
3101 3583 3384 3658 Impedire,
3410 3583 3464 3635 id
3490 3589 3596 3658 est,

2011 3651 2231 3740 nocere,
2254 3656 2404 3740 _unde
2431 3657 2665 3740 intexta
2691 3651 2893 3710 Graeco
2911 3653 3108 3724 legitur
3135 3653 3310 3725 ὀφείλει
3335 3651 3602 3736 παραελᾲ-

2009 3748 2175 3792 πτειν,
2218 3727 2270 3780 id
2298 3734 2396 3788 est,
2429 3726 2587 3780 debet
2615 3740 2832 3779 nocere.
3561 3731 3565 3736 ·

2083 3809 2124 3836 ιιι
2165 3795 2302 3862 Quia
2333 3811 2494 3866 neque
2519 3793 2728 3866 Moyses
2755 3796 3127 3866 intemperans.
3156 3793 3231 3847 ita
3263 3790 3413 3866 apud
3447 3789 3599 3846 Ruﬁ-

2008 3882 2160 3921 num.
2186 3859 2303 3921 Sed
2349 3859 2510 3936 lege;
2560 3859 3113 3936 (lnobtemperanspid
3166 3859 3345 3936 textus
3375 3859 3598 3936 Gra’cus

2008 3941 2324 4006 παρήκουσε,
2361 3929 2504 4006 quod
2553 3935 2696 3990 idem
2712 3929 2905 4006 ~sonat,
2933 3941 3006 4006 _et
3046 3932 3271 4006 historia
3299 3929 3594 4006 postulant.

2009 3989 2339 4061 E't‘n'otanda
2367 3989 2453 4061 ést
2473 3989 2686 4059 summa
2709 3989 2909 4074 Moysis
2932 3989 3355 4070 humilitas,qui,
3380 3999 3598 4074 etiamsi

2010 4092 2132 4131 cum
2167 4076 2278 4130 Deo
2304 4075 2444 4130 facie
2470 4077 2537 4130 ad
2569 4074 2763 4128 faciem
2790 4069 3121 4142 loqueretur,
3151 4069 3468 4142 nontamen
3500 4069 3598 4122 ho~

2010 4147 2174 4201 minis
2192 4147 2458 4217 peregrini
2482 4145 2770 4217 consilium
2799 4141 3122 4217 aspernatus
3144 4151 3226 4197 est
3253 4158 3268 4208 ;
3295 4149 3357 4195 ut
3377 4141 3592 4193 discant

2011 4212 2256 4271 rectores
2289 4212 2511 4271 suorum
2541 4214 2769 4270 consilia
2796 4212 3112 4268 inferiorum
3145 4229 3251 4266 non
3275 4222 3554 4281 spernere.

2083 4297 2129 4410 nr
2147 4286 2588 4341 Commotionum.
2621 4285 2784 4358 Lege,
2821 4279 3318 4346 commonitionum,
3349 4287 3410 4335 ut
3453 4279 3592 4349 apud

2083 4374 2091 4410 l
2117 4372 2286 4410 mum.

2009 4357 2286 4412 Rufinum.

2086 4435 2112 4462 ο
2152 4426 2579 4496 Oblemperantes
2604 4425 2822 4479 invicem
2850 4425 2905 4478 in
2931 4423 3204 4496 charitate.
3231 4419 3311 4474 Ad
3339 4420 3474 4489 Eph.
3516 4431 3590 4496 tv.

2013 4496 2092 4568 [ta
2121 4498 2261 4568 apud
2283 4491 2560 4568 Ruﬁnum.
2589 4495 3021 4568 Nihilomin‘usin
3041 4491 3286 4568 versione
3303 4491 3594 4568 communi,

387 4567 540 4635 egula
569 4583 674 4622 non
710 4555 1098 4638 praescribitur.
1129 4569 1299 4624 Porro
1327 4555 1433 4622 non
1458 4555 1618 4622 modo
1646 4566 1817 4638 frater
1838 4569 1906 4621 ab
1934 4561 1983 4620 D
2011 4555 2394 4638 Suppbrtantes
2415 4567 2634 4638 invicem
2663 4565 2717 4616 in
2744 4563 3018 4638 charitate,
3039 4559 3190 4638 juxta
3212 4567 3425 4638 textum
3445 4555 3594 4610 Grae-

335 4638 528 4692 abbate
553 4653 652 4691 suo
679 4637 773 4691 aut
802 4641 1110 4707 praeposito,
1160 4640 1255 4693 sed
1295 4638 1459 4707 etiam
1496 4652 1526 4690 a
1569 4637 1904 4707 quibuscun-

333 4723 440 4776 que
467 4707 740 4776 prioribus
764 4706 821 4764 et
855 4706 1157 4764 senioribus
1201 4707 1318 4762 suis
1355 4706 1670 4777 objurgatus
1698 4721 1756 4777 se
1790 4706 1908 4777 ejus

333 4775 564 4852 pedibus
605 4779 924 4852 provolvere
953 4779 1132 4842 debet,
1161 4786 1221 4832 ut
1267 4793 1334 4832 ex
1363 4775 1546 4852 verbis
1572 4775 1909 4852 .Regulze’li-

335 4845 498 4915 Quido
530 4845 744 4918 constat
773 4866 785 4901 :
824 4845 917 4901 Vel
952 4864 1316 4918 arquocunque
1343 4848 1517 4917 priore
1563 4845 1658 4918 suo
1689 4846 1909 4918 corripi-

334 4926 424 4971 tur
449 4917 675 4987 quolibet
706 4917 876 4980 modo,
927 4917 1004 4972 vel
1025 4916 1205 4972 leviter
1227 4916 1443 4987 senserit
1482 4917 1690 4987 animos
1715 4916 1906 4987 prioris

336 4985 690 5058 cujuscunque
718 4998 899 5042 contra
945 5005 999 5042 se
1043 4988 1226 5040 iratos.
1272 4985 1462 5058 Neque
1505 4985 1909 5058 enimbasede

376 5054 642 5128 rinposito,
677 5059 769 5128 qui
793 5058 954 5128 vulgo
981 5058 1178 5128 dicitur
1203 5054 1905 5128 prior,—possuntjntelligi.

335 5072 642 5181 nrmposuo,
677 5075 769 5128 qui
793 5072 954 5128 vulgo
981 5072 1178 5113 dicitur
1203 5072 1373 5126 prior,
1402 5072 1630 5126 possunt
1659 5072 1905 5126 Intelllgl.

387 5136 673 5199 :ecgautem
721 5128 979 5199 praclara
1008 5135 1090 5183 est
1140 5125 1431 5199 institutio,
1461 5125 1586 5199 quia
1629 5122 1908 5193 juniorum

336 5197 690 5278 petulantiam
705 5195 1091 5278 .fcomprimit,“
1115 5197 1208 5278 qui
1247 5197 1338 5278 ubi
1352 5195 1626 5278 “seniores
1652 5209 1911 5264 spernere

337 5266 640 5347 cmpenrunt,
669 5269 778 5347 cito
802 5283 832 5321 a
853 5266 967 5347 vita
987 5266 1247 5347 _religigsa
1277 5266 1552 5347 deﬁciunt.

409 5336 440 5378 ἀ
477 5336 670 5392 Causa.
701 5338 758 5393 ld
784 5345 883 5401 est,
915 5337 1090 5407 culpa.
1129 5336 1258 5407 Vide
1279 5336 1531 5407 superius
1560 5340 1766 5407 notata.

371 5477 382 5489 ~
415 5419 439 5447 ο
477 5407 714 5529 intimos.
771 5407 852 5462 Ita
899 5407 954 5460 in
983 5403 1104 5462 cod.
1156 5404 1214 5460 S.
1263 5403 1450 5461 Germ.
1484 5420 1618 5470 ma.,
1651 5404 1810 5474 vulgo
1855 5403 1910 5458 in

371 5492 496 5529 man
555 5493 618 5529 r1.

337 5492 618 5532 διηαηωινι.

308 5610 309 5613 η
337 5493 866 5602 8l"tgulliile'riledictione.
902 5548 962 5603 ld
988 5553 1091 5611 est,
1137 5546 1278 5600 bona
1309 5545 1638 5615 precatione,
1674 5543 1804 5615 utsi
1831 5542 1916 5598 di-

337 5626 429 5673 cat
455 5617 636 5672 senior
667 5633 681 5670 :
709 5616 990 5672 Benedicat
1014 5627 1062 5672 te
1082 5616 1243 5680 Deus,
1286 5613 1371 5669 vel
1401 5615 1544 5684 quod
1571 5613 1768 5684 simile.

414 5690 441 5729 ὅ
477 5686 584 5741 Illa
614 5690 909 5742 commotio.
938 5689 995 5742 ln
1021 5687 1140 5742 cod.
1169 5687 1304 5739 Vict.
1346 5701 1399 5755 p.
1422 5683 1583 5740 deest
1609 5687 1667 5739 τὸ
1690 5683 1804 5737 illa.

413 5759 438 5798 b
483 5757 812 5828 Expellatur.
861 5757 1132 5816 Adhibitis
1179 5755 1430 5813 omnibus
1480 5755 1548 5812 iis
1592 5769 1712 5825 quae
1753 5767 1913 5824 supra

344 5836 541 5885 statuta
567 5837 707 5885 sunt.

2009 4631 2133 4691 culti
2157 4635 2440 4705 Apostolii:
2479 4635 2781 4705 ἀνεχόμινρι
2809 4632 3026 4691 ἀλλήλων
3056 4634 3105 4686 ἐν
3128 4631 3324 4702 ἀγάπῃ.

2085 4715 2112 4754 P
2150 4702 2360 4774 Aliquo.
2402 4702 2659 4774 Legc,"ab
2689 4702 2887 4773 aliqua.

2083 4784 2112 4823 (ι
2140 4763 2311 4846 Alieni
2337 4763 2512 4846 autem
2531 4763 2704 4846 vocem
2729 4763 2828 4826 non
2843 4779 3146 4846 sequuntur.
3160 4768 3236 4822 lta
3265 4763 3591 4846 apud-Ruﬁ;

2015 4858 2143 4897 nam
2192 4842 2246 4895 in
2275 4843 2493 4914 vulgata
2543 4835 2985 4916 interpretatione
3015 4839 3254 4916 _Joan..x
3297 4835 3315 4891 Ξ
3353 4835 3594 4916 έίίςζιυηι

2017 4923 2190 4984 autem
2218 4928 2322 4965 non
2349 4905 2654 4984 sEquuntur.
2686 4905 2784 4965 llis
2809 4920 2987 4984 autem
3015 4909 3151 4984 locis
3172 4907 3328 4984 docet
3359 4907 3416 4960 S.
3446 4905 3592 4959 Basi-

2015 4983 2119 5037 lius
2153 4997 2261 5036 non
2293 4978 2426 5038 esse
2439 4982 2917 5050 obtemperandum
2937 4978 3451 5050 przecipientibusea
3473 4990 3592 5050 qua:

2015 5069 2138 5108 cum
2162 5052 2286 5133 lege
2323 5053 2505 5106 divina
2541 5045 2809 5133 pugnant.
2827 5045 3034 5133 itaque-
3147 5049 3325 5133 videat
3367 5045 3590 5133 inferior

2014 5115 2330 5177 mandatum
2375 5115 2669 5192 superioris
2696 5115 2990 5192 manifest—e7
3022 5119 3121 5190 legi
3166 5117 3363 5171 divina:
3409 5115 3592 5170 adver-

2017 5193 2148 5255 sari,
2181 5206 2283 5246 nec
2327 5191 2562 5256 tenetur,
2610 5207 2710 5246 nec
2739 5191 2901 5245 debet
2944 5191 3316 5258 obtemperare
3357 5203 3371 5240 :
3419 5199 3591 5252 neque

2021 5263 2183 5335 etiam
2215 5261 2340 5314 talia
2368 5261 2623 5335 imperari
2667 5261 2884 5335 debent.
2916 5260 3043 5335 Etsi
3064 5257 3228 5335 Mulio
3268 5257 3592 5335 imperatum

2019 5332 2260 5401 legamus
2292 5339 2351 5401 ut
2381 5324 2572 5397 lilium,
2601 5337 2656 5385 et
2681 5329 2837 5384 alteri
2864 5337 2923 5384 ut
2949 5345 3007 5401 se
3031 5330 3084 5382 in
3127 5324 3401 5401 ardentem
3429 5324 3594 5378 cliba-

2018 5396 2148 5456 ntim
2191 5396 2747 5470 projicerent,ipsosg
2772 5413 2903 5453 vero
2953 5398 3095 5470 sine
3117 5412 3268 5470 mora
3317 5396 3592 5470 obtempe-

2021 5462 2384 5542 rasse-(Cass.
2414 5462 2617 5542 Ιὶὺηἰί
2630 5471 2694 5524 de
2719 5468 2915 5542 Instit.,
2957 5485 3002 5521 c.
3026 5467 3126 5542 2];
3174 5465 3410 5542 Severus
3432 5462 3589 5542 Sulp.

2018 5541 2057 5594 ι.
2107 5556 2122 5594 l
2149 5533 2293 5592 Dial.
2315 5580 2330 5605 ,
2365 5558 2480 5610 cap.
2512 5541 2624 5610 l5),
2649 5549 2704 5595 et
2724 5541 2983 5610 quadam
3007 5537 3118 5610 alia
3143 5535 3338 5592 similia
3344 5550 3370 5610 _;
3397 5533 3479 5610 lite
3511 5540 3592 5610 t_a-

1979 5648 1986 5659 .
2015 5627 2142 5666 men
2167 5601 2348 5678 potius
2374 5601 2689 5666 admiranda
2710 5601 2872 5678 quam
2896 5608 3174 5671 imitanda,
3210 5621 3309 5678 nec
3339 5601 3585 5658 facienda

2020 5682 2124 5736 nisi
2145 5676 2210 5752 ex
2235 5680 2495 5752 peculiari
2516 5687 2665 5752 motu
2686 5676 3126 5752 Spiritus‘sancti,
3144 5676 3233 5752 qui
3256 5691 3323 5752 ne
3339 5686 3587 5752 sequere-

2019 5761 2110 5804 tur
2147 5745 2514 5815 homicidium,
2566 5745 2826 5804 miracula
2871 5748 3081 5803 edidit:
3125 5745 3324 5803 alioqui
3365 5745 3590 5799 homici-

2022 5822 2165 5877 dium
2191 5835 2289 5876 nec
2309 5821 2702 5892 imperandum,
2733 5835 2831 5876 nec
2851 5818 3193 5896 faciendum._
