4014 6186
439 368 570 424 I371

1440 364 1500 422 S.
1537 363 1898 420 BENEDICTI
1936 357 2230 416 ABBA'I'IS
2266 355 2681 414 ANIANENSIS

3571 355 3740 412 i573

439 499 534 542 sus
559 491 643 540 est
669 499 736 539 ue
766 481 970 554 angelis
1009 481 1226 552 quidem
1273 496 1503 552 parcere
1535 482 1727 538 dicens
1753 499 1766 535 :
1797 479 2025 534 Etiamsi
2056 485 2101 542 Α
2131 490 2263 532 vero
2288 467 2665 530 indifferenter
2689 472 3053 539 contristavit,
3079 473 3133 528 id
3162 481 3266 541 est,
3292 488 3398 529 non
3423 476 3743 530 secundum

438 574 655 646 angelus
719 575 784 629 de
854 573 980 628 calo
1047 571 1480 643 evangelisaverit
1552 574 1695 628 vobis
1725 613 1743 639 ,
1818 581 2035 644 praeter-

435 679 596 733 quam
657 663 799 735 quod
871 663 1294 734 evangelizamus
1358 665 1500 719 vobis
1545 706 1560 731 ,
1625 665 1909 719 anathema
1968 664 2036 716 sit

439 755 588 830 (Gal.
620 757 682 829 l).
720 757 799 811 Ex
851 773 960 828 quo
1006 759 1301 813 edocemur
1326 765 1386 812 ut
1429 757 1648 812 etiamsi
1681 756 1841 811 valde
1885 755 2038 810 vobis

440 847 644 901 charus
676 846 748 901 sit
789 846 1007 917 aliquis,
1041 848 1258 903 etiamsi
1290 848 1613 919 magnificus
1656 849 1949 913 habeatur,
1981 855 2035 902 et

438 936 493 990 in
525 935 889 992 admiratione
918 939 991 992 sit
1032 939 1269 1008 positus,
1316 939 1410 1007 qui
1439 939 1693 1008 prohibet
1722 952 1822 992 nos
1854 937 2036 993 facere

436 1027 584 1096 quod
613 1043 643 1082 a
676 1027 908 1083 Domino
928 1037 1264 1098 praeceptum
1294 1037 1378 1084 est
1407 1047 1421 1084 :
1454 1029 1539 1084 vel
1565 1045 1785 1085 rursum
1805 1030 2038 1098 imperat

439 1117 559 1170 fieri
581 1118 727 1186 quod
748 1118 1010 1172 Dominus
1029 1119 1331 1189 prohibuit,
1358 1119 1714 1176 exsecrabilis
1735 1121 1897 1176 debet
1915 1135 2038 1175 esse

444 1207 539 1276 qui
562 1205 828 1276 ejusmodi
857 1216 940 1263 est
969 1209 1222 1265 omnibus
1249 1211 1340 1279 qui
1367 1211 1600 1282 diligunt
1628 1210 1936 1266 Dominum.

831 1299 859 1372 §
896 1299 984 1354 IV.
1025 1331 1097 1341 —-
1131 1300 1266 1356 Item
1307 1301 1445 1374 (cap.
1481 1301 1574 1374 23)
1603 1315 1652 1356 α.

514 1390 674 1459 Quali
716 1391 912 1447 affectu
959 1393 1045 1448 vel
1087 1394 1233 1463 quali
1279 1410 1445 1450 sensu
1491 1402 1710 1467 oportet
1752 1395 2037 1465 increpare

450 1499 572 1540 eum
605 1484 699 1555 qui
728 1485 999 1554 increpat,
1031 1494 1140 1542 etc.

836 1575 863 1648 §
905 1577 966 1632 V.
1001 1607 1072 1617 —
1109 1576 1245 1632 Item
1284 1578 1423 1652 (cap.
1470 1577 1562 1650 24)
1599 1579 1650 1632 ι’.

515 1667 672 1735 Quali
727 1667 923 1725 aifectu
981 1671 1105 1739 quis
1160 1671 1321 1727 debet
1391 1671 1670 1743 suscipere
1735 1669 2035 1742 correptio-

444 1774 595 1825 ncm,
625 1769 731 1816 etc.

871 1851 900 1925 §
940 1853 1103 1908 V’I.—
1140 1853 1275 1909 Item
1317 1853 1453 1926 (cap.
1490 1854 1604 1926 25).

526 1946 785 2017 Interrog.
831 1958 852 1985 σε
878 1946 978 2014 Qui
1025 1948 1273 2002 tristatur
1300 1948 1562 2004 adversus
1583 1963 1707 2003 eum
1740 1947 1833 2017 qui
1863 1962 1922 2003 se
1952 1947 2034 2002 in-

452 2044 663 2108 crepat,
694 2037 870 2107 qualis
900 2037 1019 2092 est?
1040 2068 1113 2078 —
1135 2037 1296 2108 Resp.
1329 2037 1517 2108 Neque
1554 2038 1862 2108 periculum
1913 2055 2039 2109 pec-

451 2127 558 2182 cati
591 2127 815 2197 agnovit
841 2128 963 2192 iste,
989 2128 1226 2183 maxime
1258 2130 1324 2183 ad
1370 2129 1560 2192 Deum,
1609 2141 1786 2199 neque
1824 2129 2036 2186 lucrum

453 2217 818 2289 paenitentiae;
850 2235 952 2276 uec
981 2220 1212 2276 credidit
1249 2219 1327 2274 illi
1375 2222 1470 2292 qui
1497 2220 1634 2276 dixit
1663 2236 1678 2276 :
1713 2220 1877 2288 Quia,
1897 2221 1923 2261 ά
1948 2225 2038 2294 qui

451 2307 644 2380 diligit,
676 2309 955 2380 diligenter
983 2312 1199 2382 corripit
1227 2311 1410 2384 (Prov.
1441 2311 1566 2383 xm)
1590 2330 1605 2378 ;
1653 2314 1750 2369 sed
1777 2329 1837 2370 se
1863 2315 2038 2384 ipsum

458 2397 696 2453 alienum
727 2398 857 2455 facit
878 2400 945 2454 ab
988 2399 1078 2454 illa
1114 2400 1373 2467 utilitate,
1405 2401 1589 2458 dicens
1619 2421 1631 2456 :
1663 2399 1923 2473 Corripiet
1959 2421 2041 2461 me

447 2488 627 2558 justus
657 2490 713 2544 in
734 2491 1118 2558 misericordia,
1139 2501 1187 2546 et
1207 2494 1494 2564 increpabit
1517 2509 1598 2548 me
1625 2491 1798 2566 (Psal.
1825 2495 1912 2567 x);
1945 2496 2042 2551 sed

453 2586 508 2632 et
529 2577 596 2632 ad
617 2576 894 2634 laisionem
929 2587 1252 2637 ceterorum
1300 2581 1402 2638 iste
1428 2582 1554 2639 talis
1583 2593 1872 2654 permanet
1897 2586 2042 2640 inter

456 2669 676 2735 fratres,
705 2670 930 2726 resolvit
958 2673 1105 2728 enim
1145 2680 1203 2730 et
1227 2673 1453 2744 impedit
1479 2675 1691 2732 animos
1738 2691 1925 2732 eorum
1948 2678 2041 2753 qui

457 2769 686 2832 possunt
707 2762 996 2834 proficere.

885 2855 913 2927 ᾗ
946 2856 1053 2912 VII.
1087 2889 1158 2898 —
1184 2856 1316 2913 Item
1345 2859 1484 2930 (cap.
1514 2859 1624 2931 I5).

531 2943 791 3016 lnterrog.
816 2958 854 3015 ,ο
884 2946 1242 3004 Pmnitentem
1288 2964 1356 3004 ex
1383 2951 1546 3006 corde
1592 2953 1862 3020 quomodo
1886 2968 2046 3024 opor-

459 3041 535 3087 tet
565 3035 802 3105 suscipi?
836 3068 908 3077 —
935 3036 1088 3109 Resp.
1143 3039 1296 3094 Sicut
1319 3039 1578 3096 Dominus
1603 3043 1881 3108 ostendit,
1921 3059 2046 3100 cum

459 3121 627 3178 dicit:
662 3122 802 3190 Quia
830 3137 1075 3182 convocat
1105 3130 1303 3184 amicos
1326 3139 1373 3184 et
1421 3131 1618 3187 vicinos
1646 3131 1868 3187 dicens:
1901 3132 2044 3189 Cort-

447 3212 802 3284 gratulamini
837 3217 988 3282 mihi,
1037 3218 1163 3288 quia
1217 3219 1389 3273 inveni
1436 3237 1581 3275 ovem
1630 3238 1802 3277 meam
1827 3263 1842 3290 ,
1886 3239 2046 3296 quam
2071 3211 2118 3275 C

445 3302 788 3376 ~perdideram
819 3303 970 3377 (Luc.
1004 3303 1119 3377 xv).

864 3396 892 3470 §
933 3397 1063 3455 VIII.
1093 3431 1164 3440 —
1187 3397 1325 3456 Item
1355 3400 1494 3472 (cap.
1523 3401 1640 3472 72).

536 3483 800 3558 Interrog.
833 3487 854 3526 ί
887 3487 945 3542 Si
975 3488 1146 3544 frater
1173 3489 1395 3546 fratrem
1425 3493 1868 3562 contristaverit,
1911 3511 2050 3566 quo-

452 3577 624 3633 modo
660 3578 822 3634 debet
867 3581 1182 3636 emendari?
1209 3612 1281 3622 -—
1302 3581 1456 3653 Resp.
1512 3582 1569 3638 Si
1603 3585 1821 3655 quidem
1855 3586 2052 3640 mntri-

461 3669 710 3735 staverit,
728 3671 870 3725 sicut
884 3671 1174 3742 Apostolus
1198 3673 1348 3739 dicit,
1369 3675 1394 3714 8
1415 3671 1725 3730 Conlristati
1747 3677 1882 3730 enim
1901 3677 2047 3743 estis,

461 3767 520 3814 ut
540 3760 595 3813 in
627 3758 772 3815 nullo
793 3760 1161 3836 detrimentum
1177 3763 1206 3802 ιι
1227 3764 1535 3834 pateremini
1560 3782 1625 3820 ea:
1648 3766 1794 3820 nobis
1820 3765 1906 3839 (II
1921 3765 2044 3822 Cor.

462 3849 585 3922 vn).
617 3849 734 3904 Non
763 3850 854 3906 ille
901 3852 993 3921 qui
1045 3853 1388 3909 contristavit
1433 3855 1712 3910 emendari
1741 3856 1923 3922 debet,
1954 3857 2049 3912 sed

463 3939 554 3996 ille
581 3940 673 4012 qui
699 3941 1055 3999 contristatus
1085 3952 1169 4000 est
1189 3985 1204 4010 ,
1241 3944 1255 3984 ί
1285 3943 1406 4017 [et]
1436 3945 1635 4001 indicia
1666 3945 1784 4018 ejus
1815 3947 2049 4004 tristitiae

465 4047 586 4103 qua:
611 4035 908 4091 secundum
933 4037 1222 4092 Dominum
1261 4046 1379 4104 est,
1423 4038 1584 4096 debet
1637 4039 1946 4097 ostendere.
1990 4039 2048 4096 Si

1185 4168 1274 4223 22.

536 4239 566 4275 ι’
607 4239 741 4290 Vide
765 4251 950 4306 supra,
981 4252 1029 4292 c.
1057 4239 1112 4302 5,
1142 4239 1287 4309 §25.

535 4315 557 4343 ε
590 4304 713 4378 Qui
732 4307 994 4378 tristatur.
1031 4306 1322 4377 Reperitur
1350 4311 1491 4378 apud
1533 4310 1591 4364 S.
1619 4308 1879 4367 Basilium
1900 4351 1915 4376 ,
1964 4311 2048 4366 in-

461 4376 797 4499 ιὲἒῗιοξὲιὸθ
824 4377 1012 4448 Regul.
1058 4376 1238 4446 brev.,
1269 4387 1325 4434 et
1363 4376 1505 4453 apud
1551 4380 1808 4437 Rufinum
1857 4383 2047 4437 eodem

537 4177 562 4237 9
606 4165 741 4237 Yide
768 4181 931 4237 supra
961 4183 1010 4223 c.
1049 4167 1103 4232 5,

535 4235 566 4275 ι»
606 4234 741 4306 _Vide
765 4234 950 4306 supra,
981 4252 1029 4292 c.
1057 4237 1112 4302 5,

737 4516 907 4588 diligit
928 4517 1270 4614 ἶΓιίἕξξμξηεει·
1307 4519 1544 4602 corripit.
1590 4518 1766 4614 Proh
1787 4520 2044 4614 νεικεῖ,ραὶ
2069 4554 2122 4614 D

464 4587 633 4672 parcit
658 4587 816 4672 virga:
834 4629 849 4653 ,
887 4587 1194 4672 odit'ﬁlium
1219 4606 1404 4672 suum;
1426 4587 1526 4672 qui
1545 4609 1650 4646 non
1671 4587 2040 4672 diligitﬂillum,

464 4655 753 4732 diligenter
769 4659 960 4732 erudit.
1002 4655 1061 4712 In
1104 4660 1281 4732 parvis
1323 4655 1511 4716 Bibliis
1539 4678 1670 4718 mss.
1723 4655 1788 4718 δῖ
1818 4655 2039 4732 Germ,

464 4726 720 4780 instanter
747 4729 935 4782 erudit.

541 4807 564 4872 9
591 4794 927 4872 Paenitentiam
963 4813 1028 4872 ea:
1061 4797 1236 4872 corde.
1271 4798 1520 4855 Invenire
1543 4809 1634 4872 est
1679 4802 1820 4872 apud
1851 4801 1909 4858 S.
1942 4803 2047 4860 Ba-

461 4866 665 4944 silium,
697 4867 856 4944 inter.
888 4868 922 4924 8
966 4867 1098 4939 Reg.
1127 4869 1302 4944 bre_v.,
1335 4877 1392 4924 et
1418 4871 1556 4944 apud
1578 4866 1874 4944 Rufinum,
1921 4889 2042 4944 cap.

461 4937 557 5002 24,
581 4938 720 5022 apud
755 4937 1069 5022 quem.est,'
1094 4939 1411 5022 panitentes.
1440 4937 1545 4996 Sed
1576 4942 1628 5022 in
1677 4958 1781 4997 ms.
1823 4937 2042 5017 legitur,

461 5008 814 5080 pmnitentem,
831 5017 888 5064 ut
920 5011 973 5064 in
999 5017 1146 5064 textu
1173 5008 1362 5065 Graeco
1389 5019 1741 5084 μιτανοοῦντα.
1876 5008 1904 5017 ⁷
2030 5008 2034 5009 ν

467 5147 500 5160 ﬁ
547 5073 882 5160 (“Siufrater
926 5080 1588 5160 fratremzcgntristaverit.
1620 5081 1874 5160 [labetur
1908 5084 2050 5154 apud

465 5146 840 5273 S.DB:;s?i’lium,
868 5146 1060 5206 interr.
1109 5148 1179 5204 40
1208 5149 1434 5221 Regul.,
1480 5157 1534 5206 et
1562 5151 1704 5222 apud
1755 5146 2048 5222 Rufinum,

465 5235 527 5273 ca
573 5257 588 5271 .
695 5259 711 5273 .
843 5269 846 5273 .

465 5235 588 5274 ραι).
620 5235 711 5273 40.
843 5269 846 5273 .

533 5234 905 5364 ἓοὸιέινὶεςὰεί
926 5289 1064 5344 enim
1090 5288 1232 5364 estis.
1259 5287 1338 5344 Ita
1364 5289 1505 5364 apud
1539 5290 1794 5364 Rufinum
1824 5309 1838 5347 :
1869 5293 2052 5364 sequi-

469 5367 558 5413 tur
582 5367 762 5414 tamen
784 5431 792 5434 _
811 5361 866 5416 in
915 5369 1066 5434 textu
1114 5359 1305 5416 Grmco
1353 5358 1596 5430 Apostoli
1623 5380 1638 5416 :
1664 5358 1801 5420 κατὰ
1825 5358 1970 5434 est»;
1999 5365 2054 5421 id

467 5437 573 5494 est,
599 5431 883 5484 secundum
915 5429 1101 5484 Deum.

541 5500 568 5573 lg
609 5498 952 5573 Pateremini.
981 5499 1142 5573 Lege,
1165 5500 1464 5571 patiamini,
1495 5501 1570 5556 ita
1594 5502 1737 5573 apud
1762 5500 2046 5571 Rufinum,

469 5575 526 5620 et
549 5567 993 5650 interpretatione
1021 5567 1254 5650 vulgata.

547 5636 565 5676 ί
596 5636 664 5689 Et
692 5636 909 5694 indicia.
945 5636 1216 5696 Partic'ula
1245 5651 1292 5694 et
1321 5643 1604 5698 redundat.

550 5715 561 5747 I
612 5705 678 5758 Et
708 5708 836 5782 vade
859 5710 1004 5776 prius
1036 5710 1378 5782 reconciliari.
1405 5715 1478 5768 lla
1502 5713 1640 5782 apud
1655 5712 1928 5776 Rufinum,
1953 5714 2047 5769 sed

473 5783 589 5848 lege
617 5789 669 5829 et
695 5777 964 5847 distingue
993 5799 1003 5833 :
1030 5779 1096 5833 Et
1128 5780 1253 5834 vade
1297 5784 1459 5852 prius,
1491 5777 1859 5853 reconciliare;
1885 5785 1959 5842 ita
1992 5786 2046 5841 in

2140 569 2335 633 Deum,
2351 583 2561 625 memor
2575 569 2647 624 sit
2670 569 2715 624 is
2733 569 2824 639 qui
2842 569 3178 624 contristavit
3193 568 3438 640 Apostoli
3454 571 3705 626 dicentis
3723 588 3741 626 :

2137 661 2197 716 Si
2211 671 2383 716 autem
2397 669 2608 732 propter
2619 677 2789 715 escam
2803 661 2970 730 frater
2981 668 3101 713 tuus
3117 661 3478 726 contristatur,
3487 661 3609 730 jam
3625 677 3747 716 non

2137 752 2425 812 secundum
2463 752 2774 806 chantatem
2803 749 3043 806 ambulas
3058 749 3236 822 (Rom.
3253 752 3389 820 xlv).
3404 750 3473 805 Et
3487 767 3614 806 cum
3639 767 3750 807 co-

2135 842 2387 915 gnoverit
2410 841 2516 898 tale
2541 841 2795 897 delictum
2825 855 2946 896 esse
2971 855 3148 904 suum,
3177 841 3400 910 impleat
3430 839 3565 895 illud
3588 843 3746 911 quod

2138 946 2170 986 a
2208 930 2436 986 Domino
2475 930 2679 985 dictum
2706 938 2829 984 est:
2861 927 2919 982 Si
2957 928 3116 998 offers
3142 944 3334 983 munus
3383 938 3538 983 tuum
3567 929 3637 983 ad
3660 931 3744 982 at-

2137 1029 2267 1083 tare,
2299 1028 2347 1074 et
2373 1018 2682 1074 recordatus
2709 1018 2873 1088 fueris
2910 1018 2984 1072 ibi
3021 1019 3149 1089 quia
3204 1018 3373 1088 frater
3415 1028 3544 1074 tuus
3579 1019 3740 1073 habet

2139 1110 2342 1181 aliquid
2373 1109 2629 1164 adversus
2677 1117 2756 1175 te,
2806 1107 3039 1179 relinque
3072 1109 3144 1162 ibi
3182 1125 3372 1164 munus
3427 1119 3581 1164 tuum
3614 1119 3740 1165 ante

2136 1199 2328 1266 altare,
2355 1197 2368 1250 i
2411 1208 2461 1254 et
2493 1199 2628 1254 vade
2653 1199 2801 1269 prius
2844 1199 3177 1253 reconciliari
3217 1199 3373 1270 fratri
3391 1209 3508 1268 tuo,
3532 1211 3583 1256 et
3611 1211 3738 1254 tunc

2135 1289 2344 1345 veniens
2367 1289 2395 1328 ιι
2427 1289 2613 1358 offeres
2649 1303 2841 1343 munus
2873 1298 3019 1342 tuum
3045 1287 3263 1360 (Κακὴ.
3292 1289 3369 1362 v).

2559 1399 2588 1474 ᾗ
2617 1398 2710 1455 IX.
2741 1430 2812 1440 —
2839 1397 2975 1454 Item
3015 1399 3152 1473 (cap.
3185 1400 3295 1474 69).

2209 1513 2470 1585 Interrog.
2486 1513 2638 1583 Quod
2661 1514 2708 1569 si
2731 1529 2840 1571 non
2857 1515 3174 1585 acquiescit,
3205 1525 3264 1571 ut
3291 1517 3638 1574 satisfaciat?
3663 1551 3734 1560 —

2136 1609 2291 1681 Resp.
2319 1611 2550 1680 Implere
2573 1611 2834 1667 debemus
2865 1610 3009 1667 ineo
3036 1611 3179 1682 quod
3206 1627 3238 1666 a
3264 1611 3497 1666 Domino
3527 1612 3737 1667 dictum

2135 1704 2307 1761 estde
2331 1719 2398 1759 eo
2423 1704 2515 1774 qui
2537 1705 2786 1774 peccavit
2811 1710 2868 1759 et
2896 1719 3004 1759 non
3033 1703 3144 1776 egit
3169 1704 3577 1776 paenitentiam,
3610 1719 3738 1758 cum

2138 1794 2312 1850 dixit:
2345 1794 2406 1850 Si
2432 1803 2607 1848 autem
2648 1793 2942 1850 Ecclesium
2990 1811 3095 1850 non
3118 1794 3372 1861 audierit,
3400 1795 3469 1850 sit
3503 1796 3605 1849 tibi
3634 1795 3739 1850 sic-

2062 1861 2113 1924 B
2141 1895 2199 1942 ut
2225 1884 2433 1964 gentilis
2461 1895 2506 1940 et
2533 1885 2844 1956 publicanus
2874 1884 3092 1958 (Matth.
3127 1886 3306 1957 mu).

2579 1996 2607 2068 §
2633 1995 2702 2051 Χ.
2737 2027 2813 2038 —
2837 1995 2972 2052 Item
3002 1994 3140 2068 (cap.
3173 1997 3288 2068 74.)

2210 2109 2475 2181 Interrog.
2507 2109 2660 2179 Quod
2688 2110 2756 2176 si,
2786 2109 3158 2165 satisfaciente
3203 2123 3269 2164 eo
3309 2108 3400 2179 qui
3433 2109 3740 2164 contrista-

2139 2200 2257 2266 vit,
2300 2201 2532 2256 noluerit
2581 2200 2920 2256 reconciliari
2952 2201 2998 2255 is
3028 2200 3120 2269 qui
3147 2201 3496 2255 contristatus
3528 2200 3644 2255 est?
3665 2230 3746 2239 —

2141 2289 2300 2361 Resp.
2326 2291 2611 2347 Manifesta
2642 2298 2726 2347 est
2752 2291 2819 2347 de
2866 2292 2971 2347 hoc
3000 2291 3214 2346 Domini
3245 2291 3515 2346 sententia
3543 2332 3558 2355 ,
3615 2305 3744 2361 qua:

2140 2378 2377 2436 refertur
2405 2380 2458 2435 in
2497 2380 2587 2435 illa
2609 2379 2867 2452 parabola
2893 2380 2960 2435 de
2982 2394 3144 2434 servo
3171 2379 3266 2448 qui
3297 2388 3521 2450 rogatus
3571 2388 3661 2433 est
3709 2394 3740 2432 a

2142 2485 2406 2527 conservo
2433 2487 2552 2539 suo,
2593 2478 2646 2526 et
2677 2470 2849 2526 noluit
2871 2469 3142 2540 patienter
3159 2484 3320 2540 agere
3345 2485 3360 2523 :
3385 2467 3453 2521 Et
3478 2469 3740 2536 videntes,

2143 2561 2344 2632 inquit,
2369 2562 2605 2616 conservi
2653 2562 3082 2615 renuntiaverunt
3124 2559 3337 2613 domino
3383 2575 3486 2613 suo
3516 2558 3738 2628 (Matth.

2143 2649 2324 2718 xvm).
2358 2648 2535 2704 [ratus
2563 2657 2744 2703 autem
2775 2647 3028 2703 dominus
3059 2645 3336 2702 revocavit
3361 2660 3586 2702 omnem
3615 2661 3743 2715 gra-

2145 2741 2278 2795 tiam
2303 2755 2464 2812 quam
2492 2747 2838 2797 concesserat
2870 2738 3060 2805 debiti,
3086 2745 3146 2796 et
3162 2737 3388 2794 tradidit
3412 2753 3542 2793 eum
3572 2746 3746 2795 torto-

2146 2833 2298 2889 ribus
2322 2847 2604 2904 usqucquo
2639 2832 2893 2888 redderet
2927 2845 3091 2887 omne
3111 2830 3374 2886 debitum.

2575 2944 2604 3019 θ
2631 2944 2723 3000 XI.
2750 2973 2824 2987 -
2846 2941 2984 3000 Item
3013 2945 3154 3016 (cap.
3195 2943 3312 3017 84.)

2220 3054 2485 3128 Interrog.
2523 3055 2543 3096 ι
2590 3055 2728 3112 Cum
2753 3055 2901 3126 quali
2928 3053 3125 3112 affectu
3164 3055 3387 3112 obedire
3424 3065 3649 3126 oportet
3694 3058 3748 3113 ei

2150 3147 2241 3216 qui
2265 3161 2368 3202 nos
2416 3147 2486 3202 ad
2533 3161 2668 3218 opus
2697 3147 2938 3202 mandati
2981 3146 3429 3202 cobortatur?—
3466 3146 3634 3218 Resp.
3671 3148 3747 3204 Eo

2150 3235 2346 3292 aﬂ'ectu
2369 3252 2475 3307 quo
2503 3238 2750 3294 esuriens
2776 3236 3036 3309 parvulus
3062 3238 3260 3294 nutrici
3297 3238 3647 3309 obtemperat
3677 3240 3745 3294 ad

2149 3329 2317 3384 ubera
2367 3328 2660 3397 invitanti;
2714 3330 2799 3386 vel
2859 3345 2968 3400 quo
3015 3328 3211 3387 affectu
3258 3343 3298 3372 ιη
3342 3332 3528 3387 omnis
3578 3333 3746 3388 homo

2149 3419 2377 3490 suscipit
2425 3420 2493 3476 ab
2546 3421 2729 3492 aliquo
2777 3436 2841 3477 ea
2903 3437 3028 3492 quae
3078 3422 3148 3476 ad
3199 3423 3368 3476 vitam
3419 3424 3742 3491 pertinent:

2149 3510 2261 3564 imo
2291 3520 2318 3548 ιι
2335 3511 2457 3566 etsi
2487 3510 2616 3582 quid
2646 3511 2899 3582 amplius,
2922 3526 3024 3583 pro
3053 3526 3120 3566 eo
3151 3511 3295 3581 quod
3317 3511 3488 3566 multo
3510 3520 3597 3566 est
3619 3528 3747 3582 pre.

2151 3598 2343 3654 tiosior
2371 3599 2552 3655 futura
2580 3599 2691 3654 vita
2720 3615 2880 3670 quam
2910 3615 3184 3670 praesens,
3214 3600 3354 3654 sicut
3374 3599 3638 3656 Dominus
3665 3601 3744 3656 di-

2150 3689 2225 3744 cit
2254 3706 2269 3743 :
2301 3697 2325 3725 ο
2350 3687 2490 3756 Quia
2511 3689 2764 3744 mandata
2797 3707 2913 3744 mea
2936 3691 3040 3746 vita
3068 3699 3268 3744 wterna
3285 3701 3404 3745 sunt
3419 3689 3602 3762 (Joan.
3618 3692 3738 3762 xu).

2151 3779 2306 3836 Sicut
2329 3793 2458 3851 ergo
2477 3795 2720 3851 prmsens
2743 3788 2959 3836 constat
2985 3780 3038 3834 in
3069 3780 3193 3836 cibo
3218 3781 3377 3850 panis
3394 3820 3411 3846 ,
3434 3781 3511 3834 ita
3533 3788 3740 3835 aeterna

2151 3870 2260 3924 vita
2287 3880 2502 3925 constat
2537 3870 2589 3924 in
2625 3885 2790 3941 opere
2815 3872 3092 3938 mandati,
3141 3871 3281 3927 sicut
3331 3871 3445 3942 ipse
3481 3871 3742 3926 Dominus

2150 3959 2347 4014 iterum
2372 3959 2505 4014 dicit
2536 3979 2548 4014 :
2583 3959 2735 4014 Meus
2775 3960 2920 4015 cibus
2958 3971 3035 4015 est
3083 3971 3140 4014 ut
3187 3961 3386 4031 faciam
3416 3961 3741 4017 voluntatem

2149 4049 2288 4115 eius,
2317 4051 2407 4121 qui
2437 4065 2518 4104 me
2543 4050 2706 4115 misit,
2732 4046 2911 4105 Patris
2950 4049 3135 4120 (Joan.
3161 4051 3257 4124 IV).

2150 4182 2415 4260 versione
2448 4184 2752 4260 communi,
2807 4183 3131 4260 ut_in_tpxtu
3153 4183 3344 4241 Graeco
3371 4204 3384 4241 :
3417 4190 3508 4244 Bai
3534 4188 3700 4260 ὕπαγε
3720 4229 3738 4253 .

2150 4251 2459 4325 διαλλάγηθι,
2485 4254 2628 4322 quod
2673 4254 2812 4308 idem
2842 4253 3131 4377 signiﬁcat.

2223 4323 2249 4362 ι
2284 4322 2505 4377 Otreres.
2536 4323 2613 4377 Ita
2639 4323 2782 4377 anud
2807 4323 2887 4377 Ru
2911 4340 3060 4377 unum
3084 4332 3131 4377 el

2223 4323 2249 4362 ι
2284 4322 2505 4398 Offeres.
2536 4323 2613 4398 ita
2639 4323 2782 4393 apud
2807 4322 3060 4398 Rufinum
3084 4325 3214 4398 etin
3245 4325 3460 4398 vulgata
3491 4329 3742 4398 versione

2151 4391 2418 4465 Matthaéi;
2463 4394 2636 4465 sedin
2674 4391 2827 4449 textu
2855 4393 3064 4458 Graaco,
3099 4396 3266 4450 etiam
3309 4391 3454 4465 apud
3495 4396 3554 4452 S.
3584 4397 3738 4454 Basi-

2151 4462 2309 4528 lium,
2331 4463 2685 4546 imperativo,
2723 4464 3006 4588 wpbaqlslps,
3045 4465 3098 4520 id
3127 4473 3232 4530 est,
3263 4462 3416 4536 o/fér.

2229 4532 2246 4572 ι
2289 4533 2422 4588 Cum
2447 4534 2590 4588 aualt
2617 4535 2831 4588 affectu.
2933 4536 3126 4588 abetur
3168 4537 3310 4588 anud
3348 4535 3407 4588 S.

2229 4532 2246 4572 ι
2289 4532 2424 4588 Cum
2480 4534 2590 4588 uali
2617 4552 2648 4588 a
2693 4532 2831 4588 θεία.
2871 4532 3126 4590 Ἠθὺθιυι-
3168 4551 3198 4590 a
3238 4532 3320 4591 ud'
3348 4535 3407 4592 S.
3441 4535 3740 4604 Basilium,

2231 4619 2339 4660 err.
2371 4552 2477 4658 16g
2509 4535 2701 4662 Reauf
2727 4603 2898 4662 brev..
2925 4613 2982 4661 et
3009 4607 3154 4662 apud
3191 4553 3473 4662 Rufinum.
3497 4623 3620 4662 can.
3649 4609 3737 4662 46.

2147 4604 2339 4660 interr.
2371 4603 2473 4658 166
2509 4603 2698 4675 Regul.
2727 4603 2898 4670 brev.,
2925 4613 2982 4661 et
3009 4607 3154 4674 apud
3191 4603 3473 4672 Rufinum,
3497 4623 3620 4678 cap.
3649 4603 3737 4664 Λυδέ

2218 4705 2258 4733 ιιι
2287 4693 2471 4765 Omnis
2499 4693 2674 4749 homo.
2711 4693 2790 4748 Ita
2818 4695 2959 4765 apud
2977 4694 3252 4750 Ruﬁnum.
3277 4695 3336 4749 In
3369 4704 3522 4752 textu
3549 4697 3738 4753 Graeco

2147 4764 2393 4889 siquitur
2483 4764 2887 4838 ἀντιποιούμενος
2921 4773 3014 4824 τοῦ
3061 4771 3172 4838 ζῇν.
3201 4766 3257 4822 id
3283 4775 3370 4822 est
3390 4807 3412 4834 ι
3456 4785 3478 4820 1
3512 4770 3604 4824 cui
3633 4776 3736 4824 vita

2147 4849 2179 4890 C
2221 4848 2313 4890 ara
2341 4849 2401 4890 es
2432 4875 2445 4889 .
2483 4855 2502 4889 ο

2221 4937 2250 4964 ιι
2290 4925 2360 4980 Et
2386 4927 2433 4982 si
2458 4928 2585 5000 quid
2620 4928 2877 5000 amplius.
2910 4927 2987 5000 It_a
3027 4931 3169 5000 apud
3197 4929 3470 4988 Rufinum.
3495 4933 3554 4989 In
3587 4941 3736 4989 textu

2151 4996 2371 5073 Graeco:
2400 4996 2586 5073 μᾶᾏλον
2613 4998 2666 5056 δὲ
2697 4996 2779 5055 sui
2807 4997 2973 5073 πολλῷ
3019 4996 3200 5068 πλέον,
3243 5003 3298 5058 id
3339 5013 3448 5072 est,
3483 5023 3502 5055 ι
3540 5005 3654 5060 imo
3685 5013 3736 5060 et

2153 5066 2323 5124 multo
2356 5066 2604 5140 amplius.
2654 5089 2674 5123 ι

2226 5166 2251 5196 ο
2289 5157 2428 5225 Quia
2461 5159 2716 5215 mandata
2743 5178 2858 5216 mea
2912 5163 3018 5217 vita
3054 5171 3253 5218 (eterna
3299 5174 3442 5218 sunt.
3499 5165 3558 5221 In
3588 5175 3736 5223 textu

2435 5229 2648 5319 'Basilii:
2669 5231 2721 5315 'tl
2741 5234 2839 5319 rip
2853 5230 3146 5319 sireis;ng
3156 5240 3467 5319 θιοῦθηῦςὶν
3487 5237 3733 5319 {Eafa-0;,

2154 5303 2257 5366 ζωή
2287 5301 2484 5363 αἰώνιός
2511 5303 2671 5368 ἐστιν,
2701 5301 2760 5357 id
2787 5301 2891 5366 est,
2925 5321 2943 5354 ε
2989 5301 3300 5358 Mandatum
3325 5301 3478 5359 enim
3507 5301 3630 5371 Dei',
3659 5301 3738 5363 in;

2155 5371 2275 5440 quit
2299 5371 2710 5444 D_ominus,vita
2737 5380 2940 5428 aeterna
2966 5381 3068 5429 est.
3101 5391 3122 5426 ι
3151 5373 3256 5429 Sed
3285 5375 3447 5444 paulo
3475 5375 3640 5433 aliter
3684 5381 3734 5433 in

2158 5448 2309 5514 textu
2323 5441 2596 5514 Evangelii
2626 5440 2817 5514 {oi-ui
2844 5444 3012 5504 ἐντολή
3038 5444 3196 5514 αὖτρῦ
3219 5440 3320 5509 te};
3344 5446 3550 5508 αἰώνιός
3571 5451 3733 5514 ἐστιν,

2157 5509 2212 5587 id
2237 5519 2341 5577 est,
2357 5509 2496 5565 utin
2509 5513 2757 5568 versione
2777 5513 3086 5587 communi:
3123 5513 3262 5578 Quia
3285 5516 3598 5587 mandatum
3623 5509 3737 5587 ejus

2158 5581 2262 5635 vita
2292 5593 2505 5653 (averna
2530 5591 2636 5653 est;
2662 5583 2979 5653 mandatum
3008 5581 3127 5651 ejus
3173 5592 3260 5639 est
3285 5584 3465 5640 Patris
3495 5588 3577 5641 sui
3609 5627 3626 5653 ,
3645 5581 3739 5642 'de

2155 5651 2363 5726 quoibi
2409 5651 2647 5721 loquitur
2694 5652 2966 5726 Christus.
3023 5653 3206 5726 Itaque
3236 5653 3418 5712 locum
3453 5651 3649 5713 citavit
3677 5657 3735 5714 S.

2154 5720 2384 5779 Basilius
2409 5720 2781 5780 ex’memoria.
