4014 6186
455 385 590 438 I575

489 385 594 439 575
1488 373 1545 429 S.
1589 369 1947 427 BENEDIC'I‘I
1988 365 2280 422 ABBATIS
2311 359 2724 420 ANIANENSIS

451 499 879 556 controversiam
905 490 1213 564 deneganti,
1239 488 1467 558 amplior
1494 496 1548 542 et
1578 483 1876 541 districtior
1923 481 2040 534 ani-
2069 485 2120 542 Α

454 591 761 649 madversio
789 601 813 628 ει
837 584 1278 658 ﬂagellorumque
1298 579 1524 651 penuria
1546 573 1894 647 irrogabitur.

592 704 620 775 §
648 701 787 757 XVI.
811 699 927 740 -δ
955 698 1035 753 Ex
1069 696 1289 752 Racuu
1319 693 1592 747 annsou
1627 693 1765 760 (cap.
1795 685 1910 759 59).

527 816 608 870 Ad
637 815 758 869 illos
780 828 910 868 vero
937 811 1028 882 qui
1069 817 1195 880 post
1239 805 1632 862 correctionem
1662 802 2045 870 impugnantes

456 907 659 976 judicia
682 906 954 960 seniorum
979 903 1226 956 nituntur
1253 911 1515 954 excusare
1535 903 1843 966 peceatum,
1861 899 1914 945 et
1936 904 2044 943 non

456 997 523 1050 ad
547 995 919 1066 paenitentiam
948 990 1323 1047 recordatione
1350 987 1551 1052 delicti,
1569 984 1661 1040 sed
1687 984 1754 1038 ad
1781 981 2046 1037 duritiam

457 1087 842 1158 indignationis
906 1085 1132 1138 nimium
1191 1080 1580 1153 migraverint,
1653 1075 1878 1145 respicit
1942 1073 2046 1127 ista

462 1189 486 1218 ε
523 1178 792 1232 sententia
825 1191 838 1230 :
869 1175 897 1215 ά
943 1184 1001 1230 ιιι
1044 1173 1286 1245 quandiu
1331 1188 1361 1226 a
1415 1169 1694 1241 proposita
1746 1165 2048 1221 intentione

460 1277 786 1323 revocentur
810 1275 866 1322 et
898 1279 921 1306 ε
946 1282 1070 1321 cum
1101 1279 1195 1318 ore
1228 1262 1429 1318 mentis
1465 1258 1752 1314 manifesta
1801 1254 2050 1311 emenda-

462 1361 605 1413 tione
635 1361 923 1429 deponant,
957 1341 1252 1412 secundum
1281 1353 1571 1407 arbitrium
1624 1349 1836 1406 abbatis
1866 1347 2049 1402 arduae

457 1451 680 1504 omnino
703 1449 1018 1517 subjaceant
1055 1447 1073 1488 τ
1110 1446 1426 1516 disciplina),
1450 1445 1577 1515 quia
1626 1459 1734 1498 non
1771 1443 2046 1507 dixerunt,

460 1537 750 1592 Peccatum
782 1553 960 1592 meum
1006 1551 1106 1608 ego
1154 1549 1452 1606 cegnosco;
1504 1534 1598 1588 sed
1625 1533 1883 1587 dixerunt
1905 1531 2050 1600 quod

473 1632 497 1667 δ
525 1629 577 1682 in
604 1629 738 1683 Isaia
762 1629 1023 1698 propheta
1051 1629 1117 1682 de
1138 1627 1432 1682 rebellibus
1465 1625 1665 1679 dicitur
1699 1642 1712 1678 :
1747 1623 1944 1677 Nullus
1971 1632 2048 1676 est

461 1720 550 1789 qui
571 1730 695 1790 agat
720 1722 1076 1790 paenitentiam
1105 1721 1131 1760 ιι
1157 1736 1315 1789 super
1352 1728 1620 1790 peccatum
1641 1734 1795 1771 suum
1825 1717 2004 1772 dicens
2029 1733 2048 1771 :

467 1806 608 1873 Quid
639 1810 740 1878 feci
775 1808 910 1881 (Jer.
942 1809 1095 1881 vni)"

599 1941 626 2012 §
660 1941 822 1996 XVII.
844 1971 916 1981 —-
939 1941 1020 1995 Ex
1051 1940 1270 2008 Rasum
1298 1938 1598 1993 Acamas!
1631 1936 1768 2008 (cap.
1798 1935 1913 2006 38).

546 2079 559 2116 ί
594 2075 650 2129 Si
682 2078 805 2145 quis
856 2092 955 2145 pro
999 2075 1239 2144 qualibet
1278 2074 1434 2142 culpa
1476 2084 1569 2126 aut
1619 2069 2051 2140 transgressione

465 2165 683 2234 Regulae
732 2167 1062 2235 increpatur,
1109 2163 1246 2218 auti
1307 2161 1644 2232 disciplinam
1688 2159 1906 2228 accipit,
1963 2173 2052 2212 ar-

467 2259 652 2328 guenti
699 2259 1027 2328 respondere
1078 2273 1186 2311 non
1220 2262 1543 2326 pmsumat,
1591 2253 1717 2322 quia
1765 2258 2050 2320 peccatum

463 2349 605 2417 quod
629 2348 718 2402 hic
746 2349 772 2387 κ
793 2348 1139 2418 distringitur
1166 2346 1182 2385 ι
1215 2347 1270 2400 in
1295 2354 1497 2400 aeterna
1519 2341 1922 2398 examinatione
1943 2353 2050 2392 non

465 2439 706 2509 punitur.
757 2438 824 2492 Et
871 2438 950 2493 sic
996 2437 1202 2493 debetis
1257 2435 1454 2489 anima:
1481 2445 1523 2472 ω
1554 2447 1742 2488 curam
1773 2430 2050 2500 excipere,

469 2531 740 2600 quomodo
783 2546 928 2601 aeger
981 2544 1168 2584 curam
1222 2526 1439 2591 medici,
1489 2531 1739 2579 tenentes
1790 2522 1920 2576 illud
1966 2534 2054 2575 sa-

472 2639 582 2678 cra:
621 2622 916 2693 Scriptura:
948 2640 962 2676 :
991 2621 1096 2688 Qui
1129 2619 1308 2691 abjicit
1345 2617 1697 2689 disciplinam,
1744 2614 1930 2685 infelix
1975 2621 2052 2666 est

471 2720 623 2786 (δίῳ.
669 2715 787 2786 ιιι);
832 2724 890 2771 et
939 2714 1072 2770 illud
1111 2732 1126 2768 :
1168 2712 1281 2784 Ego
1315 2712 1371 2766 in
1423 2708 1634 2780 ﬂagella
1683 2715 1901 2778 paratus
1935 2721 2052 2759 sum

471 2803 646 2868 (Psal.
678 2815 912 2884 xxxvn).

541 2947 567 2976 ι
598 2934 1059 3006 Flagellorumque
1099 2934 1359 3006 periurior
1389 2931 1466 2987 Ita
1523 2932 1578 2985 in
1626 2928 1830 3006 Regula
1860 2943 1964 3006 ms.
1994 2936 2053 2983 et

467 3006 657 3059 eodem
703 2999 881 3074 capite
918 2999 1078 3074 supra
1099 2999 1274 3058 'citato
1302 3021 1313 3055 :
1347 3003 1509 3074 itaut
1536 3001 1771 3074 penuria
1798 2999 1902 3053 hoc
1927 2999 2048 3054 loco

469 3071 815 3129 severitatem
837 3071 998 3144 atque
1026 3075 1378 3144 acerbitatem
1408 3071 1698 3144 signiticet.

541 3145 569 3183 δ
597 3144 683 3197 Ea:
712 3137 924 3212 Regula'
949 3143 1008 3197 S.
1042 3143 1301 3197 Ferreoli.
1355 3143 1410 3196 In
1460 3137 1603 3212 com
1642 3137 1798 3193 Vind.
1830 3137 2050 3210 legitur,

474 3213 560 3266 Ex
583 3210 1195 3282 Regula—$.Fructuosi,
1233 3227 1351 3279 cap.
1386 3212 1470 3274 I7,
1501 3210 1660 3282 male.

542 3294 564 3320 ε
593 3279 882 3336 Sententia.
908 3281 962 3335 Id
987 3291 1091 3346 est,
1119 3280 1406 3348 judicium,
1430 3279 1834 3336 condemnatio.

538 3351 566 3390 ά
597 3349 662 3405 Ut
711 3353 967 3422 quanditt.
1000 3351 1056 3406 Id
1101 3361 1200 3415 est,
1257 3361 1313 3404 ut
1343 3351 1527 3416 donec,
1576 3358 1638 3404 ut
1683 3364 1847 3418 supra
1897 3359 2054 3405 nota-

472 3431 584 3476 tum
614 3431 717 3477 88L

545 3505 567 3531 θ
596 3491 727 3546 Cum
754 3509 844 3546 ore
869 3492 1075 3546 mentis.
1128 3492 1303 3547 Locus
1343 3500 1655 3560 corruptus,
1705 3491 1844 3561 lege,
1874 3500 2050 3545 tumo-

471 3579 579 3615 rem
610 3563 828 3625 mentis;
847 3578 1037 3617 sensus
1055 3563 1237 3618 clarus
1261 3571 1362 3623 est,
1385 3572 1433 3616 et
1454 3572 1710 3615 tumorem
1736 3563 1921 3616 mentis
1943 3577 2055 3615 ma—

473 3633 665 3713 nifesta
690 3633 1050 3687 emendatione
1091 3634 1374 3698 deponant,
1423 3640 1484 3686 ut
1535 3632 1588 3686 in
1629 3631 1748 3687 cod.
1803 3631 2054 3686 Viudoci-

472 3718 645 3756 nensr.

549 3771 568 3810 ί
601 3772 923 3842 Disciplina.
955 3773 1013 3828 Id
1037 3780 1140 3838 est,
1172 3771 1566 3844 llagellationis,
1611 3779 1669 3826 ut
1697 3785 1862 3840 supra
1891 3778 2048 3826 nota-

475 3849 588 3896 tum
619 3852 719 3896 est.

549 3915 574 3952 ε
605 3911 672 3984 In
703 3911 873 3966 Isaia.
896 3911 1005 3968 Aut
1029 3913 1210 3984 lapsus
1231 3913 1528 3984 memoriae,
1558 3919 1661 3984 aut
1673 3927 1828 3984 error
1848 3911 2055 3965 exscri-

474 3983 646 4104 litoris
671 3983 761 4053 qui
785 3983 1064 4054 scripserit
1083 3982 1106 4037 ﬁ:
1130 3983 1200 4037 In
1246 3983 1393 4038 Isaia
1421 4000 1519 4052 pro
1548 3983 1601 4036 in
1628 3982 1897 4046 Ieremia;
1927 3996 2052 4036 nam

495 4069 626 4104 ucus
645 4053 874 4104 habetur
897 4052 1146 4104 Jeremire
1172 4062 1366 4104 octavo
1393 4055 1590 4104 canite.

495 4069 626 4106 ecus
645 4052 874 4108 habetur
897 4052 1146 4108 Jeremize
1172 4062 1366 4110 octavo
1393 4055 1590 4123 capite.

544 4123 572 4160 ιι
606 4123 776 4192 Super
811 4135 1078 4192 peccatum
1118 4141 1292 4178 suum.
1345 4124 1405 4178 In
1460 4121 1708 4179 versione
1755 4121 2052 4187 communi,

472 4207 628 4270 super
651 4202 859 4270 peccato
888 4211 1004 4247 suo.

508 4329 519 4333 Δ
553 4273 568 4300 ι
603 4259 658 4333 Si
681 4261 794 4333 quis
823 4279 917 4331 pro
944 4262 1170 4333 qualibet
1199 4262 1372 4333 culpa.
1399 4263 1544 4318 Idem
1578 4263 1766 4317 statuit
1795 4262 1852 4317 S.
1876 4261 2055 4333 Caesa-

475 4329 590 4402 rius
619 4329 964 4386 Arelatensis
978 4349 1097 4402 cap.
1126 4333 1185 4387 Il
1221 4349 1235 4388 :
1271 4329 1293 4384 ι
1329 4332 1458 4398 Quae
1505 4349 1604 4402 pro
1636 4334 1876 4402 qualibet
1899 4331 2055 4402 culpa

475 4401 816 4466 admonetur,
843 4401 1160 4474 castigatur,
1192 4401 1522 4474 corripitur,"
1551 4404 1878 4474 respondere
1900 4401 2055 4474 peni-

478 4479 565 4525 tus
597 4487 703 4526 non
729 4471 1040 4541 praesumat.
1073 4493 1091 4527 ι
1128 4474 1242 4529 Hoc
1291 4473 1585 4542 capitulum
1625 4473 1680 4526 in
1729 4473 1849 4528 cod.
1895 4471 2050 4527 Vind.

476 4541 683 4596 nullum
714 4543 874 4598 habet
904 4544 1138 4599 titulum.

548 4610 564 4687 ξ
607 4611 953 4687 Qiscipliaam
981 4617 1188 4687 accipit.
1222 4615 1277 4670 Id
1307 4625 1406 4676 est,
1445 4612 1764 4687 ﬂagellatur.

549 4679 577 4720 ¹ι
607 4679 975 4754 bisti-iugiter.
1021 4679 1228 4749 Id'est,
1273 4679 1878 4754 puniturfcoercetur;
1928 4681 2057 4736 hinc

480 4749 770 4818 districtio,
803 4749 1222 4818 animadversio,
1255 4749 1536 4820 coercitio,
1579 4756 1875 4820 districtus,
1905 4767 2060 4807 seve-

476 4837 591 4886 rus,
618 4822 843 4892 rigidus,
873 4823 1178 4879 districtum
1200 4840 1450 4880 examen.
1481 4826 1550 4880 Et
1572 4826 1870 4890 districtus,
1897 4821 2056 4876 terri-

480 4893 682 4965 torium
735 4893 791 4965 in
835 4910 942 4965 quo
996 4895 1119 4965 quis
1169 4896 1524 4952 districtionis
1569 4894 1662 4964 jus
1703 4896 1958 4965 habet._n
1989 4892 2056 4965 de

484 4961 702 5038 Ij‘eudis,
728 4963 813 5018 tit.
940 4961 1114 5038 ελ(ᾼά
1132 4967 1248 5038 γὶιοιι
1276 4967 1420 5038 quod
1451 4961 1705 5038 allodium
1725 4963 2054 5038 vendiderit,

476 5033 781 5089 districtum
799 5043 856 5090 et
874 5033 1308 5104 jurisdictioneui
1321 5037 1664 5107 imperatoris
1691 5033 1926 5091 vendere
1943 5047 2054 5088 non

475 5113 893 5230 Ρηῗῗιωὲἓένῖια
914 5177 1320 5232 examinatione.
1343 5175 1686 5232 Examinatio
1701 5175 1806 5230 hoc
1833 5171 1954 5230 loco
1971 5179 2056 5228 est

478 5244 825 5313 supplicium,
854 5261 1037 5369 fama,
1063 5249 1359 5302 damnatio.

551 5325 590 5354 ιιι
613 5312 828 5368 Curam.
882 5317 913 5369 d
942 5327 1046 5371 est.
1074 5319 1396 5371 curationem

550 5391 578 5420 η
1463 5385 1604 5456 Lege
1637 5403 1650 5439 :
1681 5384 1788 5440 Pro
1809 5382 2059 5458 Aqualibet

479 5452 638 5534 etiam
657 5452 810 5534 culpa
823 5455 913 5525 qui
932 5452 1367 5534 qualibetuaspera
1389 5452 1919 5534 fuerit'increpati‘one
1939 5469 2057 5534 cor-

481 5530 676 5589 reptas.
696 5522 909 5590 Quanta
933 5522 1113 5583 autem
1137 5522 1417 5600 disciplina
1433 5536 1488 5584 et
1507 5522 1777 5596 correptio
1804 5522 2052 5580 facienda

2074 1840 2123 1900 B

3591 361 3763 416 I576

2286 478 2314 550 §
2339 476 2692 532 XVIII.—Ex
2721 475 2943 530 Rscuu
2970 474 3315 531 Tannnsssr
3345 473 3486 547 (cap.
3517 477 3597 547 5).

2223 582 2247 608 ιι
2275 570 2381 624 I’ro
2401 569 2645 639 qualibet
2685 568 2850 623 etiam
2877 567 3032 638 culpa
3059 567 3301 638 qualibet
3346 585 3546 639 aspera
3576 570 3763 626 fuerit

2149 662 2522 733 increpatione
2575 668 2894 730 correptus,
2942 659 3269 729 respondere
3328 660 3484 717 nefas
3534 662 3759 733 iudicet

2149 751 2420 821 arguenti.
2451 749 2558 805 Sed
2586 749 2924 805 humiliando
2969 765 3029 804 se
3075 750 3510 805 emendationem
3558 753 3754 808 delicti

2148 841 2342 895 doceat
2371 848 2680 895 secuturam
2704 857 2718 905 ;
2753 840 2878 908 quia
2907 839 3048 894 Deus
3073 840 3366 894 humilibus
3394 841 3656 897 daturum
3691 860 3753 898 se

2147 931 2380 1002 gratiam
2411 930 2724 1001 repromisit
2745 929 2794 1001 (Ι
2829 926 2977 983 Petr.
3006 931 3109 1002 ιιι).

2576 1042 2604 1114 §
2633 1041 2774 1095 XIX.
2799 1071 2871 1081 —
2893 1041 3027 1095 Item
3068 1045 3205 1116 (cap.
3234 1043 3312 1117 8).

2225 1161 2250 1189 ο
2280 1153 2774 1224 Inereparejunior
2825 1169 2933 1209 non
2964 1155 3163 1209 audeat
3210 1156 3524 1212 seniorem:
3553 1160 3650 1212 sed
3697 1160 3743 1214 si

2149 1253 2305 1300 extra
2337 1245 2597 1316 Regulam
2630 1257 2657 1296 ι)
2695 1244 2900 1316 aliquid
2942 1244 3062 1300 ﬁeri
3097 1255 3191 1300 aut
3240 1245 3447 1302 factum
3493 1264 3623 1304 esse
3654 1265 3746 1304 co-

2150 1336 2383 1406 gnoscit,
2415 1335 2597 1391 abbati
2627 1345 2711 1391 est
2736 1343 2832 1390 aut
2859 1336 3154 1406 prmposito
3205 1339 3626 1404 reservandum,
3687 1352 3746 1395 ut

2149 1427 2499 1496 correptione
2525 1426 2760 1498 regulari
2775 1427 2919 1496 quod
2947 1428 3384 1497 reprehenditur,
3406 1432 3742 1502 corrigatur.

2151 1519 2501 1589 Quaacunque
2547 1520 2615 1574 ab
2651 1519 2884 1589 aliquos
2918 1520 3125 1590 absque
3176 1521 3405 1575 testibus
3459 1532 3480 1559 τ
3523 1524 3746 1577 ammit-

2152 1618 2365 1675 tuntur,
2393 1611 2439 1665 si
2465 1610 2530 1664 ad
2555 1609 2770 1665 abbatis
2787 1595 3038 1665 notitiam
3073 1622 3094 1649 ³
3121 1612 3449 1680 pervenerit,
3474 1616 3748 1668 secretius

2150 1702 2490 1758 emendetur.
2523 1699 2581 1756 Si
2607 1701 2862 1756 omnibus
2890 1702 3210 1768 innotuerit,
3248 1718 3434 1758 coram
3483 1705 3745 1758 omnibus

2151 1804 2237 1850 est
2266 1810 2392 1850 reus
2426 1795 2444 1831 ί
2479 1795 2666 1850 amissi
2693 1794 2943 1850 criminis
2964 1797 3290 1866 arguendus.

2326 1906 2354 1979 §
2383 1906 2502 1960 XX.
2529 1937 2601 1946 —
2624 1907 2701 1961 Ex
2736 1906 2957 1962 Rscuu
2996 1924 3186 1964 ssscrt
3225 1909 3562 1966 Οοιυιιιιιειι.

2224 2031 2251 2058 α
2277 2017 2335 2072 Si
2361 2019 2447 2072 cui
2478 2018 2773 2088 injunxerit
2801 2020 2967 2075 abbas
2995 2029 3087 2074 aut
3122 2023 3444 2091 praepositus
3472 2024 3534 2078 de
3560 2022 3746 2079 fratri-

2151 2109 2254 2165 bus
2284 2109 2389 2164 iter
2408 2124 2588 2180 agcre,
2621 2111 2694 2162 ita
2725 2110 3125 2165 observandum
3173 2119 3275 2175 est,
3326 2121 3384 2166 ιιι
3431 2114 3632 2168 seniori
3653 2113 3748 2183 ju-

2155 2201 2278 2255 nior
2307 2200 2553 2265 obediat;
2589 2199 2632 2254 si
2655 2208 2836 2254 tamen
2868 2209 3079 2255 rectum
3129 2199 3293 2256 fuerit
3345 2203 3481 2271 quod
3520 2203 3568 2257 ei
3599 2204 3746 2257 indi—

2155 2293 2383 2360 caverit,
2442 2294 2734 2347 observare
2775 2293 3008 2347 studeat.
3055 2301 3081 2330 ν
3138 2291 3197 2346 Si
3243 2294 3371 2363 quid
3422 2295 3746 2364 prmceperit

2155 2384 2323 2440 abbas
2345 2385 2430 2438 vel
2460 2399 2484 2425 ι
2511 2398 2828 2439 ωοοιιοιιιιιε
2854 2383 3050 2453 major,
3065 2392 3120 2438 ct
3143 2383 3279 2438 alius
3299 2385 3555 2439 humilior
3579 2387 3744 2440 itera-

2155 2479 2296 2533 verit
2323 2493 2660 2541 ueconomns,
2694 2478 2808 2548 ipse
2827 2477 3050 2532 obedire
3077 2477 3255 2542 debet,
3283 2479 3530 2533 indicans
3561 2489 3742 2534 tamen

2155 2570 2209 2624 in
2239 2568 2454 2623 silentio
2479 2569 2623 2639 quod
2649 2569 2967 2639 przeceperit
3017 2569 3156 2625 alius
3207 2571 3397 2640 major.
3448 2571 3599 2624 Infra
3633 2588 3745 2626 mo-

2155 2659 2456 2713 nasterium
2484 2674 2614 2713 vero
2634 2667 2662 2706 γ
2696 2658 2876 2713 nullus
2904 2667 3084 2713 tamen
3114 2659 3221 2714 alio
3267 2661 3497 2731 imperio
3521 2663 3746 2731 praecel-

2153 2751 2300 2808 lente
2328 2753 2580 2823 imperet,
2609 2751 2713 2807 nisi
2736 2752 2828 2822 qui
2858 2760 3076 2822 prmest.

2155 2933 2248 2998 sit,
2273 2932 2393 3004 lege
2409 2940 2710 3004 tractatum
2739 2930 2796 2987 S.
2825 2931 3081 3002 Cypriani
3102 2928 3172 3004 de
3207 2929 3533 3004 Disciplina,
3555 2942 3615 3004 et
3634 2949 3747 2988 ser—

2153 3002 2368 3059 monem
2399 3003 2454 3058 S.
2483 3004 2754 3059 Valeriani
2775 3003 3018 3073 episcopi
3074 3002 3431 3057 Cemeliensis
3473 3004 3542 3057 de
3595 3003 3746 3057 Bono

2155 3074 2472 3136 disciplina}.
2503 3075 2556 3128 In
2586 3075 2707 3129 cod.
2740 3072 2898 3128 Vind.
2929 3074 3032 3128 hoc
3089 3073 3382 3144 capitulum
3423 3073 3748 3128 attribuitur

2157 3143 2468 3198 Aureliano.
2492 3145 2646 3199 Male.

2226 3221 2252 3249 °
2283 3213 2564 3284 Increpare
2620 3215 2802 3283 iunior
2844 3231 2947 3268 non
2986 3212 3180 3284 audeat
3217 3213 3489 3266 seniorent.
3521 3212 3746 3283 Optima

2153 3282 2445 3366 institutio,
2475 3295 2534 3339 ut
2560 3282 2667 3340 neu
2691 3286 2852 3340 detur
2875 3285 3094 3339 licentia
3115 3282 3415 3352 junioribus
3439 3282 3746 3353 spernendi

2151 3370 2498 3506 ῗῗῗιῗῧῗιιιὶά
2547 3424 2666 3494 fieri
2711 3435 2804 3480 aut
2830 3425 3032 3495 factum
3070 3440 3200 3478 esse.
3245 3425 3290 3476 Α
3341 3424 3560 3478 seniore
3599 3424 3748 3480 vide-

2152 3496 2483 3636 ΙΙθξῐξιὸειιιιε
2511 3566 2746 3619 testibus.
2761 3565 2818 3619 Id
2840 3575 2946 3632 est,
2969 3575 3203 3630 secreto,
3218 3564 3385 3620 nullis
3406 3564 3736 3619 videntibus.

2153 3635 2468 3690 Rutiliusin
2496 3636 2778 3690 itinerario
2802 3656 2816 3689 :

2281 3747 2419 3807 Quod
2443 3747 2532 3796 soli
2561 3747 2692 3796 nullo
2712 3747 2880 3797 vivere
2906 3753 3040 3797 teste
3065 3747 3254 3796 volunt.

2228 3851 2250 3878 ι’
2278 3840 2674 3892 Ammittuntur.
2715 3839 2885 3894 Recta
2920 3839 3098 3903 lectio,
3147 3855 3244 3908 pro
3279 3839 3651 3901 admittuntur,
3677 3848 3736 3893 ut

2153 3911 2426 3965 ammirari
2457 3923 2554 3979 pro
2583 3909 2862 3974 admirari,
2891 3926 3188 3963 ammonere
3221 3925 3322 3980 pro
3351 3910 3655 3975 admonere,
3685 3921 3742 3964 ut

2155 3997 2318 4049 supra
2350 3990 2595 4034 notatum
2623 3991 2725 4034 est.

2226 4049 2598 4132 °_I’ervenerit.
2652 4049 2855 4120 Nempe
2901 4049 2993 4104 ille
3045 4049 3137 4119 qui
3186 4050 3239 4104 in
3297 4049 3563 4121 Regulam
3617 4066 3740 4120 pec-

2226 4139 2252 4173 v
2307 4161 2320 4173 .

2155 4130 2496 4245 callfdmissi.
2521 4191 2684 4261 Lege,
2708 4192 2962 4252 ammissi,
2997 4190 3049 4244 id
3080 4198 3186 4255 est,
3219 4191 3457 4244 admissi.

2226 4273 2254 4301 ιι
2287 4262 2344 4315 Si
2375 4263 2762 4332 cuiinjunxerit
2797 4263 2975 4315 abbas.
3005 4261 3335 4332 Ilrccvidere
3363 4271 3449 4316 est
3478 4262 3534 4315 in
3559 4261 3738 4318 Paeni-

2157 4333 2368 4388 tentiali
2397 4337 2496 4386 ius.
2527 4331 2588 4386 VS.
2620 4331 2938 4387 Columbani
2967 4331 3088 4385 cod.
3119 4331 3263 4385 Flor.

2228 4412 2254 4439 ν
2285 4401 2344 4456 Si
2383 4403 2510 4472 quid
2540 4403 2842 4473 prwccperit
2887 4402 3045 4473 abbas
3091 4402 3170 4455 vel
3197 4418 3494 4473 a’conornus
3543 4402 3737 4471 major.

2160 4472 2364 4528 Sensus
2394 4470 2478 4527 est
2505 4492 2517 4526 :
2541 4470 2603 4525 Si
2646 4470 2812 4526 abbas
2856 4470 2942 4524 vel
2976 4484 3292 4541 (Bconomus
3323 4471 3497 4538 major
3543 4470 3743 4541 praeoc—

2079 4564 2132 4624 D
2155 4543 2543 4626 perit‘aliquid,
2565 4552 2620 4597 et
2631 4542 2780 4626 alter
2797 4540 3738 4626 .mconomus‘intirrnior.iteraverit,

2161 4610 2214 4668 id
2244 4621 2347 4678 est,
2381 4610 2568 4668 rursus
2596 4613 2740 4666 aliud
2796 4611 3144 4682 imperaverit
3189 4610 3370 4673 fratri,
3414 4612 3532 4682 ipse
3577 4612 3743 4666 frater

2160 4684 2322 4738 debet
2345 4682 2536 4751 majori
2563 4683 2804 4747 obedire,
2829 4681 3073 4736 indicans
3096 4681 3174 4735 illi
3189 4681 3458 4737 submissa
3486 4697 3620 4736 voce
3641 4683 3739 4735 sibi

2161 4753 2363 4824 aliquid
2390 4754 2712 4824 imperatum
2732 4751 2900 4808 fuisse
2927 4753 2995 4807 ab
3021 4753 3218 4807 abbate
3236 4751 3318 4806 vel
3353 4751 3566 4822 majore
3588 4767 3738 4807 uaco-

2160 4839 2341 4879 nomo.

2233 4909 2258 4936 x
2284 4892 2617 4948 (Economns
2642 4893 2837 4963 major.
2855 4893 2962 4948 Per
2981 4908 3322 4948 (nconomum
3359 4892 3628 4961 majorem
3658 4893 3742 4948 hic

2159 4966 2374 5020 videtur
2404 4964 2628 5034 intelligi
2653 4965 2972 5034 praepositus
2993 4964 3328 5027 monasterii,
3345 4963 3439 5032 qui
3468 4964 3740 5019 secundus

2159 5045 2246 5092 est
2265 5035 2336 5088 ab
2360 5033 2599 5089 abbatef
2627 5033 2769 5088 Olim
2813 5034 2957 5088 enim
2985 5034 3282 5104 praepositi,
3312 5043 3373 5087 ut
3400 5049 3566 5104 supra
3590 5044 3740 5087 nota-

2161 5114 2275 5160 tum
2296 5103 2472 5168 est,in
2501 5103 2685 5158 multis
2715 5103 3060 5158 monasteriis
3088 5104 3302 5174 negotia
3333 5103 3608 5159 exteriora
3634 5113 3739 5157 tra-

2160 5175 2380 5233 ctabant
2406 5183 2661 5244 tanquam
2691 5174 2978 5237 teconomi,
3029 5182 3086 5229 et
3109 5174 3417 5229 necessaria
3461 5174 3744 5228 monachis

2161 5245 2576 5302 distribuebant.

2233 5324 2262 5364 γ
2294 5313 2489 5384 Nullus
2542 5324 2715 5368 tamen
2757 5313 2863 5368 alio
2896 5314 3112 5384 imperio
3139 5312 3467 5384 prtrceltente
3502 5314 3739 5384 imperet.

2164 5383 2220 5440 Id
2249 5392 2356 5451 est,
2384 5383 2563 5439 nullus
2615 5385 2689 5438 ita
2723 5383 2977 5453 imperet,
2999 5392 3060 5440 ut
3088 5383 3219 5440 velit
3244 5384 3568 5440 mandatum
3582 5383 3740 5444 Suum

2162 5455 2372 5512 abbatis
2399 5454 2629 5525 imperio
2656 5455 2932 5524 anteponi.
