4014 6186
355 229 376 282 1
391 229 494 286 577

1250 227 1639 286 CONCORDIA
1681 230 2133 288 REGULARUM.
2170 263 2238 273 --
2275 233 2426 289 CAP.
2468 235 2716 292 LXXVII.

3476 247 3614 302 1578

348 361 3606 403 ._____.__...._.._____________.___.__________________

1571 447 1908 525 CAPUT
1987 451 2370 529 LXXVII.

1095 599 1182 656 DE
1223 599 1402 657 ΖΕιο
1441 599 1627 657 ΒΟΝο
1669 601 1864 666 OUEM
1903 602 2176 660 DEBENT
2216 606 2523 664 MONACllI
2561 608 2859 669 HABERE.

568 777 595 850 ς
631 778 674 833 l.
702 807 776 818 —
803 776 882 832 Ex
925 776 1146 832 Rasum
1179 791 1366 831 SANCTI
1394 775 1711 830 BENEDICTI.

423 881 447 909 α
475 866 630 923 Sicut
655 874 738 923 est
767 867 916 922 zelus
947 866 1327 922 amaritudinis
1355 866 1554 930 malus,
1583 866 1673 936 qui
1714 873 1933 934 separat

351 975 381 1014 a
409 959 521 1014 Deo
541 967 597 1015 et
614 958 765 1013 ducit
787 959 854 1014 ad
885 957 1180 1020 infernum,
1208 958 1280 1010 ita
1318 965 1402 1012 est
1433 956 1582 1012 zelus
1610 957 1806 1021 bonus,
1839 957 1930 1026 qui

350 1059 564 1120 separat
609 1065 639 1103 a
688 1049 820 1103 vitio
846 1057 901 1104 et
942 1048 1090 1103 ducit
1119 1047 1185 1101 ad
1217 1049 1384 1101 Deum
1415 1056 1470 1101 et
1496 1047 1563 1101 ad
1588 1047 1753 1101 vitam
1776 1056 1933 1101 teter-

352 1156 498 1196 nam.
528 1139 681 1194 Hunc
710 1154 838 1209 ergo
866 1137 1039 1192 zelum
1085 1136 1487 1191 ferventissimo
1538 1152 1725 1192 amore
1775 1151 1933 1191 exer-

349 1239 509 1285 ceant
535 1229 808 1284 monachi.
835 1229 862 1267 ι)
892 1227 948 1282 ld
979 1235 1080 1291 est,
1110 1236 1170 1280 ut
1197 1227 1403 1281 honore
1434 1241 1492 1281 se
1538 1226 1767 1280 invicem
1798 1242 1931 1296 prae-

348 1321 590 1385 veniant,
644 1331 666 1358 ο
717 1319 1062 1373 infirmitates
1105 1332 1249 1378 suas,
1294 1306 1410 1371 sive
1464 1332 1773 1386 corporum,
1817 1318 1930 1371 sive

348 1433 584 1481 morum,
610 1414 1000 1486 patientissime
1030 1414 1261 1468 tolerent
1304 1430 1317 1467 :
1365 1411 1392 1451 ἀ
1425 1411 1784 1467 obedientiam
1829 1410 1931 1466 sibi

423 1563 447 1591 α
483 1549 635 1604 Sicut
673 1559 747 1604 est
773 1547 915 1603 zelus
940 1547 1335 1602 amaritudinis.
1383 1547 1520 1614 Quia
1553 1545 1693 1600 inter
1713 1561 1808 1600 eos
1835 1546 1927 1616 qui

349 1621 512 1675 simul
541 1622 727 1674 vivunt
749 1619 946 1673 invidia
977 1618 1133 1673 facile
1162 1617 1424 1687 obrepere
1458 1625 1655 1686 potest,
1681 1618 1801 1671 ideo
1827 1617 1929 1670 hoc

350 1691 539 1749 ultimo
562 1705 682 1744 eam
713 1690 888 1760 capite
908 1688 1214 1760 fugiendam
1245 1696 1427 1742 monet
1471 1687 1526 1742 8.
1572 1687 1923 1760 Benedictus;

349 1762 601 1832 proponit
627 1776 763 1832 ergo
773 1756 1042 1832 duplicem
1073 1759 1266 1832 zelum,
1313 1774 1480 1832 unum
1535 1757 1754 1832 malum,
1790 1756 1926 1832 alte-2

352 1827 470 1886 iuni
500 1827 719 1885 bonum:
750 1827 997 1886 llic'vero
1020 1829 1317 1882 notandum
1344 1828 1516 1881 zelum
1551 1828 1768 1896 prOpric
1786 1827 1927 1896 apud

348 1911 560 1957 veteres
610 1901 870 1955 invidiam
933 1899 1260 1970 significare.
1316 1897 1671 1970 Etymol‘ogici
1728 1897 1928 1970 veteris

351 1981 541 2057 auctor
593 1989 607 2024 :
655 1972 806 2057 Ζῆλος
833 1971 858 2025 ὁ
886 1967 1193 2057 φθόνος,ῃίά
1246 1978 1350 2057 εει,
1458 1967 1606 2053 zelus
1639 1967 1868 2057 invidia.
1901 1983 1922 2019 ι

352 2042 558 2118 Dicitur
581 2044 724 2118 παρά
753 2044 811 2118 τρ
851 2038 1219 2118 ζέῳρκαὶλῗαν.
1252 2040 1436 2118 Θξρμὸς
1473 2041 1573 2118 γάρ
1599 2108 1614 2118 ⁸
1633 2040 1777 2118 torui
1796 2038 1926 2118 λίαν.

350 2112 407 2166 ld
448 2121 551 2176 est,
589 2130 608 2161 ‹
645 2108 675 2164 a
701 2112 866 2166 verbo
907 2112 1025 2174 ζέω,
1063 2109 1111 2162 id
1143 2115 1226 2162 est
1279 2108 1490 2172 ferveo,
1517 2108 1570 2161 εἰ
1599 2108 1732 2171 λίαν,
1767 2109 1817 2160 id
1843 2114 1926 2161 est

352 2175 544 2246 nimis,
558 2189 641 2236 est
665 2181 808 2236 enim
839 2181 1038 2234 invidia
1067 2179 1239 2233 calida
1282 2179 1464 2240 nimis,
1488 2177 1570 2230 vel
1594 2179 1736 2246 quod
1764 2175 1929 2230 faciat

350 2252 588 2306 animam
638 2252 831 2306 ardere
879 2251 1042 2304 intus.
1097 2267 1116 2300 ι
1164 2249 1194 2308 ἦ
1236 2252 1338 2304 ἀπὸ
1367 2255 1458 2303 τοῦ
1505 2249 1624 2312 ζάλη
1675 2249 1818 2311 ζάλος
1846 2250 1930 2302 καὶ

351 2323 514 2396 ζῆλος.
547 2321 573 2376 ὁ
601 2325 702 2396 γᾲρ
733 2323 877 2396 Cuia;
921 2322 1068 2384 ζάλην
1118 2319 1348 2390 ἐμϐάλλει
1395 2324 1464 2379 εἰς
1497 2320 1601 2396 ’τόη
1626 2315 1922 2396 ’ᾆνᾷρωπρνς

357 2386 376 2442 i
406 2391 488 2444 vel
524 2408 554 2445 a
585 2386 735 2457 ζ’ἀὶη,
770 2391 822 2444 id
847 2397 930 2445 est
949 2386 1239 2460 tempestas
1268 2408 1278 2441 :
1317 2387 1692 2460 namginvidia
1721 2386 1925 2460 homini

352 2456 1006 2531 tempestatemimmittit,
1040 2456 1075 2531 »ί
1097 2461 1252 2531 docet
1275 2459 1416 2531 idem
1441 2456 1794 2531 Etymologici
1827 2473 1926 2510 au-

349 2526 488 2586 ctor'.
520 2533 588 2585 Et
615 2539 760 2586 recte
800 2545 932 2585 sane
983 2530 1109 2599 quia
1155 2529 1387 2590 invidus,
1418 2526 1927 2599 semper_fu_riarum

352 2599 559 2658 facibus
591 2599 973 2664 inﬂammatus,
1000 2596 1281 2668 nunquam
1312 2598 1560 2667 quiescit.
1607 2596 1760 2668 Unde
1792 2612 1928 2666 prte-

352 2670 501 2725 clare
528 2671 585 2726 S.
620 2669 919 2741 Cyprianus
944 2667 1175 2741 eleganti
1214 2669 1303 2723 illa
1349 2668 1597 2723 oratione
1626 2667 1692 2721 de
1733 2667 1848 2720 zelo
1873 2677 1928 2741 et

352 2741 521 2796 livore
574 2759 586 2794 :
628 2738 754 2796 Zelo
813 2738 1108 2794 excwcante
1168 2755 1349 2794 sensus
1397 2748 1600 2792 nostros
1663 2746 1817 2808 atque
1873 2738 1927 2791 in

351 2811 602 2864 ditionem
631 2828 782 2865 suam
802 2811 987 2864 mentis
1003 2827 1200 2863 arcana
1224 2811 1485 2878 redigente
1505 2809 1604 2860 Dei
1619 2808 1777 2878 timor
1790 2823 1930 2878 sper-

352 2881 514 2944 nitur,
539 2882 893 2950 magisterium
916 2878 1115 2933 Christi
1143 2877 1442 2950 negligitur,
1462 2878 1671 2950 judicii
1688 2877 1798 2930 dies
1819 2877 1927 2950 non

350 2947 651 3020 providetul'
672 2965 691 3002 :
727 2953 884 3006 instat
902 2951 1168 3020 superbia,
1198 2947 1473 3020 exacerbth
1505 2947 1722 3020 stevitia,
1752 2947 1926 3020 perﬁ-

352 3017 441 3091 dia
461 3022 857 3090 prcevaricatur,
887 3017 1212 3091 impatientia
1252 3019 1511 3091 concutit,
1555 3019 1684 3091 furit
1726 3017 1928 3071 discor-

351 3088 478 3160 dia,
538 3092 619 3145 ira
685 3088 968 3160 fervescita
1013 3089 1368 3144 Nihilominus
1431 3088 1574 3143 zelus
1653 3088 1927 3160 iuusacra

354 3158 636 3230 Scriptura
661 3157 715 3216 et
733 3163 938 3218 sanctis
962 3161 1215 3216 Patribus
1237 3169 1563 3230 estnomen
1593 3157 1924 3222 indifferens,

354 3229 512 3302 modo
537 3233 712 3297 bonae,
741 3233 900 3288 modo
922 3233 1161 3286 adversae
1185 3229 1593 3302 significationis
1618 3249 1630 3283 :
1661 3230 1837 3302 honre,
1869 3237 1928 3282 ut

390 3299 487 3354 sal.
521 3317 688 3358 uvm
715 3321 726 3355 :
757 3302 913 3358 Zelus
935 3301 1120 3356 domus
1147 3299 1257 3357 tua?
1275 3301 1494 3357 comedit
1522 3317 1636 3365 me;
1662 3300 1923 3364 adversm,

395 3369 522 3424 Cor.
552 3382 636 3423 tu:
670 3369 799 3425 Cum
820 3375 885 3426 sit
911 3375 1046 3426 inter
1082 3389 1169 3426 vos
1197 3371 1338 3426 zelus
1364 3383 1412 3426 et
1437 3371 1717 3424 contentio.
1747 3369 1928 3422 Bonus

356 3439 502 3495 zelus
524 3454 554 3493 a
587 3438 645 3494 S.
671 3440 956 3500 Ambrosio
982 3442 1074 3496 lib.
1125 3459 1162 3495 ιι
1191 3443 1258 3496 de
1305 3441 1504 3497 Olliciis
1546 3454 1664 3506 cap.
1691 3437 1745 3500 5,
1777 3438 1926 3490 zelus

1958 781 2012 839 Λ
2037 779 2288 834 certatim
2318 781 2650 852 impendant.
2681 796 2704 825 θ
2735 785 2922 843 Nullus
2945 792 3091 860 quod
3128 793 3232 849 sibi
3253 796 3383 852 utile
3404 763 3640 867 judica-l

2033 868 2194 932 verit,
2224 879 2505 939 sequatur,
2533 875 2627 927 sed
2674 877 2817 944 quod
2849 877 2868 916 ί
2895 881 3067 948 magis
3108 883 3247 948 alio;
3291 887 3612 946 charitatcm

2033 955 2394 1014 fraternitatis
2415 970 2566 1015 casto
2589 963 2901 1032 impendant
2929 984 3116 1036 amore
3133 990 3148 1027 :
3167 974 3334 1030 Deum
3353 978 3610 1034 timeant:

2037 1049 2332 1144 tiaAbliatem
2359 1067 2514 1107 suum
2545 1057 2752 1112 sincera
2769 1069 2824 1114 et
2844 1062 3032 1116 humili
3060 1066 3325 1125 charitate
3350 1073 3614 1144 diligant:

2034 1138 2061 1177 ιι
2092 1138 2310 1195 Christo
2359 1145 2581 1200 omnino
2626 1147 2760 1203 nihil
2812 1163 3148 1222 praeponam,
3191 1161 3283 1227 qui
3327 1163 3395 1216 ad
3445 1138 3612 1222 vitam

2030 1237 2288 1285 aeternam
2312 1234 2596 1302 perducat.
2634 1239 2648 1278 ί
2674 1239 2862 1296 Amen.

2127 1320 2154 1415 ᾗ
2185 1321 2245 1376 ll.
2268 1354 2338 1362 —
2358 1325 2440 1416 Eat
2473 1327 2688 1384 Recuu
2719 1349 2906 1390 ξηαπ
2939 1337 3141 1396 ΒΑειιιι
3181 1341 3318 1413 (cap.
3343 1344 3434 1416 58)
3461 1346 3508 1400 ἱ.

2099 1408 2363 1483 Interrog.
2412 1414 2635 1481 Qualem
2665 1420 2920 1478 debemus
2955 1426 3158 1485 habere
3191 1408 3516 1490 citaritateni
3546 1437 3616 1491 ad

2033 1543 2460 1631 tunspiritales,
2497 1564 2619 1631 'non
2666 1558 2861 1631 tamen
2884 1556 3126 1621 deerunt,
3158 1576 3292 1631 quas
3323 1563 3375 1617 in
3402 1567 3614 1623 actibus

2030 1614 2190 1704 bonis
2204 1615 2460 1704 imiteris.
2479 1619 2562 1704 iit
2586 1632 2747 1701 certe
2793 1625 3024 1704 tolerare
3072 1614 3615 1704 céraaiés"b}6iizliié

2033 1689 2246 1769 virtutis
2274 1694 2378 1769 est,
2401 1689 2598 1769 imitari
2621 1707 2750 1769 vero
2780 1697 3052 1769 spiritales
3075 1703 3188 1769 spei
3219 1713 3302 1758 est
3327 1689 3597 1762 iunximus.

2030 1753 2297 1841 [audiunt
2313 1759 2567 1841 carnales
2584 1753 2918 1841 _spiritaliun_1
2975 1753 3300 1837 patientiam

2031 1837 2151 1904 qua:
2176 1835 2376 1906 sanctm
2407 1838 2547 1906 sunt,
2567 1831 2846 1906 bonarum
2870 1831 3191 1895 documenta
3221 1843 3476 1899 virtutum
3507 1864 3518 1898 :
3547 1831 3612 1901 ac

2031 1899 2352 1974 sic.animaz
2387 1899 2697 2018 proficienti
2727 1912 2971 1987 utraeque
2999 1918 3126 1963 sunt
3163 1913 3342 1975 utiles,
3379 1926 3432 1969 et
3475 1899 3614 1984 quas

2031 1971 2304 2018 “ﬂuenter
2328 1976 2382 2018 ῙΟ
2405 1976 2544 2018 erat.
2578 1978 2632 2018 ΕΙ.
2651 1987 2784 2018 anas
2809 1973 3050 2018 lmlinhlr
3071 1982 3308 2018 cllnvilnr
3351 1983 3590 2018 Ῐὶιωαιιηυ

2029 1971 2304 2051 patienter
2328 1971 2544 2051 tolerat,
2578 1978 2632 2024 et
2651 1987 2784 2051 quas
2807 1971 3050 2051 imitatur
3071 1971 3610 2051 suaviter.'Libenter,

2034 2035 2209 2116 inquit
2233 2035 2564 2116 Alpo’s‘lolus,‘
2588 2035 2872 2116 sustinetis
2889 2047 3207 2116 insipientes,
3236 2035 3359 2105 dum
3388 2035 3616 2108 sitisse:

2031 2104 2228 2172 pientes
2256 2104 2306 2186 (l
2340 2104 2476 2188 Cor:
2495 2107 2592 2179 χι).
2618 2108 2685 2163 Et
2710 2111 2824 2188 ipse
2858 2104 3002 2188 idem
3027 2117 3158 2188 dicit
3187 2104 3206 2173 ε’
3236 2104 3611 2178 Πιθόὲιῖέξηῖἦι

2033 2189 2160 2260 i'os,_
2195 2176 2286 2243 qui
2332 2175 2595 2260 ﬁrmiores
2641 2175 2766 2260 estis
2783 2221 2807 2260 ,Ι
2850 2183 3230 2260 imbecitiitates
3281 2175 3616 2260 inﬁrmorum

2030 2249 2303 2329 sustinere,
2347 2254 2395 2298 et
2439 2263 2544 2329 non
2571 2249 2977 2329 vobis.pla-cere.
3031 2249 3404 2329 Unusquisque
3438 2274 3615 2317 antem

2026 2315 2266 2396 proximo
2317 2331 2413 2367 suo
2461 2315 2664 2396 plqceat
2723 2315 2778 2373 in
2828 2321 3020 2396 bonum
3076 2327 3155 2396 ad,
3196 2315 3610 2396 'azdiiicationem

2031 2380 2208 2465 (item.
2259 2399 2401 2465 Xlllj‘.
2524 2386 2605 2465 At
2631 2398 2818 2465 contra
2865 2391 3080 2465 invidus
3109 2380 3239 2449 nihil
3278 2380 3609 2455 asinarii};

2028 2454 2228 2532 vit-tute
2259 2454 2490 2532 proficit,
2517 2457 2607 2532 qui
2634 2459 2796 2532 etiam
2822 2471 2880 2532 ut
2905 2463 2953 2515 ei
2977 2464 3150 2519 virtus
3179 2467 3355 2522 aliena
3379 2454 3608 2524 multum

2028 2520 2471 2603 oﬂiciat,'ellicit;
2498 2520 2719 2603 alterius
2752 2531 3004 2585 meritum
3054 2535 3106 2588 in
3143 2537 3224 2590 sui
3253 2520 3611 2597 iorhiéiiiiiiiil

2028 2592 2482 2677 medicamentum
2516 2597 2566 2649 in
2599 2612 2861 2677 venenum
2885 2614 3227 2677 convertens,
3270 2616 3327 2662 ut
3353 2592 3613 2677 praeclare

2029 2661 2186 2746 docet
2304 2663 2606 2746 Cyprianus
2643 2669 2887 2746 oratione
2933 2672 3099 2746 citata
3133 2694 3147 2728 :
3193 2661 3226 2727 ι’
3256 2661 3616 2743 ρυίῖιίξῖὲὶό

2027 2739 2111 2785 est
2150 2739 2363 2817 animm.
2378 2739 2542 2816 tinea,
2572 2751 2693 2817 quae
2729 2739 3328 2817 cogitationumtabes,
3376 2751 3616 2817 pectoris

2028 2812 2228 2887 quainta
2266 2805 2704 2887 .rubigo,.zelare
2754 2805 2819 2887 ἰῇ
2853 2811 3024 2887 altero
3060 2815 3146 2869 vel
3173 2805 3425 2887 virtutem
3471 2805 3614 2887 ejus,

2031 2873 2114 2959 vel
2139 2872 2475 2959 felicitatem:
2504 2875 2556 2957 id
2579 2887 2689 2959 est,
2715 2880 2894 2959 odisse
2925 2883 2977 2936 in
3019 2898 3093 2959 _eo
3130 2886 3211 2940 vel
3255 2889 3447 2942 merita

2026 2943 2168 3038 p'ria,
2193 2943 2278 2999 vel
2304 2945 2562 3038 beneficia
2586 2949 2763 3038 divina
2782 2967 2806 3032 ;.
2828 2951 2882 3005 in
2926 2953 3127 3008 malum
3171 2959 3448 3038 preprium
3470 2943 3612 3013 bona

2029 3012 2204 3098 aiiena
2226 3025 2572 3098 convertere;
2617 3012 2903 3075 illustrium
2944 3012 3306 3098 prosperitate
3336 3012 3604 3098 torqueri,

2027 3083 2255 3168 aliorum
2284 3086 2507 3168 gloriam
2525 3086 2880 3168 faceresuam
2905 3083 3156 3168 poenam;
3181 3097 3329 3152 velut
3349 3083 3614 3168 quosdam

2027 3157 2231 3277 pectori
2254 3157 2542 3211 admovere
2571 3161 2876 3225 carnifices,
2905 3157 3328 3234 cogitationibus
3354 3157 3408 3223 ét
3433 3170 3607 3223 sensi-

2067 3241 2128 3277 US
2148 3227 2262 3277 SUlS
2286 3227 2543 3277 adhibere
2572 3237 2821 3277 tortores-
2877 3233 2968 3277 (Illi
3015 3251 3074 3277 ep,
3103 3235 3376 3277 intactinie
3406 3240 3607 3277 nrnnin.

2056 3241 2128 3305 ius
2148 3227 2262 3305 suis
2286 3227 2543 3282 adhibere
2563 3237 2824 3305 tortores,
2877 3227 3074 3304 qui'se
3101 3235 3378 3292 intestinis
3406 3240 3616 3293 crucia-

2028 3296 2174 3367 tibus
2198 3297 2455 3364 lacerent,
2485 3299 2574 3367 qui
2624 3303 2802 3357 cordis
2833 3296 3042 3358 secreta
3088 3307 3479 3363 malevolentiae
3515 3325 3615 3363 un-

2029 3366 2166 3445 gulis
2192 3367 2423 3436 pulsent.
2456 3366 2598 3445 siit
2637 3371 2876 3445 Prosper
2917 3373 3272 3445 Aquitanicus
3315 3378 3407 3430 lib.
3441 3394 3500 3431 Ill
3544 3379 3613 3432 de

2033 3434 2154 3516 Vita
2194 3434 2642 3516 contemplativa,
2694 3434 2879 3516 cap._5
2925 3462 2939 3498 :
2981 3434 3009 3492 ἐ
3038 3444 3174 3516 Quis
3223 3446 3384 3500 facile
3431 3455 3613 3516 potest

351 3506 447 3562 Dei
479 3508 694 3584 dicitur,
718 3513 916 3584 _malus_
949 3527 1080 3566 vero
1125 3511 1394 3584 humanus
1426 3529 1439 3564 ;
1473 3528 1490 3558 ι
1525 3503 1762 3575 8ἰι”ενςο
1784 3507 1926 3584 inter
1952 3503 1996 3564 C
2028 3504 2189 3584 quale
2212 3505 2282 3559 sit
2308 3503 2431 3584 hoc
2453 3503 2866 3584 malumiverbis
2891 3503 3226 3584 exprimere,
3255 3531 3364 3584 quo
3395 3503 3611 3571 invidus

353 3594 468 3650 vos,
499 3577 694 3650 inquit,
718 3581 812 3635 Dei
840 3582 1005 3644 zelus,
1033 3596 1139 3650 non
1165 3581 1264 3634 iste
1288 3581 1574 3650 humanus,
1598 3591 1758 3646 quem
1787 3577 1926 3650 invi-

353 3649 442 3706 dia
472 3647 714 3719 generat.
756 3670 775 3702 ι
825 3651 927 3706 Ubi
981 3649 1266 3719 distinguit
1310 3647 1826 3719 zelum_hu_m_anum
1858 3647 1926 3701 ab

358 3716 578 3784 invidia,
605 3721 680 3773 ita
703 3729 763 3773 ut
789 3721 892 3774 iste
912 3718 1061 3773 zelus
1090 3716 1253 3774 addat
1273 3719 1475 3789 aliquid
1501 3716 1731 3789 invidiae,
1751 3717 1928 3789 sitque

354 3790 648 3860 vehemens
672 3790 888 3860 quidam
913 3789 1076 3842 animi
1103 3797 1303 3851 motus,
1350 3787 1462 3860 Quo
1484 3787 1927 3860 quisinardescit

354 3806 648 3844 venemens
672 3806 888 3860 quidam
913 3806 1076 3842 amun
1103 3806 1303 3851 morus,
1392 3806 1462 3843 uo
1484 3806 1605 3858 quis
1634 3806 1927 3841 maruescu

354 3857 617 3930 adversus
645 3860 875 3930 proximi
899 3860 1128 3930 bonum:
1159 3874 1316 3928 quem
1426 3857 1746 3930 Benedictus
1769 3863 1930 3913 vocat

353 3927 528 3998 gelum
548 3926 922 3984 amaritudinis
947 3926 1285 3984 S.Jacobum
1332 3926 1688 3998 secutus,iqui
1734 3929 1787 3981 in
1831 3943 1926 3983 sua

353 3997 551 4082 Epist”
583 4011 699 4069 cap.
727 4001 782 4063 5,
813 4000 1064 4123 appellat,
1082 3998 1252 4053 zelum
1272 3997 1722 4068 amamm.Vulgo
1744 4006 1927 4054 tamen

353 4075 454 4123 Ista
485 4070 744 4123 vocabula
769 4085 868 4123 con
898 4070 1190 4123 unduntur.

352 4069 454 4125 ista
485 4070 744 4125 vocabula
769 4069 1190 4125 confunduntur.

425 4138 453 4178 δ
480 4137 548 4192 Id
602 4149 698 4204 est,
720 4209 727 4210 ί
749 4149 805 4194 ut
848 4141 1062 4194 invicem
1117 4155 1172 4210 se
1206 4139 1401 4193 honore
1425 4139 1758 4210 prtrveniant.
1791 4135 1927 4193 Octo

353 4218 636 4262 enumerat
655 4209 876 4265 ell‘eetus
891 4210 1027 4280 boni
1071 4209 1192 4275 zeli,
1216 4208 1432 4280 quibus
1453 4209 1609 4262 docte
1628 4208 1930 4277 explicatur

357 4280 408 4334 in
433 4293 540 4347 quo
566 4281 829 4335 consistat
853 4279 1120 4348 ejusmodi
1147 4278 1315 4334 zelus.
1345 4278 1559 4350 Primus
1585 4294 1714 4350 ergo
1741 4288 1841 4343 est,
1867 4285 1928 4332 ut

359 4350 550 4420 fratres
575 4365 634 4404 se
659 4350 888 4405 invicem
919 4351 1122 4405 honore
1169 4349 1518 4420 praaveniant,
1563 4349 1690 4420 quia
1715 4349 1928 4405 invidus

354 4418 583 4487 proximi
606 4422 687 4475 sui
719 4421 924 4476 honore
947 4418 1186 4474 maxime
1211 4419 1500 4474 cruciatur.

428 4498 450 4525 ε
478 4487 821 4559 Inﬁrmitates
860 4507 983 4544 suas
1008 4491 1112 4543 sive
1139 4506 1416 4559 corporum
1453 4489 1559 4543 sive
1585 4505 1790 4543 morum
1832 4505 1927 4559 pa-

353 4557 655 4627 tientissime
675 4559 910 4614 tolerent.
940 4560 1074 4627 Quia
1121 4557 1356 4624 invidus,
1402 4559 1503 4614 etsi
1543 4572 1758 4627 semper
1785 4557 1927 4614 malo

356 4626 564 4681 L'etetur
593 4630 790 4696 alieno,
822 4626 1000 4686 tamen
1045 4645 1112 4684 ex
1159 4629 1248 4685 illo
1293 4629 1607 4684 occasiones
1627 4626 1928 4684 cententio-

355 4711 482 4749 num
513 4706 565 4751 et
588 4701 827 4754 rixarum
852 4701 1066 4768 qurerit,
1115 4715 1214 4754 nec
1261 4714 1497 4768 unquam
1552 4714 1736 4768 pacem
1767 4699 1929 4753 habet

354 4781 475 4837 cum
505 4771 768 4836 proximo.
797 4788 815 4820 ‹
845 4769 983 4824 Hinc
1010 4769 1186 4823 vultus
1210 4770 1413 4830 minax,
1447 4777 1631 4821 torvus
1653 4778 1922 4837 aspectus,

2029 3574 2152 3628 odio
2176 3575 2410 3649 hominis
2432 3578 2774 3649 persequitur
2797 3574 3036 3634 divinum
3063 3574 3339 3638 munus'in
3363 3585 3605 3649 homine;

2027 3646 2358 3718 cum_po_tius
2380 3647 2552 3718 amari
2572 3647 2740 3718 homo
2767 3649 3069 3718 debeatpro
3095 3653 3178 3706 sui
3209 3655 3386 3708 meriti
3409 3646 3612 3709 sancti;

2029 3715 2176 3768 tate?
2224 3715 2449 3792 Tantos_
2476 3716 2699 3792 invidus
2734 3719 2903 3792 habet
2949 3715 3110 3792 poena
3151 3721 3297 3789 justa
3355 3733 3608 3792 tortores,

2028 3793 2261 3856 quantos
2287 3785 2584 3840 invidiosus
2613 3787 2862 3843 habuerit
2892 3785 3218 3846 laudatores.
3258 3812 3278 3844 ι

2098 3854 2124 3894 ἀ
2166 3854 2527 3931 Qbedientiam
2551 3858 2651 3931 sibi
2673 3860 2946 3931 certatim.
2967 3858 3034 3916 Ut
3062 3876 3180 3931 cap.
3209 3863 3297 3916 17.

2106 3937 2130 3966 ο
2164 3925 2360 4002 _Nullus
2377 3927 2523 3996 quod
2553 3927 2652 4002 sibi
2681 3929 2806 3981 utile
2824 3925 3142 3998 judicaverit
3176 3942 3444 4002 sequatur.
3472 3933 3609 4000 Quia

2027 3996 2267 4072 Charitas
2291 4011 2399 4072 non
2426 3997 2621 4065 quaarit
2657 4013 2776 4072 quae
2803 3996 2898 4072 sua
2924 4008 3070 4065 sunt,
3099 3996 3272 4070 inquit
3299 3996 3606 4072 Apostolus,

2027 4083 2093 4122 ac
2132 4066 2357 4135 proinde
2389 4082 2494 4120 non
2539 4069 2744 4136 appetit
2787 4069 2994 4135 aliena;
3025 4087 3123 4126 nec
3167 4066 3362 4127 alienai
3405 4066 3610 4128 invidet

2025 4136 2400 4260 prgfperitati,
2429 4151 2548 4206 quas
2573 4152 2680 4192 non
2709 4154 2864 4194 suam
2894 4140 2987 4193 sed
3019 4140 3244 4197 alterius
3279 4144 3474 4213 quaerit
3499 4145 3601 4198 uti-

2050 4223 2065 4260 l
2151 4221 2255 4259 em.

2050 4207 2255 4260 itatem.

2105 4276 2123 4314 ί
2163 4275 2337 4346 Magis
2363 4276 2488 4330 alio.
2510 4276 2587 4332 Ita
2610 4278 2663 4334 in
2689 4278 2807 4334 cod.
2839 4279 2898 4336 S.
2925 4279 3183 4337 German.
3211 4297 3320 4336 ma.

2103 4348 2129 4386 8
2162 4346 2409 4400 Abbatem
2437 4364 2589 4402 suum
2629 4349 2832 4404 sincera
2863 4361 2910 4405 et
2957 4351 3144 4406 humili
3187 4352 3444 4406 charitate
3483 4351 3608 4406 dili-

2027 4427 2171 4491 gant.
2199 4415 2350 4491 Quod
2380 4433 2486 4473 non
2514 4418 2644 4473 facit
2674 4421 2902 4491 invidus,
2927 4423 3019 4491 qui
3051 4437 3116 4476 eo
3153 4420 3420 4476 difﬁcilius
3449 4423 3604 4476 alteri

2027 4487 2326 4559 subjicitur,
2351 4503 2457 4557 quo
2485 4491 2656 4559 magis
2684 4490 2905 4544 alterius
2927 4487 3131 4545 invidet
3161 4491 3352 4544 honori
3376 4509 3388 4543 :
3422 4509 3440 4543 ι
3467 4491 3605 4545 Hinc

2027 4557 2300 4613 vinculum
2336 4558 2484 4626 pacis
2516 4557 2800 4628 ruinpitur,
2840 4560 3015 4628 inquit
3058 4559 3116 4614 S.
3146 4559 3448 4629 Cyprianus
3481 4575 3605 4615 ora-

2029 4629 2177 4682 tione
2223 4630 2408 4692 citata,
2439 4629 2565 4682 hinc
2606 4629 2846 4683 charitas
2894 4630 3132 4684 fraterna
3175 4630 3432 4695 violatur,
3477 4629 3607 4685 hinc

2029 4698 2362 4752 adulteratur
2415 4698 2644 4762 veritas,
2696 4699 2876 4754 unitas
2927 4701 3207 4762 scinditur,
3253 4701 3322 4754 ad
3369 4701 3604 4755 hatreses

2031 4776 2192 4841 atque
2219 4769 2285 4841 ad
2317 4767 2623 4841 schismata
2653 4770 2950 4837 prosilitur,
2979 4771 3110 4841 dum
3146 4771 3482 4841 obtrectatur
3517 4785 3603 4824 sa-

354 4835 525 4908 pallor
551 4839 603 4892 in
626 4840 782 4904 facie,
810 4840 862 4894 in
879 4840 1035 4895 labiis
1059 4850 1284 4901 tremor,
1311 4838 1512 4892 stridor
1556 4837 1610 4891 in
1654 4835 1924 4904 dentibus,
1952 4847 2004 4906 1)
2031 4837 2359 4908 cerdotibus,
2387 4837 2515 4890 dum
2545 4835 2809 4908 epis—copis
2848 4840 3137 4904 invidetur,
3185 4835 3310 4895 dum
3351 4840 3472 4907 quis
3508 4848 3603 4893 aut

356 4907 514 4976 verba
567 4911 773 4976 rabida,
819 4909 1077 4966 effrenata
1115 4909 1381 4972 convicia,
1427 4923 1620 4962 manus
1649 4909 1719 4962 ad
1764 4910 1928 4964 caedis

353 4975 661 5050 violentiam
691 4975 956 5050 prompta,
983 4981 1148 5036 etiam
1170 4979 1213 5033 si
1241 4995 1270 5032 a
1295 4978 1471 5047 gladio
1499 4978 1923 5050 interimvacua,

352 5047 477 5119 odio
505 5047 705 5102 tamen'
733 5047 943 5105 furiata)
984 5050 1179 5105 mentis
1221 5057 1446 5113 armata,
1485 5068 1503 5100 ι
1532 5048 1713 5119 inquit
1735 5047 1792 5102 S.
1823 5047 1928 5119 Cy-

352 5114 576 5188 prianus
599 5120 846 5176 oratione
864 5122 1048 5175 citata.
1075 5119 1182 5173 Sed
1203 5119 1378 5188 qualis
1403 5119 1474 5172 sit
1498 5114 1759 5185 ejusmodi
1778 5114 1926 5174 zelus

353 5186 487 5259 satis
522 5188 760 5244 declarat
787 5190 844 5245 S.
890 5191 1124 5246 Jacobus
1170 5186 1348 5259 capite
1400 5190 1566 5243 citato
1600 5206 1615 5242 :
1653 5188 1755 5242 Ubi
1788 5191 1926 5242 enim

354 5255 498 5309 zelus
527 5267 574 5329 et
605 5261 883 5324 contentio,
906 5261 976 5314 ibi
1005 5255 1355 5315 inconstantia
1390 5269 1437 5312 et
1469 5275 1618 5329 omne
1644 5275 1771 5329 opus
1805 5275 1927 5328 pra-

355 5339 494 5399 vum.
524 5326 594 5379 At
615 5339 826 5394 contra,
871 5329 1021 5399 juxta
1046 5329 1401 5399 Apostolum:
1457 5326 1698 5399 Charitas
1749 5326 1924 5385 omnia

353 5393 558 5466 suffert,
584 5400 759 5452 omnia
782 5393 1021 5465 sustinet,
1037 5393 1192 5454 et'ex'
1209 5399 1437 5453 aliorum
1471 5398 1782 5452 infirmitate
1801 5413 1925 5466 pro-

357 5461 500 5538 licit;
533 5468 676 5538 quod
698 5470 952 5535 prteclare
979 5461 1136 5525 docet
1163 5470 1219 5525 8.
1266 5470 1529 5533 Leander,
1559 5483 1679 5538 cap.
1713 5469 1778 5522 l6
1801 5461 1922 5522 libri

355 5531 420 5586 de
442 5531 782 5609 institutione
809 5540 1075 5609 virginum
1102 5558 1114 5592 :
1137 5560 1155 5592 ι
1191 5541 1305 5594 Etsi
1331 5531 1600 5594 interdum
1625 5531 1723 5608 pro
1745 5539 1921 5592 varie-

357 5613 468 5680 tate
504 5605 834 5660 voluntatum
881 5605 1089 5663 oriatur
1137 5611 1381 5680 qumdam
1414 5605 1812 5680 congregationi
1849 5610 1921 5662 si-

356 5675 574 5745 multas,
593 5684 646 5731 et
664 5691 1043 5750 nonnunquam
1060 5675 1374 5738 murmuriis
1389 5675 1684 5738 carnulium
1708 5681 1919 5736 tristen-

2031 4907 2278 4977 queritur
2319 4921 2427 4979 non
2470 4922 2528 4961 se
2558 4907 2739 4977 potius
2767 4911 3104 4975 ordinatum,
3147 4919 3240 4963 aut
3281 4909 3604 4979 dedignatur

2031 4975 2267 5032 alterum
2306 4975 2453 5047 ferre
2495 4975 2858 5047 priepositum.
2910 4980 3047 5034 Hinc
3090 4975 3432 5044 recalcitrat,
3477 4979 3604 5034 hinc

2033 5047 2257 5102 rebellat
2284 5046 2350 5100 de
2378 5046 2802 5118 zelobsup’crbus,
2831 5051 2895 5103 dc
2920 5049 3264 5103 aemulatione
3291 5063 3602 5118 pervorsus,

2033 5118 2375 5172 animositate
2403 5125 2458 5170 et
2495 5115 2662 5171 livore
2703 5133 2807 5172 non
2836 5119 3086 5182 hominis,
3116 5119 3208 5173 sed
3251 5115 3472 5172 honoris
3501 5119 3605 5172 ini-

2034 5189 2224 5242 micus.
2249 5207 2266 5239 ι
2299 5186 2522 5241 Sincera
2555 5197 2733 5241 autem
2762 5190 3002 5244 Charitas
3026 5198 3110 5244 est
3136 5190 3300 5243 verba
3329 5203 3433 5242 non
3460 5187 3601 5242 facta

2036 5257 2223 5330 [verbo
2242 5273 2304 5312 ac
2327 5257 2514 5330 factio?]
2538 5258 2771 5330 humilis,
2803 5274 2921 5330 qua:
2947 5274 3070 5313 cum
3101 5259 3292 5330 timore
3314 5259 3600 5330 conjuncta

2031 5327 2134 5393 est,
2170 5336 2230 5380 ut
2273 5344 2376 5381 non
2407 5327 2693 5396 degeneret
2724 5329 2777 5382 in
2806 5329 3066 5384 insulsam
3098 5328 3536 5382 familiaritatem.

2097 5400 2126 5438 ιι
2159 5396 2365 5469 Christo
2393 5397 2603 5469 omnino
2642 5397 2770 5469 nihil
2794 5408 3118 5469 prwponant.
3146 5398 3280 5469 Quia
3303 5397 3456 5469 _ma_lo
3485 5396 3598 5469 zelo

2032 5487 2052 5520 ς
2082 5468 2449 5538 magisterium
2475 5467 2677 5522 Christi
2706 5465 3007 5538 negligitur,
3033 5488 3050 5519 ι
3085 5467 3260 5537 inquit
3284 5465 3356 5537 ¹8.
3382 5466 3600 5539 Cypria—

2025 5555 2129 5594 nus
2156 5553 2339 5605 supra.

2102 5612 2116 5648 ί
2152 5609 2336 5662 Amen.
2363 5609 2522 5664 Deest
2549 5608 2602 5662 in
2629 5607 2748 5662 cod.
2775 5607 2831 5663 S.
2861 5607 3116 5664 German.
3148 5623 3257 5663 ma.

2097 5679 2110 5728 i
2155 5677 2415 5750 lnterrog.
2448 5679 2548 5733 162
2572 5678 2813 5749 Regulm;
2843 5678 3047 5745 Ruﬁn.,
3074 5693 3194 5749 cap.
3225 5678 3310 5736 51.
