4014 6186
376 237 516 295 1579

1379 223 1438 279 S.
1477 217 1836 278 BENEDICTI
1873 214 2163 272 ABBATIS
2201 209 2608 268 ANIANENSIS

3497 207 3650 262 1380

370 349 635 409 invicem?
653 377 728 389 —
754 344 910 416 Resp.
943 342 1170 412 Qualem
1210 337 1473 394 Dominus
1503 333 1743 391 ostendit
1772 341 1828 388 et
1855 333 1951 388 do-
1977 344 2030 404 Α
2053 329 2328 385 debitores
2355 327 2407 382 ei
2434 324 2812 416 edicimur,_ut
2837 337 2904 378 eo
2933 321 3130 416 merito
3172 320 3466 416 diligamus
3493 325 3654 416 quod

370 446 487 504 cuit
515 442 702 498 dicens
727 457 740 493 :
770 437 986 507 Diligite
1013 435 1254 496 invicem,
1282 431 1417 484 sicut
1442 436 1490 482 et
1519 443 1612 498 ego
1647 424 1808 478 dilexi
1839 439 1946 488 vos,

2049 419 2214 474 etiam
2257 418 2402 472 inter
2429 413 2658 485 gentiles
2701 411 2977 467 observari
3006 410 3165 476 solet,
3198 411 3340 466 sicut
3370 412 3653 469 Dominus

372 500 630 609 majorem
661 543 832 588 autem
862 500 1170 584 charitatem
1199 539 1348 578 nemo
1380 521 1531 575 habet
1566 534 1724 590 quam
1756 527 1810 570 ut
1835 515 1951 587 quis
2051 509 2105 564 in
2147 507 2438 609 Evangelia
2463 503 2598 560 dicit
2618 500 2731 609 Si
2761 500 2982 609 diligitis
3017 517 3104 555 eos
3140 501 3232 609 qui
3261 517 3348 554 vos
3369 501 3654 609 diligunt,

373 606 608 683 animam
651 639 803 679 suam
831 627 991 691 ponat
1035 633 1130 689 pro
1156 613 1338 668 amicis
1369 613 1479 668 suis
1525 609 1707 683 (Joan.
1735 606 1847 679 xv).
1895 606 1954 662 Si

375 729 556 776 autem
581 725 636 772 et
659 715 892 770 animam
919 709 1044 782 poni
1067 713 1299 779 oportet,
1327 711 1532 776 quanto
1557 701 1731 771 magis
1755 699 1809 754 in
1836 698 1956 754 aliis

374 818 558 864 votum
585 814 641 862 et
669 804 908 860 studium
936 801 1096 856 debet
1123 797 1358 862 ostendi,
1387 795 1504 850 sine
1537 792 1700 848 dubio
1736 806 1844 846 non
1873 804 1957 845 se-

375 898 612 956 cundum
657 896 922 950 humanas
959 889 1288 951 voluntates,
1331 885 1426 941 sed
1469 882 1765 940 secundum
1809 880 1960 935 illum

373 995 738 1060 prospectum,
783 986 836 1039 in
877 999 985 1054 quo
1027 991 1110 1036 est
1137 993 1423 1036 commune
1451 976 1690 1031 omnium
1717 970 1961 1045 praposi-

378 1088 491 1133 tum
520 1075 765 1148 placendi
791 1075 922 1129 Deo.

817 1164 845 1237 §
873 1164 958 1218 lll.
980 1193 1051 1203 —
1073 1161 1206 1215 Item
1238 1159 1378 1232 (cap.
1403 1157 1514 1228 ⁵59).

453 1256 718 1326 Interrog.
745 1267 771 1295 ι
798 1252 1078 1321 Quomodo
1120 1249 1320 1320 poterit
1363 1247 1486 1316 quis
1522 1243 1745 1314 implere
1782 1241 1963 1296 chari-

383 1355 550 1403 tatem
604 1361 728 1416 erga
776 1342 1125 1415 proximum?
1156 1370 1228 1380 —
1255 1338 1410 1410 Resp.
1453 1337 1696 1392 Primum
1747 1333 1966 1404 quidem

382 1447 627 1493 metuens
648 1434 911 1503 judicium
946 1429 1359 1503 prmvaricantis
1389 1429 1698 1487 mandatum
1727 1423 1965 1487 Domini,

383 1530 510 1601 quia
539 1529 653 1597 ipse
694 1527 866 1581 dixit:
909 1523 1012 1591 Qui
1053 1540 1157 1576 non
1183 1519 1461 1575 crediderit
1499 1512 1664 1582 Filio,
1689 1517 1718 1556 ιι
1747 1532 1852 1569 non
1875 1514 1972 1567 ha—

385 1621 518 1676 bebit
550 1620 730 1682 vitam,
758 1616 849 1670 sed
881 1616 962 1669 ira
988 1614 1082 1667 Dei
1111 1620 1286 1666 manet
1319 1625 1476 1681 super
1495 1624 1614 1662 eum
1652 1605 1835 1678 (Joan.
1860 1603 1968 1675 ιιι).

2051 615 2169 672 qua:
2209 597 2354 652 vobis
2394 604 2470 650 est
2514 593 2731 664 gratia?
2768 592 2894 662 quia
2921 600 2970 646 et
3004 600 3298 662 peccatores
3334 600 3384 644 et
3422 590 3658 662 gentiles

2055 691 2326 762 diligentes
2366 704 2422 742 se
2448 686 2675 756 diligunt
2720 683 2874 755 (Luc.
2903 681 3002 754 γι).
3048 680 3107 736 Si
3147 689 3328 736 autem
3367 681 3420 735 in
3459 681 3658 750 aliquo

2055 781 2141 838 vel
2186 779 2333 834 lzedit
2361 793 2460 833 nos
2484 775 2570 832 vel
2597 775 2916 831 adversetur
2949 772 3093 842 quis,
3142 773 3289 827 hunc
3317 787 3426 826 non
3470 772 3659 827 solum

2057 885 2278 950 propter
2308 872 2649 936 mandatum,
2679 869 2773 926 sed
2799 876 2855 924 et
2881 876 3105 939 propter
3142 866 3246 921 hoc
3291 866 3467 936 ipsum
3511 865 3663 935 quod

2059 971 2179 1042 plus
2209 967 2364 1024 nobis
2393 972 2614 1038 prmstat
2648 963 2704 1018 in
2751 977 2860 1031 quo
2906 960 3084 1025 laedit,
3113 958 3336 1030 diligere
3369 959 3658 1014 debemus.

2063 1064 2120 1121 Si
2166 1061 2384 1133 quidem
2430 1057 2703 1114 credimus
2749 1054 2981 1110 Domino
3027 1052 3266 1108 dicenti:
3302 1050 3457 1104 Beati
3506 1052 3658 1116 estis,

2062 1171 2180 1210 cum
2206 1151 2589 1224 exprobrabunt
2613 1163 2722 1212 vos,
2745 1156 2792 1201 et
2814 1153 3210 1216 persequentur,
3234 1152 3282 1198 et
3309 1144 3486 1196 dicent
3510 1159 3665 1197 omne

2064 1243 2261 1298 malum
2295 1241 2570 1295 adversum
2618 1254 2708 1291 vos
2758 1235 3063 1290 mentientes
3103 1243 3316 1304 propter
3351 1249 3434 1286 me
3469 1247 3490 1284 :
3526 1250 3663 1303 gau-

2067 1336 2181 1390 dete
2205 1343 2252 1388 et
2279 1329 2558 1394 exsultate,
2582 1328 2708 1400 quia
2735 1343 2931 1381 merces
2960 1335 3129 1380 vestra
3157 1340 3346 1394 magna
3373 1333 3453 1378 est
3480 1323 3541 1376 in
3567 1339 3670 1376 caa-

2068 1425 2134 1480 lis
2168 1422 2386 1497 (Matth.
2410 1419 2490 1492 v).

2501 1555 2529 1628 ᾖ
2553 1554 2642 1610 IV.
2668 1583 2738 1593 —
2767 1551 2904 1606 Item
2935 1549 3074 1622 (cap.
3101 1547 3214 1618 40).

385 1711 540 1765 Tunc
569 1681 760 1763 deinde
806 1705 951 1760 velut
982 1704 1202 1774 cupiens
1241 1701 1308 1755 ad
1349 1708 1609 1755 aeternam
1652 1697 1818 1750 vitam
1849 1709 1971 1764 per—
2000 1693 2047 1751 B
2145 1693 2410 1764 Interrog.
2433 1691 2459 1732 ἀ
2489 1689 2769 1760 Quomodo
2815 1685 3134 1758 intelligitur
3175 1683 3296 1754 quis
3332 1683 3378 1738 si
3412 1683 3534 1739 zelo
3575 1681 3669 1737 Dei

386 1805 595 1867 venire,
623 1801 760 1868 Quia
785 1799 1092 1854 mandatum
1115 1796 1229 1867 ejus
1252 1796 1357 1849 vita
1388 1803 1584 1848 a'terna
1608 1800 1703 1844 est.
1734 1786 1973 1842 Primum

388 1907 566 1952 autem
599 1904 648 1949 et
679 1908 927 1964 magnum
964 1890 1275 1944 mandatum
1308 1897 1426 1942 est:
1469 1886 1664 1956 Diliges
1692 1883 1976 1938 Dominum

389 1999 538 2043 tuum
573 2003 638 2041 ex
676 1995 783 2040 toto
816 1984 971 2039 corde
1009 1993 1100 2038 tuo
1135 1992 1184 2036 et
1211 1999 1276 2036 ex
1308 1990 1416 2035 tota
1445 1989 1615 2034 mente
1643 1988 1756 2044 tua,
1784 1988 1806 2016 ο
1837 1985 1885 2030 et
1913 1992 1978 2030 ea:

395 2089 506 2132 tota
543 2078 721 2131 anima
753 2085 843 2129 tua
872 2075 1022 2146 (Luc.
1052 2073 1142 2145 x);
1173 2071 1459 2126 secundum
1488 2086 1609 2124 vero
1643 2067 1810 2123 simile
1851 2065 1932 2120 illi
1958 2081 1977 2119 :

392 2166 588 2238 Diliges
618 2166 915 2235 proximum
951 2174 1101 2216 tuum
1145 2163 1280 2217 sicut
1311 2161 1531 2230 teipsum
1569 2157 1785 2232 (Matth.
1813 2157 1976 2227 xxu).

396 2257 464 2310 Et
492 2255 538 2310 si
576 2255 700 2324 quis
731 2253 1005 2308 desiderat
1047 2251 1240 2307 similis
1284 2249 1419 2304 efﬁci
1459 2250 1690 2305 Domino
1731 2247 1976 2304 dicenti:

397 2345 712 2400 Mandatum
741 2359 928 2397 novum
958 2341 1026 2396 do
1051 2341 1214 2406 vobis,
1239 2349 1294 2394 ut
1333 2339 1566 2411 diligatis
1600 2339 1840 2403 invicem,
1882 2338 1985 2392 sic—

397 2445 454 2490 ut
491 2444 540 2488 et
575 2432 736 2488 dilexi
775 2449 862 2487 vos
896 2431 1080 2504 (Joan.
1126 2430 1272 2501 xm).
1313 2427 1421 2485 Sed
1449 2445 1517 2484 ex
1547 2427 1820 2484 communi
1851 2442 1984 2482 con-

397 2541 560 2584 sensu
607 2524 812 2581 sentire
842 2525 947 2579 hoc
979 2523 1260 2588 debemus,
1299 2522 1454 2592 quasi
1482 2520 1808 2576 beneﬁcium
1853 2536 1984 2575 con-

397 2629 692 2686 sequamur
723 2629 753 2667 a
786 2613 986 2680 fratre;
1029 2611 1085 2666 in
1125 2625 1192 2667 eo
1236 2611 1381 2683 quod
1425 2609 1698 2681 diligimus
1733 2607 1982 2674 fratrem,

537 2743 812 2809 Quomodo
851 2742 1038 2814 poterit
1079 2742 1226 2814 quis.
1262 2741 1504 2796 Habetur
1546 2739 1984 2814 apud_S._Basi-

401 2815 567 2876 lium,
601 2815 792 2868 interr.
831 2811 936 2868 {65
975 2811 1166 2884 Begu].
1212 2812 1387 2878 brev.,
1415 2819 1471 2866 et
1505 2811 1647 2881 aphd
1697 2811 1984 2878 Rufinum,

403 2899 524 2994 ea?
711 2951 916 2994 ιηιηιει
952 2952 1131 2994 mitam-
1165 2951 1313 2994 Αηιπι
1345 2953 1400 2994 ς
1435 2951 1782 2994 ηνιη-ιειηιιηι,
1820 2952 1914 2994 un-
1946 2967 1984 2994 11

403 2901 524 2940 can.
556 2901 646 2938 Ol.

545 2953 669 3022 Non
709 2951 921 3022 habebit
952 2952 1132 3006 vitam.
1160 2951 1314 3022 Apud
1345 2953 1404 3007 S.
1435 2951 1786 3022 Cyprianum,
1820 2952 1915 3007 lib.
1946 2967 1985 3006 ιι

404 3033 597 3078 contra
643 3021 878 3086 Iudaeos,
911 3021 1124 3092 legitur,
1165 3021 1303 3092 Non,
1329 3021 1490 3076 habet
1508 3021 1710 3092 (uitam;
1746 3021 1801 3092 in
1833 3030 1981 3076 textu

404 3093 593 3148 Grzeco
621 3101 824 3156 tamen,
851 3088 1162 3161 οὐχ’ὅψεται
1187 3090 1438 3157 τήνζωὴν,
1467 3091 1520 3146 id
1552 3099 1655 3157 est,
1685 3099 1744 3145 ut
1774 3091 1829 3146 in
1863 3093 1963 3147 Vm

406 3172 530 3233 gata
557 3161 792 3233 editione
817 3179 829 3212 :
862 3159 984 3233 Non
1008 3159 1196 3213 uidebit
1225 3162 1404 3233 uitam.

483 3243 504 3270 ε
547 3229 616 3283 Et
639 3246 704 3283 ea:
731 3237 838 3280 tota
869 3229 1046 3281 anima
1073 3239 1185 3282 tua.
1225 3230 1356 3284 Luc.
1381 3246 1434 3284 x.
1464 3229 1592 3284 Haec
1636 3245 1744 3284 non
1775 3239 1904 3284 sunt
1930 3229 1987 3285 in

413 3307 563 3354 textu
601 3297 788 3352 Greco
815 3297 1016 3362 Basilii,
1044 3299 1137 3353 sed
1167 3315 1232 3353 ex
1269 3308 1377 3353 toto
1420 3299 1576 3353 corde
1615 3308 1726 3364 tuo,
1771 3317 1835 3353 ea:
1877 3309 1988 3354 tota

409 3376 576 3446 mente
600 3376 694 3446 tua
711 3407 726 3430 ,
755 3371 838 3423 καὶ
865 3368 940 3446 ἐξῇ
971 3368 1060 3446 λῃς
1087 3379 1182 3446 τῆς
1212 3372 1399 3446 ξσχύος
1425 3390 1545 3446 aeu,
1567 3369 1753 3446 id_est,
1785 3380 1988 3446 ex_tota

409 3437 720 3508 fortitudine
757 3446 869 3490 tua.
907 3437 1013 3492 Sed
1038 3454 1104 3494 ex
1131 3437 1276 3494 locis
1291 3437 1468 3503 Luem,
1499 3439 1734 3495 Matthzci
1764 3448 1818 3494 et
1848 3440 1991 3495 Deu-

413 3507 697 3562 teronomii
725 3523 799 3571 Vl,
830 3523 996 3561 unam
1041 3508 1276 3564 confecit
1321 3511 1669 3576 sententiam,
1701 3510 1877 3566 citans
1921 3525 1990 3566 ex

413 3577 693 3642 memoria,
723 3591 832 3631 non
860 3592 927 3633 ex
952 3579 1158 3636 codice.

2011 3059 2058 3122 C

2082 1794 2365 1844 moveatur
2386 1787 2646 1842 adversus
2665 1781 2914 1848 fratrem,
2930 1790 3022 1836 aut
3047 1796 3078 1834 a
3103 1779 3320 1850 propria
3345 1778 3674 1834 iracundia?

2080 1911 2152 1922 -—
2171 1879 2327 1951 Resp.
2363 1877 2420 1934 Si
2451 1879 2520 1934 ad
2553 1890 2714 1934 omne
2750 1852 3270 1946 peccatum'fratris,
3296 1873 3503 1942 patitur
3537 1871 3678 1926 illud

2080 1970 2224 2041 quod
2271 1969 2531 2038 scriptum
2575 1973 2662 2022 est
2697 1981 2713 2020 :
2749 1975 2772 2003 ο
2799 1961 3132 2032 Consumpsit
3171 1977 3254 2015 me
3289 1960 3432 2015 zelus
3480 1961 3675 2014 domu

2078 2073 2206 2126 tute,
2243 2075 2493 2132 quoniam
2531 2056 2679 2112 obliti
2728 2063 2851 2110 sunt
2895 2053 3163 2108 verborum
3208 2062 3416 2107 tuorum
3445 2050 3666 2106 inimici.

2080 2152 2397 2210 Manifestus
2421 2160 2504 2207 est
2533 2149 2678 2206 enim
2713 2147 2768 2203 in
2810 2148 2914 2203 hoc
2948 2145 3044 2201 Dei
3081 2145 3249 2201 zelus.
3280 2143 3670 2200 Verumtamen

2081 2246 2325 2303 etiamin
2347 2244 2433 2300 bis
2451 2249 2664 2313 oportet
2690 2240 2709 2280 ί
2736 2240 3032 2310 prudenter
3056 2237 3240 2292 omnia
3266 2235 3590 2306 diSpensari.
3609 2232 3674 2287 Si

2083 2353 2213 2409 ergo
2234 2337 2380 2392 hunc
2408 2332 2660 2389 allectum
2683 2331 2847 2388 etiam
2873 2339 3028 2385 antea
3058 2343 3166 2385 non
3196 2327 3384 2382 habuit
3414 2327 3468 2382 in
3489 2326 3677 2381 animo

2085 2444 2205 2495 suo,
2233 2436 2416 2482 motus
2455 2440 2584 2481 suos
2609 2424 2748 2480 sciat
2789 2422 2961 2494 magis
2987 2437 3054 2477 ex
3098 2419 3354 2490 passione
3390 2433 3560 2488 quam
3608 2431 3675 2471 ex

2087 2521 2198 2577 Deo
2225 2519 2578 2583 descendere,
2603 2525 2660 2571 et
2698 2515 2752 2570 in
2796 2513 2944 2570 nullo
2985 2527 3146 2584 posse
3179 2510 3412 2567 ofﬁcium
3457 2508 3681 2581 pietatis

2088 2611 2334 2683 implere.

2167 2741 2194 2782 ἀ
2223 2741 2496 2812 Quomodo
2521 2739 2854 2812 intelligitur.
2879 2738 3124 2794 Habetur
3144 2735 3280 2812 apu_d
3309 2734 3366 2812 ξ.
3392 2735 3682 2801 Basiliam,

2091 2807 2354 2885 interrog.
2386 2811 2488 2866 165
2525 2807 2714 2885 Reguli
2734 2812 2940 2885 _brev.,
2968 2818 3023 2885 et
3054 2809 3194 2885 apud
3230 2807 3486 2885 Ruﬁnum
3507 2847 3522 2867 .
3557 2823 3680 2885 cap.

2088 2883 2178 2938 45.
2207 2877 2395 2938 Nullus
2424 2877 2818 2937 autem'titulus
2839 2887 2959 2934 erat
2989 2880 3042 2933 in
3069 2877 3277 2941 codice,
3307 2877 3402 2932 sed
3436 2877 3680 2946 reposui,

2084 2953 2239 3034 juxta
2266 2953 2534 3034 rationein
2563 2947 3282 3034 quamhaugtor'goncordiae
3312 2949 3684 3018 persequitur,

2091 3019 2148 3078 in
2173 3023 2315 3093 serie
2337 3019 2696 3093 capitulorum
2726 3020 2786 3093 S_.
2814 3019 3020 3093 Basilii.

2165 3104 2189 3132 ο
2229 3087 2566 3162 Εοηειιῑηρεὶε
2589 3108 2678 3162 me,
2703 3091 2844 3144 zelus
2871 3090 3212 3162 domustua'.
3243 3087 3414 3162 Aliter
3440 3087 3495 3141 in
3529 3095 3684 3142 textu

2087 3162 2295 3225 Graeco,
2314 3232 2319 3233 γ
2338 3157 2528 3228 ἐξέτῆξὲ
2570 3161 2686 3233 ιιι-ὃ
2715 3161 2865 3233 {aliis
2902 3181 3020 3223 σου,
3053 3159 3114 3233 id
3141 3167 3262 3233 est,
3291 3157 3573 3233 tabescere
3604 3173 3688 3210 me

2090 3233 2210 3358 (ecit
2244 3226 2384 3286 zelus
2421 3226 2590 3286 meus.
2635 3231 2778 3285 Psal.
2807 3245 2995 3286 cxvm.
3049 3228 3156 3284 Sed
3198 3226 3419 3281 Ruﬁnus
3449 3227 3678 3280 initium

2109 3301 2250 3358 iuius
2280 3302 2529 3357 versiculi
2564 3301 2795 3358 sumpsit
2829 3317 2896 3355 ex
2941 3299 3150 3358 psalmo
3193 3313 3378 3354 vam.
3411 3295 3678 3358 Quoniam

2109 3301 2250 3424 iulius
2280 3302 2529 3357 versiculi
2564 3301 2795 3370 sumpsit
2829 3317 2896 3355 ex
2941 3299 3150 3368 psalmo
3193 3313 3378 3354 vam.
3411 3295 3689 3363 Quoniam

2109 3389 2150 3424 te
2177 3389 2234 3424 us
2257 3372 2446 3424 domus
2475 3381 2579 3424 tua:
2608 3370 2831 3424 comedit
2864 3386 2967 3423 me.

2093 3370 2234 3426 zelus
2257 3372 2446 3426 domus
2475 3381 2579 3426 tua:
2608 3370 2831 3424 comedit
2864 3386 2967 3423 me.

2172 3441 2193 3480 τ
2235 3439 2531 3496 Prudenter
2565 3442 2879 3510 dispensari.
2907 3439 2985 3494 Ita
3016 3439 3179 3494 etiam
3210 3437 3353 3510 apud
3391 3433 3685 3499 Rufinum;

2096 3511 2191 3586 sed
2214 3512 2267 3566 in
2298 3520 2450 3586 textu
2478 3508 2668 3586 ϐξφςό
2695 3511 3088 3586 ἱιὰᾱίῑιινιτςρρς
3127 3508 3393 3580 οἰκοδομὴν
3433 3512 3681 3568 πίστεως,

2099 3581 2156 3636 id
2183 3589 2302 3648 est,
2338 3599 2358 3632 ι
2385 3582 2453 3636 ad
2481 3581 2894 3636 aedificationem
2925 3581 3068 3635 ﬁdei.
3094 3599 3111 3632 ι

423 3710 3690 3756 M

1023 3835 1110 3965 S.
1199 3833 1754 3966 BENEDICTI
1819 3831 2442 4042 W818
2532 3835 3087 3962 EPISTtlLIE.

899 4079 1228 4138 EPISTOLA
1264 4081 1500 4138 PRIMA.

840 4185 905 4226 AD
933 4187 1209 4228 NONACHOS
1230 4188 1573 4228 ANIANENSES.

923 4260 1131 4331 Scripta
1155 4265 1209 4317 in
1233 4265 1499 4318 extremis.

425 4351 678 4426 [Mabill.,
710 4351 826 4406 Act.
880 4353 997 4407 ord.
1037 4351 1094 4408 S.
1139 4352 1358 4417 Bened.,
1423 4369 1547 4410 saec.
1578 4371 1655 4421 IV,
1693 4371 1815 4428 pag.
1846 4355 1998 4429 2l6.]

499 4443 737 4498 Summae
792 4442 848 4497 in
911 4442 1140 4498 Domino
1190 4443 1540 4500 beatitudinis
1604 4460 1670 4500 ac
1724 4445 2002 4502 felicitatis

421 4532 653 4605 Georgio
683 4533 996 4590 monasterii
1047 4533 1240 4589 Aniani
1289 4535 1494 4601 abbati,
1533 4545 1589 4590 et
1618 4538 1832 4593 cunctis
1877 4536 2005 4594 filiis

423 4639 489 4678 ac
519 4622 776 4680 fratribus
823 4624 1027 4679 nostris
1076 4625 1216 4679 bene
1244 4632 1299 4680 et
1339 4624 1633 4696 vigilanter
1661 4627 1760 4680 sub
1809 4642 2004 4682 norma

424 4716 604 4772 Patris
639 4716 958 4786 degentibus
986 4715 1282 4783 Benedicti,
1311 4717 1535 4773 ultimus
1566 4718 1808 4772 omnium
1839 4721 2006 4776 abba-

426 4817 538 4864 tum
565 4807 888 4864 Benedictus
943 4816 1097 4879 optat
1143 4807 1258 4878 jam
1290 4809 1344 4864 in
1377 4812 1637 4867 extremis
1671 4812 1882 4882 positus
1911 4828 2004 4868 sa-

425 4902 615 4957 lutem.

499 4995 675 5064 Super
705 4993 960 5049 omnibus
990 4993 1157 5066 igitur
1180 5009 1299 5065 qua:
1324 5010 1502 5050 meum
1526 4994 1716 5051 ardent
1744 4997 2005 5063 animum,

425 5092 482 5139 et
514 5099 628 5155 pra:
655 5084 869 5140 cunctis
891 5101 1077 5140 curam
1108 5085 1391 5156 inquirunt
1421 5087 1604 5153 rebus,
1637 5087 1742 5143 boc
1762 5096 1847 5143 est
1867 5087 2010 5157 quod

425 5175 493 5229 de
523 5185 706 5232 vestro
744 5175 981 5230 maxime
1035 5175 1296 5232 sollicitor
1323 5177 1447 5231 vitae
1503 5176 1768 5248 regularis
1796 5178 2006 5233 ordine.

430 5267 633 5338 Nempe
668 5282 1012 5338 nequaquam
1042 5267 1153 5322 ullo
1184 5269 1342 5323 modo
1397 5267 1586 5338 ignoro
1629 5283 1725 5323 vos
1759 5268 2012 5324 nobiliter

428 5355 710 5422 desudare,
743 5364 800 5411 et
828 5357 1000 5412 nostri
1027 5356 1342 5412 ﬁdelissime
1375 5356 1489 5412 fore
1518 5371 1810 5423 memores,
1839 5374 2014 5427 neque

429 5444 538 5498 ullo
566 5446 812 5518 indigere
860 5448 1257 5504 adhortationis
1312 5447 1498 5504 verbo.
1537 5449 1923 5505 Verumtamen
1959 5452 2012 5504 in

429 5533 636 5590 ultimis
661 5537 1012 5604 constitutus,
1055 5539 1314 5610 ignorans
1355 5547 1536 5594 utrum
1561 5537 1676 5608 jam
1707 5555 1806 5595 vos
1829 5540 2015 5594 videre

427 5637 645 5692 queam,
675 5628 885 5698 urgenti
914 5644 1065 5705 erga.
1097 5645 1194 5687 vos
1221 5631 1488 5688 charitate
1536 5632 1776 5687 animum
1804 5672 1819 5696 .
1877 5647 2012 5687 non-

2107 4080 2252 4136 nulla
2304 4089 2418 4137 tam
2447 4097 2568 4168 (per
2605 4082 2791 4139 ﬁdeles
2835 4083 3000 4138 verba
3051 4084 3259 4140 amicos
3288 4099 3566 4156 quamque
3595 4101 3695 4156 per

2107 4171 2365 4242 epistolas
2389 4174 2575 4228 curavi
2605 4173 2859 4246 dirigere.
2906 4173 3150 4245 Denique
3179 4175 3278 4244 ipsi
3311 4175 3487 4230 nostis
3512 4175 3694 4244 quali—

2032 4304 2080 4364 ι)
2109 4271 2192 4364 ter
2217 4265 2347 4319 totis
2367 4272 2628 4335 quantum
2665 4266 2809 4320 valui
2835 4266 3063 4333 nisibus,
3118 4267 3361 4336 quandiu
3415 4268 3593 4337 potui,
3639 4277 3694 4322 et

2107 4355 2232 4411 vitae
2265 4365 2320 4411 et
2349 4357 2746 4414 exhortationis
2788 4359 3036 4429 exempla
3097 4359 3396 4414 monstravi
3427 4360 3695 4415 sollicitus

2106 4447 2281 4503 vobis.
2322 4447 2478 4504 Nunc
2509 4489 2527 4516 ,
2585 4448 2660 4504 ﬁli
2689 4451 2761 4504 mi
2793 4449 2930 4522 (AL,
2961 4450 3160 4506 Filium
3188 4451 3332 4522 Dei),
3391 4467 3608 4521 precor,
3640 4459 3694 4507 et

2103 4554 2205 4610 per
2230 4540 2407 4609 ipsum
2437 4547 2608 4596 testor
2653 4540 2849 4607 Deum,
2885 4550 2947 4597 ut
2999 4543 3288 4598 unanimes
3317 4543 3372 4598 in
3407 4543 3694 4598 cbaritatis

2106 4646 2250 4687 nexu
2279 4631 2420 4687 idem
2470 4632 2592 4688 sitis
2645 4633 2940 4703 sapientes,
2975 4649 3154 4706 neque
3205 4635 3365 4698 ullos,
3421 4650 3562 4704 quos
3608 4633 3691 4688 vel

2107 4739 2323 4778 mecum
2359 4723 2582 4790 adduxi,
2626 4724 2712 4780 vel
2737 4724 2932 4780 alicubi
2987 4733 3212 4796 propter
3263 4725 3484 4796 aliquod
3511 4740 3696 4781 exem-

2107 4814 2258 4884 plum
2282 4823 2376 4870 aut
2402 4830 2502 4885 pro
2527 4815 2709 4886 aliqua
2736 4831 2796 4871 re
2851 4816 2998 4880 misi,
3025 4816 3183 4886 quasi
3229 4815 3480 4872 habeatis
3505 4823 3695 4869 extra-

2110 4919 2244 4960 neos
2269 4924 2282 4959 :
2313 4905 2407 4960 sed
2467 4906 2773 4976 quicunque
2802 4907 2869 4960 ad
2896 4921 2995 4961 vos
3024 4905 3221 4960 iterum
3249 4921 3316 4960 ex
3345 4905 3451 4960 illis
3491 4903 3696 4960 reverti

2110 4997 2366 5064 voluerit,
2403 5007 2458 5052 et
2488 4997 2814 5069 regulariter
2847 4997 3124 5052 vobiscum
3165 4996 3393 5057 versari.
3422 4995 3513 5066 pie
3541 4996 3698 5050 beni-

2112 5089 2396 5160 gniterque
2421 5086 2568 5143 velut
2611 5087 2810 5142 fratres
2841 5087 3087 5156 recipite,
3111 5095 3172 5141 ut
3195 5086 3374 5141 decet.
3411 5085 3525 5140 Deo
3546 5085 3697 5139 enim

2113 5180 2339 5250 gratias,
2366 5193 2472 5233 non
2497 5178 2673 5233 deerit
2700 5177 2852 5232 vobis
2901 5176 3184 5247 corporale
3211 5177 3538 5232 subsidium.
3569 5175 3698 5231 0m-

2113 5269 2273 5324 nibus
2300 5275 2479 5322 autem
2514 5265 2858 5338 generaliter,
2885 5265 3120 5320 maxime
3141 5281 3270 5321 vero
3299 5265 3403 5320 illis
3437 5279 3576 5335 quos
3598 5280 3698 5320 [ιον

2112 5359 2200 5415 bis
2227 5359 2280 5413 in
2311 5357 2550 5412 amicitia
2576 5355 2795 5426 junctos
2824 5355 3018 5422 nostis,
3052 5356 3530 5426 diligentissimum
3555 5371 3700 5411 sem-

2112 5465 2210 5520 per
2238 5449 2500 5504 attendite
2549 5446 2824 5512 all‘ectum,
2873 5455 2931 5501 et
2963 5455 3022 5500 ut
3058 5447 3305 5517 potestis,
3339 5447 3462 5502 aliis
3488 5459 3699 5516 paupe-

2116 5541 2352 5595 rioribus
2378 5554 2498 5609 quae
2547 5546 2838 5608 supersunt
2875 5538 3030 5594 vobis
3083 5539 3392 5594 necessaria
3425 5548 3697 5594 monaste—

2117 5631 2212 5688 riis
2242 5631 2569 5688 ministrate.
2601 5629 2797 5687 Abbati
2825 5647 3039 5705 quoque
3067 5630 3306 5688 Modario
3335 5631 3400 5688 de
3419 5639 3704 5689 monaste-
