4014 6186
337 244 359 297 Ι
369 237 466 298 581

1594 225 1982 285 OPUSCULA.
2020 223 2271 282 OPUSC.
2302 223 2347 282 1.

3458 223 3597 281 i382

331 369 416 412 no
473 357 650 410 sancti
700 346 905 404 Tiberii
958 343 1239 412 auxilium,
1269 343 1327 398 in
1367 341 1564 414 quibus
1592 342 1906 414 indiguerit,
1936 345 1992 404 Α
2012 353 2112 395 seu
2137 335 2532 405 benevolentia,
2587 353 2695 409 qua
2745 352 2964 409 semper
3009 337 3192 406 modo,
3243 339 3299 396 in
3331 349 3596 411 quantum

333 447 512 511 ferte;
545 451 602 500 et
628 443 696 498 de
739 441 826 496 his
851 447 907 494 et
943 439 1010 494 de
1043 437 1188 502 aliis,
1243 435 1410 492 veluti
1463 435 1518 490 in
1542 435 1655 489 vita
1704 440 1915 499 nostra,

331 535 511 608 magis
547 541 728 590 autem
776 537 900 602 post
926 537 1156 586 mortem
1185 527 1330 600 agite
1374 541 1574 582 meam.
1609 523 1762 581 Sicut
1785 536 1920 596 ergo

337 626 513 683 multa
536 622 867 682 monasteria
896 621 1098 676 dudum
1126 620 1319 675 vitiata
1352 617 1465 689 jam
1497 615 1700 686 aliquid
1727 628 1919 670 emen-

335 722 574 778 dationis
610 734 641 774 a
671 717 829 774 nobis
869 716 1148 788 accepisse
1199 714 1454 770 videntur
1481 711 1748 783 largiente
1780 707 1916 776 Deo,

337 812 412 866 ita
438 809 768 866 omnimodis
816 823 962 862 nunc
1007 813 1210 870 cavete,
1246 820 1314 860 ne
1362 803 1529 876 (quod
1553 802 1700 859 absit
1740 810 1795 858 te
1822 815 1920 873 po-

339 917 452 967 sco,
492 901 808 957 misericors
837 897 1086 970 Domine)
1127 898 1404 953 sinistram
1433 896 1598 951 viam.
1631 936 1646 951 .
1681 935 1697 950 .
1729 935 1744 949 .
1774 934 1789 949 .
1813 894 1920 950 sci-

338 993 466 1047 licet
489 999 697 1062 queant
741 990 852 1045 ullo
892 999 1136 1059 tempore
1167 997 1373 1044 tenere.
1413 987 1742 1042 Monasterio
1787 1000 1918 1041 vero

340 1082 483 1138 Inda:
508 1082 654 1136 velut
676 1079 941 1135 fratribus
963 1085 1138 1134 estote
1178 1076 1354 1148 juncti
1389 1077 1582 1132 unicis.
1640 1075 1920 1132 llelisacar

341 1188 580 1244 quoque,
607 1172 699 1243 qui
727 1186 838 1242 pra:
859 1169 1110 1225 omnibus
1141 1182 1306 1239 super
1353 1177 1556 1223 terram
1586 1167 1735 1222 omni
1784 1174 1920 1221 tem-

343 1279 473 1334 pore
506 1262 664 1317 vobis
702 1260 916 1316 exstitit
975 1259 1182 1314 amicus
1235 1258 1578 1314 fidelissimus
1633 1256 1921 1312 canonico-

342 1371 484 1422 rum,
525 1362 581 1410 et
617 1353 813 1408 fratres
844 1353 988 1422 ipsos
1016 1350 1070 1405 in
1097 1366 1164 1406 eo
1218 1351 1471 1406 habetote
1514 1363 1731 1418 semper
1778 1349 1917 1414 loco,

341 1455 397 1502 et
427 1447 494 1503 ad
523 1462 648 1502 eum
676 1459 889 1515 semper
914 1443 986 1498 sit
1010 1442 1279 1512 refugium
1331 1449 1594 1496 vestrum.
1630 1439 1739 1495 Sed
1768 1439 1921 1494 vobis

343 1540 415 1594 ita
448 1553 594 1594 nunc
641 1551 890 1608 suggero,
930 1535 1058 1604 quia
1115 1534 1305 1605 ignoro
1352 1541 1535 1588 utrum
1568 1532 1623 1586 in
1661 1531 1917 1602 praesenti

340 1647 438 1686 vos
470 1630 684 1686 videam
740 1629 956 1684 saeculo.
1011 1626 1132 1683 Iam
1179 1626 1410 1697 septimo
1459 1624 1586 1680 ldus
1637 1623 1920 1680 Februarii

342 1722 714 1787 acerbissimo,
749 1723 911 1777 dante
946 1718 1318 1775 misericordia
1375 1716 1598 1773 Christi.
1630 1757 1644 1770 .
1685 1757 1700 1771 .
1742 1724 1921 1772 tactus

342 1821 590 1885 verbere,
630 1818 766 1872 nihil
804 1817 952 1873 aliud
995 1831 1158 1887 quam
1198 1814 1448 1869 ultimum
1477 1813 1640 1870 celeri
1681 1811 1801 1885 (sic)
1832 1827 1922 1867 ex-

347 1919 537 1983 specto
563 1910 706 1966 diem
737 1908 1058 1964 vocationis.

911 1996 1245 2055 EPISTOLA
1272 1997 1337 2052 II.

681 2131 749 2170 AD
779 2128 1058 2169 NIBBIDIUI
1094 2124 1566 2167 ABClIIEPISCOPUI.

669 2223 832 2297 [Hug.
867 2223 1136 2288 Menard.,
1189 2217 1352 2276 Cone.
1385 2217 1601 2291 Regul.)

418 2336 727 2393 Venerabili
783 2335 838 2390 in
867 2333 1089 2389 Christo
1143 2332 1294 2388 Patri
1322 2344 1349 2373 ι
1376 2331 1622 2386 Nibridio
1651 2329 1926 2401 archiepi-

346 2442 512 2498 scopo
536 2426 864 2482 Benedictus
908 2423 1133 2478 ultimus
1176 2423 1420 2478 omnium
1453 2420 1713 2476 abbatum
1757 2421 1928 2477 abbas

347 2519 695 2588 sempiterna:
728 2515 1005 2571 felicitatis
1024 2513 1252 2569 salutem
1280 2521 1427 2583 opto.

419 2609 450 2650 δ
485 2609 604 2675 Eia,
623 2608 711 2664 vir
737 2607 856 2674 Dei,
882 2613 1071 2678 parcat
1100 2604 1260 2660 modo
1289 2604 1547 2670 charitas,
1597 2617 1664 2660 ac
1686 2601 1928 2672 dilectio,

420 2747 447 2808 tl
491 2733 738 2808 Nibridio
798 2730 1208 2808 archiepiscopo.
1235 2728 1598 2808 Narbonensi.
1619 2729 1758 2808 fuit
1782 2729 1931 2786 enim

348 2804 457 2862 illis
484 2803 822 2874 temporibus
849 2799 1126 2856 Nibridius
1153 2799 1935 2874 archiepiscopusNarbonen-

347 2877 446 2932 sis.
472 2870 641 2930 Forte
692 2873 835 2928 idem
866 2880 952 2927 est
979 2887 1119 2940 cum,
1155 2870 1405 2925 Nibridio
1447 2871 1695 2940 eremita,
1727 2870 1796 2925 de
1824 2885 1934 2940 quo

351 2960 520 3026 supra
549 2945 728 3068 ag‘itur
762 2944 816 2998 in
863 2942 983 3024 Vita
1013 2939 1069 2996 S.
1105 2939 1382 3022 Benedicti
1411 2939 1755 2997 Ahiancnsis.
1787 2939 1935 2998 illius

351 3025 559 3070 mentio
633 3023 743 3069 ttu
775 3012 969 3068 concrl.
1025 3010 1335 3067 Arelatensr
1391 3019 1546 3066 sexto
1593 3011 1694 3066 sub
1739 3009 1934 3067 Carolo

2018 436 2204 499 potes,
2227 425 2344 483 sive
2368 441 2468 500 per
2508 428 2851 498 temetipsum
2876 467 2893 494 ,
2933 441 3028 484 seu
3057 427 3357 485 familiares
3383 439 3441 486 et
3463 431 3597 487 ami-

2019 532 2136 586 cos,
2169 515 2219 594 [ο
2248 518 2483 594 necnon]
2523 535 2623 591 per
2649 519 2832 576 omnia
2867 522 3224 588 monasteria,
3277 538 3604 594 quocunque

2019 610 2264 682 potueris
2315 611 2708 676 transmittere,
2743 617 2805 666 ut
2839 609 3115 665 orationes
3154 620 3264 666 tam
3291 611 3346 667 in
3377 612 3602 682 psalmis

2021 717 2188 773 quam
2217 702 2272 756 in
2301 702 2485 757 missis
2527 717 2627 772 pro
2649 715 2738 756 me
2764 702 2833 756 ad
2870 701 3157 757 Dominum
3211 701 3440 759 fundere
3491 720 3600 760 non

2021 798 2254 856 cessent,
2311 792 2437 860 quia
2492 791 2653 846 modo
2683 790 2837 844 valde
2885 790 3020 845 mihi
3074 792 3444 848 necessarium
3489 802 3596 850 est.

2022 877 2193 944 Scito,
2224 879 2391 936 Pater
2425 881 2641 946 dilecte,
2674 881 2799 951 quia
2823 879 2936 949 jam
2977 881 3031 935 in
3083 883 3344 938 extremis
3397 899 3599 954 pugno,

2025 971 2094 1026 ad
2122 969 2282 1026 ﬁnem
2311 986 2494 1036 curro,
2521 971 2634 1042 jam
2682 972 2864 1026 anima
2895 987 2927 1025 a
2954 987 3184 1042 corpore
3212 983 3516 1042 separatur,
3549 984 3606 1030 et

2023 1061 2077 1116 in
2106 1063 2208 1117 hac
2235 1061 2354 1116 luce
2381 1062 2553 1118 oculis
2585 1061 2858 1132 corporeis
2879 1070 2932 1116 te
2961 1062 3185 1118 minime
3217 1064 3402 1120 videre
3420 1079 3602 1134 spero.

2019 1151 2116 1208 ille
2145 1153 2238 1224 qui
2267 1161 2444 1223 potest
2471 1153 2655 1209 facere
2683 1154 2748 1208 de
2775 1152 3052 1209 immundo
3082 1155 3364 1220 mundum,
3393 1157 3459 1211 de
3485 1172 3607 1226 pec-

2021 1245 2453 1314 catorejustum,
2487 1245 2556 1301 de
2605 1246 2770 1315 impio
2791 1243 3020 1314 justum,
3077 1245 3244 1301 faciat
3271 1261 3370 1301 nos
3399 1249 3607 1317 pariter

2022 1348 2190 1404 regno
2220 1333 2424 1404 perfrui
2452 1335 2805 1405 sempiterno,
2846 1333 3029 1404 ibique
3056 1350 3180 1389 cum
3198 1335 3451 1391 omnibus
3477 1352 3605 1391 san-

2023 1423 2129 1478 ctis
2157 1431 2379 1478 cantare
2419 1422 2690 1477 canticum
2721 1437 2937 1477 novum.
2993 1420 3268 1492 Supplico,
3301 1425 3606 1479 charissime

2025 1513 2210 1580 Pater,
2237 1523 2297 1568 ut
2325 1514 2466 1570 sicut
2494 1512 2521 1553 ά
2556 1513 2863 1569 mercedem
2900 1513 3136 1569 habuisti
3168 1528 3384 1584 semper
3405 1515 3472 1569 de
3497 1513 3607 1568 fra-

2025 1605 2222 1671 tribus,
2264 1604 2357 1676 qui
2386 1605 2589 1675 degunt
2616 1606 2672 1660 in
2725 1606 3059 1661 monasterio
3087 1605 3320 1671 Aniano,
3357 1606 3432 1660 ita
3456 1621 3604 1660 sem-

2022 1709 2141 1765 per,
2180 1696 2309 1750 dum
2362 1696 2543 1751 anima
2570 1711 2601 1750 a
2632 1709 2861 1766 corpore
2917 1696 3245 1767 egredietur,
3299 1696 3494 1751 melius
3541 1711 3606 1750 ac

2026 1787 2223 1842 melius
2256 1787 2506 1842 habeatis
2537 1786 2591 1841 in
2618 1796 2797 1842 vestra
2850 1796 3038 1842 sancta
3067 1786 3374 1841 dilectione.
3407 1785 3608 1842 Omnes

2025 1879 2139 1935 illis
2166 1879 2222 1933 in
2273 1878 2523 1949 partibus
2553 1878 2782 1943 amicos,
2839 1876 3159 1943 familiares,
3190 1885 3245 1931 et
3275 1879 3610 1948 propinquos

2024 1969 2366 2026 commendo.
2404 1981 2428 2009 θ
2453 1969 2511 2024 1η
2540 1969 2872 2024 monasterio
2901 1984 3115 2039 quoque
3150 1978 3336 2025 nostro
3368 1969 3496 2024 totis
3527 1969 3610 2024 ni-

2025 2062 2196 2128 sibus,
2228 2061 2309 2117 sic
2332 2061 2518 2126 credo,
2572 2059 2787 2115 facietis
2811 2061 3111 2129 arguendo,
3142 2061 3495 2124 obsecrando,
3528 2061 3611 2114 in-

2027 2153 2324 2223 crepando,
2354 2160 2416 2206 ut
2459 2151 2628 2207 libera
2660 2166 2794 2207 voce
2822 2166 2962 2206 cum~
2998 2151 3287 2206 Psalmista
3317 2152 3610 2222 aliquando

2028 2245 2210 2300 dicere
2261 2244 2526 2300 valeatis:
2567 2242 2846 2298 Iustitiam
2909 2252 3058 2298 tuam
3116 2260 3221 2298 non
3271 2243 3526 2299 abscondi
3549 2247 3607 2300 in

2029 2335 2185 2389 corde
2209 2351 2322 2389 meo
2345 2347 2364 2386 :
2395 2335 2670 2390 veritatem
2715 2343 2862 2390 tuam
2913 2343 2962 2388 et
2992 2333 3228 2388 salutare
3281 2344 3431 2388 tuum
3475 2334 3610 2392 dixi.

2027 2423 2148 2480 Iam
2177 2425 2358 2480 omnia
2394 2425 2450 2480 in
2477 2424 2746 2480 charitate
2799 2431 2856 2479 et
2898 2424 3229 2480 discretione
3262 2423 3442 2496 agite;
3492 2439 3615 2480 vos-

2031 2531 2138 2586 que
2169 2517 2408 2572 Trinitas
2435 2524 2626 2572 sancta
2653 2516 2950 2584 custodiat,
2993 2524 3050 2571 et
3072 2513 3298 2588 praemia
3351 2515 3616 2588 largiatur

2029 2613 2254 2661 aeterna.
2283 2605 2480 2662 Amen.

2032 2734 2209 2791 fectus
2233 2744 2317 2791 est
2351 2735 2417 2790 ad
2440 2734 2846 2792 convellendam
2869 2735 3118 2792 haeresim
3145 2736 3500 2804 Felicianam,
3542 2747 3602 2794 ut

2034 2805 2221 2861 videre
2247 2814 2332 2862 est
2359 2805 2414 2860 in
2439 2805 2665 2875 epistola
2691 2806 2906 2862 Alcuini
2933 2808 3000 2863 ad
3030 2807 3202 2874 illum,
3232 2817 3287 2862 et
3324 2809 3478 2875 alios,
3511 2809 3604 2864 ubi

2035 2877 2178 2947 male
2201 2876 2430 2947 legitur,
2464 2875 2734 2947 Nefridio.

2109 2945 2138 3019 ξι
2186 2945 2336 3019 Είᾱε-
2364 2947 2444 3019 uir
2473 2945 2590 3019 Dei,
2647 2955 2754 3001 etc.
2789 2945 2902 3002 Hac
2945 2947 3173 3019 epistola
3201 2947 3260 3004 S.
3289 2947 3620 3004 Benedictus

2036 3016 2246 3072 obitum
2275 3017 2378 3072 sibi
2405 3016 2777 3090 imminentem
2807 3016 3173 3086 commendat,
3207 3034 3444 3090 suosque
3473 3020 3613 3074 ami-

349 3084 564 3176 Magno'.
602 3104 622 3137 ι
655 3083 826 3167 Igitur
874 3097 996 3176 cum
1027 3081 1143 3164 haec
1176 3081 1438 3164 attentius
1483 3090 1805 3176 .agegentur,
1841 3098 1936 3137 vc-
1961 3112 2007 3176 α
2039 3101 2133 3142 cos
2159 3087 2922 3176 et’monachosjAnijancnses.

349 3151 620 3234 nerabjles
645 3151 820 3234 missi.
844 3152 1216 3234 gloriosissimi
1248 3167 1314 3234 ac
1347 3151 1579 3234 piissimi
1604 3152 1807 3234 domini
1838 3167 1936 3207 no-

350 3227 452 3281 stri
499 3223 737 3280 Joannes
793 3223 1126 3279 Arelatensis
1177 3223 1423 3278 ecclesia:
1451 3223 1928 3292 archiepiscopus,

351 3311 566 3350 necnon
589 3296 643 3350 et
668 3295 944 3352 Nibridius
973 3292 1344 3348 Narbonensis
1371 3291 1514 3362 sedis
1564 3291 1932 3362 archiepisco-

349 3379 454 3436 pus
490 3373 756 3421 steterunt
783 3367 838 3420 in
865 3364 1045 3420 medio
1083 3363 1322 3419 concilii.
1371 3363 1431 3418 In
1461 3361 1775 3433 Hispaniam
1806 3378 1932 3432 pro-

2113 3167 2137 3196 ο
2182 3156 2421 3211 Necnon.
2456 3157 2760 3212 Redundat.

2111 3224 2140 3266 ἀ
2182 3226 2497 3282 Mercedem.
2526 3227 2586 3282 ld
2612 3235 2719 3293 est,
2754 3244 2964 3284 curam.

2114 3307 2137 3337 ο
2173 3295 2242 3350 1η
2268 3300 2585 3353 monasterio
2615 3315 2820 3372 quoque
2852 3309 3050 3355 nostra.
3074 3299 3304 3355 Aniano.

351 3479 3624 3518 “mm.
1749 3493 1849 3503 __.
1860 3495 1867 3503 _
1875 3495 1968 3506 _..
1978 3496 1994 3505 _
2002 3496 2800 3510 ._.____._____—_

800 3608 898 3761 S.
1013 3603 1631 3758 BENEDIC'I‘I
1741 3603 2451 3763 ANIANENSIS
2561 3609 3175 3766 0PUSCULA.

1093 3951 1168 4024 Ι.

358 4085 879 4149 Testimoniorum
911 4081 1217 4144 nubecula
1246 4080 1318 4142 de
1346 4082 1781 4142 incarnatione
1809 4081 1940 4142 Do-

434 4165 616 4237 mini,
657 4171 874 4224 sancta
910 4170 966 4222 et
997 4159 1331 4223 individua
1369 4161 1682 4222 Trinitate
1735 4167 1789 4220 et
1824 4161 1940 4222 ite-

435 4246 686 4306 ratione
717 4241 1114 4322 baptismatis
1140 4238 1474 4300 devitanda
1499 4240 1803 4320 pernicie.

547 4365 732 4428 (Baluz.
759 4361 1070 4415 liscellanea
1093 4373 1250 4426 sacra,
1275 4367 1394 4413 tom.
1425 4361 1491 4425 ll,
1516 4374 1630 4425 pag.
1652 4361 1756 4426 85.)

429 4469 755 4526 Benedictus
784 4467 896 4523 lilio
937 4467 1242 4524 Guarnario
1271 4467 1526 4522 salutem.

429 4559 638 4615 Nubem
664 4559 807 4614 hanc
836 4557 1270 4614 testimoniorum
1308 4555 1592 4612 catholica:
1617 4553 1740 4610 ﬁdei
1767 4553 1942 4608 direxi

360 4652 484 4718 tibi,
526 4651 877 4721 quoadusque
916 4648 1150 4704 Domino
1179 4648 1394 4702 favente
1425 4647 1668 4712 redeam,
1699 4654 1802 4700 tua:
1829 4662 1944 4702 me-

362 4742 549 4798 moriae
587 4738 1070 4796 commendandam
1125 4751 1195 4792 ne
1249 4736 1360 4791 otio
1398 4743 1636 4805 torpeas,
1689 4735 1785 4790 sed
1832 4749 1946 4789 ma-

364 4833 447 4904 gis
474 4831 753 4904 magisque
782 4837 1040 4901 provectu
1061 4826 1351 4883 orthodoxi
1381 4826 1651 4898 dogmatis
1679 4825 1943 4892 fulciaris,

363 4938 474 4995 quo
517 4923 615 4978 tibi
651 4929 708 4976 et
747 4919 872 4976 aliis'
923 4928 1104 4974 mente
1151 4932 1216 4973 ac
1270 4917 1464 4988 spiritu
1507 4915 1778 4972 suﬂlciens
1825 4929 1948 4972 esse

366 5013 570 5083 possis;
596 5019 864 5083 quatenus
896 5010 962 5065 de
984 5008 1178 5065 indicis
1199 5009 1468 5079 sagaciter
1497 5015 1773 5073 strenuus,
1789 5005 1947 5078 juxta

370 5102 740 5159 testimonium
806 5101 1030 5158 Joannis
1090 5100 1439 5170 evangelista:
1496 5098 1652 5153 testis
1709 5098 1950 5152 existens

368 5197 616 5263 idoneus,
645 5193 941 5251 refellendo
967 5193 1175 5248 scilicet
1213 5190 1591 5247 detestandam
1618 5190 1949 5246 Felicianam

370 5289 633 5342 haeresem
677 5287 994 5357 nuperrime
1041 5283 1365 5349 redivivam,
1391 5283 1643 5354 inquiens
1670 5282 1788 5337 ita:
1821 5280 1952 5337 Haec

370 5386 547 5430 autem
576 5377 772 5444 scripta
799 5385 921 5429 sunt
959 5384 1015 5428 ut
1062 5373 1290 5428 credatis
1339 5373 1463 5445 quia
1501 5372 1657 5426 Iesus
1692 5380 1766 5426 est
1799 5368 1954 5426 Chri-

369 5476 515 5531 stus,
543 5465 718 5520 Filius
762 5465 884 5530 Dei,
914 5475 964 5519 et
1007 5474 1064 5518 ut
1112 5463 1375 5518 credentes
1412 5465 1570 5517 vitam
1621 5462 1854 5517 habeatis
1900 5463 1954 5516 in

373 5557 582 5613 nomine
600 5557 735 5627 ejus.
763 5555 902 5624 Quid
940 5558 1007 5612 ad
1046 5557 1164 5610 haec
1200 5555 1402 5620 dicitis,
1441 5555 1650 5621 insani,
1679 5554 1806 5624 quia
1831 5570 1955 5626 gar-

373 5649 496 5706 ritis
540 5646 722 5705 Iesum
753 5647 1030 5706 Christum
1085 5646 1282 5702 Filium
1336 5662 1444 5704 non
1479 5661 1600 5703 esse
1649 5645 1782 5715 Dei,
1824 5645 1953 5702 dum

2047 3939 2153 3996 iste
2200 3941 2534 4011 evangelista
2591 3941 2820 3998 dilectus
2848 3950 2904 3997 et
2941 3957 2972 3996 a
3024 3942 3135 3999 Deo
3181 3945 3390 4002 electus
3424 3947 3628 4004 dixerit

2038 4031 2182 4087 hanc
2214 4033 2318 4088 sibi
2354 4048 2476 4088 esse
2514 4034 2856 4089 occasionem
2905 4034 3180 4090 scribendi
3223 4037 3328 4093 hoc
3375 4037 3627 4110 Evange-

2038 4123 2171 4178 lium
2215 4131 2276 4178 ut
2321 4124 2608 4180 crederent
2660 4126 2787 4196 quia
2841 4124 3000 4183 Iesus
3030 4136 3116 4184 est
3143 4127 3414 4196 Christus,
3456 4130 3627 4188 Filius

2040 4212 2172 4280 Dei;
2202 4214 2311 4280 ille,
2359 4215 2603 4285 inquam,
2635 4216 2728 4288 qui
2758 4217 2828 4272 ab
2858 4218 3052 4290 angelo
3085 4219 3366 4275 nuntiatus
3405 4228 3523 4284 est,
3573 4231 3630 4278 et

2046 4319 2245 4359 nomen
2275 4304 2352 4360 illi
2390 4305 2704 4376 impositum
2729 4316 2815 4363 est
2835 4305 3016 4374 Iesus,
3039 4309 3166 4365 dum
3191 4309 3342 4364 venit
3359 4311 3431 4366 ad
3457 4310 3629 4382 virgi--

1967 4367 2022 4427 Β
2046 4409 2171 4450 nem
2223 4393 2410 4450 dicens
2443 4367 2680 4452 z'Paries
2721 4396 2924 4464 lilium,
2965 4367 3015 4451 et
3045 4397 3252 4453 vocabis
3281 4414 3468 4453 nomen
3513 4367 3628 4468 eius

2042 4483 2250 4539 Iesum.
2293 4484 2394 4540 llic
2443 4485 2628 4556 utique
2665 4485 2844 4548 Iesus,
2877 4488 2969 4556 qui
3001 4496 3162 4544 natus
3191 4495 3277 4544 est
3320 4503 3386 4543 ex
3419 4489 3630 4559 virgine

2045 4573 2234 4638 Maria,
2251 4574 2422 4630 Filius
2434 4582 2522 4630 est
2543 4576 2659 4641 Dei,
2675 4576 2816 4630 sicut
2830 4583 3064 4630 testatur
3078 4577 3183 4632 iste
3198 4577 3527 4648 evangelista
3537 4619 3552 4644 ,
3569 4587 3630 4635 ut

2044 4673 2100 4720 et
2122 4680 2315 4720 omnes
2344 4667 2400 4720 in
2427 4667 2531 4722 hac
2550 4665 2656 4722 nde
2689 4666 2855 4721 vitam
2876 4667 3088 4736 possint
3113 4667 3316 4723 habere
3341 4669 3630 4738 sempiter-

2046 4771 2173 4811 nam
2200 4757 2257 4812 in
2285 4759 2502 4814 nomine
2527 4757 2664 4829 ejus.
2697 4759 2836 4828 Quid
2861 4759 2930 4816 de
2956 4760 3110 4817 vobis
3134 4761 3512 4817 aestimandum
3547 4771 3633 4818 est

2047 4847 2139 4918 qui
2167 4861 2290 4902 eum
2335 4864 2442 4905 non
2471 4850 2696 4906 creditis
2743 4849 2942 4906 Filium
2989 4865 3110 4906 esse
3143 4851 3240 4906 Dei
3271 4866 3492 4917 verum,
3533 4853 3631 4908 sed

2048 4938 2385 5009 adoptivum,
2431 4941 2536 4996 nisi
2573 4941 2717 4998 forte
2756 4950 2816 4996 ut
2862 4956 3140 5012 nunquam
3187 4942 3435 4998 habeatis
3462 4942 3666 4998 vitam.

2049 5028 2566 5084 aeternam?Dicunt
2611 5031 2796 5099 itaque
2822 5029 3248 5101 assumptionem
3290 5039 3348 5085 et
3389 5031 3634 5102 adoptio-

2050 5133 2179 5175 nem
2203 5135 2367 5173 unum
2399 5133 2538 5185 esse,
2556 5127 2610 5175 et
2639 5117 2821 5175 Iesum
2853 5117 3150 5186 Christum,
3173 5119 3470 5175 secundum
3488 5121 3634 5190 quod

2052 5209 2215 5265 homo
2267 5219 2380 5277 est,
2411 5219 2636 5280 propter
2682 5196 3106 5282 assumptionem
3157 5210 3512 5265 humanitatis
3541 5226 3635 5265 ne-

2053 5304 2292 5359 cessario
2333 5304 2644 5372 adoptivum
2675 5320 2834 5371 esse,
2879 5320 2985 5360 non
3021 5304 3385 5374 intelligentes
3431 5311 3633 5374 quanta

2053 5399 2138 5447 est
2187 5393 2304 5448 ham
2339 5393 2648 5451 absurditas
2685 5409 2805 5464 quae
2855 5395 3102 5464 sequitur
3125 5409 3240 5450 eos.
3266 5392 3404 5448 Nam
3447 5392 3495 5446 si
3539 5393 3636 5448 atl-

2054 5485 2271 5553 optivus
2303 5493 2388 5538 est
2435 5493 2656 5555 propter
2685 5486 3131 5556 assumptionem,
3160 5485 3322 5556 igitur
3347 5483 3471 5539 Filii
3514 5498 3632 5554 per-

2056 5590 2190 5631 sona
2219 5575 2472 5645 adoptiva
2495 5584 2598 5642 est,
2623 5577 2750 5646 quia
2793 5575 2963 5631 Filius
2991 5575 3284 5646 assumpsit
3324 5575 3630 5632 hominem:

2059 5675 2114 5722 et
2140 5673 2222 5724 est
2244 5674 2375 5723 tunc
2401 5679 2568 5736 nepos
2598 5665 2708 5722 Deo
2741 5665 2926 5723 Patri:
2959 5666 3102 5737 quod
3125 5681 3287 5737 quam
3312 5665 3537 5736 impium
3561 5663 3635 5718 sit
