4014 6186
391 233 532 294 1383

1397 220 1451 275 5.
1497 215 1858 274 BENEDICTI
1895 209 2186 267 ABBATlS
2221 203 2626 261 AMANENSIS

3513 200 3658 256 138$

390 351 570 408 nullus
595 345 801 403 mstimo
846 339 1082 397 ﬁdelium
1133 337 1377 408 ignorat;
1428 332 1572 402 quod
1613 330 1776 385 etiam
1805 324 1960 380 abdi-
1987 325 2037 386 Α
2061 317 2316 374 divinitas
2337 313 2659 408 non_habet,
2675 311 2779 366 hoc
2805 318 2890 364 est
2911 309 3131 380 dignum
3153 307 3407 408 ut‘ﬁl-ium
3436 309 3657 366 dilectio

395 438 554 498 candi
603 449 757 492 naevo
797 434 853 487 in
904 429 1102 502 potiori
1141 427 1282 482 nube
1312 421 1771 482 testimoniorum,
1802 427 1965 486 quam

387 543 556 601 penes
587 541 674 580 me
710 525 905 584 habeo,
946 518 1176 590 plenius,
1227 530 1351 570 cum
1379 525 1599 572 venero,
1649 508 1760 562 imo
1799 505 1970 558 abun-

395 596 712 676 dantissime
748 611 1037 668 lectitabis.
1087 606 1360 662 interdum
1397 611 1454 657 et
1503 613 1719 668 semper
1775 596 1968 651 docete

397 713 584 768 Jesum
614 723 734 764 esse
759 704 1038 760 Christum
1062 701 1258 755 Filium
1286 698 1381 752 Dei
1403 710 1588 750 verum
1639 694 1691 746 in
1741 698 1972 757 utraque

393 811 603 858 natura.
623 799 760 865 Quia
781 797 921 850 sicut
949 793 1120 847 Filius
1145 790 1238 844 Dei
1267 803 1396 842 vere
1427 794 1511 841 est
1539 783 1681 838 ﬁlius
1710 778 1969 842 hominis,

392 897 465 950 ita
493 893 635 947 illius
670 887 906 946 hominis
932 899 1061 940 vere
1082 892 1168 938 est
1186 882 1356 936 Filius
1399 878 1515 932 Dei.
1556 876 1755 930 Errare
1789 879 1969 926 autem

393 985 677 1039 haereticos
715 981 829 1035 haec
866 977 1100 1032 maxime
1132 989 1296 1029 causa
1325 971 1477 1033 facit,
1518 968 1646 1022 dum
1685 975 1778 1019 aut
1819 963 1974 1033 igno-

395 1083 518 1128 rant
542 1081 637 1127 aut
677 1071 866 1125 nolunt
893 1067 1176 1121 advertere
1205 1064 1260 1116 in
1292 1059 1524 1115 Domino
1553 1055 1683 1111 Jesu
1732 1053 1972 1115 Christo,

394 1166 533 1219 sicut
569 1177 732 1216 unam
781 1172 1101 1228 personam,
1154 1154 1226 1206 ita
1263 1165 1385 1206 esse
1431 1149 1566 1202 duas
1622 1143 1974 1206 substantias,

396 1257 564 1309 Deum
593 1269 660 1306 ex
703 1251 814 1305 Deo
845 1250 1023 1309 Patre,
1065 1254 1119 1298 et
1142 1244 1414 1299 hominem
1444 1257 1510 1296 ex
1536 1239 1756 1293 homine
1782 1244 1975 1300 matre,

396 1355 452 1400 et
481 1360 602 1414 qua:
645 1343 708 1397 de
741 1356 799 1396 se
831 1340 945 1409 ipse
987 1335 1243 1390 Dominus
1274 1331 1571 1387 secundum
1622 1325 1980 1398 dispensatio-

397 1453 521 1492 nem
568 1435 748 1490 carnis
795 1438 1082 1500 assumpta:
1109 1428 1351 1498 loquitur
1390 1425 1650 1493 deputant
1676 1419 1975 1486 divinitati;

398 1537 455 1582 ut
483 1538 566 1582 est
611 1527 779 1582 illud:
815 1524 978 1577 Pater
1018 1521 1193 1591 major
1224 1536 1304 1572 me
1358 1527 1468 1579 est;
1509 1526 1563 1570 et
1615 1514 1746 1568 illud
1780 1531 1792 1565 :
1823 1511 1979 1564 Jesus

400 1619 652 1688 fatigat-us
674 1633 737 1670 ea:
766 1615 985 1676 itinere;
1009 1611 1092 1666 vel
1135 1609 1262 1664 illud
1288 1627 1302 1662 :
1353 1606 1521 1660 Flevit
1568 1604 1863 1666 Lazarum;
1894 1600 1977 1654 vel

2068 409 2267 464 habeat
2293 403 2576 474 mqualem,
2594 404 2720 472 quia
2748 416 2856 455 non
2878 408 3058 470 potest
3080 399 3530 470 (pati)plcnitudo
3556 402 3661 455 mi.

2069 513 2278 554 norem.
2300 496 2530 565 ideoque
2545 491 2817 564 perfectus
2841 489 3140 561 perfectum
3157 499 3402 561 generat,
3417 491 3665 562 omnipo-

2070 599 2206 646 tens
2237 588 2685 657 omnipotentem,
2717 584 2912 654 plenus
2949 582 3188 653 plenum.
3221 583 3288 638 Et
3315 585 3444 653 quia
3477 587 3666 640 aetatis

2071 683 2468 738 incrementum
2522 693 2628 732 non
2665 677 2886 742 habuit,
2935 675 3200 730 minorem
3236 690 3501 745 generare
3552 692 3666 731 non

2071 772 2263 843 potuit.
2294 770 2400 826 Sed
2424 768 2646 825 omnino
2682 767 2859 838 qualis
2882 773 2967 821 est
2991 765 3176 830 Pater,
3204 765 3365 820 talem
3387 775 3442 820 et
3463 767 3667 821 Filium

2073 876 2192 917 esse
2216 875 2503 932 cognosce,
2529 859 2669 913 sicut
2697 857 2812 926 ipse
2841 857 2970 912 dicit
2997 874 3009 907 :
3037 855 3139 920 Qui
3168 873 3248 909 me
3271 857 3426 922 videt,
3455 858 3592 911 videt
3614 870 3666 912 et

2076 949 2394 1015 Putrem;et
2414 949 2567 1004 alibi:
2587 947 2689 1014 Qui
2717 965 2820 1002 non
2848 948 3162 1015 honoriﬁcat
3194 945 3416 1010 Filium,
3450 965 3556 1001 non
3579 949 3670 1002 lto-

2078 1040 2320 1108 nori/icat
2342 1039 2576 1104 Patrem,
2602 1037 2692 1108 qui
2714 1037 2855 1096 misit
2896 1036 3068 1090 illum.
3100 1035 3207 1092 Sed
3234 1036 3394 1101 forte,
3419 1040 3549 1107 quia
3575 1055 3671 1092 au-

2078 1133 2162 1187 dis
2191 1133 2439 1196 missum,
2472 1132 2593 1186 ideo
2621 1139 2782 1202 putas
2817 1129 3124 1184 minorem?
3177 1129 3328 1200 Rogo
3378 1138 3452 1194 te,
3494 1129 3670 1184 Deum

2078 1224 2256 1279 credis
2285 1239 2405 1279 esse
2433 1223 2652 1286 Filium,
2681 1238 2750 1275 an
2781 1220 2926 1274 non?
2960 1219 3088 1273 Sine
3115 1219 3276 1273 dubio
3307 1233 3675 1288 responsurus

2077 1331 2156 1380 es,
2185 1315 2375 1369 Deum.
2404 1314 2539 1381 Quia
2565 1313 2665 1367 etsi
2698 1322 2753 1366 tu
2785 1327 2984 1381 negare
3016 1309 3268 1374 volueris,
3293 1311 3497 1364 sanctis
3523 1309 3677 1365 Scri-

2080 1405 2258 1475 pturis
2302 1404 2677 1468 convinecris,
2713 1404 2928 1457 dicente
2976 1400 3236 1470 Apostolo
3283 1419 3296 1454 :
3344 1401 3433 1455 Ex
3479 1402 3675 1470 quibus

2082 1497 2323 1551 Christus
2346 1496 2634 1550 secundum
2660 1511 2892 1558 carnem,
2918 1495 3008 1565 qui
3031 1504 3102 1547 est
3136 1511 3290 1563 super
3313 1496 3493 1547 omnia
3529 1493 3675 1546 Deus

2084 1589 2380 1642 benedictus
2410 1590 2466 1642 in
2510 1585 2746 1650 swcula;
2775 1594 2830 1640 et
2870 1584 3106 1640 Joannes
3161 1586 3214 1640 in
3245 1587 3486 1656 Epistola
3522 1602 3622 1641 sua
3656 1606 3671 1640 :

399 1675 839 1775 aliavhujusmodi
870 1719 989 1774 qua:
1024 1703 1293 1771 leguntur.
1323 1698 1476 1764 Quod
1503 1697 1546 1751 si
1597 1695 1818 1757 vellent,
1861 1690 1976 1761 pul-

2096 1677 2153 1733 Ut
2195 1681 2382 1744 simus,
2411 1678 2616 1748 inquit,
2648 1677 2701 1730 in
2743 1693 2863 1731 vero
2892 1675 3036 1729 Filio
3083 1676 3218 1745 ejus,
3265 1678 3355 1747 qui
3403 1686 3480 1731 est
3521 1693 3675 1730 verus

401 1801 533 1854 chre
559 1797 797 1853 ostendit
835 1795 978 1864 quod
1001 1793 1145 1847 Deus
1171 1807 1238 1845 ex
1263 1790 1471 1845 duabus
1513 1785 1723 1840 naturis
1749 1792 1853 1847 est,
1879 1781 1977 1836 ad-

401 1896 612 1943 vertere
653 1885 780 1942 illud
807 1883 1068 1953 Apostoli,
1097 1881 1233 1934 Deus
1261 1890 1370 1934 erat
1405 1880 1457 1932 in
1489 1876 1697 1931 Christo
1727 1873 1979 1930 mundum

403 1975 743 2031 reconcilians
795 1974 926 2038 sibi;
955 1971 1039 2026 vel
1068 1970 1195 2024 illud
1221 1967 1526 2037 Evangelii,
1581 1963 1809 2017 Verbum
1857 1975 1981 2015 caro

402 2068 602 2138 factum
641 2075 717 2119 est
751 2073 797 2117 et
821 2063 1072 2116 habitavit
1119 2061 1174 2112 in
1216 2057 1384 2120 nobis,
1417 2071 1524 2109 non
1555 2053 1890 2114 dubitarent,
1924 2056 1984 2103 ut

405 2156 654 2225 superius
689 2154 891 2208 dictum
919 2159 1022 2213 est,
1055 2147 1303 2204 conﬁteri
1352 2148 1405 2200 in
1437 2161 1542 2199 una
1581 2156 1814 2212 persona
1851 2141 1986 2195 duas

403 2259 526 2300 esse
553 2242 906 2305 substantias,
931 2248 985 2292 et
1013 2237 1104 2292 ubi
1130 2237 1376 2299 audiunt,
1401 2232 1561 2287 Pater
1583 2231 1757 2300 major
1783 2245 1862 2283 me
1884 2235 1982 2292 est,

407 2332 703 2388 secundum
721 2329 1114 2384 humanitatem
1133 2324 1462 2394 acciperent;
1480 2320 1568 2375 ubi
1586 2335 1716 2374 vero
1731 2317 1984 2381 audiunt,

408 2423 520 2494 Ego
569 2431 616 2475 et
665 2417 829 2474 Pater
857 2433 1018 2472 unum
1057 2431 1260 2480 sumus,
1306 2412 1603 2469 secundum
1647 2409 1988 2464 divinitatem

414 2512 618 2567 dictum
657 2521 765 2564 non
811 2507 1142 2567 dubitarent.
1171 2504 1312 2560 sicut
1339 2518 1407 2556 ex
1435 2499 1552 2569 ejus
1585 2498 1992 2570 operationibus

413 2601 574 2655 datur
612 2597 856 2668 intelligi.

484 2689 791 2745 Secundum
816 2686 1089 2746 hominem
1119 2685 1263 2741 enim
1291 2682 1537 2748 esurivit,
1567 2689 1628 2736 ut
1655 2693 1840 2735 veram
1871 2692 1993 2732 car—

413 2795 538 2835 nem
568 2779 899 2834 ostenderet.
942 2775 1252 2832 Secundum
1288 2782 1470 2828 autem
1517 2773 1687 2827 Deum
1737 2771 1806 2825 de
1836 2767 1995 2839 quin—

415 2886 522 2942 que
555 2871 788 2939 panibus
814 2869 1053 2940 quinque
1081 2867 1246 2921 millia
1293 2866 1572 2920 hominum
1601 2861 1896 2927 saturavit,
1938 2868 1999 2915 ut

416 2977 477 3016 se
501 2960 670 3015 Deum
694 2959 984 3014 virtutibus
1007 2957 1352 3027 approbaret.
1386 2955 1692 3010 Secundum
1723 2952 1998 3006 hominem

2081 1771 2222 1824 Deus
2252 1779 2299 1824 et
2322 1769 2427 1823 vita
2453 1778 2646 1823 wterna
2665 1784 2685 1832 ;
2707 1776 2762 1822 et
2789 1767 3027 1821 Thomas
3056 1785 3068 1820 :
3100 1765 3245 1852 psus
3268 1783 3435 1830 meus,
3472 1769 3672 1838 inquit,

2080 1869 2128 1914 et
2171 1861 2424 1914 Dominus
2468 1876 2645 1923 meus;
2676 1867 2730 1912 et
2761 1858 3153 1913 Melchisedech
3199 1874 3441 1913 summus
3487 1875 3676 1914 sacer-

2083 1957 2181 2011 dos
2218 1973 2231 2008 :
2267 1954 2605 2021 Benedictus,
2643 1954 2838 2024 inquit,
2871 1954 3139 2008 Abraham
3192 1953 3298 2007 Deo
3329 1955 3555 2019 excelso,
3584 1957 3677 2025 qui

2088 2047 2281 2100 creavit
2339 2044 2523 2099 cadum
2567 2056 2616 2099 et
2670 2054 2887 2098 terram.
2936 2045 3098 2098 Vides
3149 2045 3273 2113 quia
3328 2061 3434 2100 non
3497 2046 3674 2100 solum

2086 2137 2250 2202 Deus,
2278 2137 2372 2192 sed
2395 2137 2538 2192 Deus
2565 2136 2838 2201 excelsus,
2868 2135 3262 2191 Melchisedech
3283 2139 3506 2191 vocibus
3530 2153 3674 2192 com-

2086 2227 2365 2299 probatur.
2422 2227 2600 2282 Testis
2657 2235 2741 2282 est
2793 2235 2848 2282 et
2915 2227 3052 2282 Osee
3107 2228 3372 2298 propheta
3417 2231 3600 2284 dicens
3657 2249 3669 2282 :

2088 2316 2340 2373 Firmana
2367 2317 2551 2372 caelum
2586 2326 2635 2372 et
2658 2334 2842 2372 creans
2882 2327 3090 2383 terram,
3125 2335 3220 2389 ego
3245 2319 3501 2372 Dominus
3533 2319 3676 2373 Deus

2095 2419 2241 2476 tuus,
2275 2411 2430 2480 cujus
2456 2427 2644 2464 manus
2671 2420 2974 2464 creaverunt
3001 2427 3207 2464 omnem
3247 2411 3492 2464 militiam
3536 2409 3676 2464 caeli.

2097 2502 2160 2558 Si
2181 2519 2310 2574 ergo
2339 2503 2482 2558 Deus
2500 2511 2585 2558 est
2614 2501 2804 2566 Filius,
2827 2501 2937 2556 imo
2964 2501 3090 2570 quia
3113 2502 3254 2556 Deus
3279 2509 3390 2566 est,
3424 2501 3552 2571 quia
3583 2516 3680 2570 per

2094 2597 2271 2668 ipsum
2303 2596 2449 2652 facta
2501 2607 2628 2654 sunt
2655 2599 2857 2664 omnia,
2889 2607 2944 2654 et
2996 2613 3104 2652 non
3157 2597 3329 2653 solum
3358 2612 3468 2651 non
3501 2598 3681 2651 minor

2096 2692 2192 2748 sed
2223 2691 2468 2748 excelsus
2496 2691 2658 2756 Deus,
2691 2692 2966 2763 interrogo
3009 2699 3064 2748 te
3092 2699 3274 2745 utrum
3304 2690 3447 2744 Deus
3475 2687 3682 2758 ubique

2096 2784 2187 2847 sit,
2217 2798 2285 2836 an
2323 2781 2460 2836 forte
2494 2781 2760 2846 localiter,
2787 2797 2910 2836 cum
2938 2781 3164 2851 impium
3193 2781 3267 2834 sit
3299 2793 3502 2848 negare
3531 2778 3680 2848 quod

2095 2871 2298 2942 ubique
2322 2870 2393 2925 sit
2429 2871 2592 2925 Deus.
2622 2871 2690 2924 Et
2737 2870 2782 2925 si
2827 2871 3026 2940 ubique
3071 2877 3177 2934 est,
3232 2883 3415 2939 quaeso
3452 2876 3528 2933 te,
3589 2868 3682 2922 ubi

2099 2962 2299 3016 missus
2325 2961 2444 3015 est?
2469 2959 2576 3017 Sed
2604 2961 2918 3015 missionem
2957 2959 3075 3014 Filii
3104 2959 3537 3013 incarnationem
3565 2956 3686 3028 ejus

411 3052 605 3117 sitivit,
628 3050 726 3104 sed
757 3049 1057 3104 secundum
1089 3047 1256 3100 Deum
1279 3045 1680 3100 Samaritanam
1712 3045 1831 3096 viva
1857 3057 1994 3111 aqua

2103 3053 2356 3126 intellige,
2409 3054 2524 3125 ipso
2569 3053 2826 3124 Apostolo
2879 3062 3229 3124 exponente:
3269 3053 3437 3116 Misit,
3486 3053 3682 3123 inquit,

413 3142 622 3198 refecit.
670 3140 976 3194 Secundum
1029 3137 1305 3191 hominem
1352 3151 1544 3190 navem
1585 3133 1851 3199 ascendit,
1903 3131 1998 3186 sed

412 3229 709 3287 secundum
746 3229 914 3282 Deum
953 3227 1114 3280 siccis
1133 3227 1358 3294 pedibus
1388 3240 1550 3293 super
1579 3239 1730 3278 mare
1756 3223 1999 3277 ambula-

418 3320 517 3373 vit.
552 3317 862 3373 Secundum
892 3316 1168 3370 hominem
1215 3316 1269 3368 in
1306 3315 1428 3369 navi
1461 3315 1736 3379 dormivit,
1767 3314 1863 3369 sed
1914 3327 2000 3368 se-

412 3411 648 3467 cundum
689 3411 856 3463 Deum
909 3409 1085 3463 ventis
1137 3416 1192 3462 et
1245 3407 1495 3462 ﬂuctibus
1552 3406 1855 3477 imperavit.
1911 3406 2003 3461 Se.

415 3501 653 3557 cundum
688 3500 960 3554 hominem
993 3499 1046 3552 in
1077 3512 1236 3552 cruce
1263 3497 1541 3567 pependit,
1583 3497 1678 3551 sed
1706 3497 2000 3551 secundum

423 3596 592 3650 Deum
615 3593 925 3663 paradisum
965 3591 1162 3645 latroni
1200 3590 1441 3645 donavit.
1474 3588 1786 3643 Secundum
1830 3587 2004 3641 homi-

419 3701 540 3742 nem
569 3700 761 3755 passus
792 3693 1022 3738 mortem
1057 3683 1312 3751 gustavit,
1343 3681 1639 3735 secundum
1674 3693 1803 3733 vero
1833 3678 2000 3731 Deum

417 3780 766 3848 semetipsum
797 3792 827 3830 a
861 3777 1089 3830 mortuis
1133 3773 1434 3830 suscitavit.
1465 3772 1521 3826 Si
1558 3772 1675 3826 haec
1703 3778 1759 3825 et
1803 3769 2002 3824 similia

418 3868 615 3923 vellent
635 3867 906 3937 sapienter
929 3865 1256 3928 discernere,
1281 3869 1335 3917 et
1362 3861 1652 3930 unicuique
1689 3858 2003 3914 substantia:

419 3961 561 4030 quod
601 3973 756 4014 suum
807 3965 892 4011 est
929 3956 1270 4025 deputarent,
1324 3952 1482 4008 facile
1531 3958 1790 4022 poterant
1843 3957 2004 4004 recta:

421 4052 541 4106 ﬁdei
564 4065 781 4106 cursum
807 4043 1012 4113 tenere,
1044 4056 1098 4102 et
1129 4063 1234 4101 non
1279 4061 1376 4116 pro
1403 4046 1522 4116 ejus
1560 4042 1860 4107 beneﬁciis,
1884 4055 2008 4111 quin

420 4160 520 4216 pro
561 4143 717 4197 nobis
764 4141 1093 4196 redimendis
1134 4141 1186 4194 in
1237 4139 1409 4194 forma
1452 4137 1597 4192 servi
1638 4135 1876 4204 suscepit
1921 4131 2006 4187 vel

420 4248 614 4306 passus
633 4241 735 4295 est,
767 4231 1038 4284 divinitati
1069 4231 1186 4300 ejus
1209 4230 1566 4284 contumelias
1600 4228 1926 4297 irrogarent,
1952 4231 2008 4278 et

423 4325 731 4394 ubicunque
760 4321 942 4392 legunt
969 4322 1022 4375 in
1047 4320 1347 4391 Scripturis
1373 4319 1670 4374 secundum
1706 4315 2009 4372 humanita-

2098 3143 2241 3198 Deus
2288 3143 2336 3196 F
2340 3144 2491 3198 ilium
2527 3161 2682 3198 suum
2727 3145 2924 3214 factum
2978 3159 3044 3196 ea:
3079 3142 3313 3208 muliere,
3342 3142 3544 3211 factum
3589 3145 3687 3195 sub

2100 3233 2230 3304 lege.
2265 3235 2508 3304 Denique
2534 3236 2600 3289 de
2628 3235 2746 3304 ipso
2775 3234 3002 3304 legimus
3041 3233 3096 3287 in
3132 3232 3393 3302 Propheta
3428 3247 3444 3285 :
3485 3229 3688 3285 Cretum

2099 3333 2146 3378 et
2173 3334 2368 3378 terram
2390 3341 2482 3395 ego
2509 3324 2726 3394 impleo,
2749 3325 2876 3377 dicit
2906 3323 3195 3389 Dominus;
3231 3331 3283 3377 et
3306 3321 3645 3393 evangelista
3673 3337 3686 3372 :

2101 3415 2179 3470 De
2223 3415 2565 3487 plenitudine,
2618 3417 2816 3486 inquit,
2847 3417 2965 3486 ejus
3007 3433 3100 3470 nos
3130 3432 3306 3470 omnes
3366 3415 3687 3484 accepimus.

2102 3506 2170 3560 Et
2199 3508 2244 3560 si
2274 3507 2457 3562 omnia
2489 3507 2604 3576 ipse
2635 3507 2843 3577 implet,
2891 3507 2980 3560 ubi
3026 3507 3224 3560 missus
3251 3514 3335 3561 est
3379 3503 3530 3572 eujus
3578 3520 3695 3576 ma:

2100 3594 2300 3664 jcslate
2321 3597 2478 3666 plena
2503 3604 2627 3651 sunt
2645 3597 2865 3650 omnia?
2891 3596 2997 3650 Sed
3023 3597 3202 3650 adhuc
3228 3595 3370 3650 forte
3397 3595 3548 3657 dicis,
3579 3595 3694 3648 sic-

2102 3697 2162 3744 ut
2205 3690 2368 3744 habet
2413 3687 2649 3742 carnalis
2697 3687 3021 3752 intellectus,
3054 3688 3196 3741 inter
3241 3687 3549 3757 gignentem
3587 3701 3692 3753 pa-

2102 3785 2239 3832 trem
2273 3784 2330 3831 et
2362 3775 2603 3846 genitum
2627 3775 2795 3828 ﬁlium
2825 3791 2930 3828 non
2960 3776 3203 3844 potuisse
3232 3776 3350 3829 ﬁeri
3383 3774 3485 3828 nisi
3508 3782 3569 3828 ut
3591 3773 3693 3827 ali-

2103 3867 2247 3938 quod
2289 3865 2483 3921 fuisset
2513 3865 2745 3934 spatium
2781 3881 2794 3918 :
2828 3866 3063 3935 spatium
3093 3866 3240 3921 horae
3267 3864 3503 3928 faciunt,
3539 3865 3690 3918 hora:

2106 3966 2320 4024 tempus
2344 3955 2652 4025 designant,
2689 3970 2753 4008 ac
2781 3954 2860 4009 sic
2895 3953 2950 4009 si
2980 3963 3194 4024 tempus
3242 3955 3530 4024 anteponis
3560 3954 3695 4021 ﬁlio,

2105 4061 2213 4102 non
2251 4044 2433 4099 omnia
2484 4059 2582 4116 per
2629 4043 2801 4113 ipsum
2850 4044 2992 4098 facta
3027 4043 3241 4102 fateris.
3272 4045 3478 4100 Eteubi
3523 4055 3608 4101 est
3635 4047 3699 4101 il-

2109 4141 2201 4196 lud
2235 4159 2247 4195 :
2283 4139 2475 4196 Omnia
2504 4157 2596 4210 per
2630 4140 2802 4211 ipsum
2828 4141 2969 4210 facta
3009 4151 3152 4196 sunt.
3183 4140 3344 4198 Certe
3389 4143 3697 4198 secundum

2107 4241 2256 4286 tuam
2284 4231 2710 4302 propositionem
2742 4232 3064 4300 respondeo,
3095 4234 3188 4303 qui
3216 4233 3352 4288 dicis
3401 4234 3572 4288 fuisse
3596 4233 3705 4287 Pa-

2111 4331 2247 4378 trem
2287 4321 2580 4391 aliquando
2611 4322 2728 4379 sine
2778 4323 2934 4378 Filio.
2977 4323 3176 4394 Utique
3222 4325 3454 4396 legimus
3489 4325 3704 4393 pariter

425 4424 532 4470 tem
555 4414 759 4485 aliquid
785 4413 928 4482 quod
958 4413 1139 4468 minus
1180 4412 1434 4482 loquatur
1471 4411 1751 4474 divinitas,
1785 4409 1880 4464 sed
1909 4423 2008 4478 pro
2034 4415 2086 4474 D
2116 4413 2170 4466 in
2211 4412 2499 4482 Apostolo,
2534 4411 2798 4467 Christum
2823 4414 2923 4470 Dei
2961 4417 3202 4468 virtutem
3247 4426 3294 4470 et
3346 4416 3439 4470 Dei
3491 4416 3706 4485 sapien—

423 4506 822 4576 dispensatione
849 4505 1032 4560 carnis
1054 4512 1344 4572 assumptae
1380 4503 1484 4557 hoc
1528 4508 1867 4571 protestetur
1906 4499 2009 4553 hu-

405 4600 676 4661 ‘manitas,
704 4606 911 4652 natura:
940 4597 1232 4668 unicuique
1279 4596 1497 4666 propria
1528 4598 2003 4664 recognoscerent,

427 4697 483 4745 et
509 4689 808 4744 divinitatis
842 4688 1148 4756 :equitatem
1187 4689 1446 4758 derogare
1479 4688 1826 4743 desisterent.
1874 4684 2010 4739 Nam

427 4795 547 4845 nos,
573 4780 714 4833 sicut
737 4794 859 4832 eum
893 4778 1060 4832 Deum
1094 4778 1339 4846 legimus,
1384 4779 1456 4832 ita
1484 4793 1586 4832 nec
1626 4775 1885 4845 majorem
1914 4789 2012 4830 nec

427 4871 694 4927 minorem
741 4870 908 4925 Deum
956 4885 1183 4940 usquam
1215 4868 1474 4939 legimus,
1507 4883 1608 4922 nec
1641 4868 1863 4921 credere
1891 4864 2018 4918 reli-

428 4963 576 5035 giosa
607 4970 784 5016 mente
805 4961 1084 5014 debemus.
1114 4958 1222 5014 Sed
1266 4960 1332 5013 ad
1360 4960 1477 5013 haec
1503 4959 1740 5012 Arianus
1766 4955 2014 5027 persistit

429 5063 484 5108 et
507 5053 639 5108 dicit
664 5072 676 5106 :
704 5051 846 5106 Fieri
881 5066 984 5104 non
1011 5059 1186 5120 potest
1214 5059 1274 5104 ut
1303 5066 1411 5104 non
1439 5049 1609 5104 Filius
1641 5050 1818 5102 minor
1845 5047 2010 5102 Patre

429 5145 702 5200 credatur.
741 5143 894 5213 Apud
939 5143 1187 5196 homines
1240 5141 1360 5196 ideo
1391 5142 1658 5196 minorem
1708 5139 1876 5194 ﬁlium
1917 5154 2011 5211 ge-

432 5243 587 5289 nerat
625 5242 778 5302 pater
825 5233 952 5302 quia
995 5242 1050 5287 et
1079 5234 1193 5303 ipse
1223 5231 1402 5286 minor
1435 5241 1518 5286 est
1540 5239 1832 5305 generatus
1861 5247 1890 5286 a
1921 5246 2017 5300 pa-

434 5331 538 5378 tre.
580 5324 786 5378 Idcirco
815 5334 1096 5380 crescente
1136 5324 1245 5378 ﬁlio
1287 5333 1444 5395 pater
1488 5327 1745 5392 senescit,
1796 5333 1852 5382 et
1895 5339 2014 5379 mo-

433 5413 622 5468 riendo
644 5423 798 5481 patre
826 5414 968 5469 ﬁlius
991 5417 1284 5471 succedere
1315 5417 1724 5486 comprobatur,
1755 5417 2027 5472 et'mclior

439 5517 502 5556 ac
521 5504 792 5570 potentior
815 5513 970 5574 patre
991 5521 1379 5576 nonnunquam
1405 5506 1652 5562 efﬁcitur.
1673 5508 1826 5579 Apud
1857 5508 2025 5562 Deum

441 5607 570 5650 vero
597 5609 702 5649 non
746 5597 816 5650 ita
843 5607 925 5652 est
959 5615 972 5650 :
1016 5602 1141 5662 quia
1189 5600 1279 5655 ubi
1313 5615 1560 5655 crescere
1601 5599 1684 5652 vel
1740 5611 2025 5654 senescere

2109 4505 2255 4559 tiam.
2287 4505 2354 4558 Et
2381 4505 2496 4574 ipse
2519 4501 2585 4559 de
2614 4519 2671 4560 se
2701 4505 2961 4560 Dominus
2989 4505 3227 4576 loquitur
3259 4525 3272 4561 :
3303 4505 3418 4578 Ego
3443 4524 3562 4560 sum
3591 4508 3704 4572 uia,

2108 4599 2296 4652 veritas
2313 4608 2359 4651 et
2377 4599 2500 4652 vita.
2519 4597 2574 4651 Si
2591 4613 2720 4669 ergo
2746 4597 2848 4652 fuit
2867 4596 3028 4653 Pater
3044 4598 3161 4653 sine
3186 4597 3322 4652 Filio
3338 4640 3350 4662 ,
3383 4600 3526 4653 sicut
3543 4609 3594 4653 tu
3625 4600 3709 4654 di-

2109 4685 2210 4753 cis,
2229 4689 2328 4742 fuit
2353 4689 2469 4742 sine
2495 4687 2832 4754 virtute,fuit
2857 4688 2972 4742 sine
2999 4688 3398 4757 sapientia,fuit
3417 4688 3536 4742 sine
3567 4689 3707 4752 vita,

2114 4778 2216 4832 fuit
2241 4777 2359 4832 sine
2385 4777 2637 4830 veritate.
2670 4775 2774 4831 Sed
2806 4777 2930 4847 quia
2957 4777 3074 4831 sine
3102 4778 3186 4831 his
3220 4793 3496 4845 nunquam
3540 4775 3712 4832 fuisse

2117 4867 2281 4923 Pater
2315 4867 2614 4923 credendus
2637 4876 2739 4932 est,
2761 4868 2862 4922 hoc
2885 4869 3140 4922 convenit
3159 4867 3318 4922 saluti
3345 4878 3450 4922 tua:
3475 4879 3534 4922 ut
3548 4865 3715 4934 juxta

2125 4959 2283 5014 ﬁdem
2311 4959 2632 5013 catholicam
2663 4961 3155 5030 consempitcrnum
3183 4958 3332 5013 Patri
3361 4969 3418 5013 et
3439 4960 3716 5029 aequalem

2120 5049 2321 5105 Filium
2369 5048 2608 5111 fatearis,
2653 5050 2778 5118 quia
2817 5060 2871 5104 et
2914 5051 3086 5105 virtus
3115 5048 3232 5118 ejus
3273 5049 3472 5120 legitur
3509 5052 3719 5119 sempi-

2124 5152 2300 5207 terna,
2331 5141 2544 5196 dicente
2592 5140 2852 5210 Apostolo
2882 5159 2895 5194 :
2942 5139 3270 5211 Sempiterna
3313 5156 3516 5211 quoque
3549 5141 3720 5194 virtus

2125 5235 2240 5305 ejus
2269 5243 2316 5287 et
2335 5231 2599 5286 divinitas.
2617 5232 2880 5288 Similiter
2905 5242 2960 5287 et
2990 5232 3057 5286 de
3085 5232 3306 5285 veritate
3331 5231 3466 5302 ejus,
3493 5230 3722 5285 dicente

2125 5322 2413 5378 Psalmista
2447 5340 2460 5376 :
2489 5322 2551 5375 Et
2575 5323 2763 5376 veritas
2789 5321 2996 5375 Domini
3024 5331 3194 5374 manet
3223 5321 3276 5373 in
3305 5329 3583 5374 (rternum.
3614 5319 3717 5374 So-

2120 5417 2235 5471 lent
2282 5417 2445 5469 etiam
2501 5415 2658 5469 istam
2698 5415 2844 5470 velut
2890 5416 3206 5487 quaastionis
3241 5414 3574 5470 calumniam
3629 5430 3725 5484 ge-

2119 5524 2334 5564 nerare.
2373 5507 2430 5561 ln
2475 5515 2707 5572 tantum,
2755 5511 3027 5580 inquiunt,
3080 5508 3256 5578 major
3305 5516 3388 5564 est
3420 5506 3602 5566 Pater
3662 5516 3725 5560 ut

2121 5602 2286 5673 priori
2328 5615 2542 5667 semper
2587 5602 2896 5657 nominetur
2923 5603 3060 5658 loco.
3097 5601 3321 5656 Etiamsi
3361 5599 3529 5665 priori
3573 5614 3724 5653 sem-
