4014 6186
297 314 429 370 i335

1532 316 1916 374 OPUSCULA.
1960 318 2202 372 Cl‘UoC.
2248 317 2288 370 i.

3391 319 3418 374 ι
3428 317 3533 381 586

290 442 386 496 per
435 427 550 479 loco
593 425 993 490 nominaretur,
1034 425 1187 480 valde
1227 425 1509 480 videbatur
1557 441 1678 480 esse
1728 441 1861 480 con-
1892 431 1940 488 Α
1965 426 2166 487 Judwi.
2191 426 2312 497 quia
2349 443 2452 481 non
2481 424 2648 479 solum
2685 425 2911 480 solvebat
2933 427 3225 494 sabbatum,
3248 428 3338 483 sed
3378 430 3537 496 etiam

292 520 546 581 veniens;
594 516 718 585 quia
757 530 822 568 ex
859 515 977 586 ipso
1006 523 1088 570 est
1134 515 1327 580 Filius,
1380 533 1487 571 non
1531 516 1620 569 ille
1658 531 1725 571 ex
1766 515 1863 570 Fi-

291 606 385 664 lio.
420 607 622 660 Tamcn
660 616 717 659 ut
745 607 1103 676 aequalitatem
1151 622 1430 677 agnoscas,
1461 607 1585 661 audi
1625 606 1679 660 in
1719 605 1864 662 Scri-

291 699 482 769 pturis,
524 697 614 750 ubi
665 697 832 751 etiam
886 697 1036 766 prior
1086 697 1255 752 Filius
1307 698 1634 752 nominatur.
1700 695 1866 750 Joan-

293 804 388 844 res
416 787 746 859 evangelista
777 789 850 843 ait
891 807 904 842 :
945 788 1010 842 In
1055 790 1312 860 principio
1358 800 1468 842 erat
1511 788 1734 842 Verbum
1758 829 1773 853 ,
1814 798 1865 842 et

300 879 525 933 Verbum
571 888 688 934 erat
734 880 873 948 apud
927 879 1116 944 Deum,
1163 889 1210 933 et
1257 879 1394 932 Deus
1451 888 1562 932 erat
1616 877 1860 933 Verbum.

293 972 350 1028 in
401 970 576 1024 Verbo
644 968 828 1038 itaque
882 968 1074 1021 Filium
1131 968 1408 1022 indicavit.
1464 968 1530 1021 Et
1577 968 1865 1036 Apostoi-us

293 1060 358 1117 ad
412 1060 674 1129 Ephesios
721 1077 734 1112 2
792 1060 873 1112 Αη
924 1060 1132 1112 nescitis
1181 1060 1304 1128 quia
1354 1061 1522 1112 omnis
1575 1060 1866 1128 fornicator

291 1161 384 1206 aut
415 1150 714 1203 immundus
737 1167 840 1204 non
865 1149 1016 1202 habet
1045 1149 1400 1203 ha’reditatem
1422 1151 1476 1201 in
1499 1165 1654 1219 regno
1672 1148 1865 1206 Christi

291 1253 338 1292 ct
369 1239 509 1293 Dei?
539 1239 680 1293 Ecce
734 1247 787 1292 et
827 1238 915 1292 hic
950 1238 1116 1306 priori
1151 1238 1272 1293 loco
1304 1238 1474 1298 Filius
1527 1239 1860 1293 nominatur.

292 1328 359 1380 Et
406 1328 472 1380 ad
517 1327 742 1380 Galatas
772 1325 970 1380 Paulus
1005 1326 1283 1394 apostolus
1317 1345 1329 1380 :
1371 1327 1495 1379 Non
1535 1327 1600 1380 ab
1639 1328 1866 1380 homini-

292 1419 408 1480 bus,
439 1434 600 1487 neque
633 1434 724 1483 per
743 1416 1024 1479 hominem,
1068 1416 1160 1474 sed
1185 1433 1276 1488 per
1296 1414 1478 1470 Iesum
1507 1413 1774 1470 Christum
1814 1426 1862 1469 et

289 1509 459 1561 Deum
494 1509 722 1560 Patrem.
748 1507 812 1560 Et
839 1507 906 1559 ad
930 1505 1445 1560 Thessalonicenses
1489 1524 1501 1559 :
1531 1505 1650 1575 Ipse
1687 1515 1864 1558 autent

289 1599 545 1661 Dominus
591 1597 747 1658 Iesus
778 1596 1016 1658 Christus
1055 1609 1102 1652 et
1127 1599 1268 1652 Deus
1300 1596 1484 1663 Pater,
1511 1598 1635 1667 quia
1680 1597 1863 1675 dilexit

290 1706 404 1751 nos.
453 1689 535 1749 Ad
584 1688 896 1746 Corinthios
941 1703 955 1741 :
1001 1688 1303 1744 Secundum
1365 1690 1592 1759 gratiam
1646 1688 1860 1744 Domini

1961 526 2162 586 patrem
2185 532 2338 569 suum
2365 515 2567 568 dicebat
2592 515 2781 580 Deum,
2807 515 3058 586 mqualem
3091 534 3145 571 se
3184 518 3384 587 faciens
3407 518 3537 586 Deo,

1962 605 2102 662 Ecce
2136 607 2384 674 impietas
2411 603 2719 661 Juda‘orum
2750 605 2880 661 dicit
2906 606 3190 676 aequalem,
3219 615 3274 663 et
3302 623 3408 662 non
3439 625 3534 664 ve.

1963 704 2114 750 retur
2153 696 2333 750 dicere
2372 694 2714 751 Christianus
2769 698 3035 752 minorem
3062 698 3172 754 ?Et
3213 698 3340 756 alibi
3385 699 3529 766 idern

1963 786 2304 856 Evangelista
2325 787 2402 842 ait
2435 806 2448 843 :
2476 785 2580 852 Qui
2619 803 2720 841 non
2742 787 3056 861 honori/ient
3079 787 3299 851 Filium,
3317 805 3418 843 non
3437 790 3531 843 ho:

1965 879 2204 948 nariﬁcat
2220 876 2458 948 Patrem,
2472 881 2562 950 qui
2572 881 2710 934 misit
2739 879 2906 939 illum.
2926 879 3172 952 Aiqualis
3198 881 3341 940 enim
3365 881 3544 965 honor;

1963 969 2178 1026 nonnisi
2196 968 2494 1038 :cquaiihus
2508 971 2813 1033 exhibetur.
2846 970 2912 1033 Et
2936 969 3042 1032 alio
3066 971 3184 1031 ioco
3201 972 3348 1030 idem
3369 971 3499 1027 ditit
3522 988 3535 1036 ξ

1965 1058 2112 1115 Sicut
2157 1057 2319 1112 Pater
2361 1060 2577 1118 suscitat
2606 1070 2842 1114 mortuos
2885 1069 2932 1114 et
2974 1061 3227 1131 rivi/icat,
3260 1063 3335 1114 ita
3369 1073 3417 1115 et
3445 1061 3542 1116 Fit

1965 1150 2066 1204 lius
2106 1168 2232 1222 quos
2258 1152 2369 1206 ‘rult
2412 1152 2659 1220 viviﬁcat.
2685 1152 2822 1220 Audi
2875 1153 3145 1210 dicentem
3170 1171 3299 1228 quos
3327 1155 3454 1217 vult,
3480 1164 3537 1220 et

1963 1242 2225 1310 aequalem
2252 1257 2378 1296 eum
2420 1241 2565 1296 Patri
2613 1255 2677 1297 ac
2705 1257 2816 1296 suae
2855 1245 3143 1312 potestatis
3168 1259 3288 1299 esse
3329 1259 3534 1313 cogno-

1963 1343 2074 1383 sce.
2116 1329 2183 1383 Et
2207 1344 2311 1384 non
2353 1331 2501 1386 dicas
2529 1345 2652 1383 eum
2683 1331 2950 1386 minorem
2974 1373 2988 1396 ,
3017 1333 3148 1400 quia
3175 1349 3443 1403 nusquam
3481 1335 3534 1388 in

1966 1417 2262 1487 Scripturis
2287 1420 2489 1473 sanctis
2519 1419 2568 1472 id
2597 1420 2832 1490 reperies
2852 1460 2868 1485 ,
2898 1422 2991 1478 sed
3016 1422 3157 1480 sicut
3199 1423 3315 1494 ipse
3340 1422 3543 1494 Philip.

1963 1524 2034 1579 po
2073 1509 2239 1564 dicit:
2277 1509 2380 1579 Qui
2425 1525 2506 1563 me
2554 1510 2712 1576 uidet,
2743 1511 2880 1564 videt
2904 1521 2952 1564 et
3002 1509 3238 1578 Patrem,
3270 1523 3318 1567 et
3357 1515 3538 1581 omnia

1961 1616 2078 1670 qua:
2104 1597 2268 1653 Pater
2300 1601 2451 1669 Iucit.
2495 1600 2592 1654 Vri
2639 1599 2804 1661 illud:
2838 1599 2978 1658 Deus
3017 1611 3128 1655 erat
3180 1600 3424 1663 Verbum.
3470 1604 3544 1672 Et

1961 1688 2274 1758 Apostolus,
2307 1698 2367 1743 ut
2402 1690 2820 1752 memoravimus
2847 1708 2859 1742 :
2891 1689 2996 1758 Qui
3021 1699 3124 1756 est,
3143 1691 3350 1762 inquit,
3385 1709 3544 1764 super

289 1783 457 1842 nostri
477 1779 605 1836 Iesu
637 1779 852 1846 Christi,
871 1791 920 1834 et
949 1780 1181 1836 charitas
1215 1781 1312 1834 Dei
1336 1779 1607 1844 Patris,,et
1632 1795 1863 1835 commu-
1891 1761 1938 1819 Β
1968 1780 2144 1834 omnia
2177 1778 2318 1835 Deus
2347 1778 2643 1844 benedictus
2672 1779 2726 1843 in
2747 1779 2964 1846 uacula.
3001 1779 3116 1842 Non
3144 1761 3326 1853 potest
3365 1761 3544 1846 minor-

289 1861 485 1930 uicatio
529 1877 696 1930 sancti
735 1875 967 1946 Spiritus
1017 1891 1135 1929 cum
1179 1875 1416 1930 omnibus
1467 1875 1628 1928 vobis.
1656 1873 1724 1926 Et
1752 1873 1868 1943 ipse

289 1968 550 2024 Dominus
597 1967 770 2022 dicit:
829 1967 941 2036 Ego
981 1977 1029 2019 et
1071 1965 1231 2021 Pater
1282 1983 1441 2020 unum
1480 1978 1680 2019 sumus.
1739 1964 1859 2032 Non

287 2058 444 2118 dixit,
476 2056 636 2111 Pater
661 2066 710 2110 et
730 2073 843 2128 ego.
868 2057 935 2112 Et
956 2055 1083 2110 alibi
1109 2074 1122 2108 :
1149 2055 1251 2121 Qui
1276 2073 1355 2109 me
1369 2056 1524 2123 videt,
1544 2056 1675 2117 videt
1690 2065 1740 2107 et
1763 2052 1868 2106 Pa-

288 2158 442 2201 trem.
461 2148 527 2202 Et
545 2148 740 2202 iterum
773 2165 785 2199 :
811 2145 914 2212 Qui
942 2163 1044 2201 non
1063 2146 1376 2214 honoriﬁcat
1407 2143 1628 2208 Filium,
1655 2160 1758 2201 non
1776 2144 1870 2201 Ito-

289 2240 531 2308 nori/icat
557 2237 790 2304 Patrem,
814 2239 904 2309 qui
932 2239 1072 2292 misit
1097 2237 1266 2292 illum.
1293 2237 1433 2301 Ecce
1469 2237 1680 2307 quoties
1701 2234 1868 2306 priori

288 2333 408 2388 loco
423 2332 593 2388 Filius
606 2333 938 2394 nominatur.
959 2329 1066 2386 Sed
1088 2331 1212 2400 quia
1230 2331 1282 2394 in
1303 2329 1465 2390 Patre
1479 2338 1534 2384 et
1546 2328 1681 2382 Filio
1696 2341 1871 2398 :equa—

289 2426 416 2479 litas
439 2432 541 2492 est,
569 2423 770 2483 nullum
792 2422 1164 2493 praeiudicium
1192 2436 1291 2476 nec
1302 2429 1428 2478 ante
1455 2435 1554 2476 nec
1569 2427 1752 2488 postea
1773 2433 1871 2472 no-

290 2519 529 2576 minatus
541 2515 695 2572 alteri
719 2514 916 2585 poterit
928 2513 1217 2576 exhibere;
1243 2511 1368 2580 quia
1391 2510 1534 2564 nulla
1549 2518 1629 2564 est
1645 2507 1871 2563 diversi-

294 2614 381 2662 tas
395 2606 484 2663 nbi
501 2605 818 2674 estmqualis
833 2605 886 2658 in
911 2614 1142 2672 utroque
1155 2602 1430 2657 divinitas.
1449 2599 1554 2654 Sed
1566 2600 1686 2654 ideo
1702 2599 1780 2654 sic
1793 2597 1868 2652 le-

283 2699 468 2766 gimus
486 2697 606 2767 quia
635 2697 867 2750 humana
889 2694 1088 2749 locutio
1104 2693 1260 2748 aliter
1273 2707 1331 2748 se
1345 2707 1451 2748 non
1467 2689 1871 2760 valetexpedire

289 2792 400 2851 nisi
431 2799 490 2845 ut
515 2806 638 2846 cum
666 2805 832 2844 unum
873 2788 1094 2853 dixerit,
1127 2787 1206 2843 sic
1246 2785 1477 2839 alterum
1527 2783 1691 2838 dicat.
1729 2782 1870 2837 Ecce

288 2893 354 2940 ut
370 2890 663 2956 agnoscant
681 2883 810 2952 quia
832 2882 905 2959 ibi
935 2877 1068 2939 nihil
1091 2881 1264 2951 majus
1283 2879 1526 2932 minusve
1550 2882 1632 2930 est
1650 2915 1666 2940 ,
1689 2878 1872 2930 cesset

289 2974 522 3044 siumstio
559 2974 630 3027 de
667 2972 828 3027 Patre
858 2971 1103 3029 anterius
1145 2970 1420 3026 nominato
1449 2985 1460 3036 ξ
1488 2965 1614 3036 quia
1643 2965 1736 3020 ubi
1761 2979 1869 3018 una

1967 1869 2114 1931 credi
2129 1869 2221 1938 qui
2245 1877 2327 1932 est
2353 1883 2516 1938 super
2537 1870 2713 1923 omnia
2745 1870 2887 1924 Deus
2902 1870 3215 1931 benedictus
3238 1871 3294 1925 in
3323 1870 3541 1936 saecula,

1964 1959 2034 2024 Et
2069 1960 2199 2020 alibi
2244 1960 2573 2030 Apostolus:
2609 1960 2714 2031 Qui
2753 1978 2874 2015 cum
2921 1964 2977 2026 in
3025 1962 3196 2032 [arma
3244 1962 3343 2017 Dei
3372 1972 3542 2038 esset,

1967 2068 2072 2112 non
2116 2053 2358 2122 rapinam
2403 2052 2690 2118 arbitrqtus
2737 2062 2813 2112 est
2874 2070 2984 2110 esse
3030 2072 3085 2109 se
3114 2053 3368 2125 (aqualem
3411 2055 3544 2121 Dea,

1968 2144 2146 2216 Quare
2177 2144 2313 2204 hoc?
2339 2143 2474 2211 Quia
2513 2161 2673 2205 nemo
2707 2147 2850 2215 rapit
2877 2147 2980 2207 nisi
3027 2145 3173 2218 quod
3223 2162 3330 2205 non
3360 2148 3543 2215 habet,

1967 2238 2058 2293 ille
2081 2253 2212 2310 ergo
2239 2239 2330 2306 qui
2357 2239 2592 2298 habebat
2615 2238 2983 2308 aequalitatem
3008 2279 3024 2304 ,
3052 2255 3160 2295 non
3186 2247 3271 2296 est
3309 2239 3546 2294 arbitra-

1969 2335 2056 2386 tus
2083 2326 2365 2397 rapinam;
2413 2326 2508 2380 scd
2537 2343 2701 2397 quam
2747 2327 2964 2383 rebellis
2988 2328 3214 2398 angelus
3264 2344 3546 2394 assumere

1968 2415 2136 2473 Voluit
2175 2430 2273 2484 per
2299 2415 2563 2486 rapinam.
2592 2415 2838 2472 Christus
2868 2417 3110 2488 possidet
3132 2432 3230 2497 per
3267 2427 3539 2476 naturam.

1969 2508 2106 2574 Quia
2135 2522 2268 2562 vero
2287 2517 2372 2563 est
2415 2519 2580 2563 verus
2604 2508 2894 2580 Deus,audi
2925 2511 3144 2572 beatum
3168 2510 3439 2573 Joannem
3460 2515 3545 2570 die.

1971 2608 2182 2654 contem
2226 2599 2281 2653 in
2309 2599 2549 2669 Epistola
2589 2614 2686 2655 sua
2719 2618 2732 2654 :
2783 2600 2849 2654 Et
2878 2602 3040 2664 simus
3062 2643 3077 2668 ,
3103 2603 3318 2672 inquit,
3346 2605 3402 2659 in
3425 2621 3545 2665 vero

1969 2691 2115 2748 Filio
2162 2692 2276 2763 ejus
2319 2691 2452 2747 Jesu
2481 2690 2707 2748 Clu-isto.
2751 2691 2854 2758 Hie
2875 2704 2951 2749 est
2995 2711 3146 2756 verus
3178 2695 3322 2750 Deus
3347 2705 3398 2748 et
3441 2697 3548 2750 sita

1967 2795 2190 2839 mterna.
2239 2781 2412 2845 Audis
2437 2800 2624 2841 verum
2682 2786 2892 2850 Deum,
2919 2796 2974 2849 et
3026 2789 3311 2858 praesumis
3365 2789 3548 2845 dicere

1971 2876 2260 2942 minorem,
2313 2885 2368 2932 et
2418 2893 2528 2933 non
2557 2876 2842 2936 conﬁteris
2868 2878 3156 2951 aequalem.
3191 2879 3334 2938 Dicit
3381 2880 3546 2945 etiam

1970 2965 2165 3024 beatus
2202 2966 2492 3040 Apostolus
2538 2967 2607 3023 ad
2651 2965 2871 3024 Titum:
2911 2967 3286 3040 Eupactautes
3340 2969 3546 3035 beatas

282 3071 379 3120 cst
399 3062 718 3126 substantia,
747 3077 852 3115 una
885 3061 1058 3116 deitas
1081 3099 1097 3126 ,
1127 3068 1182 3115 et
1208 3056 1564 3129 incorporalis
1579 3054 1866 3111 immonsi-
1894 3102 1940 3165 Ο
1970 3074 2113 3128 spem
2131 3066 2181 3112 et
2201 3057 2482 3112 adnotatum
2499 3057 2684 3129 gloria
2703 3060 2882 3130 magni
2907 3058 3026 3120 Dei.
3053 3058 3248 3117 Nescio
3261 3077 3368 3133 qua
3395 3062 3545 3122 iron-

289 3163 399 3217 tas,
437 3152 585 3223 nulla
615 3161 698 3212 est
719 3151 1050 3224 disparilitas
1070 3151 1154 3206 vel
1190 3149 1478 3211 diversitas
1521 3146 1863 3210 aestimanda.

292 3245 398 3301 Ubi
425 3243 568 3298 enim
585 3258 722 3300 unus
751 3243 893 3297 Deus
923 3242 1191 3305 creditur,
1216 3240 1288 3298 ibi
1320 3240 1564 3297 niiuoret
1592 3236 1759 3306 major
1774 3252 1870 3292 ex»

288 3336 549 3392 cluditur.
589 3333 770 3397 Nescit
805 3333 951 3394 enim
978 3347 1259 3388 numerum
1284 3331 1485 3395 uilitas,
1511 3328 1734 3400 gradum
1762 3341 1869 3380 non

289 3428 536 3483 aimittit
562 3427 839 3497 mquaiitas
863 3467 878 3492 ,
905 3427 1044 3482 sicut
1071 3427 1332 3495 scriptum
1368 3432 1452 3480 est
1478 3441 1492 3480 ;
1539 3422 1665 3474 Non
1690 3436 1871 3474 astet:-

288 3519 387 3571 des
405 3534 498 3587 per
523 3517 716 3587 gradus
739 3515 806 3580 ad
841 3516 1010 3570 altare
1036 3530 1228 3573 meum.
1260 3513 1328 3568 Et
1350 3512 1470 3567 ideo
1506 3509 1714 3566 auferat
1736 3523 1870 3564 con-

289 3611 595 3666 tentionem
639 3618 696 3664 et
747 3616 930 3662 teneat
959 3621 1082 3662 eum
1135 3603 1406 3660 catholica
1459 3600 1872 3674 inseparabilem

289 3701 620 3756 Trinitatem
638 3699 755 3752 sine
785 3695 1144 3766 permixtione
1173 3695 1514 3764 coniunctam
1533 3733 1548 3757 ,
1577 3693 1694 3746 sine
1718 3705 1872 3761 sepa—

290 3793 512 3847 ratione
530 3790 841 3858 distinctam
865 3804 879 3851 ;
920 3787 1046 3855 quia
1075 3785 1238 3840 Pater
1263 3795 1321 3841 et
1343 3785 1518 3840 Filius
1532 3793 1591 3839 et
1637 3782 1873 3854 Spiritus

290 3891 520 3948 sanctus
545 3881 689 3935 Deus
716 3894 878 3934 verus
903 3918 920 3944 ,
952 3879 1147 3950 plenus
1191 3884 1246 3932 et
1273 3892 1414 3932 unus
1435 3885 1538 3932 est.
1584 3877 1703 3945 ipsa
1727 3875 1872 3931 enim

290 3992 395 4048 per
424 3972 647 4031 seratio
694 3972 851 4026 docet
887 3970 1014 4040 quia
1041 3984 1182 4027 unus
1205 3982 1306 4024 nec
1345 3967 1700 4037 posteriorem
1736 3966 1872 4021 reci.-

290 4070 378 4138 pit
415 4081 515 4122 nec
545 4065 801 4136 priorem,
848 4062 1309 4134 comparationem
1359 4060 1444 4116 rel
1475 4060 1872 4130 scparationem

291 4157 476 4214 nescit
501 4156 704 4210 habere
746 4154 839 4223 qui
867 4152 1012 4208 solus
1042 4159 1150 4216 est,
1191 4150 1369 4205 minor
1418 4164 1524 4204 non
1555 4157 1732 4219 potest
1750 4163 1872 4205 esse

294 4251 392 4322 qui
413 4251 604 4320 plenus
639 4255 725 4302 est
747 4263 762 4311 ;
784 4247 911 4317 quia
935 4244 1254 4316 perfectioni
1283 4259 1384 4300 nec
1411 4245 1534 4300 addi
1573 4245 1872 4314 quidquam

296 4358 403 4404 ncc
445 4341 612 4396 minui
649 4350 788 4409 post.
813 4337 1114 4393 Credantnr
1152 4353 1280 4408 ergo
1333 4345 1441 4391 tres
1474 4351 1742 4406 personae,
1767 4335 1874 4390 sed

299 4447 412 4494 non
439 4440 548 4486 tres
573 4429 908 4494 substantiae,
937 4437 1044 4482 tres
1069 4426 1444 4497 proprietates,
1488 4426 1584 4480 sed
1614 4441 1720 4479 non
1763 4434 1872 4478 tres

298 4531 616 4595 potestates.
669 4519 747 4574 ita
795 4536 900 4574 una
950 4520 1068 4574 sine
1130 4517 1396 4587 principio
1437 4513 1869 4585 sempiternit‘as,

298 4615 446 4668 sicut
472 4625 576 4665 una
620 4614 734 4666 sine
771 4607 877 4664 tiae
924 4608 1198 4677 majestas.
1255 4607 1383 4660 Sine
1431 4613 1650 4659 auctore
1697 4603 1873 4667 Pater,

297 4704 422 4760 sine
472 4709 713 4770 tempore
770 4699 938 4755 Filius
971 4739 986 4762 ,
1043 4699 1159 4753 sine
1215 4695 1420 4764 majore
1479 4694 1715 4766 Spiritus
1753 4709 1877 4748 san-.-

298 4805 444 4850 ctus.
507 4792 615 4847 Nos
671 4792 813 4847 enim
882 4790 1134 4844 catholici
1200 4788 1500 4844 Dominum-
1544 4788 1713 4842 Deum
1773 4802 1875 4842 nov

297 4896 474 4942 strum
497 4884 680 4939 Jesum
709 4882 984 4943 Christum
1014 4890 1068 4936 et
1095 4881 1357 4936 minorem
1397 4880 1627 4936 dicimus
1650 4878 1796 4933 Patri
1822 4887 1878 4934 et

297 4975 603 5044 aequalem;
645 4973 908 5028 minorem
952 4981 1174 5043 propter
1224 4972 1619 5029 humanitatem
1663 4987 1874 5027 assum.-

284 5066 613 5141 ptam,quia,
645 5080 772 5120 cum
806 5065 860 5119 in
896 5065 1068 5120 forma
1101 5066 1194 5120 Dei
1243 5077 1418 5132 esset,
1459 5068 1687 5126 formam
1733 5073 1875 5128 servi

297 5156 523 5210 induere
547 5156 799 5224 dignatus
831 5164 936 5211 est.
974 5155 1262 5226 Aﬂqnalem
1301 5174 1432 5215 vero
1466 5161 1700 5218 dicimus
1746 5179 1876 5233 pro-

296 5254 422 5316 pter
462 5245 678 5300 deitatis
733 5248 1240 5316 sempiternitatem,
1265 5266 1370 5319 qua
1417 5267 1480 5305 ex
1531 5251 1690 5308 Patre
1723 5263 1879 5324 parte

295 5336 542 5392 existens
568 5335 734 5389 Filius
749 5339 1214 5406 consempiternu-s
1239 5350 1323 5394 est
1353 5342 1520 5396 Patri.
1539 5343 1720 5409 Quare
1746 5361 1877 5416 ergo

297 5425 581 5491 uobiscum
611 5440 714 5482 non
758 5427 1086 5482 confitentur
1113 5430 1377 5498 arquaiem
1411 5471 1425 5496 ,
1475 5448 1598 5486 cum
1631 5449 1727 5489 nos
1767 5436 1875 5494 illis

299 5532 407 5580 non
440 5531 698 5587 negemus
742 5519 1040 5572 minorem?
1082 5523 1385 5590 praesertim
1431 5540 1554 5579 cum
1589 5537 1877 5597 utrumque

299 5613 512 5681 utrique
537 5613 589 5665 in
622 5612 916 5681 Scripturis
953 5616 1157 5670 sanctis
1190 5616 1438 5687 legimus,
1471 5619 1686 5674 dicente
1707 5633 1876 5675 evan-

299 5705 486 5777 gelista
517 5723 527 5757 :
559 5703 858 5773 Propterea,
886 5705 1076 5775 inquit,
1109 5709 1414 5776 qust'rebant
1439 5725 1556 5762 eum
1581 5711 1872 5779 interﬁcere

625 5799 896 5858 Parnm.
945 5799 1103 5859 (Ilii.

1975 3156 2024 3203 te
2053 3149 2228 3206 minor
2270 3163 2392 3206 esse
2417 3146 2630 3204 dicatur
2655 3163 2819 3218 quem
2841 3163 3098 3220 magnum
3124 3149 3298 3210 Deum
3323 3151 3551 3221 Aposto.

1966 3235 2053 3295 ius
2073 3236 2378 3306 profitetur.
2401 3235 2516 3294 Hoc
2539 3236 2704 3300 etiam
2727 3237 2968 3307 pertidus
2991 3253 3146 3296 error
3167 3240 3353 3298 dicere
3388 3240 3547 3317 solet,

1969 3330 2112 3398 quod
2133 3329 2226 3383 ubi
2255 3329 2311 3383 in
2329 3328 2630 3398 Scriptus-is
2661 3328 3005 3398 icgimusant
3045 3330 3224 3390 solum
3247 3332 3417 3396 Deum
3453 3343 3550 3388 aut

1969 3421 2143 3475 solum
2173 3419 2498 3474 uilissimum
2518 3427 2610 3475 aut
2643 3418 2822 3481 solum
2857 3420 3175 3492 sapientem,
3207 3421 3312 3480 hoc
3339 3435 3450 3478 non
3475 3423 3547 3478 de

1972 3510 2240 3566 Trinitate
2260 3508 2387 3576 dici,
2411 3508 2508 3566 sed
2534 3507 2604 3564 de
2621 3507 2738 3563 solo
2762 3508 2924 3578 Patre
2952 3511 3124 3580 accipi
3151 3510 3379 3570 debeat:
3401 3515 3548 3583 quod

1967 3615 2132 3671 quam
2153 3599 2448 3663 absurdum
2477 3599 2550 3658 sit
2569 3598 2648 3654 ita
2670 3599 2872 3657 antire
2887 3600 2958 3655 de
2977 3600 3079 3658 hoc
3103 3616 3210 3658 uno
3235 3603 3547 3659 testiinonio

1971 3693 2345 3751 Convincamr.
2373 3689 2521 3747 Dicit
2546 3690 2690 3746 enim
2727 3690 3023 3760 Apostolus
3048 3710 3061 3744 :
3093 3691 3313 3763 Cognito
3333 3693 3436 3748 sati
3455 3712 3546 3750 sa-

1969 3781 2132 3851 pienti
2157 3779 2290 3834 Deo.
2319 3779 2441 3835 Non
2464 3779 2773 3851 intelligunt
2797 3780 2922 3850 quia
2950 3796 3057 3842 non
3078 3782 3215 3838 dixit
3233 3783 3332 3838 sati
3349 3787 3552 3856 sapiam

1972 3872 2012 3924 ti
2041 3867 2192 3924 Patri
2220 3910 2234 3934 ,
2267 3868 2362 3926 sed
2383 3870 2483 3934 soli
2533 3869 2758 3942 upienti
2796 3871 2946 3939 Deo,
2986 3887 3106 3941 quae
3155 3881 3240 3928 est
3290 3873 3549 3943 Trinitas,

1973 3961 2108 4024 Nam
2135 3964 2261 4018 dum
2285 3963 2386 4020 soli
2425 3962 2573 4020 Patri
2612 3963 2717 4020 hoc
2742 3964 3036 4034 deputant,
3064 3965 3262 4022 Filium
3291 3968 3552 4039 insipiem

1976 4063 2083 4108 tem
2125 4054 2524 4124 biasphemant.
2550 4055 2619 4113 Et
2664 4057 2935 4124 quomodo
2979 4073 3106 4114 eum
3147 4059 3436 4130 Apostolus
3465 4077 3553 4119 sa:

1974 4143 2232 4212 pientiam
2280 4143 2375 4201 Dei
2407 4159 2530 4202 esse
2555 4145 2761 4209 dicit.si
2803 4146 2948 4206 solus
2981 4146 3145 4204 Pater
3173 4160 3259 4207 est
3287 4154 3504 4222 sapiens
3534 4196 3549 4222 ,

1976 4249 2099 4288 cum
2159 4232 2344 4289 nullus
2398 4234 2617 4302 sapiens
2655 4236 2832 4304 possit
2859 4251 2991 4293 esse
3032 4239 3138 4294 nisi
3179 4255 3278 4310 per
3337 4219 3551 4313 supino;

1977 4323 2108 4382 tiam
2133 4323 2322 4388 suam?
2367 4323 2435 4386 Et
2469 4325 2562 4380 ubi
2604 4333 2689 4384 est
2730 4325 2863 4382 illud
2911 4328 3055 4397 quod
3094 4328 3166 4385 ad
3201 4329 3552 4394 Colossenses

1900 4449 1952 4510 Β
1976 4417 2116 4473 idem
2152 4416 2443 4488 Apostolus
2468 4427 2804 4489 protestatur
2839 4421 2905 4475 de
2925 4420 3141 4478 Christo
3161 4421 3287 4478 Jesn
3312 4463 3328 4490 ,
3360 4428 3416 4481 in
3447 4445 3552 4499 quo

1973 4519 2094 4563 sunt
2128 4526 2306 4568 omnes
2334 4551 2349 4574 ,
2381 4510 2556 4580 inquit
2581 4549 2598 4573 ,
2645 4510 2878 4566 thesauri
2904 4511 3176 4583 sapientia
3217 4524 3267 4569 et
3320 4520 3554 4575 scientia

1974 4602 2311 4662 abscondili?
2341 4602 2494 4658 Unde
2533 4613 2832 4672 agnoscant
2851 4619 3015 4674 quam
3055 4607 3278 4662 stultum
3307 4612 3380 4666 sit
3404 4618 3551 4684 quod

1976 4701 2302 4768 proponunt.
2349 4693 2418 4748 Et
2451 4695 2760 4764 ubicunque
2805 4695 3010 4765 aliquid
3056 4697 3308 4755 similiter
3347 4700 3551 4776 legunt,

1974 4799 2086 4841 non
2132 4784 2225 4838 uni
2264 4799 2514 4856 personui
2562 4786 2825 4854 deputant
2855 4827 2872 4852 ,
2927 4789 3021 4842 sed
3051 4789 3226 4845 beatae
3277 4791 3553 4868 Trinitati,

1974 4892 2095 4948 quae
2120 4877 2236 4932 sola
2283 4892 2530 4932 summus
2563 4878 2706 4934 Deus
2753 4888 2811 4933 et
2851 4894 3014 4934 verus
3059 4891 3163 4937 est.
3212 4882 3346 4940 Nam
3385 4893 3441 4939 et
3485 4887 3554 4943 de

1977 4968 2182 5038 Spiritu
2204 4976 2394 5024 sancto
2415 4969 2498 5024 sic
2523 4969 2658 5023 dicit
2679 4967 3000 5038 Apostolus:
3028 4971 3136 5025 Alii
3160 4973 3372 5043 quidem
3391 4976 3555 5029 datur

1975 5077 2146 5114 sermo
2167 5061 2465 5131 sapientia,
2485 5061 2580 5114 alii
2597 5071 2772 5115 autem
2795 5073 2963 5116 sermo
2986 5063 3240 5129 scientia,
3262 5066 3553 5132 secundum

1972 5150 2212 5210 eumdem
2239 5148 2517 5220 Spiritum.
2571 5149 2628 5204 Si
2670 5165 2800 5222 ergo
2839 5165 2939 5221 per
2969 5150 3234 5222 Spiritum
3279 5162 3552 5231 sanctum,

1975 5243 2118 5298 sicut
2135 5256 2323 5295 verum
2344 5249 2447 5305 est,
2472 5249 2526 5294 et
2548 5242 2828 5310 sapientia:
2849 5251 2903 5296 et
2922 5243 3163 5296 scientia
3179 5258 3360 5297 sermo
3385 5245 3552 5305 dona:

1977 5341 2084 5398 tur,
2105 5330 2378 5400 quomodo
2406 5331 2574 5386 solius
2587 5331 2763 5389 Patris
2785 5347 3034 5403 personae
3056 5334 3158 5390 hoc
3176 5341 3357 5404 potest
3378 5337 3549 5394 ascri:

1975 5425 2030 5480 bi
2051 5425 2194 5496 quod
2219 5423 2373 5478 solus
2403 5423 2477 5480 sit
2521 5426 2754 5495 sapiens,
2785 5425 2912 5489 nisi,
2939 5433 3002 5478 ut
3040 5413 3244 5480 dictum
3277 5432 3553 5500 esum“?

1976 5536 2104 5576 vere
2131 5519 2380 5574 Trinitati
2413 5519 2516 5574 ista
2541 5517 2904 5574 conveniant?
2926 5516 3115 5572 Solent
3139 5519 3304 5572 etiam
3329 5519 3510 5575 dicere
3533 5539 3547 5592 ξ

1976 5611 2101 5666 Ideo
2130 5628 2160 5662 ιι
2187 5611 2305 5663 inor
2350 5619 2432 5663 est
2471 5609 2639 5663 Filius
2679 5611 2810 5679 quia
2859 5608 3130 5674 visibilis,
3162 5607 3326 5664 Pater
3367 5621 3549 5678 autem

1979 5703 2282 5770 invisibilis.
2334 5701 2448 5757 Non
2487 5700 2789 5772 intelligunt
2819 5700 2942 5770 quia
2987 5713 3087 5752 nec
3125 5698 3295 5754 Filius
3336 5699 3387 5767 in
3427 5701 3548 5770 sui};

2952 5788 3026 5864 Η
