4014 6186
509 369 639 422 BS7

1533 361 1590 415 S.
1634 358 1989 414 BENE-DIC”
2028 355 2316 410 ABBATIS
2343 351 2753 412 ἈΝΙᾹΝΕΝΞΙΞ

3617 355 3778 410 17538

501 483 703 538 stantia
756 481 970 536 deitati‘s
1023 495 1132 533 sua:
1179 478 1250 532 sit
1278 475 1527 538 visibilis,
1559 474 1662 527 nisi
1715 474 1766 525 in
1805 480 2078 538 assumpto
2108 475 2152 531 Α
2185 469 2322 522 sicut
2351 468 2478 522 dicit
2501 467 2808 536 Apostolus,
2835 457 2969 520 Eum
2992 477 3164 520 autem
3192 467 3278 535 qui
3308 465 3570 518 modicum
3602 483 3774 535 quam

505 576 742 638 homine,
775 573 864 642 qui
904 581 958 623 et
987 569 1234 624 Christus
1266 566 1482 621 dicitur.
1519 565 1651 618 Nam
1676 564 1841 617 Filius
1874 562 1988 625 Dei,
2023 563 2072 614 itl

495 678 606 730 ‘cst,
635 665 866 720 Verbum
894 663 1033 730 quod
1062 668 1178 714 erat
1199 661 1250 713 in
1279 655 1698 728 principioDcus
1727 654 1864 723 apuzl
1882 655 2072 713 Deum,

503 773 608 827 per
659 770 818 824 quem
869 754 1005 807 facta
1052 758 1176 805 sunt
1221 750 1402 804 omnia
1437 789 1450 812 ,
1484 746 1651 801 videri
1709 747 1760 799 in
1801 760 1895 798 sua
1952 744 2079 796 sub-

507 848 706 903 stantia
764 862 866 900 non
906 852 1101 914 potest,
1167 843 1308 898 sicut
1358 858 1458 894 nec
1495 839 1657 892 Pater
1691 838 1744 890 in
1773 834 2076 889 substantia

508 956 622 996 sua.
648 939 920 1005 interrogo
949 944 1125 988 autem
1154 933 1271 987 sine
1291 932 1371 984 sui
1401 929 1593 997 injuria
1618 928 1764 981 illum
1791 927 1964 994 ipsum
1987 925 2079 990 qui

508 1029 639 1082 dicit
659 1027 801 1096 quod
829 1027 975 1078 visus
1005 1025 1070 1076 sit
1100 1022 1266 1075 Filius
1295 1020 1412 1081 Dei,
1441 1026 1619 1071 utrum
1658 1016 1894 1068 animam
1925 1028 2078 1067 suam

512 1121 773 1174 visibilem
826 1132 890 1170 an
945 1114 1272 1168 invisibilem
1311 1110 1568 1173 fateatur,
1621 1119 1834 1161 etcum
1884 1103 2083 1158 dixerit

502 1209 855 1271 invisibiicm,
887 1207 1026 1260 sicut
1059 1213 1113 1258 et
1145 1217 1330 1256 verum
1355 1209 1453 1261 est,
1485 1199 1694 1252 dicatur
1720 1197 1770 1250 ei
1805 1214 1816 1248 ε
1852 1194 1908 1248 Si
1932 1211 2084 1248 crea-

514 1312 654 1364 tura,
685 1301 738 1354 id
759 1306 840 1352 est
870 1298 1046 1350 anima
1073 1305 1184 1358 tua,
1217 1291 1497 1346 invisibilis
1525 1297 1627 1352 est,
1657 1294 1871 1341 creator
1899 1286 2084 1354 utique

512 1392 675 1455 Deus,
707 1396 921 1443 creator
959 1383 1324 1439 universitatis
1352 1422 1366 1445 ,
1414 1379 1680 1449 quomoio
1737 1377 1909 1446 potuit
1965 1389 2086 1428 esse

507 1477 778 1533 visibilis?
805 1475 912 1530 Sed
937 1476 1057 1529 ideo
1080 1472 1250 1528 induit
1280 1484 1518 1534 carnem,
1551 1483 1670 1537 qucc
1689 1467 1861 1520 videri
1892 1465 2084 1536 potuit,

511 1572 638 1642 quia
662 1570 834 1624 deitas
865 1567 932 1621 ab
958 1565 1176 1621 homine
1205 1561 1375 1617 videri
1406 1575 1514 1614 non
1541 1567 1740 1628 potest.
1776 1558 1889 1610 Hac
1922 1570 2087 1609 carne

503 1657 686 1727 maior
735 1666 819 1712 est
849 1655 1010 1709 Pater
1061 1661 1118 1708 et
1158 1650 1379 1720 aequalis
1423 1648 1624 1712 Verbo,
1674 1646 1845 1716 major
1899 1657 2085 1708 carne,

509 1750 734 1820 tequalis
758 1749 807 1803 ei
833 1763 934 1818 per
957 1761 1119 1817 quem
1159 1744 1288 1799 fecit
1317 1757 1436 1805 nos,
1483 1740 1658 1811 major
1695 1754 1762 1794 eo
1797 1737 1889 1809 qui
1911 1736 2087 1791 factus

2179 557 2348 627 angeli
2379 559 2667 610 minornms
2685 567 2756 610 est
2785 557 3004 610 ridimus
3021 554 3203 609 Jesum
3231 565 3440 624 propter
3460 558 3778 623 passionem

2179 650 2381 711 mortis,
2416 649 2508 700 sed
2546 657 2600 700 ct
2627 658 2798 700 matre
2825 661 2919 699 sua
2959 645 3143 714 junior
3169 646 3461 710 invenitur,
3487 646 3632 698 sicut
3653 645 3773 709 jam

2179 738 2428 792 diximus.
2455 737 2759 791 Secundum
2791 737 2931 790 hanc
2958 751 3085 806 ergo
3107 736 3344 806 regulam
3369 736 3506 789 duas
3538 729 3777 789 in‘Chri-

2180 838 2264 882 sto
2292 828 2452 881 crede
2484 827 2829 887 substantias,
2868 825 3036 878 Deum
3069 840 3255 879 verum
3285 833 3340 879 et
3368 826 3651 879 hominem
3679 839 3777 880 ve-

2182 933 2323 970 rum.
2348 917 2654 970 Secundum
2685 917 2957 971 hominem
2981 917 3140 969 morti
3166 918 3430 984 subditur,
3454 918 3550 971 sed
3578 923 3774 971 secon-

2182 1008 2307 1062 dum
2350 1010 2514 1062 Deum
2557 1016 2744 1062 auctor
2790 1007 2914 1060 vita:
2949 1021 3068 1061 esse
3113 1009 3460 1078 cognoscitur
3487 1048 3500 1071 ,
3553 1009 3773 1060 dicente

2181 1097 2339 1150 beato
2361 1096 2520 1150 Petro
2553 1115 2563 1148 :
2597 1095 2808 1150 Petistis
2836 1097 3002 1148 virum
3033 1096 3352 1149 homicidam
3370 1098 3574 1149 donari
3599 1098 3765 1156 robis.

2183 1195 2446 1238 auctorem
2468 1201 2581 1238 vero
2610 1183 3092 1252 ritteinterfecistis.
3125 1183 3436 1238 Secundum
3451 1185 3766 1239 hominem:

2187 1271 2373 1325 Tristis
2396 1281 2470 1324 est
2497 1273 2674 1324 animo
2704 1288 2817 1324 mea
2857 1287 3019 1341 usque
3062 1271 3131 1324 ad
3156 1281 3373 1324 mortem
3396 1289 3417 1335 ;
3444 1274 3542 1326 sed
3575 1287 3770 1327 secun-

2186 1365 2312 1419 dum
2333 1364 2500 1417 Deum
2525 1383 2536 1416 :
2570 1363 2890 1417 Potestatem
2917 1363 3079 1416 habeo
3104 1364 3329 1433 ponendi
3351 1381 3467 1418 eam
3493 1378 3542 1418 et
3575 1368 3768 1420 iterum

2185 1453 2424 1507 sumendi
2458 1461 2595 1518 eam,
2637 1463 2683 1506 et
2709 1470 2858 1507 nemo
2899 1469 3014 1507 eam
3043 1454 3231 1508 tollita
3263 1471 3364 1521 me,
3406 1459 3498 1510 sed
3522 1474 3622 1528 ego
3651 1476 3767 1514 eam

2183 1559 2322 1613 pono
2359 1559 2390 1593 a
2414 1543 2732 1612 memetipso.

2257 1631 2392 1687 Hinc
2415 1632 2581 1687 etiam
2623 1634 2962 1689 occasionem
2983 1633 3346 1691 calumniandi
3383 1638 3570 1693 solent
3599 1641 3770 1711 (acci-

2187 1720 2534 1791 pere),quod
2589 1722 2850 1778 Dominus
2904 1724 2958 1778 in
3003 1723 3292 1796 Evangelio
3351 1728 3602 1784 dixerit:
3643 1729 3768 1788 Non

513 1810 597 1895 esi
635 1810 853 1910 propter
881 1810 998 1890 nos.
1048 1835 1183 1889 Nam
1225 1833 1368 1902 quod
1413 1810 1667 1886 Deusrsit
1707 1829 1908 1895 Filius,
1961 1827 2088 1881 licet

2191 1820 2352 1880 potest
2388 1810 2562 1866 Filius
2589 1831 2622 1867 a
2647 1829 2702 1867 se
2745 1813 2920 1883 facere
2937 1815 3222 1886 quidquam
3264 1819 3367 1872 nisi
3403 1823 3546 1891 aliud
3583 1823 3768 1876 rideri!

504 1930 685 1985 multa
727 1926 1033 1982 testimonia
1072 1925 1323 1994 superius
1364 1923 1539 1993 posita
1567 1921 1847 1975 evidenter
1885 1919 2085 1990 perdo-

516 2029 696 2083 eeant,
729 2027 906 2072 tamen
937 2018 1115 2070 adhuc
1138 2031 1311 2086 pauca
1359 2013 1563 2069 credidi
1611 2012 2002 2081 subjungenda.
2028 2011 2088 2065 In

505 2111 709 2166 Genesi
741 2109 997 2179 scriptum
1033 2117 1117 2163 est
1151 2125 1162 2161 :
1188 2107 1392 2161 Crcavit
1419 2107 1562 2160 Deus
1591 2106 1849 2159 hominem
1870 2105 1938 2158 ad
1959 2106 2090 2158 ima-

506 2203 684 2272 ginem
709 2217 879 2255 suam.
912 2201 1050 2254 Ecce
1071 2201 1162 2255 hic
1195 2199 1362 2253 Deum
1388 2207 1639 2269 agnosce,
1677 2197 1801 2265 quia
1835 2205 1890 2251 et
1917 2195 2089 2249 homi-

515 2307 641 2346 nem
682 2292 792 2361 ipse
813 2291 1036 2346 creavit.
1062 2291 1128 2344 Et
1175 2289 1342 2343 lsaias
1376 2289 1508 2343 dicit
1538 2289 1605 2342 dc
1628 2286 1834 2342 Joanne
1853 2302 2090 2356 praecur-

517 2395 642 2438 sore
665 2382 875 2437 Domini
907 2401 919 2436 :
956 2381 1142 2436 Rectus
1174 2383 1328 2451 facite
1357 2383 1566 2435 semitas
1601 2380 1695 2434 Dei
1717 2381 1898 2433 nostri.
1925 2378 2090 2449 Cujus

519 2476 617 2532 Dei
669 2475 773 2530 nisi
805 2475 990 2544 utique
1033 2473 1156 2528 Filii
1193 2515 1207 2540 ,
1259 2489 1419 2546 quem
1456 2474 1508 2528 in
1541 2487 1704 2528 carne
1733 2472 1946 2527 venisse
1981 2485 2088 2526 non

521 2565 858 2621 dubitamus?
886 2564 951 2618 Et
978 2565 1136 2635 paulo
1163 2573 1286 2633 post
1317 2582 1329 2617 :
1355 2561 1672 2633 ’Confortate
1711 2579 1898 2616 manus
1919 2562 2090 2617 disso-

517 2658 683 2723 lutas,
710 2666 757 2710 et
784 2673 951 2727 genua
992 2655 1238 2709 debilium
1281 2655 1539 2708 rob'orate.
1587 2653 1776 2719 Dicite,
1805 2651 2087 2722 pusillani-

518 2763 627 2800 mes
651 2761 669 2798 :
692 2745 826 2800 Ecce
859 2745 999 2799 Deus
1025 2755 1184 2799 vester
1203 2746 1256 2798 in
1281 2745 1587 2814 fortitudine
1629 2745 1818 2808 veniet,
1841 2752 1888 2796 et
1911 2740 2086 2796 satra-

520 2839 590 2892 bit
643 2853 751 2902 eos,
807 2847 853 2892 et
914 2846 1035 2891 tunc
1073 2837 1371 2905 aperientur
1405 2833 1540 2888 oculi
1595 2845 1896 2887 arearum:
1943 2831 2087 2899 quod

509 2930 705 2998 utique
727 2929 790 2982 in
811 2929 1042 2982 adventu
1064 2926 1265 2980 Christi
1296 2926 1621 2996 completum
1660 2939 1778 2979 esse
1807 2921 2087 2993 cognosci-

481 3034 660 3086 gtnus.
690 3016 972 3071 l’saintista
1001 3017 1165 3072 etiam
1197 3016 1326 3070 dicit
1355 3034 1368 3068 :
1398 3015 1600 3069 Omnes-
1628 3024 1804 3084 gentes
1829 3029 2088 3083 quascun-

521 3124 618 3178 quc
653 3108 817 3174 fecisti
863 3108 1064 3160 uenient
1102 3115 1150 3158 et
1187 3106 1480 3158 adorabunt
1521 3115 1699 3158 coram
1739 3109 1804 3166 te,
1840 3101 2082 3165 Domine,

2175 1901 2406 1958 Patrem
2434 1904 2731 1974 facientem.
2761 1905 2914 1973 Quod
2951 1908 3185 1963 carnalis
3215 1925 3403 1964 sensus
3434 1927 3542 1967 non
3571 1914 3771 1969 intelli-

2184 2007 2320 2065 gens
2349 1995 2468 2051 i'deo
2505 1997 2706 2051 dictum
2740 2005 2797 2052 ut
2825 2013 2885 2052 se
2928 2012 2996 2052 ex
3047 1998 3212 2054 Patre
3255 2017 3377 2056 esse
3423 2005 3765 2071 ostenderet,

2187 2093 2344 2155 putat
2387 2088 2552 2141 Deum
2585 2086 2801 2142 Patrem
2830 2096 2887 2143 et
2927 2087 3144 2154 Filium,
3195 2096 3463 2160 quomodo
3491 2095 3640 2149 inter
3669 2099 3770 2151 bo-

2190 2178 2365 2233 mines
2398 2179 2516 2233 ﬁeri
2570 2179 2725 2243 solet,
2776 2181 2925 2235 velut
2959 2182 3075 2251 ipse
3128 2183 3291 2239 Pater
3337 2187 3533 2242 artifex
3564 2189 3769 2243 Filium

2188 2283 2345 2323 suum
2374 2270 2660 2326 artiﬁcium
2689 2287 2846 2326 suum
2869 2274 2984 2328 vult
3021 2276 3273 2343 cdocere,
3297 2287 3354 2332 ut
3394 2281 3772 2350 quod'viderit

2188 2359 2403 2415 Patrem
2431 2371 2745 2432 operantem
2773 2363 2941 2419 Filius
2979 2368 3286 2436 specialiter
3313 2370 3573 2424 imitetur.
3611 2371 3768 2437 Quod

2190 2468 2351 2523 quam
2380 2455 2670 2510 absurdum
2698 2455 2770 2510 sit
2786 2457 2851 2511 de
2873 2456 2984 2512 Dee
3001 2459 3158 2514 Patre
3179 2462 3546 2528 omnipotente
3565 2464 3639 2516 ita
3655 2480 3771 2527 cre-

2189 2545 2339 2611 dere,
2372 2546 2464 2614 qui
2497 2555 2580 2602 est
2604 2548 2972 2617 incorporeus,
3004 2550 3315 2616 invisibilis,
3349 2554 3766 2616 inzcstimabilis,

2187 2644 2244 2689 et
2265 2635 2578 2701 immensus,
2605 2639 2696 2706 qui
2720 2639 2898 2693 cordis
2925 2639 3110 2695 oculos
3140 2657 3300 2696 sanos
3314 2643 3470 2697 habet
3490 2645 3769 2700 evidenter

2187 2737 2364 2796 petcst
2387 2743 2694 2799 agnoscere.
2718 2731 2851 2785 Nam
2873 2734 2966 2802 qui
2997 2735 3073 2788 sic
3089 2736 3324 2789 sentiunt
3343 2733 3372 2801 ,‘
3390 2737 3768 2806 interrogandi

2187 2825 2314 2869 sum
2341 2817 2567 2873 mundus
2596 2819 2698 2874 iste
2735 2837 2901 2896 quem
2941 2825 3211 2876 cernimus
3250 2841 3279 2879 a
3309 2842 3414 2894 quo
3449 2829 3519 2881 sit
3569 2827 3764 2882 factus.

2189 2905 2387 2978 Utique
2408 2925 2436 2963 a
2459 2909 2595 2966 Filio
2621 2913 2840 2967 minime
2857 2914 3216 2984 denegabunt,
3234 2923 3770 2988 attestanteevange-

2187 2997 2308 3051 lista
2325 3008 2380 3054 et
2394 3001 2604 3056 dicente
2621 3021 2632 3054 :
2652 2999 2843 3056 Omnia
2855 3020 2948 3073 per
2965 3006 3134 3074 ipsum
3150 3006 3290 3075 facta
3304 3019 3441 3068 sunt,
3469 3019 3515 3060 et
3528 3011 3645 3061 sine
3660 3013 3770 3078 ipso

2189 3091 2387 3160 fuetmn
2410 3104 2482 3145 est
2516 3094 2665 3147 nihil.
2696 3095 2888 3149 Dieant
2919 3099 3169 3169 (ξι-8οη]ῢί
3198 3099 3332 3151 vidit
3361 3098 3531 3153 Filius
3551 3100 3769 3154 Patrem

508 3176 768 3267 quonam
811 3211 1030 3265 magnus
1061 3210 1113 3248 es
1145 3203 1192 3246 et
1223 3194 1419 3262 faciens
1445 3191 1706 3245 mirabilia
1734 3231 1749 3255 ,
1776 3201 1829 3244 tu
1856 3207 1908 3244 es
1945 3188 2083 3244 Deus
2113 3176 2154 3237 (ἶ
2189 3193 2311 3237 ante
2335 3184 2617 3240 facientem
2652 3187 2813 3240 alium
2839 3189 3116 3253 mundum,
3135 3198 3192 3243 ut
3213 3191 3286 3243 sic
3305 3192 3655 3258 postmodum
3685 3193 3772 3245 ille

513 3286 682 3342 solus.
715 3286 826 3340 Non
853 3294 985 3356 puto
1016 3286 1248 3354 aliquem
1275 3300 1394 3339 esse
1417 3292 1527 3338 tam
1553 3283 1776 3352 impium
1814 3283 1903 3352 qui
1929 3290 2088 3350 neget

523 3377 716 3432 Filium
751 3377 842 3430 Dei
871 3385 935 3430 et
971 3376 1234 3429 mirabilia
1275 3374 1467 3429 fecisse
1497 3383 1550 3428 et
1593 3373 1875 3428 universas
1899 3379 2088 3442 gentes

523 3483 756 3532 creasse,
791 3467 890 3522 nisi
921 3468 1058 3521 forte
1090 3468 1334 3522 Judmos.
1354 3467 1418 3521 Et
1442 3466 1567 3520 alibi
1613 3467 1799 3530 lsaias,
1829 3475 1951 3519 cum
1995 3464 2088 3517 ad-

520 3568 740 3613 ventum
759 3559 958 3612 Christi
991 3573 1086 3628 per
1114 3557 1375 3627 virginem
1402 3556 1634 3620 nuntiat,
1662 3555 1793 3608 dicit
1819 3553 1963 3606 inter
1986 3566 2088 3606 ca:-

523 3661 637 3703 tet-a
671 3667 686 3702 ι
713 3649 777 3702 Et
801 3650 1066 3703 vocabitur
1087 3662 1269 3701 nomen
1293 3647 1404 3716 ejus
1446 3646 1776 3700 admirabiiis
1798 3687 1810 3708 ,
1841 3643 2090 3697 consilia—

525 3744 656 3799 rius.
687 3739 828 3792 Deus
873 3741 1042 3808 furtis.
1083 3739 1190 3793 Sed
1232 3739 1510 3793 ct'beatus
1551 3736 1824 3806 apostolus
1854 3754 1867 3790 :
1893 3733 2090 3789 Omnes

512 3830 662 3882 enim
711 3843 804 3880 nos
836 3828 1162 3894 nunifestari
1207 3834 1402 3894 oportet
1456 3834 1578 3879 ante
1611 3823 1842 3878 tribunal
1870 3822 2086 3877 Christi.

515 3918 590 3972 .Bt
609 3926 668 3971 ut
689 3933 948 3984 agnoscas
979 3917 1144 3976 Deum
1171 3932 1290 3972 esse
1309 3916 1606 3981 Christum,
1648 3917 1728 3970 sic
1758 3914 1883 3968 alibi
1918 3915 2050 3968 dicit
2075 3932 2087 3968 :

529 4014 720 4064 Omnes
753 4011 1013 4064 stabimus
1044 4022 1163 4063 ante
1205 4007 1436 4063 tribunal
1479 4007 1594 4060 Dei.
1637 4006 1757 4060 l’ivo
1803 4017 1920 4076 ego,
1965 4006 2091 4058 dicit

527 4101 806 4165 Dominus,
837 4103 962 4170 quia
1006 4101 1130 4154 mihi
1154 4102 1388 4168 ﬂectetur
1413 4115 1561 4152 omne
1607 4111 1760 4169 genu.
1792 4097 1990 4166 Utique
2029 4098 2095 4151 de

526 4191 742 4245 Christo
781 4191 929 4254 dicit,
959 4205 1117 4259 quem
1149 4191 1214 4244 ad
1234 4189 1580 4259 judicandum
1603 4191 1754 4244 vivos
1773 4197 1827 4243 et
1853 4197 2096 4243 mortuos

525 4293 813 4347 venturum
843 4294 964 4334 esse
979 4280 1272 4333 credimus.
1317 4279 1600 4333 l‘s'almist‘a
1635 4293 1796 4335 voces
1826 4280 2094 4349 angelica—

527 4370 878 4427 rum-facieus
903 4387 1026 4426 cum
1071 4371 1323 4426 Christus
1366 4372 1697 4425 ascendisset
1733 4390 1744 4424 :
1777 4369 1981 4433 Toltite,
2010 4373 2094 4424 in-

526 4465 662 4533 quit,
687 4471 870 4532 portus
883 4464 1139 4532 principes
1157 4472 1376 4527 vestras,
1401 4471 1447 4516 et
1469 4461 1740 4516 eleuamini
1763 4471 1927 4532 portat
1948 4471 2096 4515 mter-

2189 3274 2349 3330 istum
2366 3288 2599 3342 crearet,
2624 3281 2923 3348 prcesertim
2939 3297 3058 3335 cum
3081 3283 3215 3352 apud
3245 3285 3538 3352 potentiam
3555 3286 3654 3340 Dei
3679 3302 3772 3337 vo-

2189 3365 2355 3421 luisse
2383 3383 2597 3424 creassc
2622 3373 2710 3435 sit,
2752 3372 2891 3425 sicut
2917 3372 3149 3440 legimus
3173 3390 3188 3427 :
3222 3373 3338 3443 Ipse
3367 3375 3523 3436 dixit,
3551 3385 3602 3428 et
3626 3378 3768 3445 facta

2187 3467 2328 3510 sunt.
2369 3455 2474 3511 Sed
2527 3458 2738 3512 sublato
2785 3460 2964 3516 cordis
3015 3462 3278 3516 velamine
3330 3463 3469 3518 bene
3519 3465 3768 3519 facerent

2190 3547 2414 3602 credere
2448 3547 2643 3603 Filium
2679 3551 2731 3603 in
2780 3549 2943 3606 Patre
2978 3560 3034 3606 et
3070 3551 3286 3606 Patrem
3340 3566 3458 3608 esse
3493 3555 3546 3607 iu
3603 3555 3760 3615 Filii»,

2186 3637 2314 3706 quia
2351 3637 2601 3692 divinitas
2654 3639 2852 3709 ubique
2886 3649 2997 3695 tota
3039 3649 3091 3693 et
3141 3656 3378 3710 przcscns
3430 3653 3536 3695 tam
3590 3642 3765 3696 Patr's

2190 3736 2351 3796 quam
2372 3726 2514 3791 Filii,
2540 3741 2704 3798 quam
2743 3729 2976 3798 Spiritus
3003 3733 3194 3794 sancti,
3229 3733 3347 3786 sine
3395 3747 3451 3785 se
3478 3747 3605 3785 esse
3635 3749 3761 3785 nus—

2189 3827 2580 3888 quampotest,
2606 3820 2745 3873 sicut
2770 3821 2884 3888 ipse
2906 3819 3034 3876 dicit
3057 3839 3070 3874 :
3093 3820 3202 3890 Ego
3223 3823 3278 3875 in
3309 3819 3486 3886 Patre,
3519 3835 3570 3874 et
3609 3820 3765 3875 Ραξεν

2191 3911 2246 3962 in
2276 3927 2356 3963 me
2384 3919 2492 3973 ;-et
2522 3917 2907 3979 cognoscerent
2933 3907 3064 3981 quid
3090 3912 3160 3965 sit
3184 3911 3370 3966 videre
3391 3912 3514 3966 Filii
3558 3921 3618 3964 nt
3657 3929 3758 3964 um

2191 4008 2276 4054 est
2302 4002 2626 4065 substantia,
2678 4003 2748 4055 ita
2773 4017 2877 4055 una
2907 4003 3174 4064 voluntas,
3227 4017 3334 4054 una
3363 4002 3626 4071 potentia,
3661 4015 3761 4053 una

2192 4091 2385 4160 gloria,
2413 4091 2543 4145 nihil
2568 4092 2637 4144 ibi
2665 4091 2838 4159 majus
2859 4089 3099 4161 nihilque
3120 4093 3296 4146 minus
3315 4106 3435 4146 esse
3460 4092 3760 4145 credentes.

2192 4181 2254 4234 Si
2284 4181 2428 4234 enim
2481 4195 2582 4235 nos
2624 4181 2871 4234 homines
2906 4182 3109 4235 terreni
3133 4181 3272 4250 quod
3321 4181 3500 4234 facere
3521 4180 3763 4232 volumus

2195 4279 2424 4338 corpore
2479 4271 2673 4324 anima:
2712 4278 2894 4326 nostro
2929 4279 3054 4326 ante
3109 4272 3479 4327 meditationis
3528 4272 3764 4324 insinua-

2197 4360 2342 4414 tione
2377 4361 2652 4431 praamissa
2677 4401 2693 4427 ,
2741 4363 3006 4432 sapientia
3035 4372 3383 4431 (insequente,
3431 4361 3758 4432 perﬁcimus,

2196 4459 2251 4502 et
2277 4452 2672 4519 quodammodo
2691 4453 2976 4507 consilium
2999 4454 3241 4506 innatum
3273 4454 3327 4506 in
3347 4461 3528 4506 mente
3559 4461 3761 4514 nostra,

525 4554 694 4617 nales,
722 4562 768 4606 et
799 4551 1026 4606 introth
1055 4568 1146 4607 rea:
1179 4552 1378 4622 αἱδί-ἕω.
1431 4551 1536 4606 Illis
1564 4553 1719 4622 quasi
1759 4553 2096 4624 interrogan-
2125 4521 2172 4578 θ
2201 4541 2350 4610 Prius
2381 4543 2525 4596 inlus
2553 4543 2607 4596 in
2624 4543 2784 4598 corde
2799 4543 3004 4613 agimus
3028 4543 3172 4613 quod
3197 4543 3378 4596 facere
3406 4543 3756 4612 disponimus,

528 4646 670 4716 tibus
691 4644 811 4712 quis
841 4649 986 4698 esset
1017 4643 1120 4697 iste
1149 4659 1244 4698 rex
1272 4643 1457 4714 gloria:
1499 4645 1774 4713 respondit
1799 4660 1812 4696 :
1840 4642 2095 4697 Dominus

517 4735 680 4804 fortis
706 4743 752 4786 et
777 4742 977 4800 potens,
1015 4732 1266 4786 Dominus
1301 4733 1572 4798 uirtutum,
1616 4735 1726 4804 ipse
1747 4743 1824 4787 est
1863 4749 1954 4786 rex
1977 4739 2095 4803 glo-

527 4825 642 4878 riw.
667 4823 732 4879 Et
757 4839 824 4880 ne
865 4822 1008 4879 forte
1035 4823 1102 4879 de
1149 4824 1305 4878 Patre
1335 4824 1536 4878 dictum
1564 4832 1755 4893 putent
1783 4865 1796 4887 ,
1823 4825 2094 4892 quomodo

525 4915 694 4972 multa
735 4914 967 4972 absurde
995 4912 1301 4984 intelligunt
1331 4953 1343 4977 ,
1367 4913 1590 4968 audiant
1620 4913 1937 4982 Apostolum
1969 4913 2095 4968 huic

529 5003 794 5060 vet-siculo
815 5005 1233 5060 consentientem
1261 5023 1274 5059 :
1311 5003 1368 5058 Si
1412 5005 1569 5066 enim,
1598 5004 1789 5073 inquit,
1819 5005 2093 5071 cognoris-

523 5107 638 5150 scnt
665 5135 679 5158 ,
710 5111 972 5164 nunquam
999 5093 1283 5148 Dominum
1312 5093 1494 5162 gloriae
1515 5093 1917 5160 cruci/ixissent.

598 5184 731 5237 Cum
753 5193 860 5236 tum
886 5182 1237 5252 przescntibus
1257 5197 1419 5251 quam
1447 5182 1736 5251 prtutcritis
1754 5181 2096 5248 testimoniis,

529 5289 650 5342 qua:
682 5274 746 5328 de
784 5273 1078 5343 Scripturis
1111 5271 1284 5328 sacris
1308 5271 1484 5340 posita
1504 5280 1656 5337 sunt,
1699 5270 1842 5325 Deus
1865 5287 1990 5326 esse
2011 5273 2100 5327 Fi-

531 5363 635 5420 lius
657 5365 1066 5427 demonstretur,
1095 5363 1274 5420 .miror
1294 5378 1399 5433 qua
1434 5363 1610 5418 fronte
1639 5378 1761 5418 eum
1803 5363 1966 5432 aliqui
1999 5364 2099 5418 mi-

531 5471 718 5514 liOlCltI
749 5455 975 5510 dicendo
998 5455 1372 5524 biaspbemare
1393 5471 1498 5510 non
1535 5464 1798 5519 metuunt,
1831 5471 1952 5508 cum
1975 5471 2099 5509 nus-

534 5561 693 5611 quam
747 5547 968 5602 omnino
1019 5547 1157 5601 Deus
1206 5548 1384 5601 minor
1409 5562 1528 5600 esse
1571 5546 1800 5616 legatur,
1853 5545 1983 5608 nisi,
2040 5552 2099 5597 ut

535 5635 734 5689 dictum
778 5647 890 5700 est,
929 5649 1148 5706 propter
1179 5637 1635 5706 dispensationem
1663 5638 1845 5690 carnis
1889 5651 2098 5689 assum-

534 5737 656 5799 pun.
692 5727 743 5780 iu
790 5742 894 5792 qua
941 5745 1044 5783 non
1097 5727 1268 5784 solum
1299 5729 1366 5782 ab
1415 5727 1618 5793 angelis
1656 5728 1956 5780 minoratus
1993 5737 2094 5791 cst,

2199 4647 2319 4699 quae
2359 4644 2534 4686 tamen
2577 4633 2779 4702 absque
2822 4634 2927 4687 ulla
2955 4633 3367 4703 participatione
3401 4648 3664 4687 sensuum
3690 4633 3762 4684 in.

2195 4724 2613 4779 dissociabiliter
2639 4741 2746 4779 una
2785 4740 2936 4780 mens
2953 4723 3133 4788 allicit,
3182 4725 3454 4793 quomodo
3487 4739 3597 4778 non
3629 4725 3761 4779 Deus
3789 4723 3795 4796 ς

2200 4816 2361 4870 Pater
2391 4817 2668 4887 sapientiae
2693 4832 2803 4872 sua)
2829 4832 2950 4872 cum
2977 4816 3087 4871 Deo
3107 4813 3264 4880 Filio,
3291 4829 3411 4884 qua:
3443 4822 3524 4870 est
3553 4815 3760 4884 sapien-
3789 4814 3798 4864 ἶ

2205 4912 2278 4964 tia
2303 4924 2395 4963 sua
2428 4910 2478 4960 in
2509 4924 2567 4962 se
2609 4918 2882 4972 manente,
2909 4908 3035 4977 quia
3067 4908 3182 4976 ipse
3205 4916 3308 4969 est,
3357 4916 3416 4959 ut
3449 4923 3595 4976 smpe
3632 4907 3759 4958 dixi-
3795 4896 3798 4912 '

2200 5021 2342 5064 mus,
2376 5004 2636 5071 sapientia
2670 5013 2725 5056 ct
2749 5001 2918 5053 virtus
2956 4999 3150 5058 Patris,
3189 5006 3242 5051 et
3273 4998 3325 5050 in
3360 5014 3465 5050 una
3495 4998 3760 5051 voluntate

2200 5105 2392 5148 cuncta
2439 5103 2496 5146 et
2534 5107 2636 5146 una
2677 5091 2988 5159 operatione
3034 5089 3268 5157 perlicit,
3317 5098 3370 5140 et
3408 5101 3473 5139 ea
3518 5088 3637 5140 haec
3665 5086 3760 5137 alia

2201 5184 2361 5239 Pater
2388 5183 2538 5246 facit,
2571 5183 2675 5236 alia
2699 5183 2898 5236 Filius?
2921 5181 3026 5235 Sed
3053 5181 3241 5234 eadem
3269 5195 3388 5248 quas
3420 5178 3586 5234 Pater
3620 5178 3755 5234 facit.

2201 5277 2318 5346 ipse
2335 5286 2390 5330 et
2412 5275 2579 5328 Filius
2605 5272 2754 5335 facit,
2779 5273 2916 5327 sicut
2939 5273 3050 5340 ipse
3085 5279 3316 5324 testatur
3346 5285 3361 5322 :
3401 5268 3757 5339 Qua-cunque.

2201 5365 2393 5434 inquit,
2442 5363 2604 5417 Pater
2644 5363 2792 5432 facit,
2843 5362 2953 5415 lucc
2991 5360 3171 5414 eadem
3219 5368 3266 5412 et
3304 5358 3482 5411 Filius
3528 5359 3762 5412 similiter

2201 5458 2346 5526 facit.
2383 5457 2487 5510 Sed
2531 5456 2650 5510 ideo
2677 5454 2855 5509 dixit:
2885 5451 3006 5506 Non
3044 5461 3206 5521 potest
3244 5449 3419 5504 Filius
3455 5467 3564 5508 σεε
3607 5452 3763 5520 facere

2198 5548 2481 5617 quidquam
2509 5547 2607 5600 nisi
2629 5545 2766 5616 quod
2805 5544 2988 5598 uiderit
3012 5541 3224 5596 Patrem
3249 5542 3556 5609 facientem,
3583 5553 3642 5594 ut
3676 5553 3764 5593 nos

2201 5651 2588 5708 cognoscamus
2631 5646 2685 5691 et
2707 5639 2990 5692 credamus
3015 5635 3141 5701 quia
3169 5649 3232 5687 ex
3265 5632 3426 5686 Patre
3455 5641 3538 5684 est
3587 5632 3768 5688 Filius,

2202 5738 2257 5783 ct
2292 5744 2395 5782 non
2429 5744 2490 5781 ex
2529 5727 2814 5793 semetipso
2850 5725 2930 5779 vel
2957 5723 3191 5780 aliunde.
3235 5724 3328 5776 sed
3381 5724 3774 5785 consemttitcr-
