4014 6186
314 306 455 365 1389

1548 303 1935 363 OPUSCULA.
1974 304 2062 360 ΟΡ
2073 304 2221 362 L'SC.
2259 305 2297 360 l.

3424 315 3562 382 1590

314 435 422 485 stus
448 418 598 474 Patri
625 458 640 484 ,
686 416 812 488 quia
849 417 1009 473 Pater
1039 416 1094 472 in
1125 430 1186 473 se
1211 424 1316 483 est,
1363 432 1578 488 semper
1616 417 1889 489 perfectus
1914 418 1963 478 Α
1990 417 2190 472 stantia
2216 416 2432 471 deitatis
2452 432 2559 472 sure
2586 418 2863 472 mortalem
2888 435 3006 475 esse
3028 419 3319 477 fateantur.
3347 422 3558 495 Quodsi

310 512 546 574 exstitit.
587 509 697 567 Nec
721 510 866 565 enim
895 509 1208 579 aliquando,
1251 511 1523 579 quomodo
1551 510 1734 563 Ariani
1775 509 1890 563 bla-

316 601 690 671 sphemantur,
719 598 820 654 fuit
849 600 965 654 sine
987 599 1124 655 Filio
1162 600 1344 654 Pater.
1372 599 1514 669 Ergo
1542 599 1889 669 imperfectus

317 690 438 744 fuit.
466 691 606 759 Ergo
628 689 735 749 fuit,
760 691 876 744 sine
910 690 1085 745 Verbo
1120 730 1135 755 ,
1161 700 1216 744 et
1237 691 1379 744 sicut
1420 690 1534 757 jam
1566 690 1889 743 memoravi-

314 797 456 845 mus,
484 781 586 833 luit
605 780 723 834 sine
748 780 1038 850 sapientia,
1069 780 1185 836 siue
1209 781 1455 845 veritate,
1473 781 1589 837 sine
1615 780 1745 845 vita,
1770 778 1888 833 sine

309 875 539 944 iustitia,
564 874 681 929 sine
711 876 947 952 virtute;
979 875 1104 943 quia
1129 875 1246 929 istae
1259 888 1445 928 omnes
1466 872 1674 943 species
1695 871 1886 926 divini-

316 968 443 1022 tatis
491 968 785 1042 secundum
833 967 1143 1037 Scripturas
1185 968 1354 1025 Filius
1395 981 1515 1022 esse
1566 976 1884 1024 noscuntur.

314 1057 423 1111 Sed
451 1057 579 1126 quia
616 1056 735 1111 sine
769 1056 853 1111 his
891 1057 1186 1111 virtutibus
1232 1057 1449 1111 Patrem
1494 1069 1730 1125 unquam
1774 1051 1885 1109 dici

317 1146 484 1201 fuisse
513 1147 884 1217 blasphemum
908 1153 1012 1211 est,
1042 1148 1144 1201 hoc
1169 1147 1375 1216 justum
1401 1156 1508 1211 est,
1538 1145 1792 1203 convenit
1827 1152 1889 1200 ut

312 1237 811 1307 consempiternum
838 1246 897 1292 et
928 1238 1265 1308 coaequalem
1299 1236 1450 1292 Patri
1475 1236 1673 1293 Filium
1708 1236 1882 1291 fatea-

310 1330 412 1385 ris.
447 1327 505 1385 Si
532 1329 678 1385 enim
716 1329 861 1386 Deus
879 1327 933 1387 in
954 1313 1211 1395 cordibus
1236 1328 1455 1398 nostris.
1496 1343 1618 1383 cum
1647 1327 1887 1399 loquitur

314 1419 677 1483 miromodo,
706 1418 949 1488 loquitur
976 1419 1094 1476 sine
1122 1434 1280 1487 sono,
1317 1427 1475 1490 putas
1494 1418 1767 1490 quomodo
1789 1434 1887 1490 po—

314 1519 421 1574 test
446 1510 591 1580 loqui
629 1510 767 1567 Filio
798 1525 926 1577 suo.
950 1510 1042 1579 qui
1071 1520 1156 1565 est
1179 1508 1415 1565 Verbum
1439 1508 1591 1579 ejus?
1620 1510 1713 1566 Sic
1752 1525 1889 1583 ergo

308 1601 510 1673 cogita,
532 1601 675 1669 quod
704 1601 1117 1679 incorporaliler
1158 1601 1370 1656 locutus
1403 1609 1490 1657 est
1511 1600 1808 1670 Fiiioﬁicut
1829 1610 1886 1658 et

1989 505 2244 570 dixerint,
2270 521 2431 575 quam
2457 516 2645 563 contra
2672 511 2937 566 rationem
2973 512 3155 567 dicant
3183 514 3359 570 omnis
3400 517 3560 586 homq

1988 612 2279 668 agnoscere
2304 608 2482 667 potest
2524 602 2615 672 qui
2656 603 2821 659 etiam
2870 604 3159 661 humanam
3192 609 3426 664 animam
3464 610 3550 669 im:

1986 684 2269 739 mortalem
2294 700 2413 741 esse
2442 701 2549 742 non
2590 689 2833 761 ambigit.
2861 691 2967 747 Sed
3014 694 3116 748 hoc
3144 696 3225 750 eis
3250 698 3559 779 dicendum,

1986 773 2131 840 quod
2166 776 2461 831 secundum
2489 792 2707 834 carnem
2727 795 2920 849 passus
2958 784 3172 840 dicatur
3191 796 3247 841 et
3276 773 3555 856 mortuus;

1986 875 2111 915 nam
2140 864 2434 929 secundum
2489 866 2824 925 divinitatem
2851 910 2865 937 ,
2897 888 3001 942 qua
3038 890 3251 947 semper
3268 881 3478 935 exstitit
3507 860 3561 937 et

1985 952 2238 1007 universa
2268 957 2494 1021 creavit,
2527 958 2849 1017 immortalis
2862 973 3202 1032 permaneat.

2057 1041 2252 1096 Dicunt
2268 1044 2430 1102 etiam
2455 1060 2575 1102 esse
2599 1048 2886 1107 visibilem.
2910 1051 3063 1119 Quod
3084 1070 3245 1125 quam
3263 1060 3561 1120 absurdum

1985 1127 2059 1183 sit
2083 1135 2483 1223 agnoscantqui
2512 1136 2617 1191 hoc
2636 1137 2840 1197 dicunt.
2860 1140 2993 1197 Cum
3009 1159 3108 1201 nec
3122 1147 3299 1203 anima
3324 1126 3559 1223 humana

1988 1222 2164 1290 possit
2191 1237 2311 1280 esse
2330 1225 2579 1293 visibilis,
2611 1239 2814 1299 quanto
2842 1235 3019 1305 magis
3047 1235 3199 1309 Deus.
3220 1239 3275 1294 in
3300 1256 3398 1296 sua
3429 1222 3557 1303 subé

1984 1312 2218 1410 stantia?
2247 1314 2355 1370 Sed
2404 1316 2527 1375 ideo
2566 1334 2789 1389 comem
2829 1327 3146 1396 assumpsit,
3177 1344 3301 1400 quae
3344 1342 3560 1410 poterat

1983 1402 2175 1489 videri,
2190 1406 2315 1482 quia
2329 1407 2502 1465 duitas
2511 1413 2785 1480 corporeis
2797 1413 2968 1472 oculis
2980 1432 3085 1474 non
3107 1428 3319 1489 poterat
3339 1402 3555 1485 intueri;

1976 1488 2113 1549 Haec
2146 1492 2366 1559 interim
2396 1496 2465 1553 de
2508 1499 2814 1573 aequalitate
2850 1502 3036 1561 Patris
3063 1488 3129 1562 ac
3152 1508 3283 1569 Filii
3310 1513 3380 1567 ad
3420 1528 3559 1583 prie:

1976 1583 2641 1679 {caedicusuﬂiciunn
2676 1590 2812 1651 Nam
2859 1594 3279 1669 deaequalitate
3333 1621 3557 1679 operum

304 1672 726 1760 incorporalis"
766 1672 927 1745 eam
976 1690 1162 1761 genuit
1203 1689 1418 1755 Filium.
1465 1689 1579 1745 Nec
1612 1690 1756 1745 enim
1801 1690 1883 1747 sic
1908 1755 1952 1767 _
1987 1672 2291 1767 Trinitatis.
2317 1678 2374 1735 id
2395 1688 2502 1748 est.
2532 1680 2713 1743 Patris
2749 1694 2804 1742 et
2829 1687 2949 1749 Filii
3000 1699 3057 1746 et
3086 1691 3324 1763 Spiritus
3358 1672 3558 1767 sancti;

312 1755 496 1834 docuit
539 1779 691 1849 quasi
722 1755 1002 1851 indoctum
1032 1779 1310 1850 genuerit;
1360 1779 1457 1838 sed
1485 1779 1590 1835 hoc
1627 1788 1715 1836 est
1755 1794 1879 1837 eum
1908 1755 1956 1816 Β
1978 1765 2143 1835 Paulo
2166 1777 2311 1836 Ροδιι
2351 1769 2587 1831 domm
2613 1772 2842 1837 Domino
2875 1817 2892 1846 ,
2921 1780 2990 1845 de
3030 1755 3327 1856 Scripturis
3357 1755 3561 1853 sanctis

313 1870 562 1931 docuisse
597 1870 739 1938 quod
775 1878 861 1925 est
882 1870 1098 1929 doctum
1143 1880 1200 1927 et
1217 1870 1480 1926 scientem
1513 1871 1798 1942 genuisse,
1825 1879 1884 1929 et

312 1960 556 2025 boeest,
569 1960 758 2017 Docuit
787 1977 866 2015 me
915 1960 1095 2030 Pater,
1118 1964 1263 2032 quod
1286 1970 1372 2025 est
1399 1962 1667 2019 Scieutem
1702 1964 1881 2035 genuit

309 2069 393 2108 me
425 2049 605 2106 Pater.
646 2053 925 2119 Quomodo
952 2062 1131 2109 autem
1159 2070 1192 2109 a
1222 2069 1283 2110 se
1327 2055 1462 2109 nihil
1494 2063 1676 2129 potest
1699 2055 1880 2113 facere

309 2142 483 2204 Filius
508 2182 525 2209 ,
561 2143 630 2198 de
678 2158 788 2214 quo
847 2144 1116 2214 Propheta
1171 2152 1400 2201 testatur
1439 2153 1498 2201 et
1524 2144 1700 2200 dicit:
1737 2144 1880 2201 Deus

314 2242 490 2288 autem
518 2234 574 2287 in
612 2233 740 2288 calo
765 2250 994 2298 sursum,
1039 2244 1087 2290 et
1124 2236 1180 2303 in
1227 2245 1368 2290 terra
1403 2236 1671 2301 deorsum,
1703 2234 1881 2290 omnia

307 2339 629 2394 quacunque
658 2316 819 2381 soluit
844 2324 1002 2392 fecit?

380 2413 487 2471 Sed
509 2416 649 2470 forte
677 2414 919 2469 dicturus
958 2430 1020 2469 es
1054 2415 1167 2470 hoc
1194 2416 1261 2470 de
1294 2416 1457 2472 Patre
1486 2417 1713 2470 dictum.
1742 2413 1882 2471 Redi

302 2506 378 2565 ad
423 2505 810 2577 evangelistam
832 2504 1101 2561 dicentem
1141 2504 1210 2563 de
1251 2505 1544 2577 Filio,quia
1565 2505 1753 2561 omnia
1785 2517 1883 2573 per

306 2598 487 2669 ipsum
515 2598 656 2654 facta
686 2605 811 2655 sunt
849 2607 904 2653 et
924 2598 1041 2654 sine
1083 2597 1200 2669 ipso
1234 2597 1437 2654 factum
1484 2605 1568 2654 est
1597 2597 1753 2653 nihil.
1779 2597 1882 2664 Qui

309 2690 476 2753 etiam
501 2690 739 2760 loquitur
767 2691 835 2745 ad
864 2690 1086 2761 Moysen
1119 2708 1132 2743 :
1170 2688 1318 2745 Vade
1349 2730 1365 2756 ,
1388 2688 1704 2759 iuqnit,-dic
1751 2689 1882 2759 ﬁliis

308 2780 502 2845 Israel,
534 2780 675 2835 Deus
711 2788 924 2850 patrum
971 2789 1262 2845 uestrorum
1290 2779 1429 2834 misit
1455 2796 1538 2837 me
1562 2778 1632 2833 ad
1652 2796 1761 2834 sos.
1786 2778 1882 2833 Illo

310 2870 667 2939 respondente
691 2877 748 2923 et
788 2867 1038 2925 dicente:
1068 2868 1164 2922 Dic
1183 2869 1311 2925 mihi
1338 2884 1531 2931 nomen
1558 2878 1727 2935 tuum,
1758 2884 1880 2922 nam

310 2975 415 3013 non
438 2957 645 3013 credent
680 2957 812 3015 mihi
836 2974 855 3022 ;
897 2966 1017 3030 post
1048 2956 1444 3026 liaecradjicieus
1470 2958 1611 3017 Deus
1629 2957 1765 3014 dixit
1789 2958 1876 3012 ei:

326 3048 612 3113 Vade,-dic
652 3049 779 3118 ﬁliis
820 3048 1029 3105 israel:
1079 3048 1191 3119 Ego
1226 3064 1347 3107 sum
1384 3050 1475 3119 qui
1517 3064 1666 3114 sum,
1704 3058 1755 3103 et
1788 3048 1878 3117 qui

308 3149 386 3195 est
424 3141 563 3193 misit
594 3156 677 3194 me
710 3139 780 3199 ad
802 3156 907 3199 vos.
934 3141 1000 3194 Et
1027 3156 1093 3195 ne
1120 3140 1187 3200 de
1209 3141 1368 3196 Patre
1395 3141 1595 3203 dictum
1618 3138 1872 3209 accipias,

312 3230 438 3285 audi
480 3230 696 3285 beatum
725 3228 1023 3299 apostolum
1063 3228 1190 3284 huic
1217 3228 1335 3285 loco
1358 3230 1785 3289 consentientem
1824 3235 1879 3282 et

310 3317 708 3384 quodammodo
761 3317 934 3385 ipson:
991 3318 1356 3377 testimonium
1404 3328 1762 3388 exponentem
1811 3315 1879 3375 ad

308 3408 620 3467 Corinthios
669 3426 699 3461 :-
722 3406 840 3475 Dei,
873 3410 1071 3480 inquit,
1107 3410 1304 3475 Filius,
1331 3411 1420 3479 qui
1456 3409 1774 3479 pradicatus
1801 3414 1879 3460 est

306 3499 457 3555 nobis
483 3516 574 3569 per
594 3516 675 3556 me
709 3510 757 3555 et
799 3499 1071 3557 Silvanum
1093 3510 1141 3553 et
1170 3500 1514 3564 Timotheum,
1547 3515 1650 3554 non
1679 3499 1780 3569 fuit
1822 3499 1879 3553 in

308 3590 405 3651 illo
429 3590 519 3645 Est
540 3600 589 3644 et
622 3588 767 3654 Non,
796 3589 886 3643 sed
923 3589 1019 3643 Est
1047 3590 1105 3644 in
1138 3588 1235 3643 illo
1277 3589 1398 3658 fuit.
1431 3588 1697 3660 Quotquot
1741 3588 1881 3643 enim

308 3685 677 3755 promissiones
717 3682 812 3739 Dei
860 3690 1005 3746 sunt,
1050 3682 1109 3736 in
1148 3680 1245 3736 illo
1277 3681 1393 3736 Est.
1436 3681 1578 3736 Audi
1618 3680 1878 3751 populum

307 3789 435 3833 eum
463 3774 644 3842 Moyse
671 3770 1110 3835 concordantem,
1135 3778 1194 3826 ct
1213 3778 1271 3826 tu
1293 3770 1401 3826 noli
1425 3785 1454 3825 a
1476 3770 1583 3826 ﬁde
1611 3769 1879 3827 catholica

308 3866 642 3924 discordare.
675 3863 810 3919 Nam
830 3864 879 3919 si
907 3863 1203 3920 Ecclesium
1224 3863 1551 3919 catholicam
1575 3863 1880 3932 interrogas

310 3960 379 4014 de
411 3950 572 4012 Patre
599 3955 728 4027 quid
770 3955 841 4010 sit
865 3996 879 4019 ,
915 3955 1089 4009 dicit:
1125 3954 1286 4010 Deus.
1316 3952 1375 4009 Si
1414 3953 1483 4009 de
1509 3953 1671 4017 Filio,
1709 3952 1875 4007 dicit:

313 4050 474 4111 Deus.
503 4047 561 4102 Si
592 4048 656 4102 dc
699 4046 904 4116 Spiritu
944 4052 1153 4110 salicto,
1196 4043 1371 4105 dicit:
1398 4044 1559 4100 Deus.
1604 4043 1672 4099 Et
1698 4051 1877 4099 tamen

310 4154 419 4194 non
453 4137 582 4193 dicit
629 4145 740 4192 tres
776 4135 927 4201 deos,
974 4150 1045 4190 ne
1091 4135 1343 4206 gentibus
1383 4141 1743 4203 comparetur,
1787 4132 1879 4202 qui

306 4227 494 4303 plures
519 4227 652 4281 deos
676 4239 866 4285 errore
897 4225 1236 4296 suddecepti
1258 4223 1597 4296 conﬁngunt,
1639 4223 1734 4280 sed
1756 4238 1880 4280 ere-

309 4317 390 4370 dit
442 4315 735 4385 Scriptum
769 4315 969 4375 dicenti
1004 4323 1116 4373 tam
1152 4313 1285 4370 Novi
1314 4328 1478 4386 quam
1512 4312 1725 4371 Veteris
1773 4313 1879 4371 Te-

1978 1858 2428 1925 monstrabimus.

2049 1944 2205 2003 Nunc
2225 1964 2353 2005 vero
2372 1952 2638 2021 deﬁsancti
2663 1955 2900 2031 Spiritus
2917 1960 3117 2021 deitate
3139 1979 3314 2036 pauca
3335 1969 3402 2024 de
3426 1973 3560 2026 mul-

1978 2036 2052 2100 tis
2078 2040 2403 2099 testimoniis
2430 2053 2557 2107 sunt
2580 2049 2862 2120 ponenda;
2896 2067 3065 2123 quem
3101 2072 3210 2117 non
3244 2059 3418 2117 solum
3455 2066 3562 2119 mi-

1978 2140 2168 2222 norem
2207 2142 2474 2222 asserere,
2515 2134 2614 2190 sed
2651 2136 2816 2195 etiam
2849 2139 3023 2207 Deum
3056 2144 3279 2203 omnino
3312 2149 3567 2222 dicuntur

1976 2215 2234 2310 haeretici
2250 2219 2538 2310 denegare.
2577 2223 2814 2285 Audiam
2829 2242 3002 2298 pauca
3021 2233 3088 2289 de
3107 2234 3307 2292 deitate
3327 2215 3562 2310 Spiritus

1978 2307 2176 2371 sancti.
2212 2308 2271 2363 in
2299 2309 2497 2375 Genesi
2529 2314 2659 2370 dicit
2697 2330 2876 2374 sermo
2906 2321 3157 2380 divinus:
3180 2307 3416 2399 Spiritus
3448 2328 3557 2391 οφ

1973 2399 2108 2491 mini
2141 2399 2409 2469 ferebatur
2434 2420 2593 2473 super
2621 2423 2809 2479 aquas,
2836 2410 2939 2466 hoc
2959 2421 3060 2481 est,
3089 2417 3384 2475 eminentia
3412 2431 3560 2491 potes

1980 2487 2160 2583 statis,
2218 2504 2327 2547 non
2352 2491 2556 2583 inopia
2604 2499 2962 2558 necessitatis.
3011 2503 3082 2569 Et
3127 2507 3184 2563 in
3226 2487 3555 2583 Evangelio;

1982 2575 2215 2675 Spiritus
2242 2591 2317 2636 est
2338 2582 2497 2652 Deus,
2525 2594 2572 2641 et
2600 2605 2687 2645 eos
2722 2592 2815 2662 qui
2844 2593 3071 2653 adorant
3105 2614 3243 2667 eum,
3278 2603 3338 2657 in
3370 2575 3559 2675 spiritu

1978 2678 2029 2731 et
2067 2672 2507 2744 veritateoportet
2538 2678 2781 2736 adorare.
2818 2682 2887 2745 Et
2920 2700 2988 2741 ne
3018 2685 3257 2748 fortede
3272 2670 3444 2755 Patre
3481 2670 3564 2758 die

1982 2768 2132 2859 ctum
2166 2762 2452 2859 intelligas,
2480 2776 2535 2824 et
2564 2787 2671 2826 non
2699 2771 2769 2837 de
2794 2773 2997 2845 Spiritu
3020 2790 3230 2850 sancto,
3264 2787 3389 2842 audi
3414 2792 3558 2859 quo]

1982 2851 2264 2923 sequitur:
2288 2851 2517 2925 Spiritus
2548 2860 2637 2914 ubi
2673 2862 2778 2917 vult
2800 2867 2993 2936 spirat.
3040 2870 3180 2928 Audi
3218 2874 3307 2933 ubi
3341 2851 3467 2945 null,
3505 2889 3560 2941 et

1983 2946 2403 3039 sumnpotestatis
2435 2963 2559 3039 eum
2590 2966 2714 3011 esse
2752 2969 2860 3010 non
2895 2958 3129 3017 dubites.
3169 2963 3238 3018 Et
3272 2947 3558 3039 Apostolus

1983 3034 2050 3087 ad
2077 3034 2386 3093 Corinthios
2415 3038 2580 3095 dicit:
2606 3040 2899 3102 Diuisiones
2926 3052 3217 3119 gratiarum
3251 3034 3390 3122 sunt,
3421 3034 3558 3118 idem

1983 3133 2150 3216 autem
2199 3127 2433 3197 spiritus.
2484 3129 2554 3187 Et
2603 3134 2885 3194 divisiones
2925 3141 3369 3204 ministrationum
3413 3161 3559 3216 sunt,

1980 3213 2121 3273 idem.
2162 3228 2351 3309 autem
2404 3221 2681 3283 Dominus.
2759 3228 2831 3285 Et
2878 3232 3161 3309 divisiones
3199 3213 3559 3309 aper-alienum

1978 3313 2121 3397 sunt,
2154 3306 2290 3360 idem
2317 3319 2492 3367 autem
2521 3313 2681 3378 Deus,
2713 3319 2803 3388 qui
2826 3332 3080 3390 operatur
3102 3306 3357 3391 omniain
3382 3336 3557 3397 omni-

1976 3392 2095 3453 bus.
2146 3395 2214 3447 Et
2260 3405 2319 3451 ut
2366 3413 2660 3470 cognoscas
2690 3405 2866 3475 ipsum
2910 3408 3170 3481 Spiritum
3221 3393 3558 3481 nominatum

1981 3483 2264 3541 Dominum
2292 3495 2348 3542 et
2365 3489 2533 3546 Deum
2554 3533 2570 3559 ,
2610 3497 2732 3551 audi
2774 3497 3000 3558 inferius
3040 3508 3308 3573 quomodo
3340 3512 3558 3571 conclu-

1979 3574 2051 3669 sit
2073 3596 2085 3632 :
2107 3574 2212 3629 Alii
2238 3579 2448 3650 quidem
2476 3582 2636 3637 datur
2653 3600 2747 3654 per
2771 3584 3029 3659 Spiritum
3062 3610 3229 3649 sermo
3261 3599 3552 3669 sapientia,

1981 3666 2075 3722 alii
2103 3679 2278 3724 autem
2304 3686 2474 3735 sermo
2507 3675 2739 3733 scientia:
2777 3681 3063 3743 secundum
3101 3666 3337 3744 eumdem
3382 3666 3557 3761 Spiris

1980 3764 2110 3813 tum.
2161 3758 2328 3823 Alteri
2349 3760 2483 3830 ﬁdes
2513 3763 2570 3819 in
2597 3766 2779 3835 eodem
2801 3765 3022 3840 Spiritu,
3046 3781 3099 3828 et
3121 3776 3348 3847 reliqua.
3392 3758 3456 3836 Et
3479 3783 3560 3842 sic

1979 3850 2244 3944 conclusit
2277 3870 2289 3905 :
2323 3852 2455 3909 [hac
2494 3864 2670 3911 autem
2713 3860 2893 3914 omnia
2934 3875 3181 3933 operatur
3221 3882 3356 3927 unus
3401 3882 3556 3944 atque

1978 3937 2117 4008 idem
2149 3940 2401 4012 Spiritus,
2436 3945 2673 4007 dividens
2709 3949 2930 4018 singulis
2960 3966 3114 4025 prout
3148 3959 3275 4014 vult.
3325 3960 3428 4029 Qui
3467 3937 3555 4021 hi-

1979 4029 2105 4084 vina
2138 4044 2364 4087 munera
2394 4043 2551 4115 prout
2585 4035 2688 4105 uult
2723 4039 3019 4110 dispensat,
3052 4044 3224 4117 legem
3261 4054 3555 4121 superioris

1979 4121 2212 4194 ignorat.
2256 4122 2507 4195 Agnosce
2535 4128 2748 4183 tandem
2774 4131 2899 4199 quia
2925 4134 3016 4203 qui
3039 4147 3193 4207 prout
3215 4140 3322 4194 vult
3342 4143 3550 4211 dividit,

1980 4215 2141 4271 nullis
2177 4215 2427 4279 subditus
2472 4234 2594 4274 esse
2630 4221 2921 4291 probatur,
2966 4226 3070 4293 sed
3115 4243 3227 4285 sua:
3270 4239 3553 4301 potestatis

1980 4321 2099 4363 esse
2128 4307 2479 4378 dignoscitur.
2524 4310 2601 4366 De
2632 4326 2843 4370 summa
2877 4316 3021 4371 enim
3041 4326 3310 4388 potestate
3330 4326 3554 4388 descene

310 4409 589 4476 stamcnti,
616 4409 743 4479 quia
770 4410 912 4465 Deus
949 4423 1087 4464 unus
1109 4417 1214 4473 est,
1261 4417 1320 4465 et
1349 4424 1493 4466 unus
1516 4406 1707 4478 major,
1742 4407 1879 4462 alter
1902 4426 1956 4488 D
1982 4400 2058 4455 dit
2092 4399 2337 4457 voluntas
2374 4404 2461 4459 cui
2494 4404 2640 4460 nulla
2673 4408 2998 4466 contradicit
3029 4415 3342 4471 auctoritas.
3378 4417 3450 4474 Et
3484 4422 3555 4481 ad

309 4498 489 4556 minor
517 4513 625 4555 non
676 4506 761 4555 est
785 4539 802 4566 ,
850 4506 910 4556 ut
951 4499 1139 4555 Ariani
1181 4498 1387 4557 dicunt.
1418 4498 1570 4555 Unus
1619 4498 1724 4557 dici
1770 4508 1877 4552 non

309 4596 491 4663 potest
511 4586 682 4657 major
704 4607 717 4643 :
745 4588 1023 4662 aequalitas
1049 4588 1311 4645 unitatem
1332 4587 1577 4648 includit.
1601 4586 1879 4653 Quomodo

309 4684 490 4733 autem
519 4686 631 4734 tres
674 4685 731 4734 et
776 4694 949 4749 unum
988 4676 1273 4734 credamus
1316 4677 1557 4733 aduerte.
1601 4675 1877 4737 Unitatem

311 4767 442 4822 facit
467 4768 745 4837 aequalitas
768 4768 1050 4835 uirtutum,
1086 4767 1385 4825 trinitatem
1423 4765 1729 4836 preprietas
1750 4779 1877 4835 pen-

308 4872 585 4913 sonarum.
610 4858 804 4914 Audite
825 4857 1095 4927 quomodo
1124 4857 1239 4927 ipse
1277 4855 1681 4928 intelligendam
1701 4870 1878 4926 mqua-

311 4948 516 5013 litatem
540 4964 693 5003 suam
717 4956 772 5002 et
797 4947 975 5011 Patris
990 4947 1254 5004 docuerit.
1276 4946 1408 5017 Ego,
1434 4946 1629 5017 inquit,
1645 4956 1693 5002 et
1716 4944 1881 5000 Pater

311 5056 477 5096 unum
493 5055 694 5103 sumus.
721 5040 878 5095 Aliud
896 5048 981 5101 est
1001 5056 1183 5104 unum,
1207 5038 1353 5104 aliud
1368 5055 1569 5101 sumus.
1595 5038 1731 5093 Nam
1754 5052 1879 5092 cum

310 5135 441 5190 dicit
466 5152 667 5201 sumus,
702 5148 972 5204 personas
1019 5133 1334 5205 signiﬁcat;
1367 5149 1488 5188 cum
1513 5133 1647 5188 dicit
1691 5148 1877 5198 unum,

310 5227 669 5292 substantiam
720 5226 1025 5283 divinitatis
1065 5225 1336 5295 designat.
1373 5224 1549 5281 Unum
1592 5241 1796 5291 sumus,
1825 5224 1879 5279 id

309 5325 415 5381 est,
440 5318 648 5387 justitia
674 5333 858 5370 sumus
886 5318 1182 5385 eademque
1212 5316 1499 5385 sapientia,
1531 5316 1703 5371 \irtus
1744 5315 1882 5370 indi-

309 5406 449 5471 visa,
479 5421 577 5474 par
609 5404 800 5473 gloria.
827 5406 955 5471 Quae
979 5421 1100 5460 cum
1126 5405 1197 5459 ita
1220 5406 1347 5470 sint,
1372 5406 1647 5461 contentio
1672 5404 1882 5461 aufera-

312 5506 404 5565 tur
429 5504 485 5549 et
513 5494 644 5548 ﬁdes
676 5495 883 5565 integra
914 5503 1178 5551 teneatur.
1754 5544 1759 5547 _

383 5586 578 5641 Dicunt
607 5584 771 5640 etiam
802 5602 815 5638 :
861 5586 984 5640 ideo
1012 5584 1184 5654 major
1229 5594 1310 5643 est
1336 5585 1499 5641 Pater
1528 5584 1653 5655 quia
1693 5594 1750 5640 et
1776 5585 1880 5641 im—

316 5675 586 5739 mortalis.
629 5674 994 5740 luterrogandi
1038 5684 1161 5730 sunt
1194 5683 1372 5730 utrum
1425 5676 1615 5733 Filium
1662 5676 1714 5730 in
1756 5677 1880 5731 sub-

1981 4491 2235 4562 liebraeos
2262 4496 2511 4552 similiter
2538 4497 2669 4553 dicit
2689 4496 2798 4569 (de)
2826 4497 3060 4568 Spiritus
3094 4507 3270 4563 sancti
3298 4508 3551 4569 distribu-

1978 4583 2213 4641 tionibus
2230 4585 2526 4641 secundum
2546 4600 2699 4642 suam
2718 4586 3086 4661 voluntatem;
3112 4602 3169 4651 et
3194 4597 3318 4668 quis
3345 4599 3454 4658 istc
3479 4604 3552 4660 sit

1976 4672 2296 4737 distributor
2320 4689 2387 4731 ae
2418 4674 2625 4743 divisor
2659 4678 2728 4734 ad
2760 4678 3035 4749 Romanos
3063 4686 3342 4747 evidenter
3368 4669 3552 4752 astam

1977 4763 2056 4819 dit
2100 4763 2289 4820 dicens
2333 4782 2346 4818 :
2386 4762 2675 4839 Unicuique
2703 4770 2841 4831 sicut
2872 4771 3016 4829 Deus
3043 4775 3216 4835 diuisit
3248 4796 3550 4840 mensuram
3586 4765 3595 4771 ’

1975 4853 2132 4927 ﬁdei;
2173 4863 2231 4910 et
2268 4855 2336 4910 ad
2376 4853 2685 4913 Corinthios
2710 4876 2723 4912 :
2748 4858 2999 4929 Nescitis,
3040 4864 3255 4936 inquit,
3298 4873 3549 4943 quoniam

1976 4942 2222 5015 templum
2244 4943 2341 4999 Dei
2364 4946 2509 5009 estis.
2531 4955 2578 5001 et
2604 4944 2834 5019 Spiritus
2852 4950 2952 5006 Dei
2971 4953 3174 5011 habitat
3202 4959 3256 5012 in
3294 4960 3457 5027 vobis,
3493 4942 3549 5023 et

1978 5035 2206 5105 reliqua.
2255 5036 2324 5090 Et
2351 5037 2474 5109 quis
2497 5037 2600 5091 iste
2635 5038 2774 5094 Deus
2803 5040 2877 5095 sit
2898 5042 3054 5113 cujus
3084 5047 3336 5117 templum
3364 5029 3548 5122 probi;

1975 5125 2069 5180 bet
2095 5124 2281 5180 violari
2315 5127 2393 5181 ait
2422 5126 2477 5180 in
2512 5128 2860 5195 sequentibus
2884 5146 2898 5184 :
2922 5130 3152 5189 Nescitis
3171 5138 3294 5207 quia
3315 5142 3548 5200 membra

1977 5223 2148 5267 vestra
2170 5212 2415 5284 templum
2439 5224 2514 5268 est
2537 5214 2762 5286 Spiritus
2789 5219 2975 5272 sancti.
3034 5221 3102 5275 Et
3129 5225 3251 5293 quis
3279 5237 3423 5283 esset
3446 5230 3548 5288 ista

1980 5303 2212 5373 Spiritus
2248 5314 2486 5372 sanctus,
2530 5305 2683 5374 cujus
2716 5309 2969 5376 templum
3004 5326 3266 5379 essemus,
3303 5317 3384 5373 sic
3420 5296 3547 5379 con;

1978 5396 2200 5450 eludens
2238 5396 2609 5450 demonstrat:
2638 5392 2968 5465 Cloriﬁcate,
3010 5400 3219 5470 inquit,
3256 5414 3308 5459 et
3346 5420 3548 5478 parum;

1989 5489 2148 5542 Deum
2175 5490 2229 5542 in
2254 5504 2464 5557 corpore
2493 5496 2676 5540 vestro.
2723 5485 2967 5556 Agnosco
3008 5488 3265 5560 Spiritum
3298 5506 3544 5559 sanctum

1981 5580 2256 5636 evidenter
2281 5580 2469 5644 Deum,
2497 5584 2552 5632 et
2578 5576 2761 5631 desine
2790 5579 3179 5649 blasphemarc.
3224 5586 3291 5641 Et
3320 5588 3372 5642 in
3400 5590 3554 5659 Acti:

1982 5674 2081 5727 bus
2104 5672 2476 5742 Apostolorum
2503 5671 2691 5725 beatus
2716 5668 2905 5726 Petrus
2929 5673 2993 5728 ad
3013 5673 3296 5743 Ananiam,
3321 5681 3407 5753 qui
3438 5681 3542 5755 tu»,
