  <div class='ocr_page' id='page_1' title='image "/cluster/home/n/w/nwhite01/storage/ocr_20150623/103/hvd.32044054759691/698.png"; bbox 0 0 4014 6186; ppageno 0'>
   <div class='ocr_carea' id='block_1_1' title="bbox 349 206 486 267">
    <p class='ocr_par' dir='ltr' id='par_1_1' title="bbox 349 206 486 267">
     <span class='ocr_line' id='line_1_1' title="bbox 349 206 486 267; baseline 0.007 -1"><span class='ocrx_word' id='word_1_1' title='bbox 349 206 486 267; x_wconf 66' lang='lat'><strong>1393</strong></span> 
     </span>
    </p>
   </div>
   <div class='ocr_carea' id='block_1_2' title="bbox 1574 209 2319 272">
    <p class='ocr_par' dir='ltr' id='par_1_2' title="bbox 1574 209 2319 272">
     <span class='ocr_line' id='line_1_2' title="bbox 1574 209 2319 272; baseline -0.004 -4"><span class='ocrx_word' id='word_1_2' title='bbox 1574 209 1956 271; x_wconf 83' lang='lat' dir='ltr'><strong>OPUSCULA.</strong></span> <span class='ocrx_word' id='word_1_3' title='bbox 1999 213 2241 272; x_wconf 83' lang='lat' dir='ltr'><strong>OPUSC.</strong></span> <span class='ocrx_word' id='word_1_4' title='bbox 2280 214 2319 267; x_wconf 88' lang='lat' dir='ltr'><strong>l.</strong></span> 
     </span>
    </p>
   </div>
   <div class='ocr_carea' id='block_1_3' title="bbox 3465 218 3594 270">
    <p class='ocr_par' dir='ltr' id='par_1_3' title="bbox 3465 218 3594 270">
     <span class='ocr_line' id='line_1_3' title="bbox 3465 218 3594 270; baseline 0 -1"><span class='ocrx_word' id='word_1_5' title='bbox 3465 218 3558 270; x_wconf 66' lang='grc'><strong>155)</strong></span> <span class='ocrx_word' id='word_1_6' title='bbox 3575 218 3594 269; x_wconf 75' lang='grc' dir='ltr'>ι</span> 
     </span>
    </p>
   </div>
   <div class='ocr_carea' id='block_1_4' title="bbox 342 320 3594 396">
    <p class='ocr_par' dir='ltr' id='par_1_4' title="bbox 342 320 3594 396">
     <span class='ocr_line' id='line_1_4' title="bbox 342 320 3594 396; baseline 0.003 -23"><span class='ocrx_word' id='word_1_7' title='bbox 342 335 544 392; x_wconf 77' lang='lat' dir='ltr'><strong>pztnaltl</strong></span> <span class='ocrx_word' id='word_1_8' title='bbox 571 322 837 393; x_wconf 83' lang='lat' dir='ltr'><strong>quomodo</strong></span> <span class='ocrx_word' id='word_1_9' title='bbox 873 323 1170 396; x_wconf 82' lang='lat' dir='ltr'><strong>intelligant</strong></span> <span class='ocrx_word' id='word_1_10' title='bbox 1195 323 1392 378; x_wconf 90' lang='lat' dir='ltr'><strong>dictum</strong></span> <span class='ocrx_word' id='word_1_11' title='bbox 1418 336 1448 376; x_wconf 65' lang='grc' dir='ltr'><strong><em>ι</em></strong></span> <span class='ocrx_word' id='word_1_12' title='bbox 1479 320 1709 380; x_wconf 82' lang='grc' dir='ltr'><strong>1)οωίηο</strong></span> <span class='ocrx_word' id='word_1_13' title='bbox 1740 340 1755 379; x_wconf 90' lang='lat'><strong>:</strong></span> <span class='ocrx_word' id='word_1_14' title='bbox 1787 324 1918 391; x_wconf 81' lang='lat' dir='ltr'><strong>Qui-</strong></span> <span class='ocrx_word' id='word_1_15' title='bbox 1945 329 1991 392; x_wconf 77' lang='grc' dir='ltr'><strong>Α</strong></span> <span class='ocrx_word' id='word_1_16' title='bbox 2020 334 2209 384; x_wconf 86' lang='lat' dir='ltr'><strong>sancto</strong></span> <span class='ocrx_word' id='word_1_17' title='bbox 2230 324 2412 381; x_wconf 84' lang='lat' dir='ltr'><strong>omnia</strong></span> <span class='ocrx_word' id='word_1_18' title='bbox 2438 323 2801 378; x_wconf 90' lang='lat' dir='ltr'><strong>continentur.</strong></span> <span class='ocrx_word' id='word_1_19' title='bbox 2865 322 3009 379; x_wconf 75' lang='lat' dir='ltr'><strong>item-</strong></span> <span class='ocrx_word' id='word_1_20' title='bbox 3029 324 3432 381; x_wconf 67' lang='lat' dir='ltr'><strong>ad&#39;Cerintbios</strong></span> <span class='ocrx_word' id='word_1_21' title='bbox 3465 331 3594 385; x_wconf 64' lang='lat' dir='ltr'><strong>dicit</strong></span> 
     </span>
    </p>
   </div>
   <div class='ocr_carea' id='block_1_5' title="bbox 344 412 1916 486">
    <p class='ocr_par' dir='ltr' id='par_1_5' title="bbox 344 412 1916 486">
     <span class='ocr_line' id='line_1_5' title="bbox 344 412 1916 486; baseline 0.001 -17"><span class='ocrx_word' id='word_1_22' title='bbox 344 433 544 486; x_wconf 78' lang='lat' dir='ltr'><strong>cunque</strong></span> <span class='ocrx_word' id='word_1_23' title='bbox 574 417 625 470; x_wconf 88' lang='lat' dir='ltr'><strong>in</strong></span> <span class='ocrx_word' id='word_1_24' title='bbox 659 413 859 484; x_wconf 88' lang='lat' dir='ltr'><strong>Spiritu</strong></span> <span class='ocrx_word' id='word_1_25' title='bbox 886 425 1064 469; x_wconf 85' lang='lat' dir='ltr'><strong>sancto</strong></span> <span class='ocrx_word' id='word_1_26' title='bbox 1090 412 1369 486; x_wconf 78' lang='lat' dir='ltr'><strong>peccaverit</strong></span> <span class='ocrx_word' id='word_1_27' title='bbox 1388 453 1407 479; x_wconf 87' lang='lat'><strong>,</strong></span> <span class='ocrx_word' id='word_1_28' title='bbox 1425 432 1531 470; x_wconf 78' lang='lat' dir='ltr'><strong>non</strong></span> <span class='ocrx_word' id='word_1_29' title='bbox 1551 415 1842 471; x_wconf 86' lang='lat' dir='ltr'><strong>remittetur</strong></span> <span class='ocrx_word' id='word_1_30' title='bbox 1868 417 1916 471; x_wconf 79' lang='lat' dir='ltr'><strong>ei</strong></span> 
     </span>
    </p>
   </div>
   <div class='ocr_carea' id='block_1_6' title="bbox 342 500 1913 576">
    <p class='ocr_par' dir='ltr' id='par_1_6' title="bbox 342 500 1913 576">
     <span class='ocr_line' id='line_1_6' title="bbox 342 500 1913 576; baseline 0.001 -18"><span class='ocrx_word' id='word_1_31' title='bbox 342 522 506 575; x_wconf 73' lang='lat' dir='ltr'><strong>neque</strong></span> <span class='ocrx_word' id='word_1_32' title='bbox 529 502 582 559; x_wconf 85' lang='lat' dir='ltr'><strong>in</strong></span> <span class='ocrx_word' id='word_1_33' title='bbox 599 506 694 559; x_wconf 86' lang='lat' dir='ltr'><strong>hoc</strong></span> <span class='ocrx_word' id='word_1_34' title='bbox 706 503 895 558; x_wconf 75' lang='lat' dir='ltr'><strong>sa‘culo</strong></span> <span class='ocrx_word' id='word_1_35' title='bbox 912 521 1071 576; x_wconf 88' lang='lat' dir='ltr'><strong>neque</strong></span> <span class='ocrx_word' id='word_1_36' title='bbox 1101 506 1155 557; x_wconf 87' lang='lat' dir='ltr'><strong>in</strong></span> <span class='ocrx_word' id='word_1_37' title='bbox 1182 504 1379 568; x_wconf 85' lang='lat' dir='ltr'><strong>futuro.</strong></span> <span class='ocrx_word' id='word_1_38' title='bbox 1424 500 1481 560; x_wconf 89' lang='lat' dir='ltr'><strong>Si</strong></span> <span class='ocrx_word' id='word_1_39' title='bbox 1513 507 1655 560; x_wconf 87' lang='lat' dir='ltr'><strong>Deus</strong></span> <span class='ocrx_word' id='word_1_40' title='bbox 1679 521 1784 560; x_wconf 88' lang='lat' dir='ltr'><strong>non</strong></span> <span class='ocrx_word' id='word_1_41' title='bbox 1809 514 1913 571; x_wconf 86' lang='lat' dir='ltr'><strong>est,</strong></span> 
     </span>
    </p>
   </div>
   <div class='ocr_carea' id='block_1_7' title="bbox 342 593 1917 664">
    <p class='ocr_par' dir='ltr' id='par_1_7' title="bbox 342 593 1917 664">
     <span class='ocr_line' id='line_1_7' title="bbox 342 593 1917 664; baseline 0 -16"><span class='ocrx_word' id='word_1_42' title='bbox 342 611 511 664; x_wconf 86' lang='lat' dir='ltr'><strong>quare</strong></span> <span class='ocrx_word' id='word_1_43' title='bbox 541 605 647 649; x_wconf 88' lang='lat' dir='ltr'><strong>tam</strong></span> <span class='ocrx_word' id='word_1_44' title='bbox 669 595 849 664; x_wconf 75' lang='lat' dir='ltr'><strong>gravis</strong></span> <span class='ocrx_word' id='word_1_45' title='bbox 874 594 988 662; x_wconf 86' lang='lat' dir='ltr'><strong>ejus</strong></span> <span class='ocrx_word' id='word_1_46' title='bbox 1000 593 1204 649; x_wconf 76' lang='lat' dir='ltr'><strong>oll‘ensa</strong></span> <span class='ocrx_word' id='word_1_47' title='bbox 1222 610 1251 647; x_wconf 88' lang='lat' dir='ltr'><strong>a</strong></span> <span class='ocrx_word' id='word_1_48' title='bbox 1268 595 1493 648; x_wconf 88' lang='lat' dir='ltr'><strong>Domino</strong></span> <span class='ocrx_word' id='word_1_49' title='bbox 1517 610 1636 650; x_wconf 88' lang='lat' dir='ltr'><strong>esse</strong></span> <span class='ocrx_word' id='word_1_50' title='bbox 1669 595 1917 650; x_wconf 80' lang='lat' dir='ltr'><strong>dicatur?</strong></span> 
     </span>
    </p>
   </div>
   <div class='ocr_carea' id='block_1_8' title="bbox 387 681 1917 753">
    <p class='ocr_par' dir='ltr' id='par_1_8' title="bbox 387 681 1917 753">
     <span class='ocr_line' id='line_1_8' title="bbox 387 681 1917 753; baseline 0.001 -18"><span class='ocrx_word' id='word_1_51' title='bbox 387 683 610 745; x_wconf 10' lang='lat' dir='ltr'><strong>alterum</strong></span> <span class='ocrx_word' id='word_1_52' title='bbox 638 683 1001 753; x_wconf 84' lang='lat' dir='ltr'><strong>interrogandi</strong></span> <span class='ocrx_word' id='word_1_53' title='bbox 1038 691 1166 737; x_wconf 88' lang='lat' dir='ltr'><strong>sunt</strong></span> <span class='ocrx_word' id='word_1_54' title='bbox 1193 683 1238 737; x_wconf 86' lang='lat' dir='ltr'><strong>si</strong></span> <span class='ocrx_word' id='word_1_55' title='bbox 1267 681 1465 737; x_wconf 76' lang='lat' dir='ltr'><strong>fuerint</strong></span> <span class='ocrx_word' id='word_1_56' title='bbox 1491 683 1584 737; x_wconf 85' lang='lat' dir='ltr'><strong>lilii</strong></span> <span class='ocrx_word' id='word_1_57' title='bbox 1611 683 1774 738; x_wconf 82' lang='lat' dir='ltr'><strong>Israel</strong></span> <span class='ocrx_word' id='word_1_58' title='bbox 1796 700 1917 738; x_wconf 90' lang='lat' dir='ltr'><strong>con-</strong></span> 
     </span>
    </p>
   </div>
   <div class='ocr_carea' id='block_1_9' title="bbox 342 772 1914 844">
    <p class='ocr_par' dir='ltr' id='par_1_9' title="bbox 342 772 1914 844">
     <span class='ocr_line' id='line_1_9' title="bbox 342 772 1914 844; baseline 0.001 -19"><span class='ocrx_word' id='word_1_59' title='bbox 342 782 582 828; x_wconf 87' lang='lat' dir='ltr'><strong>tumaces</strong></span> <span class='ocrx_word' id='word_1_60' title='bbox 624 772 754 837; x_wconf 89' lang='lat' dir='ltr'><strong>Deo,</strong></span> <span class='ocrx_word' id='word_1_61' title='bbox 798 789 864 826; x_wconf 89' lang='lat' dir='ltr'><strong>an</strong></span> <span class='ocrx_word' id='word_1_62' title='bbox 912 788 1036 826; x_wconf 91' lang='lat' dir='ltr'><strong>non.</strong></span> <span class='ocrx_word' id='word_1_63' title='bbox 1089 772 1223 827; x_wconf 88' lang='lat' dir='ltr'><strong>Cum</strong></span> <span class='ocrx_word' id='word_1_64' title='bbox 1262 788 1367 825; x_wconf 87' lang='lat' dir='ltr'><strong>non</strong></span> <span class='ocrx_word' id='word_1_65' title='bbox 1407 774 1743 844; x_wconf 72' lang='lat' dir='ltr'><strong>negaverint,</strong></span> <span class='ocrx_word' id='word_1_66' title='bbox 1790 773 1914 843; x_wconf 83' lang='lat' dir='ltr'><strong>quia</strong></span> 
     </span>
    </p>
   </div>
   <div class='ocr_carea' id='block_1_10' title="bbox 340 865 1916 935">
    <p class='ocr_par' dir='ltr' id='par_1_10' title="bbox 340 865 1916 935">
     <span class='ocr_line' id='line_1_10' title="bbox 340 865 1916 935; baseline 0.001 -18"><span class='ocrx_word' id='word_1_67' title='bbox 340 880 439 919; x_wconf 87' lang='lat' dir='ltr'><strong>nec</strong></span> <span class='ocrx_word' id='word_1_68' title='bbox 474 873 696 933; x_wconf 89' lang='lat' dir='ltr'><strong>possunt</strong></span> <span class='ocrx_word' id='word_1_69' title='bbox 724 906 739 928; x_wconf 92' lang='lat'><strong>,</strong></span> <span class='ocrx_word' id='word_1_70' title='bbox 780 865 1066 919; x_wconf 85' lang='lat' dir='ltr'><strong>dicendum</strong></span> <span class='ocrx_word' id='word_1_71' title='bbox 1101 872 1185 918; x_wconf 87' lang='lat' dir='ltr'><strong>est</strong></span> <span class='ocrx_word' id='word_1_72' title='bbox 1220 865 1299 919; x_wconf 89' lang='lat' dir='ltr'><strong>eis</strong></span> <span class='ocrx_word' id='word_1_73' title='bbox 1346 865 1612 934; x_wconf 86' lang='lat' dir='ltr'><strong>quomodo</strong></span> <span class='ocrx_word' id='word_1_74' title='bbox 1650 866 1916 935; x_wconf 87' lang='lat' dir='ltr'><strong>accipiant</strong></span> 
     </span>
    </p>
   </div>
   <div class='ocr_carea' id='block_1_11' title="bbox 336 952 1919 1025">
    <p class='ocr_par' dir='ltr' id='par_1_11' title="bbox 336 952 1919 1025">
     <span class='ocr_line' id='line_1_11' title="bbox 336 952 1919 1025; baseline 0.001 -17"><span class='ocrx_word' id='word_1_75' title='bbox 336 952 466 1009; x_wconf 84' lang='lat' dir='ltr'><strong>illud</strong></span> <span class='ocrx_word' id='word_1_76' title='bbox 489 955 631 1025; x_wconf 83' lang='lat' dir='ltr'><strong>quod</strong></span> <span class='ocrx_word' id='word_1_77' title='bbox 653 955 840 1008; x_wconf 84' lang='lat' dir='ltr'><strong>beatus</strong></span> <span class='ocrx_word' id='word_1_78' title='bbox 863 953 1167 1022; x_wconf 75' lang='lat' dir='ltr'><strong>Stephanus</strong></span> <span class='ocrx_word' id='word_1_79' title='bbox 1185 954 1385 1010; x_wconf 72' lang='lat' dir='ltr'><strong>Judmis</strong></span> <span class='ocrx_word' id='word_1_80' title='bbox 1411 957 1819 1024; x_wconf 76' lang='lat' dir='ltr'><strong>exprobravcrit</strong></span> <span class='ocrx_word' id='word_1_81' title='bbox 1844 957 1919 1011; x_wconf 86' lang='lat' dir='ltr'><strong>di-</strong></span> 
     </span>
    </p>
   </div>
   <div class='ocr_carea' id='block_1_12' title="bbox 330 1042 1917 1118">
    <p class='ocr_par' dir='ltr' id='par_1_12' title="bbox 330 1042 1917 1118">
     <span class='ocr_line' id='line_1_12' title="bbox 330 1042 1917 1118; baseline -0.001 -18"><span class='ocrx_word' id='word_1_82' title='bbox 330 1060 468 1100; x_wconf 69' lang='lat' dir='ltr'><strong>cens</strong></span> <span class='ocrx_word' id='word_1_83' title='bbox 495 1063 506 1095; x_wconf 89' lang='lat'><strong>:</strong></span> <span class='ocrx_word' id='word_1_84' title='bbox 541 1043 645 1100; x_wconf 88' lang='lat' dir='ltr'><strong>Vos</strong></span> <span class='ocrx_word' id='word_1_85' title='bbox 679 1060 879 1115; x_wconf 78' lang='lat' dir='ltr'><strong>semper</strong></span> <span class='ocrx_word' id='word_1_86' title='bbox 905 1045 1142 1098; x_wconf 77' lang='lat' dir='ltr'><strong>resistitis</strong></span> <span class='ocrx_word' id='word_1_87' title='bbox 1168 1042 1388 1115; x_wconf 87' lang='lat' dir='ltr'><strong>Spiritui</strong></span> <span class='ocrx_word' id='word_1_88' title='bbox 1420 1056 1622 1107; x_wconf 79' lang='lat' dir='ltr'><strong>sancto,</strong></span> <span class='ocrx_word' id='word_1_89' title='bbox 1646 1056 1693 1099; x_wconf 89' lang='lat' dir='ltr'><strong>et</strong></span> <span class='ocrx_word' id='word_1_90' title='bbox 1716 1064 1917 1118; x_wconf 78' lang='lat' dir='ltr'><strong>semper</strong></span> 
     </span>
    </p>
   </div>
   <div class='ocr_carea' id='block_1_13' title="bbox 338 1132 1915 1204">
    <p class='ocr_par' dir='ltr' id='par_1_13' title="bbox 338 1132 1915 1204">
     <span class='ocr_line' id='line_1_13' title="bbox 338 1132 1915 1204; baseline 0.003 -18"><span class='ocrx_word' id='word_1_91' title='bbox 338 1135 387 1186; x_wconf 84' lang='lat' dir='ltr'><strong>ei</strong></span> <span class='ocrx_word' id='word_1_92' title='bbox 436 1142 762 1187; x_wconf 80' lang='lat' dir='ltr'><strong>contumaces</strong></span> <span class='ocrx_word' id='word_1_93' title='bbox 804 1132 1011 1200; x_wconf 78' lang='lat' dir='ltr'><strong>fuistis,</strong></span> <span class='ocrx_word' id='word_1_94' title='bbox 1061 1134 1195 1187; x_wconf 84' lang='lat' dir='ltr'><strong>sicut</strong></span> <span class='ocrx_word' id='word_1_95' title='bbox 1241 1143 1288 1187; x_wconf 91' lang='lat' dir='ltr'><strong>et</strong></span> <span class='ocrx_word' id='word_1_96' title='bbox 1330 1145 1503 1204; x_wconf 77' lang='lat' dir='ltr'><strong>patres</strong></span> <span class='ocrx_word' id='word_1_97' title='bbox 1547 1137 1723 1190; x_wconf 77' lang='lat' dir='ltr'><strong>vestri.</strong></span> <span class='ocrx_word' id='word_1_98' title='bbox 1776 1136 1915 1199; x_wconf 83' lang='lat' dir='ltr'><strong>Audi</strong></span> 
     </span>
    </p>
   </div>
   <div class='ocr_carea' id='block_1_14' title="bbox 337 1222 1914 1295">
    <p class='ocr_par' dir='ltr' id='par_1_14' title="bbox 337 1222 1914 1295">
     <span class='ocr_line' id='line_1_14' title="bbox 337 1222 1914 1295; baseline 0.003 -17"><span class='ocrx_word' id='word_1_99' title='bbox 337 1224 499 1278; x_wconf 85' lang='lat' dir='ltr'><strong>etiam</strong></span> <span class='ocrx_word' id='word_1_100' title='bbox 539 1223 607 1277; x_wconf 90' lang='lat' dir='ltr'><strong>ad</strong></span> <span class='ocrx_word' id='word_1_101' title='bbox 645 1222 1180 1288; x_wconf 81' lang='lat' dir='ltr'><strong>Thessalonicenses,</strong></span> <span class='ocrx_word' id='word_1_102' title='bbox 1221 1224 1311 1279; x_wconf 92' lang='lat' dir='ltr'><strong>ubi</strong></span> <span class='ocrx_word' id='word_1_103' title='bbox 1364 1224 1621 1295; x_wconf 82' lang='lat' dir='ltr'><strong>Spiritum</strong></span> <span class='ocrx_word' id='word_1_104' title='bbox 1670 1236 1914 1282; x_wconf 90' lang='lat' dir='ltr'><strong>sanctum</strong></span> 
     </span>
    </p>
   </div>
   <div class='ocr_carea' id='block_1_15' title="bbox 334 1312 1911 1385">
    <p class='ocr_par' dir='ltr' id='par_1_15' title="bbox 334 1312 1911 1385">
     <span class='ocr_line' id='line_1_15' title="bbox 334 1312 1911 1385; baseline 0.004 -19"><span class='ocrx_word' id='word_1_105' title='bbox 334 1325 391 1366; x_wconf 87' lang='lat' dir='ltr'><strong>et</strong></span> <span class='ocrx_word' id='word_1_106' title='bbox 430 1312 598 1382; x_wconf 85' lang='lat' dir='ltr'><strong>priori</strong></span> <span class='ocrx_word' id='word_1_107' title='bbox 638 1312 753 1366; x_wconf 91' lang='lat' dir='ltr'><strong>loco</strong></span> <span class='ocrx_word' id='word_1_108' title='bbox 793 1312 941 1381; x_wconf 89' lang='lat' dir='ltr'><strong>ponit</strong></span> <span class='ocrx_word' id='word_1_109' title='bbox 964 1322 1018 1367; x_wconf 90' lang='lat' dir='ltr'><strong>et</strong></span> <span class='ocrx_word' id='word_1_110' title='bbox 1049 1313 1333 1368; x_wconf 90' lang='lat' dir='ltr'><strong>Dominum</strong></span> <span class='ocrx_word' id='word_1_111' title='bbox 1374 1323 1646 1385; x_wconf 81' lang='lat' dir='ltr'><strong>nuncupat</strong></span> <span class='ocrx_word' id='word_1_112' title='bbox 1679 1317 1863 1372; x_wconf 88' lang='lat' dir='ltr'><strong>dicens</strong></span> <span class='ocrx_word' id='word_1_113' title='bbox 1897 1335 1911 1372; x_wconf 85' lang='lat'><strong>:</strong></span> 
     </span>
    </p>
   </div>
   <div class='ocr_carea' id='block_1_16' title="bbox 340 1402 1911 1475">
    <p class='ocr_par' dir='ltr' id='par_1_16' title="bbox 340 1402 1911 1475">
     <span class='ocr_line' id='line_1_16' title="bbox 340 1402 1911 1475; baseline 0.006 -19"><span class='ocrx_word' id='word_1_114' title='bbox 340 1402 592 1457; x_wconf 84' lang='lat' dir='ltr'><strong>Dominus</strong></span> <span class='ocrx_word' id='word_1_115' title='bbox 621 1413 793 1457; x_wconf 88' lang='lat' dir='ltr'><strong>autem</strong></span> <span class='ocrx_word' id='word_1_116' title='bbox 827 1404 1018 1474; x_wconf 79' lang='lat' dir='ltr'><strong>dirigat</strong></span> <span class='ocrx_word' id='word_1_117' title='bbox 1046 1405 1205 1459; x_wconf 87' lang='lat' dir='ltr'><strong>corda</strong></span> <span class='ocrx_word' id='word_1_118' title='bbox 1237 1414 1404 1460; x_wconf 78' lang='lat' dir='ltr'><strong>vestra</strong></span> <span class='ocrx_word' id='word_1_119' title='bbox 1432 1406 1486 1460; x_wconf 85' lang='lat' dir='ltr'><strong>in</strong></span> <span class='ocrx_word' id='word_1_120' title='bbox 1512 1408 1768 1463; x_wconf 86' lang='lat' dir='ltr'><strong>charitate</strong></span> <span class='ocrx_word' id='word_1_121' title='bbox 1792 1409 1911 1475; x_wconf 88' lang='lat' dir='ltr'><strong>Dei,</strong></span> 
     </span>
    </p>
   </div>
   <div class='ocr_carea' id='block_1_17' title="bbox 333 1491 1914 1571">
    <p class='ocr_par' dir='ltr' id='par_1_17' title="bbox 333 1491 1914 1571">
     <span class='ocr_line' id='line_1_17' title="bbox 333 1491 1914 1571; baseline 0.004 -22"><span class='ocrx_word' id='word_1_122' title='bbox 333 1505 382 1549; x_wconf 84' lang='lat' dir='ltr'><strong>et</strong></span> <span class='ocrx_word' id='word_1_123' title='bbox 418 1496 670 1567; x_wconf 82' lang='lat' dir='ltr'><strong>patientia</strong></span> <span class='ocrx_word' id='word_1_124' title='bbox 700 1491 913 1549; x_wconf 76' lang='lat' dir='ltr'><strong>Christi.</strong></span> <span class='ocrx_word' id='word_1_125' title='bbox 956 1496 1252 1566; x_wconf 81' lang='lat' dir='ltr'><strong>Diligenter</strong></span> <span class='ocrx_word' id='word_1_126' title='bbox 1278 1499 1499 1553; x_wconf 80' lang='lat' dir='ltr'><strong>adverte</strong></span> <span class='ocrx_word' id='word_1_127' title='bbox 1529 1500 1653 1569; x_wconf 89' lang='lat' dir='ltr'><strong>quia</strong></span> <span class='ocrx_word' id='word_1_128' title='bbox 1685 1500 1772 1555; x_wconf 92' lang='lat' dir='ltr'><strong>hic</strong></span> <span class='ocrx_word' id='word_1_129' title='bbox 1796 1499 1914 1571; x_wconf 89' lang='lat' dir='ltr'><strong>Spi-</strong></span> 
     </span>
    </p>
   </div>
   <div class='ocr_carea' id='block_1_18' title="bbox 334 1583 1914 1660">
    <p class='ocr_par' dir='ltr' id='par_1_18' title="bbox 334 1583 1914 1660">
     <span class='ocr_line' id='line_1_18' title="bbox 334 1583 1914 1660; baseline 0.005 -22"><span class='ocrx_word' id='word_1_130' title='bbox 334 1583 472 1639; x_wconf 84' lang='lat' dir='ltr'><strong>ritus</strong></span> <span class='ocrx_word' id='word_1_131' title='bbox 515 1592 733 1639; x_wconf 87' lang='lat' dir='ltr'><strong>sanctus</strong></span> <span class='ocrx_word' id='word_1_132' title='bbox 765 1593 954 1639; x_wconf 88' lang='lat' dir='ltr'><strong>oratur</strong></span> <span class='ocrx_word' id='word_1_133' title='bbox 989 1593 1047 1639; x_wconf 92' lang='lat' dir='ltr'><strong>ut</strong></span> <span class='ocrx_word' id='word_1_134' title='bbox 1078 1586 1239 1640; x_wconf 90' lang='lat' dir='ltr'><strong>corda</strong></span> <span class='ocrx_word' id='word_1_135' title='bbox 1270 1587 1600 1643; x_wconf 87' lang='lat' dir='ltr'><strong>credentium</strong></span> <span class='ocrx_word' id='word_1_136' title='bbox 1632 1588 1829 1660; x_wconf 77' lang='lat' dir='ltr'><strong>dirigat</strong></span> <span class='ocrx_word' id='word_1_137' title='bbox 1861 1592 1914 1646; x_wconf 90' lang='lat' dir='ltr'><strong>in</strong></span> 
     </span>
    </p>
   </div>
   <div class='ocr_carea' id='block_1_19' title="bbox 332 1668 1412 1744">
    <p class='ocr_par' dir='ltr' id='par_1_19' title="bbox 332 1668 1412 1744">
     <span class='ocr_line' id='line_1_19' title="bbox 332 1668 1412 1744; baseline 0.001 -14"><span class='ocrx_word' id='word_1_138' title='bbox 332 1674 601 1730; x_wconf 84' lang='lat' dir='ltr'><strong>charitate</strong></span> <span class='ocrx_word' id='word_1_139' title='bbox 622 1668 721 1728; x_wconf 88' lang='lat' dir='ltr'><strong>Dei</strong></span> <span class='ocrx_word' id='word_1_140' title='bbox 742 1682 797 1729; x_wconf 91' lang='lat' dir='ltr'><strong>et</strong></span> <span class='ocrx_word' id='word_1_141' title='bbox 823 1674 876 1729; x_wconf 92' lang='lat' dir='ltr'><strong>in</strong></span> <span class='ocrx_word' id='word_1_142' title='bbox 902 1675 1163 1744; x_wconf 87' lang='lat' dir='ltr'><strong>patientia</strong></span> <span class='ocrx_word' id='word_1_143' title='bbox 1190 1674 1412 1731; x_wconf 85' lang='lat' dir='ltr'><strong>Christi.</strong></span> 
     </span>
    </p>
   </div>
   <div class='ocr_carea' id='block_1_20' title="bbox 403 1762 1908 1836">
    <p class='ocr_par' dir='ltr' id='par_1_20' title="bbox 403 1762 1908 1836">
     <span class='ocr_line' id='line_1_20' title="bbox 403 1762 1908 1836; baseline 0.005 -19"><span class='ocrx_word' id='word_1_144' title='bbox 403 1762 770 1836; x_wconf 78' lang='lat' dir='ltr'><strong>lnterrogandi</strong></span> <span class='ocrx_word' id='word_1_145' title='bbox 795 1773 917 1819; x_wconf 91' lang='lat' dir='ltr'><strong>sunt</strong></span> <span class='ocrx_word' id='word_1_146' title='bbox 938 1765 1099 1820; x_wconf 89' lang='lat' dir='ltr'><strong>etiam</strong></span> <span class='ocrx_word' id='word_1_147' title='bbox 1120 1767 1247 1835; x_wconf 86' lang='lat' dir='ltr'><strong>quid</strong></span> <span class='ocrx_word' id='word_1_148' title='bbox 1268 1766 1440 1836; x_wconf 83' lang='lat' dir='ltr'><strong>majus</strong></span> <span class='ocrx_word' id='word_1_149' title='bbox 1460 1768 1550 1833; x_wconf 85' lang='lat' dir='ltr'><strong>sit,</strong></span> <span class='ocrx_word' id='word_1_150' title='bbox 1574 1778 1750 1823; x_wconf 87' lang='lat' dir='ltr'><strong>utrum</strong></span> <span class='ocrx_word' id='word_1_151' title='bbox 1767 1772 1908 1835; x_wconf 77' lang='lat' dir='ltr'><strong>cmli,</strong></span> 
     </span>
    </p>
   </div>
   <div class='ocr_carea' id='block_1_21' title="bbox 330 1856 1914 1915">
    <p class='ocr_par' dir='ltr' id='par_1_21' title="bbox 330 1856 1914 1915">
     <span class='ocr_line' id='line_1_21' title="bbox 330 1856 1914 1915; baseline 0.005 -8"><span class='ocrx_word' id='word_1_152' title='bbox 330 1871 402 1908; x_wconf 82' lang='lat' dir='ltr'><strong>an</strong></span> <span class='ocrx_word' id='word_1_153' title='bbox 427 1856 652 1910; x_wconf 78' lang='lat' dir='ltr'><strong>virtutes</strong></span> <span class='ocrx_word' id='word_1_154' title='bbox 673 1856 951 1911; x_wconf 76' lang='lat' dir='ltr'><strong>caelorum.</strong></span> <span class='ocrx_word' id='word_1_155' title='bbox 990 1856 1056 1909; x_wconf 88' lang='lat' dir='ltr'><strong>Et</strong></span> <span class='ocrx_word' id='word_1_156' title='bbox 1079 1872 1201 1909; x_wconf 89' lang='lat' dir='ltr'><strong>cum</strong></span> <span class='ocrx_word' id='word_1_157' title='bbox 1227 1857 1343 1911; x_wconf 84' lang='lat' dir='ltr'><strong>sine</strong></span> <span class='ocrx_word' id='word_1_158' title='bbox 1366 1858 1526 1912; x_wconf 87' lang='lat' dir='ltr'><strong>dubio</strong></span> <span class='ocrx_word' id='word_1_159' title='bbox 1552 1859 1787 1914; x_wconf 80' lang='lat' dir='ltr'><strong>dixerint</strong></span> <span class='ocrx_word' id='word_1_160' title='bbox 1806 1862 1914 1915; x_wconf 91' lang='lat' dir='ltr'><strong>vir-</strong></span> 
     </span>
    </p>
   </div>
   <div class='ocr_carea' id='block_1_22' title="bbox 335 1947 1914 2022">
    <p class='ocr_par' dir='ltr' id='par_1_22' title="bbox 335 1947 1914 2022">
     <span class='ocr_line' id='line_1_22' title="bbox 335 1947 1914 2022; baseline 0.005 -22"><span class='ocrx_word' id='word_1_161' title='bbox 335 1954 476 2000; x_wconf 87' lang='lat' dir='ltr'><strong>tutes</strong></span> <span class='ocrx_word' id='word_1_162' title='bbox 505 1947 786 2013; x_wconf 81' lang='lat' dir='ltr'><strong>caelorum,</strong></span> <span class='ocrx_word' id='word_1_163' title='bbox 815 1948 1099 2003; x_wconf 86' lang='lat' dir='ltr'><strong>dicendum</strong></span> <span class='ocrx_word' id='word_1_164' title='bbox 1141 1955 1222 2002; x_wconf 85' lang='lat' dir='ltr'><strong>est</strong></span> <span class='ocrx_word' id='word_1_165' title='bbox 1257 1950 1336 2004; x_wconf 88' lang='lat' dir='ltr'><strong>eis</strong></span> <span class='ocrx_word' id='word_1_166' title='bbox 1362 1968 1374 2004; x_wconf 89' lang='lat'><strong>:</strong></span> <span class='ocrx_word' id='word_1_167' title='bbox 1400 1950 1457 2003; x_wconf 83' lang='lat' dir='ltr'><strong>In</strong></span> <span class='ocrx_word' id='word_1_168' title='bbox 1498 1958 1709 2006; x_wconf 79' lang='lat' dir='ltr'><strong>tantum</strong></span> <span class='ocrx_word' id='word_1_169' title='bbox 1750 1952 1914 2022; x_wconf 86' lang='lat' dir='ltr'><strong>Spiri—</strong></span> 
     </span>
    </p>
   </div>
   <div class='ocr_carea' id='block_1_23' title="bbox 336 2039 1912 2106">
    <p class='ocr_par' dir='ltr' id='par_1_23' title="bbox 336 2039 1912 2106">
     <span class='ocr_line' id='line_1_23' title="bbox 336 2039 1912 2106; baseline 0.006 -16"><span class='ocrx_word' id='word_1_170' title='bbox 336 2046 422 2091; x_wconf 88' lang='lat' dir='ltr'><strong>tus</strong></span> <span class='ocrx_word' id='word_1_171' title='bbox 447 2045 663 2092; x_wconf 86' lang='lat' dir='ltr'><strong>sanctus</strong></span> <span class='ocrx_word' id='word_1_172' title='bbox 689 2039 863 2094; x_wconf 91' lang='lat' dir='ltr'><strong>minor</strong></span> <span class='ocrx_word' id='word_1_173' title='bbox 881 2055 987 2093; x_wconf 89' lang='lat' dir='ltr'><strong>non</strong></span> <span class='ocrx_word' id='word_1_174' title='bbox 1009 2048 1113 2105; x_wconf 85' lang='lat' dir='ltr'><strong>est,</strong></span> <span class='ocrx_word' id='word_1_175' title='bbox 1138 2040 1230 2095; x_wconf 86' lang='lat' dir='ltr'><strong>sed</strong></span> <span class='ocrx_word' id='word_1_176' title='bbox 1254 2056 1496 2097; x_wconf 90' lang='lat' dir='ltr'><strong>summus</strong></span> <span class='ocrx_word' id='word_1_177' title='bbox 1519 2052 1623 2106; x_wconf 90' lang='lat' dir='ltr'><strong>est,</strong></span> <span class='ocrx_word' id='word_1_178' title='bbox 1651 2054 1712 2097; x_wconf 89' lang='lat' dir='ltr'><strong>ut</strong></span> <span class='ocrx_word' id='word_1_179' title='bbox 1734 2045 1912 2100; x_wconf 79' lang='lat' dir='ltr'><strong>Verbo</strong></span> 
     </span>
    </p>
   </div>
   <div class='ocr_carea' id='block_1_24' title="bbox 334 2128 1911 2199">
    <p class='ocr_par' dir='ltr' id='par_1_24' title="bbox 334 2128 1911 2199">
     <span class='ocr_line' id='line_1_24' title="bbox 334 2128 1911 2199; baseline 0.004 -17"><span class='ocrx_word' id='word_1_180' title='bbox 334 2129 542 2182; x_wconf 79' lang='lat' dir='ltr'><strong>Domini</strong></span> <span class='ocrx_word' id='word_1_181' title='bbox 570 2128 820 2182; x_wconf 88' lang='lat' dir='ltr'><strong>dicantur</strong></span> <span class='ocrx_word' id='word_1_182' title='bbox 843 2128 963 2183; x_wconf 76' lang='lat' dir='ltr'><strong>cmli</strong></span> <span class='ocrx_word' id='word_1_183' title='bbox 996 2131 1197 2194; x_wconf 86' lang='lat' dir='ltr'><strong>creati,</strong></span> <span class='ocrx_word' id='word_1_184' title='bbox 1235 2129 1440 2199; x_wconf 89' lang='lat' dir='ltr'><strong>Spiritu</strong></span> <span class='ocrx_word' id='word_1_185' title='bbox 1470 2141 1658 2189; x_wconf 88' lang='lat' dir='ltr'><strong>sancto</strong></span> <span class='ocrx_word' id='word_1_186' title='bbox 1686 2134 1911 2190; x_wconf 85' lang='lat' dir='ltr'><strong>virtutes</strong></span> 
     </span>
    </p>
   </div>
   <div class='ocr_carea' id='block_1_25' title="bbox 333 2219 1913 2295">
    <p class='ocr_par' dir='ltr' id='par_1_25' title="bbox 333 2219 1913 2295">
     <span class='ocr_line' id='line_1_25' title="bbox 333 2219 1913 2295; baseline 0.003 -21"><span class='ocrx_word' id='word_1_187' title='bbox 333 2219 612 2274; x_wconf 75' lang='lat' dir='ltr'><strong>ctelorum.</strong></span> <span class='ocrx_word' id='word_1_188' title='bbox 657 2219 854 2288; x_wconf 84' lang='lat' dir='ltr'><strong>Accipe</strong></span> <span class='ocrx_word' id='word_1_189' title='bbox 882 2219 1058 2274; x_wconf 88' lang='lat' dir='ltr'><strong>adhuc</strong></span> <span class='ocrx_word' id='word_1_190' title='bbox 1087 2220 1175 2275; x_wconf 86' lang='lat' dir='ltr'><strong>ubi</strong></span> <span class='ocrx_word' id='word_1_191' title='bbox 1198 2229 1412 2277; x_wconf 86' lang='lat' dir='ltr'><strong>creator</strong></span> <span class='ocrx_word' id='word_1_192' title='bbox 1435 2223 1712 2278; x_wconf 83' lang='lat' dir='ltr'><strong>evidenter</strong></span> <span class='ocrx_word' id='word_1_193' title='bbox 1742 2224 1913 2295; x_wconf 83' lang='lat' dir='ltr'><strong>Spiri-</strong></span> 
     </span>
    </p>
   </div>
   <div class='ocr_carea' id='block_1_26' title="bbox 335 2306 1911 2381">
    <p class='ocr_par' dir='ltr' id='par_1_26' title="bbox 335 2306 1911 2381">
     <span class='ocr_line' id='line_1_26' title="bbox 335 2306 1911 2381; baseline 0.004 -19"><span class='ocrx_word' id='word_1_194' title='bbox 335 2318 423 2364; x_wconf 88' lang='lat' dir='ltr'><strong>tus</strong></span> <span class='ocrx_word' id='word_1_195' title='bbox 457 2317 678 2363; x_wconf 87' lang='lat' dir='ltr'><strong>sanctus</strong></span> <span class='ocrx_word' id='word_1_196' title='bbox 712 2309 1056 2364; x_wconf 77' lang='lat' dir='ltr'><strong>describitur.</strong></span> <span class='ocrx_word' id='word_1_197' title='bbox 1107 2306 1208 2364; x_wconf 85' lang='lat' dir='ltr'><strong>Joh</strong></span> <span class='ocrx_word' id='word_1_198' title='bbox 1250 2311 1379 2365; x_wconf 88' lang='lat' dir='ltr'><strong>dicit</strong></span> <span class='ocrx_word' id='word_1_199' title='bbox 1405 2327 1419 2364; x_wconf 86' lang='lat'>:</span> <span class='ocrx_word' id='word_1_200' title='bbox 1442 2313 1677 2381; x_wconf 76' lang='lat' dir='ltr'><strong>Spiritus</strong></span> <span class='ocrx_word' id='word_1_201' title='bbox 1706 2314 1911 2369; x_wconf 75' lang='lat' dir='ltr'><strong>divinus</strong></span> 
     </span>
    </p>
   </div>
   <div class='ocr_carea' id='block_1_27' title="bbox 330 2399 1911 2469">
    <p class='ocr_par' dir='ltr' id='par_1_27' title="bbox 330 2399 1911 2469">
     <span class='ocr_line' id='line_1_27' title="bbox 330 2399 1911 2469; baseline 0.005 -18"><span class='ocrx_word' id='word_1_202' title='bbox 330 2401 420 2469; x_wconf 83' lang='lat' dir='ltr'><strong>qui</strong></span> <span class='ocrx_word' id='word_1_203' title='bbox 468 2400 587 2468; x_wconf 80' lang='lat' dir='ltr'><strong>fecit</strong></span> <span class='ocrx_word' id='word_1_204' title='bbox 627 2415 728 2453; x_wconf 88' lang='lat' dir='ltr'><strong>me.</strong></span> <span class='ocrx_word' id='word_1_205' title='bbox 770 2399 839 2452; x_wconf 86' lang='lat' dir='ltr'><strong>Et</strong></span> <span class='ocrx_word' id='word_1_206' title='bbox 885 2399 1125 2452; x_wconf 89' lang='lat' dir='ltr'><strong>divinum</strong></span> <span class='ocrx_word' id='word_1_207' title='bbox 1164 2400 1347 2468; x_wconf 72' lang='lat' dir='ltr'><strong>utique</strong></span> <span class='ocrx_word' id='word_1_208' title='bbox 1382 2408 1437 2453; x_wconf 86' lang='lat' dir='ltr'><strong>et</strong></span> <span class='ocrx_word' id='word_1_209' title='bbox 1468 2410 1769 2456; x_wconf 87' lang='lat' dir='ltr'><strong>creatorem</strong></span> <span class='ocrx_word' id='word_1_210' title='bbox 1805 2419 1911 2458; x_wconf 90' lang='lat' dir='ltr'><strong>uno</strong></span> 
     </span>
    </p>
   </div>
   <div class='ocr_carea' id='block_1_28' title="bbox 335 2489 1913 2560">
    <p class='ocr_par' dir='ltr' id='par_1_28' title="bbox 335 2489 1913 2560">
     <span class='ocr_line' id='line_1_28' title="bbox 335 2489 1913 2560; baseline 0.004 -19"><span class='ocrx_word' id='word_1_211' title='bbox 335 2489 598 2543; x_wconf 84' lang='lat' dir='ltr'><strong>versiculo</strong></span> <span class='ocrx_word' id='word_1_212' title='bbox 650 2489 1057 2552; x_wconf 73' lang='lat' dir='ltr'><strong>demonstravit,</strong></span> <span class='ocrx_word' id='word_1_213' title='bbox 1107 2504 1230 2543; x_wconf 82' lang='lat' dir='ltr'><strong>cum</strong></span> <span class='ocrx_word' id='word_1_214' title='bbox 1286 2490 1525 2544; x_wconf 90' lang='lat' dir='ltr'><strong>divinum</strong></span> <span class='ocrx_word' id='word_1_215' title='bbox 1577 2491 1807 2560; x_wconf 86' lang='lat' dir='ltr'><strong>appellat</strong></span> <span class='ocrx_word' id='word_1_216' title='bbox 1856 2501 1913 2547; x_wconf 86' lang='lat' dir='ltr'><strong>et</strong></span> 
     </span>
    </p>
   </div>
   <div class='ocr_carea' id='block_1_29' title="bbox 335 2579 1908 2643">
    <p class='ocr_par' dir='ltr' id='par_1_29' title="bbox 335 2579 1908 2643">
     <span class='ocr_line' id='line_1_29' title="bbox 335 2579 1908 2643; baseline 0.004 -12"><span class='ocrx_word' id='word_1_217' title='bbox 335 2579 503 2632; x_wconf 87' lang='lat' dir='ltr'><strong>Deum</strong></span> <span class='ocrx_word' id='word_1_218' title='bbox 557 2587 856 2633; x_wconf 79' lang='lat' dir='ltr'><strong>creatorem</strong></span> <span class='ocrx_word' id='word_1_219' title='bbox 903 2580 1172 2643; x_wconf 85' lang='lat' dir='ltr'><strong>ostendit;</strong></span> <span class='ocrx_word' id='word_1_220' title='bbox 1227 2580 1367 2634; x_wconf 85' lang='lat' dir='ltr'><strong>sicut</strong></span> <span class='ocrx_word' id='word_1_221' title='bbox 1414 2590 1468 2635; x_wconf 86' lang='lat' dir='ltr'><strong>et</strong></span> <span class='ocrx_word' id='word_1_222' title='bbox 1519 2582 1685 2636; x_wconf 82' lang='lat' dir='ltr'><strong>David</strong></span> <span class='ocrx_word' id='word_1_223' title='bbox 1734 2583 1908 2637; x_wconf 87' lang='lat' dir='ltr'><strong>dicit:</strong></span> 
     </span>
    </p>
   </div>
   <div class='ocr_carea' id='block_1_30' title="bbox 337 2665 1910 2743">
    <p class='ocr_par' dir='ltr' id='par_1_30' title="bbox 337 2665 1910 2743">
     <span class='ocr_line' id='line_1_30' title="bbox 337 2665 1910 2743; baseline 0.006 -25"><span class='ocrx_word' id='word_1_224' title='bbox 337 2665 529 2719; x_wconf 79' lang='lat' dir='ltr'><strong>Emitte</strong></span> <span class='ocrx_word' id='word_1_225' title='bbox 550 2665 804 2738; x_wconf 85' lang='lat' dir='ltr'><strong>Spiritum</strong></span> <span class='ocrx_word' id='word_1_226' title='bbox 825 2676 995 2733; x_wconf 89' lang='lat' dir='ltr'><strong>tuum,</strong></span> <span class='ocrx_word' id='word_1_227' title='bbox 1017 2678 1063 2721; x_wconf 89' lang='lat' dir='ltr'><strong>et</strong></span> <span class='ocrx_word' id='word_1_228' title='bbox 1091 2670 1427 2729; x_wconf 73' lang='lat' dir='ltr'><strong>creabantur.</strong></span> <span class='ocrx_word' id='word_1_229' title='bbox 1457 2680 1503 2725; x_wconf 90' lang='lat' dir='ltr'><strong>et</strong></span> <span class='ocrx_word' id='word_1_230' title='bbox 1540 2673 1805 2727; x_wconf 79' lang='lat' dir='ltr'><strong>renovabis</strong></span> <span class='ocrx_word' id='word_1_231' title='bbox 1824 2674 1910 2743; x_wconf 85' lang='lat' dir='ltr'><strong>fn-</strong></span> 
     </span>
    </p>
   </div>
   <div class='ocr_carea' id='block_1_31' title="bbox 334 2757 665 2812">
    <p class='ocr_par' dir='ltr' id='par_1_31' title="bbox 334 2757 665 2812">
     <span class='ocr_line' id='line_1_31' title="bbox 334 2757 665 2812; baseline 0.006 -2"><span class='ocrx_word' id='word_1_232' title='bbox 334 2757 462 2810; x_wconf 81' lang='lat' dir='ltr'><strong>ciem</strong></span> <span class='ocrx_word' id='word_1_233' title='bbox 493 2768 665 2812; x_wconf 78' lang='lat' dir='ltr'><strong>teme.</strong></span> 
     </span>
    </p>
   </div>
   <div class='ocr_carea' id='block_1_32' title="bbox 404 2848 1912 2926">
    <p class='ocr_par' dir='ltr' id='par_1_32' title="bbox 404 2848 1912 2926">
     <span class='ocr_line' id='line_1_32' title="bbox 404 2848 1912 2926; baseline 0.008 -25"><span class='ocrx_word' id='word_1_234' title='bbox 404 2848 767 2919; x_wconf 69' lang='lat' dir='ltr'><strong>[interrogandi</strong></span> <span class='ocrx_word' id='word_1_235' title='bbox 811 2849 971 2905; x_wconf 87' lang='lat' dir='ltr'><strong>etiam</strong></span> <span class='ocrx_word' id='word_1_236' title='bbox 1013 2860 1137 2905; x_wconf 89' lang='lat' dir='ltr'><strong>sunt</strong></span> <span class='ocrx_word' id='word_1_237' title='bbox 1184 2852 1227 2906; x_wconf 89' lang='lat' dir='ltr'><strong>si</strong></span> <span class='ocrx_word' id='word_1_238' title='bbox 1269 2862 1517 2908; x_wconf 88' lang='lat' dir='ltr'><strong>creatura</strong></span> <span class='ocrx_word' id='word_1_239' title='bbox 1556 2855 1756 2926; x_wconf 89' lang='lat' dir='ltr'><strong>ubique</strong></span> <span class='ocrx_word' id='word_1_240' title='bbox 1791 2871 1912 2913; x_wconf 87' lang='lat' dir='ltr'><strong>esse</strong></span> 
     </span>
    </p>
   </div>
   <div class='ocr_carea' id='block_1_33' title="bbox 326 2940 1913 3013">
    <p class='ocr_par' dir='ltr' id='par_1_33' title="bbox 326 2940 1913 3013">
     <span class='ocr_line' id='line_1_33' title="bbox 326 2940 1913 3013; baseline 0.006 -22"><span class='ocrx_word' id='word_1_241' title='bbox 326 2947 510 3009; x_wconf 77' lang='lat' dir='ltr'><strong>potest</strong></span> <span class='ocrx_word' id='word_1_242' title='bbox 537 2954 604 2993; x_wconf 85' lang='lat' dir='ltr'><strong>an</strong></span> <span class='ocrx_word' id='word_1_243' title='bbox 632 2955 760 2994; x_wconf 90' lang='lat' dir='ltr'><strong>non.</strong></span> <span class='ocrx_word' id='word_1_244' title='bbox 822 2940 890 2995; x_wconf 88' lang='lat' dir='ltr'><strong>Et</strong></span> <span class='ocrx_word' id='word_1_245' title='bbox 925 2956 1047 2995; x_wconf 90' lang='lat' dir='ltr'><strong>eum</strong></span> <span class='ocrx_word' id='word_1_246' title='bbox 1091 2942 1467 3011; x_wconf 88' lang='lat' dir='ltr'><strong>responderint</strong></span> <span class='ocrx_word' id='word_1_247' title='bbox 1497 2944 1622 3013; x_wconf 84' lang='lat' dir='ltr'><strong>quia</strong></span> <span class='ocrx_word' id='word_1_248' title='bbox 1655 2960 1760 2998; x_wconf 92' lang='lat' dir='ltr'><strong>non</strong></span> <span class='ocrx_word' id='word_1_249' title='bbox 1793 2946 1913 3001; x_wconf 88' lang='lat' dir='ltr'><strong>ubi-</strong></span> 
     </span>
    </p>
   </div>
   <div class='ocr_carea' id='block_1_34' title="bbox 2018 412 3595 485">
    <p class='ocr_par' dir='ltr' id='par_1_34' title="bbox 2018 412 3595 485">
     <span class='ocr_line' id='line_1_34' title="bbox 2018 412 3595 485; baseline 0.001 -14"><span class='ocrx_word' id='word_1_250' title='bbox 2018 416 2163 471; x_wconf 86' lang='lat' dir='ltr'><strong>idem</strong></span> <span class='ocrx_word' id='word_1_251' title='bbox 2185 412 2470 485; x_wconf 74' lang='lat' dir='ltr'><strong>Apostolus</strong></span> <span class='ocrx_word' id='word_1_252' title='bbox 2499 432 2511 466; x_wconf 89' lang='lat'>:</span> <span class='ocrx_word' id='word_1_253' title='bbox 2554 413 2695 467; x_wconf 87' lang='lat' dir='ltr'><strong>Deus</strong></span> <span class='ocrx_word' id='word_1_254' title='bbox 2732 413 2822 484; x_wconf 85' lang='lat' dir='ltr'><strong>qui</strong></span> <span class='ocrx_word' id='word_1_255' title='bbox 2855 413 3100 482; x_wconf 73' lang='lat' dir='ltr'><strong>prtedia&#39;it</strong></span> <span class='ocrx_word' id='word_1_256' title='bbox 3132 416 3186 468; x_wconf 90' lang='lat' dir='ltr'><strong>in</strong></span> <span class='ocrx_word' id='word_1_257' title='bbox 3220 416 3460 471; x_wconf 82' lang='lat' dir='ltr'><strong>cordibus</strong></span> <span class='ocrx_word' id='word_1_258' title='bbox 3502 435 3595 472; x_wconf 83' lang='lat' dir='ltr'><strong>no-</strong></span> 
     </span>
    </p>
   </div>
   <div class='ocr_carea' id='block_1_35' title="bbox 2017 500 3595 574">
    <p class='ocr_par' dir='ltr' id='par_1_35' title="bbox 2017 500 3595 574">
     <span class='ocr_line' id='line_1_35' title="bbox 2017 500 3595 574; baseline -0.001 -16"><span class='ocrx_word' id='word_1_259' title='bbox 2017 505 2141 559; x_wconf 87' lang='lat' dir='ltr'><strong>stris</strong></span> <span class='ocrx_word' id='word_1_260' title='bbox 2171 503 2240 558; x_wconf 88' lang='lat' dir='ltr'><strong>ad</strong></span> <span class='ocrx_word' id='word_1_261' title='bbox 2278 502 2711 557; x_wconf 84' lang='lat' dir='ltr'><strong>illuminationem</strong></span> <span class='ocrx_word' id='word_1_262' title='bbox 2738 501 2966 560; x_wconf 82' lang='lat' dir='ltr'><strong>scientia:</strong></span> <span class='ocrx_word' id='word_1_263' title='bbox 2996 500 3251 556; x_wconf 83' lang='lat' dir='ltr'><strong>claritatis</strong></span> <span class='ocrx_word' id='word_1_264' title='bbox 3286 502 3384 561; x_wconf 89' lang='lat' dir='ltr'><strong>Dei</strong></span> <span class='ocrx_word' id='word_1_265' title='bbox 3420 504 3474 558; x_wconf 87' lang='lat' dir='ltr'><strong>in</strong></span> <span class='ocrx_word' id='word_1_266' title='bbox 3513 505 3595 574; x_wconf 90' lang='lat' dir='ltr'><strong>fa-</strong></span> 
     </span>
    </p>
   </div>
   <div class='ocr_carea' id='block_1_36' title="bbox 2017 588 3577 659">
    <p class='ocr_par' dir='ltr' id='par_1_36' title="bbox 2017 588 3577 659">
     <span class='ocr_line' id='line_1_36' title="bbox 2017 588 3577 659; baseline -0.002 -12"><span class='ocrx_word' id='word_1_267' title='bbox 2017 595 2145 647; x_wconf 84' lang='lat' dir='ltr'><strong>ciem</strong></span> <span class='ocrx_word' id='word_1_268' title='bbox 2176 591 2304 646; x_wconf 80' lang='lat' dir='ltr'><strong>Iesu</strong></span> <span class='ocrx_word' id='word_1_269' title='bbox 2336 590 2550 646; x_wconf 83' lang='lat' dir='ltr'><strong>Christi.</strong></span> <span class='ocrx_word' id='word_1_270' title='bbox 2591 591 2708 659; x_wconf 87' lang='lat' dir='ltr'><strong>Quo</strong></span> <span class='ocrx_word' id='word_1_271' title='bbox 2736 590 2855 643; x_wconf 91' lang='lat' dir='ltr'><strong>loco</strong></span> <span class='ocrx_word' id='word_1_272' title='bbox 2891 588 3328 646; x_wconf 83' lang='lat' dir='ltr'><strong>manifestissime</strong></span> <span class='ocrx_word' id='word_1_273' title='bbox 3358 592 3577 647; x_wconf 82' lang='lat' dir='ltr'><strong>Trinita-</strong></span> 
     </span>
    </p>
   </div>
   <div class='ocr_carea' id='block_1_37' title="bbox 2018 680 3472 751">
    <p class='ocr_par' dir='ltr' id='par_1_37' title="bbox 2018 680 3472 751">
     <span class='ocr_line' id='line_1_37' title="bbox 2018 680 3472 751; baseline -0.002 -15"><span class='ocrx_word' id='word_1_274' title='bbox 2018 684 2351 751; x_wconf 84' lang='lat' dir='ltr'><strong>intelligitur.</strong></span> <span class='ocrx_word' id='word_1_275' title='bbox 2406 683 2460 736; x_wconf 89' lang='lat' dir='ltr'><strong>In</strong></span> <span class='ocrx_word' id='word_1_276' title='bbox 2498 697 2562 736; x_wconf 86' lang='lat' dir='ltr'><strong>eo</strong></span> <span class='ocrx_word' id='word_1_277' title='bbox 2598 696 2726 735; x_wconf 79' lang='lat' dir='ltr'><strong>vero</strong></span> <span class='ocrx_word' id='word_1_278' title='bbox 2764 681 2853 734; x_wconf 72' lang='lat' dir='ltr'><strong>ubi</strong></span> <span class='ocrx_word' id='word_1_279' title='bbox 2896 680 3026 735; x_wconf 86' lang='lat' dir='ltr'><strong>dicit</strong></span> <span class='ocrx_word' id='word_1_280' title='bbox 3063 681 3116 733; x_wconf 91' lang='lat' dir='ltr'><strong>in</strong></span> <span class='ocrx_word' id='word_1_281' title='bbox 3160 681 3351 750; x_wconf 89' lang='lat' dir='ltr'><strong>faciem</strong></span> <span class='ocrx_word' id='word_1_282' title='bbox 3399 680 3472 736; x_wconf 84' lang='lat' dir='ltr'><strong>Ch</strong></span> 
     </span>
    </p>
   </div>
   <div class='ocr_carea' id='block_1_38' title="bbox 2014 772 2707 842">
    <p class='ocr_par' dir='ltr' id='par_1_38' title="bbox 2014 772 2707 842">
     <span class='ocr_line' id='line_1_38' title="bbox 2014 772 2707 842; baseline 0 -17"><span class='ocrx_word' id='word_1_283' title='bbox 2014 772 2165 839; x_wconf 62' lang='lat' dir='ltr'><strong>Iesu,</strong></span> <span class='ocrx_word' id='word_1_284' title='bbox 2192 772 2358 828; x_wconf 71' lang='lat' dir='ltr'><strong>Filius</strong></span> <span class='ocrx_word' id='word_1_285' title='bbox 2380 773 2707 842; x_wconf 79' lang='lat' dir='ltr'><strong>designatur.</strong></span> 
     </span>
    </p>
   </div>
   <div class='ocr_carea' id='block_1_39' title="bbox 2086 864 3455 936">
    <p class='ocr_par' dir='ltr' id='par_1_39' title="bbox 2086 864 3455 936">
     <span class='ocr_line' id='line_1_39' title="bbox 2086 864 3455 936; baseline 0.001 -18"><span class='ocrx_word' id='word_1_286' title='bbox 2086 864 2222 919; x_wconf 83' lang='lat' dir='ltr'><strong>Audi</strong></span> <span class='ocrx_word' id='word_1_287' title='bbox 2245 865 2420 920; x_wconf 81' lang='lat' dir='ltr'><strong>adhuc</strong></span> <span class='ocrx_word' id='word_1_288' title='bbox 2442 866 2565 936; x_wconf 85' lang='lat' dir='ltr'><strong>quia</strong></span> <span class='ocrx_word' id='word_1_289' title='bbox 2586 864 2823 919; x_wconf 72' lang='lat' dir='ltr'><strong>Trinitas</strong></span> <span class='ocrx_word' id='word_1_290' title='bbox 2853 866 2905 920; x_wconf 91' lang='lat' dir='ltr'><strong>in</strong></span> <span class='ocrx_word' id='word_1_291' title='bbox 2938 866 3141 921; x_wconf 88' lang='lat' dir='ltr'><strong>unitate</strong></span> <span class='ocrx_word' id='word_1_292' title='bbox 3166 874 3368 931; x_wconf 86' lang='lat' dir='ltr'><strong>manet,</strong></span> <span class='ocrx_word' id='word_1_293' title='bbox 3401 890 3455 921; x_wconf 58' lang='lat' dir='ltr'><strong>et</strong></span> 
     </span>
    </p>
   </div>
   <div class='ocr_carea' id='block_1_40' title="bbox 2017 954 3595 1026">
    <p class='ocr_par' dir='ltr' id='par_1_40' title="bbox 2017 954 3595 1026">
     <span class='ocr_line' id='line_1_40' title="bbox 2017 954 3595 1026; baseline -0.001 -17"><span class='ocrx_word' id='word_1_294' title='bbox 2017 963 2102 1010; x_wconf 87' lang='lat' dir='ltr'><strong>tas</strong></span> <span class='ocrx_word' id='word_1_295' title='bbox 2132 956 2185 1008; x_wconf 89' lang='lat' dir='ltr'><strong>in</strong></span> <span class='ocrx_word' id='word_1_296' title='bbox 2216 955 2502 1020; x_wconf 86' lang='lat' dir='ltr'><strong>Trinitate,</strong></span> <span class='ocrx_word' id='word_1_297' title='bbox 2536 954 2848 1024; x_wconf 88' lang='lat' dir='ltr'><strong>angelorum</strong></span> <span class='ocrx_word' id='word_1_298' title='bbox 2881 963 2935 1008; x_wconf 90' lang='lat' dir='ltr'><strong>et</strong></span> <span class='ocrx_word' id='word_1_299' title='bbox 2957 956 3401 1026; x_wconf 80' lang='lat' dir='ltr'><strong>archangelomtn</strong></span> <span class='ocrx_word' id='word_1_300' title='bbox 3434 972 3595 1008; x_wconf 62' lang='lat' dir='ltr'><strong>mm</strong></span> 
     </span>
    </p>
   </div>
   <div class='ocr_carea' id='block_1_41' title="bbox 2015 1046 3596 1116">
    <p class='ocr_par' dir='ltr' id='par_1_41' title="bbox 2015 1046 3596 1116">
     <span class='ocr_line' id='line_1_41' title="bbox 2015 1046 3596 1116; baseline -0.003 -14"><span class='ocrx_word' id='word_1_301' title='bbox 2015 1048 2287 1102; x_wconf 82' lang='lat' dir='ltr'><strong>declarant</strong></span> <span class='ocrx_word' id='word_1_302' title='bbox 2322 1048 2373 1101; x_wconf 91' lang='lat' dir='ltr'><strong>in</strong></span> <span class='ocrx_word' id='word_1_303' title='bbox 2412 1047 2568 1112; x_wconf 64' lang='lat' dir='ltr'><strong>Isaia,</strong></span> <span class='ocrx_word' id='word_1_304' title='bbox 2606 1047 2696 1100; x_wconf 86' lang='lat' dir='ltr'><strong>ubi</strong></span> <span class='ocrx_word' id='word_1_305' title='bbox 2731 1046 3001 1115; x_wconf 86' lang='lat' dir='ltr'><strong>serapbim</strong></span> <span class='ocrx_word' id='word_1_306' title='bbox 3044 1046 3302 1116; x_wconf 77' lang='lat' dir='ltr'><strong>hymnum</strong></span> <span class='ocrx_word' id='word_1_307' title='bbox 3339 1047 3596 1100; x_wconf 82' lang='lat' dir='ltr'><strong>scribitur</strong></span> 
     </span>
    </p>
   </div>
   <div class='ocr_carea' id='block_1_42' title="bbox 2015 1135 3596 1203">
    <p class='ocr_par' dir='ltr' id='par_1_42' title="bbox 2015 1135 3596 1203">
     <span class='ocr_line' id='line_1_42' title="bbox 2015 1135 3596 1203; baseline -0.004 -10"><span class='ocrx_word' id='word_1_308' title='bbox 2015 1140 2215 1203; x_wconf 83' lang='lat' dir='ltr'><strong>dicere,</strong></span> <span class='ocrx_word' id='word_1_309' title='bbox 2257 1137 2506 1200; x_wconf 87' lang='lat' dir='ltr'><strong>Sanctus,</strong></span> <span class='ocrx_word' id='word_1_310' title='bbox 2537 1146 2766 1197; x_wconf 86' lang='lat' dir='ltr'><strong>sanctus,</strong></span> <span class='ocrx_word' id='word_1_311' title='bbox 2798 1146 3009 1190; x_wconf 86' lang='lat' dir='ltr'><strong>sanctus</strong></span> <span class='ocrx_word' id='word_1_312' title='bbox 3044 1135 3298 1189; x_wconf 79' lang='lat' dir='ltr'><strong>Dominus</strong></span> <span class='ocrx_word' id='word_1_313' title='bbox 3322 1135 3463 1189; x_wconf 84' lang='lat' dir='ltr'><strong>Deus</strong></span> <span class='ocrx_word' id='word_1_314' title='bbox 3494 1136 3596 1191; x_wconf 73' lang='lat' dir='ltr'><strong>Sc-</strong></span> 
     </span>
    </p>
   </div>
   <div class='ocr_carea' id='block_1_43' title="bbox 2015 1225 3591 1296">
    <p class='ocr_par' dir='ltr' id='par_1_43' title="bbox 2015 1225 3591 1296">
     <span class='ocr_line' id='line_1_43' title="bbox 2015 1225 3591 1296; baseline -0.003 -14"><span class='ocrx_word' id='word_1_315' title='bbox 2015 1230 2192 1294; x_wconf 86' lang='lat' dir='ltr'><strong>baoth,</strong></span> <span class='ocrx_word' id='word_1_316' title='bbox 2236 1228 2285 1283; x_wconf 87' lang='lat' dir='ltr'><strong>id</strong></span> <span class='ocrx_word' id='word_1_317' title='bbox 2322 1236 2423 1293; x_wconf 86' lang='lat' dir='ltr'><strong>est,</strong></span> <span class='ocrx_word' id='word_1_318' title='bbox 2465 1236 2525 1282; x_wconf 89' lang='lat' dir='ltr'><strong>ut</strong></span> <span class='ocrx_word' id='word_1_319' title='bbox 2572 1237 2681 1283; x_wconf 86' lang='lat' dir='ltr'><strong>tres</strong></span> <span class='ocrx_word' id='word_1_320' title='bbox 2720 1242 2977 1296; x_wconf 84' lang='lat' dir='ltr'><strong>personas</strong></span> <span class='ocrx_word' id='word_1_321' title='bbox 3010 1235 3065 1281; x_wconf 89' lang='lat' dir='ltr'><strong>et</strong></span> <span class='ocrx_word' id='word_1_322' title='bbox 3100 1243 3262 1279; x_wconf 90' lang='lat' dir='ltr'><strong>unum</strong></span> <span class='ocrx_word' id='word_1_323' title='bbox 3298 1225 3465 1280; x_wconf 86' lang='lat' dir='ltr'><strong>Deum</strong></span> <span class='ocrx_word' id='word_1_324' title='bbox 3508 1228 3591 1279; x_wconf 88' lang='lat' dir='ltr'><strong>in-</strong></span> 
     </span>
    </p>
   </div>
   <div class='ocr_carea' id='block_1_44' title="bbox 2015 1314 3595 1389">
    <p class='ocr_par' dir='ltr' id='par_1_44' title="bbox 2015 1314 3595 1389">
     <span class='ocr_line' id='line_1_44' title="bbox 2015 1314 3595 1389; baseline -0.003 -16"><span class='ocrx_word' id='word_1_325' title='bbox 2015 1318 2244 1389; x_wconf 88' lang='lat' dir='ltr'><strong>telligas.</strong></span> <span class='ocrx_word' id='word_1_326' title='bbox 2282 1316 2400 1371; x_wconf 89' lang='lat' dir='ltr'><strong>Non</strong></span> <span class='ocrx_word' id='word_1_327' title='bbox 2438 1317 2607 1372; x_wconf 85' lang='lat' dir='ltr'><strong>semel</strong></span> <span class='ocrx_word' id='word_1_328' title='bbox 2644 1316 2866 1379; x_wconf 85' lang='lat' dir='ltr'><strong>dicunt,</strong></span> <span class='ocrx_word' id='word_1_329' title='bbox 2904 1331 2972 1370; x_wconf 89' lang='lat' dir='ltr'><strong>ne</strong></span> <span class='ocrx_word' id='word_1_330' title='bbox 3007 1314 3436 1384; x_wconf 67' lang='lat' dir='ltr'><strong>singularitatem</strong></span> <span class='ocrx_word' id='word_1_331' title='bbox 3476 1333 3595 1369; x_wconf 80' lang='lat' dir='ltr'><strong>cre-</strong></span> 
     </span>
    </p>
   </div>
   <div class='ocr_carea' id='block_1_45' title="bbox 2015 1405 3591 1478">
    <p class='ocr_par' dir='ltr' id='par_1_45' title="bbox 2015 1405 3591 1478">
     <span class='ocr_line' id='line_1_45' title="bbox 2015 1405 3591 1478; baseline -0.004 -15"><span class='ocrx_word' id='word_1_332' title='bbox 2015 1408 2141 1473; x_wconf 87' lang='lat' dir='ltr'><strong>das;</strong></span> <span class='ocrx_word' id='word_1_333' title='bbox 2187 1423 2295 1463; x_wconf 88' lang='lat' dir='ltr'><strong>non</strong></span> <span class='ocrx_word' id='word_1_334' title='bbox 2350 1407 2660 1478; x_wconf 80' lang='lat' dir='ltr'><strong>singillatim</strong></span> <span class='ocrx_word' id='word_1_335' title='bbox 2689 1448 2703 1471; x_wconf 95' lang='lat'><strong>,</strong></span> <span class='ocrx_word' id='word_1_336' title='bbox 2754 1422 2823 1461; x_wconf 88' lang='lat' dir='ltr'><strong>ne</strong></span> <span class='ocrx_word' id='word_1_337' title='bbox 2861 1414 3106 1461; x_wconf 87' lang='lat' dir='ltr'><strong>sanctum</strong></span> <span class='ocrx_word' id='word_1_338' title='bbox 3154 1405 3445 1470; x_wconf 82' lang='lat' dir='ltr'><strong>excludas;</strong></span> <span class='ocrx_word' id='word_1_339' title='bbox 3485 1424 3591 1458; x_wconf 67' lang='lat' dir='ltr'><strong>non</strong></span> 
     </span>
    </p>
   </div>
   <div class='ocr_carea' id='block_1_46' title="bbox 2012 1496 3592 1566">
    <p class='ocr_par' dir='ltr' id='par_1_46' title="bbox 2012 1496 3592 1566">
     <span class='ocr_line' id='line_1_46' title="bbox 2012 1496 3592 1566; baseline -0.004 -13"><span class='ocrx_word' id='word_1_340' title='bbox 2012 1499 2183 1553; x_wconf 86' lang='lat' dir='ltr'><strong>sancti</strong></span> <span class='ocrx_word' id='word_1_341' title='bbox 2217 1499 2416 1552; x_wconf 83' lang='lat' dir='ltr'><strong>domini</strong></span> <span class='ocrx_word' id='word_1_342' title='bbox 2451 1499 2526 1551; x_wconf 85' lang='lat' dir='ltr'><strong>dii</strong></span> <span class='ocrx_word' id='word_1_343' title='bbox 2563 1496 2869 1557; x_wconf 84' lang='lat' dir='ltr'><strong>Sabaothes,</strong></span> <span class='ocrx_word' id='word_1_344' title='bbox 2903 1512 2971 1551; x_wconf 87' lang='lat' dir='ltr'><strong>ne</strong></span> <span class='ocrx_word' id='word_1_345' title='bbox 3000 1505 3110 1551; x_wconf 89' lang='lat' dir='ltr'><strong>tres</strong></span> <span class='ocrx_word' id='word_1_346' title='bbox 3140 1496 3266 1550; x_wconf 83' lang='lat' dir='ltr'><strong>deos</strong></span> <span class='ocrx_word' id='word_1_347' title='bbox 3293 1511 3442 1550; x_wconf 86' lang='lat' dir='ltr'><strong>more</strong></span> <span class='ocrx_word' id='word_1_348' title='bbox 3466 1512 3592 1566; x_wconf 80' lang='lat' dir='ltr'><strong>get.-</strong></span> 
     </span>
    </p>
   </div>
   <div class='ocr_carea' id='block_1_47' title="bbox 2013 1585 3589 1654">
    <p class='ocr_par' dir='ltr' id='par_1_47' title="bbox 2013 1585 3589 1654">
     <span class='ocr_line' id='line_1_47' title="bbox 2013 1585 3589 1654; baseline -0.003 -12"><span class='ocrx_word' id='word_1_349' title='bbox 2013 1589 2187 1643; x_wconf 89' lang='lat' dir='ltr'><strong>tilium</strong></span> <span class='ocrx_word' id='word_1_350' title='bbox 2213 1589 2464 1654; x_wconf 82' lang='lat' dir='ltr'><strong>fatearis;</strong></span> <span class='ocrx_word' id='word_1_351' title='bbox 2502 1588 2594 1641; x_wconf 86' lang='lat' dir='ltr'><strong>sed</strong></span> <span class='ocrx_word' id='word_1_352' title='bbox 2624 1586 2808 1641; x_wconf 85' lang='lat' dir='ltr'><strong>dicunt</strong></span> <span class='ocrx_word' id='word_1_353' title='bbox 2838 1585 3087 1651; x_wconf 89' lang='lat' dir='ltr'><strong>Sanctus,</strong></span> <span class='ocrx_word' id='word_1_354' title='bbox 3122 1596 3354 1650; x_wconf 87' lang='lat' dir='ltr'><strong>sanctus,</strong></span> <span class='ocrx_word' id='word_1_355' title='bbox 3382 1602 3589 1639; x_wconf 64' lang='lat' dir='ltr'><strong>sanctas</strong></span> 
     </span>
    </p>
   </div>
   <div class='ocr_carea' id='block_1_48' title="bbox 1941 1675 3588 1750">
    <p class='ocr_par' dir='ltr' id='par_1_48' title="bbox 1941 1675 3588 1750">
     <span class='ocr_line' id='line_1_48' title="bbox 1941 1675 3588 1750; baseline -0.002 -18"><span class='ocrx_word' id='word_1_356' title='bbox 1941 1693 1984 1750; x_wconf 71' lang='grc' dir='ltr'><strong>Β</strong></span> <span class='ocrx_word' id='word_1_357' title='bbox 2013 1679 2269 1733; x_wconf 83' lang='lat' dir='ltr'><strong>Dominus</strong></span> <span class='ocrx_word' id='word_1_358' title='bbox 2305 1678 2445 1731; x_wconf 76' lang='lat' dir='ltr'><strong>Deus</strong></span> <span class='ocrx_word' id='word_1_359' title='bbox 2485 1677 2739 1742; x_wconf 85' lang='lat' dir='ltr'><strong>Sabaoth,</strong></span> <span class='ocrx_word' id='word_1_360' title='bbox 2778 1685 2836 1730; x_wconf 87' lang='lat' dir='ltr'><strong>ut</strong></span> <span class='ocrx_word' id='word_1_361' title='bbox 2872 1675 3109 1731; x_wconf 85' lang='lat' dir='ltr'><strong>Trinitas</strong></span> <span class='ocrx_word' id='word_1_362' title='bbox 3145 1677 3285 1731; x_wconf 73' lang='lat' dir='ltr'><strong>Deus</strong></span> <span class='ocrx_word' id='word_1_363' title='bbox 3323 1675 3588 1736; x_wconf 74' lang='lat' dir='ltr'><strong>laudetur,</strong></span> 
     </span>
    </p>
   </div>
   <div class='ocr_carea' id='block_1_49' title="bbox 2013 1767 3589 1838">
    <p class='ocr_par' dir='ltr' id='par_1_49' title="bbox 2013 1767 3589 1838">
     <span class='ocr_line' id='line_1_49' title="bbox 2013 1767 3589 1838; baseline -0.003 -14"><span class='ocrx_word' id='word_1_364' title='bbox 2013 1771 2104 1838; x_wconf 87' lang='lat' dir='ltr'><strong>qui</strong></span> <span class='ocrx_word' id='word_1_365' title='bbox 2149 1780 2233 1824; x_wconf 88' lang='lat' dir='ltr'><strong>est</strong></span> <span class='ocrx_word' id='word_1_366' title='bbox 2267 1768 2426 1823; x_wconf 75' lang='lat' dir='ltr'><strong>Pater</strong></span> <span class='ocrx_word' id='word_1_367' title='bbox 2462 1777 2519 1823; x_wconf 88' lang='lat' dir='ltr'><strong>et</strong></span> <span class='ocrx_word' id='word_1_368' title='bbox 2558 1768 2727 1824; x_wconf 87' lang='lat' dir='ltr'><strong>Filius</strong></span> <span class='ocrx_word' id='word_1_369' title='bbox 2763 1775 2818 1824; x_wconf 89' lang='lat' dir='ltr'><strong>et</strong></span> <span class='ocrx_word' id='word_1_370' title='bbox 2856 1767 3089 1838; x_wconf 76' lang='lat' dir='ltr'><strong>Spiritus</strong></span> <span class='ocrx_word' id='word_1_371' title='bbox 3132 1778 3368 1822; x_wconf 73' lang='lat' dir='ltr'><strong>sanctus.</strong></span> <span class='ocrx_word' id='word_1_372' title='bbox 3422 1767 3589 1833; x_wconf 76' lang='lat' dir='ltr'><strong>Quem</strong></span> 
     </span>
    </p>
   </div>
   <div class='ocr_carea' id='block_1_50' title="bbox 2012 1859 3590 1931">
    <p class='ocr_par' dir='ltr' id='par_1_50' title="bbox 2012 1859 3590 1931">
     <span class='ocr_line' id='line_1_50' title="bbox 2012 1859 3590 1931; baseline -0.003 -17"><span class='ocrx_word' id='word_1_373' title='bbox 2012 1862 2176 1915; x_wconf 87' lang='lat' dir='ltr'><strong>etiam</strong></span> <span class='ocrx_word' id='word_1_374' title='bbox 2217 1860 2386 1915; x_wconf 90' lang='lat' dir='ltr'><strong>Deum</strong></span> <span class='ocrx_word' id='word_1_375' title='bbox 2426 1875 2546 1916; x_wconf 86' lang='lat' dir='ltr'><strong>esse</strong></span> <span class='ocrx_word' id='word_1_376' title='bbox 2586 1876 2651 1914; x_wconf 87' lang='lat' dir='ltr'><strong>ex</strong></span> <span class='ocrx_word' id='word_1_377' title='bbox 2687 1860 3057 1931; x_wconf 70' lang='lat' dir='ltr'><strong>operationem</strong></span> <span class='ocrx_word' id='word_1_378' title='bbox 3100 1859 3405 1927; x_wconf 63' lang='lat' dir='ltr'><strong>aequalitate</strong></span> <span class='ocrx_word' id='word_1_379' title='bbox 3437 1899 3452 1925; x_wconf 97' lang='lat'><strong>,</strong></span> <span class='ocrx_word' id='word_1_380' title='bbox 3500 1860 3590 1927; x_wconf 88' lang='lat' dir='ltr'><strong>qui</strong></span> 
     </span>
    </p>
   </div>
   <div class='ocr_carea' id='block_1_51' title="bbox 2011 1948 3591 2021">
    <p class='ocr_par' dir='ltr' id='par_1_51' title="bbox 2011 1948 3591 2021">
     <span class='ocr_line' id='line_1_51' title="bbox 2011 1948 3591 2021; baseline 0 -14"><span class='ocrx_word' id='word_1_381' title='bbox 2011 1952 2196 2007; x_wconf 88' lang='lat' dir='ltr'><strong>oculos</strong></span> <span class='ocrx_word' id='word_1_382' title='bbox 2222 1953 2401 2007; x_wconf 89' lang='lat' dir='ltr'><strong>cordis</strong></span> <span class='ocrx_word' id='word_1_383' title='bbox 2436 1967 2596 2006; x_wconf 86' lang='lat' dir='ltr'><strong>sanos</strong></span> <span class='ocrx_word' id='word_1_384' title='bbox 2630 1950 2811 2016; x_wconf 82' lang='lat' dir='ltr'><strong>habet,</strong></span> <span class='ocrx_word' id='word_1_385' title='bbox 2848 1948 3006 2005; x_wconf 82' lang='lat' dir='ltr'><strong>facile</strong></span> <span class='ocrx_word' id='word_1_386' title='bbox 3037 1950 3235 2021; x_wconf 86' lang='lat' dir='ltr'><strong>poterit</strong></span> <span class='ocrx_word' id='word_1_387' title='bbox 3272 1950 3591 2019; x_wconf 83' lang='lat' dir='ltr'><strong>approbare.</strong></span> 
     </span>
    </p>
   </div>
   <div class='ocr_carea' id='block_1_52' title="bbox 2012 2038 3594 2112">
    <p class='ocr_par' dir='ltr' id='par_1_52' title="bbox 2012 2038 3594 2112">
     <span class='ocr_line' id='line_1_52' title="bbox 2012 2038 3594 2112; baseline -0.004 -15"><span class='ocrx_word' id='word_1_388' title='bbox 2012 2044 2152 2097; x_wconf 86' lang='lat' dir='ltr'><strong>sicut</strong></span> <span class='ocrx_word' id='word_1_389' title='bbox 2194 2043 2247 2096; x_wconf 90' lang='lat' dir='ltr'><strong>in</strong></span> <span class='ocrx_word' id='word_1_390' title='bbox 2287 2043 2638 2112; x_wconf 84' lang='lat' dir='ltr'><strong>sequentibus</strong></span> <span class='ocrx_word' id='word_1_391' title='bbox 2677 2041 3182 2096; x_wconf 82' lang='lat' dir='ltr'><strong>demonstrabimus.</strong></span> <span class='ocrx_word' id='word_1_392' title='bbox 3237 2039 3389 2094; x_wconf 91' lang='lat' dir='ltr'><strong>Sicut</strong></span> <span class='ocrx_word' id='word_1_393' title='bbox 3423 2038 3594 2093; x_wconf 84' lang='lat' dir='ltr'><strong>salvat</strong></span> 
     </span>
    </p>
   </div>
   <div class='ocr_carea' id='block_1_53' title="bbox 2011 2122 3593 2200">
    <p class='ocr_par' dir='ltr' id='par_1_53' title="bbox 2011 2122 3593 2200">
     <span class='ocr_line' id='line_1_53' title="bbox 2011 2122 3593 2200; baseline -0.004 -15"><span class='ocrx_word' id='word_1_394' title='bbox 2011 2131 2192 2197; x_wconf 86' lang='lat' dir='ltr'><strong>Pater,</strong></span> <span class='ocrx_word' id='word_1_395' title='bbox 2234 2134 2307 2187; x_wconf 87' lang='lat' dir='ltr'><strong>ita</strong></span> <span class='ocrx_word' id='word_1_396' title='bbox 2353 2122 2417 2187; x_wconf 56' lang='lat' dir='ltr'><strong>et‘</strong></span> <span class='ocrx_word' id='word_1_397' title='bbox 2451 2130 2616 2185; x_wconf 82' lang='lat' dir='ltr'><strong>Filius</strong></span> <span class='ocrx_word' id='word_1_398' title='bbox 2652 2138 2708 2184; x_wconf 88' lang='lat' dir='ltr'><strong>et</strong></span> <span class='ocrx_word' id='word_1_399' title='bbox 2754 2128 2986 2200; x_wconf 88' lang='lat' dir='ltr'><strong>Spiritus</strong></span> <span class='ocrx_word' id='word_1_400' title='bbox 3021 2137 3260 2184; x_wconf 83' lang='lat' dir='ltr'><strong>sanctus.</strong></span> <span class='ocrx_word' id='word_1_401' title='bbox 3317 2126 3394 2181; x_wconf 88' lang='lat' dir='ltr'><strong>De</strong></span> <span class='ocrx_word' id='word_1_402' title='bbox 3432 2124 3593 2181; x_wconf 85' lang='lat' dir='ltr'><strong>Patre</strong></span> 
     </span>
    </p>
   </div>
   <div class='ocr_carea' id='block_1_54' title="bbox 2012 2216 3592 2292">
    <p class='ocr_par' dir='ltr' id='par_1_54' title="bbox 2012 2216 3592 2292">
     <span class='ocr_line' id='line_1_54' title="bbox 2012 2216 3592 2292; baseline -0.006 -13"><span class='ocrx_word' id='word_1_403' title='bbox 2012 2224 2175 2279; x_wconf 85' lang='lat' dir='ltr'><strong>Salva</strong></span> <span class='ocrx_word' id='word_1_404' title='bbox 2214 2241 2308 2278; x_wconf 89' lang='lat' dir='ltr'><strong>nos</strong></span> <span class='ocrx_word' id='word_1_405' title='bbox 2335 2224 2533 2277; x_wconf 89' lang='lat' dir='ltr'><strong>dicitur</strong></span> <span class='ocrx_word' id='word_1_406' title='bbox 2565 2232 2614 2276; x_wconf 86' lang='lat' dir='ltr'><strong>et</strong></span> <span class='ocrx_word' id='word_1_407' title='bbox 2649 2237 2903 2292; x_wconf 76' lang='lat' dir='ltr'><strong>congrege</strong></span> <span class='ocrx_word' id='word_1_408' title='bbox 2943 2236 3036 2274; x_wconf 90' lang='lat' dir='ltr'><strong>nos</strong></span> <span class='ocrx_word' id='word_1_409' title='bbox 3065 2220 3129 2273; x_wconf 86' lang='lat' dir='ltr'><strong>de</strong></span> <span class='ocrx_word' id='word_1_410' title='bbox 3156 2218 3472 2273; x_wconf 81' lang='lat' dir='ltr'><strong>nationibus.</strong></span> <span class='ocrx_word' id='word_1_411' title='bbox 3518 2216 3592 2270; x_wconf 89' lang='lat' dir='ltr'><strong>De</strong></span> 
     </span>
    </p>
   </div>
   <div class='ocr_carea' id='block_1_55' title="bbox 2011 2311 3594 2384">
    <p class='ocr_par' dir='ltr' id='par_1_55' title="bbox 2011 2311 3594 2384">
     <span class='ocr_line' id='line_1_55' title="bbox 2011 2311 3594 2384; baseline -0.004 -14"><span class='ocrx_word' id='word_1_412' title='bbox 2011 2315 2147 2370; x_wconf 82' lang='lat' dir='ltr'><strong>Filio</strong></span> <span class='ocrx_word' id='word_1_413' title='bbox 2174 2331 2186 2370; x_wconf 95' lang='lat'>:</span> <span class='ocrx_word' id='word_1_414' title='bbox 2225 2314 2369 2369; x_wconf 75' lang='lat' dir='ltr'><strong>Venit</strong></span> <span class='ocrx_word' id='word_1_415' title='bbox 2401 2315 2544 2384; x_wconf 81' lang='lat' dir='ltr'><strong>ﬁlius</strong></span> <span class='ocrx_word' id='word_1_416' title='bbox 2579 2315 2804 2368; x_wconf 81' lang='lat' dir='ltr'><strong>hominis</strong></span> <span class='ocrx_word' id='word_1_417' title='bbox 2832 2312 3034 2368; x_wconf 77' lang='lat' dir='ltr'><strong>salvum</strong></span> <span class='ocrx_word' id='word_1_418' title='bbox 3063 2313 3236 2384; x_wconf 88' lang='lat' dir='ltr'><strong>facere</strong></span> <span class='ocrx_word' id='word_1_419' title='bbox 3268 2311 3407 2383; x_wconf 86' lang='lat' dir='ltr'><strong>quod</strong></span> <span class='ocrx_word' id='word_1_420' title='bbox 3433 2312 3594 2383; x_wconf 78' lang='lat' dir='ltr'><strong>perie-</strong></span> 
     </span>
    </p>
   </div>
   <div class='ocr_carea' id='block_1_56' title="bbox 2012 2400 3590 2475">
    <p class='ocr_par' dir='ltr' id='par_1_56' title="bbox 2012 2400 3590 2475">
     <span class='ocr_line' id='line_1_56' title="bbox 2012 2400 3590 2475; baseline -0.004 -16"><span class='ocrx_word' id='word_1_421' title='bbox 2012 2416 2111 2460; x_wconf 85' lang='lat' dir='ltr'><strong>rat.</strong></span> <span class='ocrx_word' id='word_1_422' title='bbox 2145 2406 2211 2460; x_wconf 82' lang='lat' dir='ltr'><strong>Et</strong></span> <span class='ocrx_word' id='word_1_423' title='bbox 2231 2405 2359 2460; x_wconf 61' lang='lat' dir='ltr'><strong>alibi</strong></span> <span class='ocrx_word' id='word_1_424' title='bbox 2386 2423 2398 2458; x_wconf 90' lang='lat'><strong>:</strong></span> <span class='ocrx_word' id='word_1_425' title='bbox 2424 2404 2544 2475; x_wconf 83' lang='lat' dir='ltr'><strong>Ipse</strong></span> <span class='ocrx_word' id='word_1_426' title='bbox 2563 2405 2699 2459; x_wconf 87' lang='lat' dir='ltr'><strong>enim</strong></span> <span class='ocrx_word' id='word_1_427' title='bbox 2719 2403 2920 2457; x_wconf 82' lang='lat' dir='ltr'><strong>salvum</strong></span> <span class='ocrx_word' id='word_1_428' title='bbox 2939 2402 3097 2472; x_wconf 83' lang='lat' dir='ltr'><strong>faciet</strong></span> <span class='ocrx_word' id='word_1_429' title='bbox 3117 2400 3364 2473; x_wconf 83' lang='lat' dir='ltr'><strong>populum</strong></span> <span class='ocrx_word' id='word_1_430' title='bbox 3384 2416 3537 2454; x_wconf 87' lang='lat' dir='ltr'><strong>suum</strong></span> <span class='ocrx_word' id='word_1_431' title='bbox 3559 2418 3590 2452; x_wconf 86' lang='grc' dir='ltr'><em>α</em></span> 
     </span>
    </p>
   </div>
   <div class='ocr_carea' id='block_1_57' title="bbox 2007 2488 3590 2566">
    <p class='ocr_par' dir='ltr' id='par_1_57' title="bbox 2007 2488 3590 2566">
     <span class='ocr_line' id='line_1_57' title="bbox 2007 2488 3590 2566; baseline -0.005 -17"><span class='ocrx_word' id='word_1_432' title='bbox 2007 2495 2233 2566; x_wconf 87' lang='lat' dir='ltr'><strong>peccatis</strong></span> <span class='ocrx_word' id='word_1_433' title='bbox 2260 2510 2458 2548; x_wconf 89' lang='lat' dir='ltr'><strong>eorum.</strong></span> <span class='ocrx_word' id='word_1_434' title='bbox 2498 2494 2574 2548; x_wconf 91' lang='lat' dir='ltr'><strong>De</strong></span> <span class='ocrx_word' id='word_1_435' title='bbox 2602 2492 2806 2562; x_wconf 88' lang='lat' dir='ltr'><strong>Spiritu</strong></span> <span class='ocrx_word' id='word_1_436' title='bbox 2836 2499 3022 2546; x_wconf 78' lang='lat' dir='ltr'><strong>sancto</strong></span> <span class='ocrx_word' id='word_1_437' title='bbox 3060 2491 3126 2544; x_wconf 88' lang='lat' dir='ltr'><strong>ad</strong></span> <span class='ocrx_word' id='word_1_438' title='bbox 3153 2490 3333 2545; x_wconf 88' lang='lat' dir='ltr'><strong>Titum</strong></span> <span class='ocrx_word' id='word_1_439' title='bbox 3356 2494 3373 2543; x_wconf 57' lang='lat'><strong>&#39;:</strong></span> <span class='ocrx_word' id='word_1_440' title='bbox 3402 2488 3590 2545; x_wconf 82' lang='lat' dir='ltr'><strong>Salvos</strong></span> 
     </span>
    </p>
   </div>
   <div class='ocr_carea' id='block_1_58' title="bbox 2010 2579 3589 2655">
    <p class='ocr_par' dir='ltr' id='par_1_58' title="bbox 2010 2579 3589 2655">
     <span class='ocr_line' id='line_1_58' title="bbox 2010 2579 3589 2655; baseline -0.005 -15"><span class='ocrx_word' id='word_1_441' title='bbox 2010 2601 2105 2640; x_wconf 88' lang='lat' dir='ltr'><strong>nos</strong></span> <span class='ocrx_word' id='word_1_442' title='bbox 2155 2586 2283 2655; x_wconf 88' lang='lat' dir='ltr'><strong>facit</strong></span> <span class='ocrx_word' id='word_1_443' title='bbox 2321 2601 2414 2654; x_wconf 89' lang='lat' dir='ltr'><strong>per</strong></span> <span class='ocrx_word' id='word_1_444' title='bbox 2449 2583 2718 2638; x_wconf 86' lang='lat' dir='ltr'><strong>lavacrum</strong></span> <span class='ocrx_word' id='word_1_445' title='bbox 2756 2581 3158 2653; x_wconf 82' lang='lat' dir='ltr'><strong>regenerationis</strong></span> <span class='ocrx_word' id='word_1_446' title='bbox 3198 2579 3426 2649; x_wconf 81' lang='lat' dir='ltr'><strong>Spiritus</strong></span> <span class='ocrx_word' id='word_1_447' title='bbox 3464 2598 3589 2634; x_wconf 72' lang='lat' dir='ltr'><strong>san~</strong></span> 
     </span>
    </p>
   </div>
   <div class='ocr_carea' id='block_1_59' title="bbox 2009 2668 3592 2739">
    <p class='ocr_par' dir='ltr' id='par_1_59' title="bbox 2009 2668 3592 2739">
     <span class='ocr_line' id='line_1_59' title="bbox 2009 2668 3592 2739; baseline -0.005 -10"><span class='ocrx_word' id='word_1_448' title='bbox 2009 2676 2099 2729; x_wconf 88' lang='lat' dir='ltr'><strong>cti.</strong></span> <span class='ocrx_word' id='word_1_449' title='bbox 2143 2673 2294 2730; x_wconf 88' lang='lat' dir='ltr'><strong>Sicut</strong></span> <span class='ocrx_word' id='word_1_450' title='bbox 2318 2672 2590 2729; x_wconf 83' lang='lat' dir='ltr'><strong>confortat</strong></span> <span class='ocrx_word' id='word_1_451' title='bbox 2617 2672 2801 2737; x_wconf 85' lang='lat' dir='ltr'><strong>Pater,</strong></span> <span class='ocrx_word' id='word_1_452' title='bbox 2833 2672 2906 2725; x_wconf 90' lang='lat' dir='ltr'><strong>ita</strong></span> <span class='ocrx_word' id='word_1_453' title='bbox 2941 2680 2993 2725; x_wconf 87' lang='lat' dir='ltr'><strong>et</strong></span> <span class='ocrx_word' id='word_1_454' title='bbox 3022 2668 3209 2734; x_wconf 88' lang='lat' dir='ltr'><strong>Filius,</strong></span> <span class='ocrx_word' id='word_1_455' title='bbox 3239 2670 3311 2722; x_wconf 89' lang='lat' dir='ltr'><strong>ita</strong></span> <span class='ocrx_word' id='word_1_456' title='bbox 3341 2679 3395 2723; x_wconf 89' lang='lat' dir='ltr'><strong>et</strong></span> <span class='ocrx_word' id='word_1_457' title='bbox 3428 2668 3592 2739; x_wconf 87' lang='lat' dir='ltr'><strong>Spiri-</strong></span> 
     </span>
    </p>
   </div>
   <div class='ocr_carea' id='block_1_60' title="bbox 2008 2759 3585 2832">
    <p class='ocr_par' dir='ltr' id='par_1_60' title="bbox 2008 2759 3585 2832">
     <span class='ocr_line' id='line_1_60' title="bbox 2008 2759 3585 2832; baseline -0.006 -11"><span class='ocrx_word' id='word_1_458' title='bbox 2008 2774 2099 2823; x_wconf 87' lang='lat' dir='ltr'><strong>tus</strong></span> <span class='ocrx_word' id='word_1_459' title='bbox 2133 2774 2375 2821; x_wconf 87' lang='lat' dir='ltr'><strong>sanctus.</strong></span> <span class='ocrx_word' id='word_1_460' title='bbox 2415 2765 2491 2820; x_wconf 93' lang='lat' dir='ltr'><strong>De</strong></span> <span class='ocrx_word' id='word_1_461' title='bbox 2524 2764 2685 2819; x_wconf 85' lang='lat' dir='ltr'><strong>Patre</strong></span> <span class='ocrx_word' id='word_1_462' title='bbox 2713 2761 3022 2832; x_wconf 85' lang='lat' dir='ltr'><strong>:Confortat</strong></span> <span class='ocrx_word' id='word_1_463' title='bbox 3060 2777 3141 2815; x_wconf 87' lang='lat' dir='ltr'><strong>me</strong></span> <span class='ocrx_word' id='word_1_464' title='bbox 3176 2760 3315 2815; x_wconf 84' lang='lat' dir='ltr'><strong>Deus</strong></span> <span class='ocrx_word' id='word_1_465' title='bbox 3351 2759 3585 2813; x_wconf 75' lang='lat' dir='ltr'><strong>deorum.</strong></span> 
     </span>
    </p>
   </div>
   <div class='ocr_carea' id='block_1_61' title="bbox 2008 2849 3589 2928">
    <p class='ocr_par' dir='ltr' id='par_1_61' title="bbox 2008 2849 3589 2928">
     <span class='ocr_line' id='line_1_61' title="bbox 2008 2849 3589 2928; baseline -0.006 -14"><span class='ocrx_word' id='word_1_466' title='bbox 2008 2857 2085 2914; x_wconf 85' lang='lat' dir='ltr'><strong>De</strong></span> <span class='ocrx_word' id='word_1_467' title='bbox 2108 2858 2244 2913; x_wconf 82' lang='lat' dir='ltr'><strong>Filio</strong></span> <span class='ocrx_word' id='word_1_468' title='bbox 2267 2856 2589 2928; x_wconf 82' lang='lat' dir='ltr'><strong>Apostolus:</strong></span> <span class='ocrx_word' id='word_1_469' title='bbox 2616 2852 2825 2908; x_wconf 72' lang='lat' dir='ltr'><strong>Gratias</strong></span> <span class='ocrx_word' id='word_1_470' title='bbox 2845 2870 2942 2924; x_wconf 84' lang='lat' dir='ltr'><strong>ago</strong></span> <span class='ocrx_word' id='word_1_471' title='bbox 2966 2852 3187 2907; x_wconf 80' lang='lat' dir='ltr'><strong>Domino</strong></span> <span class='ocrx_word' id='word_1_472' title='bbox 3209 2851 3336 2906; x_wconf 83' lang='lat' dir='ltr'><strong>Jesu</strong></span> <span class='ocrx_word' id='word_1_473' title='bbox 3359 2849 3589 2915; x_wconf 70' lang='lat' dir='ltr'><strong>Christo,</strong></span> 
     </span>
    </p>
   </div>
   <div class='ocr_carea' id='block_1_62' title="bbox 2006 2942 3590 3021">
    <p class='ocr_par' dir='ltr' id='par_1_62' title="bbox 2006 2942 3590 3021">
     <span class='ocr_line' id='line_1_62' title="bbox 2006 2942 3590 3021; baseline -0.006 -17"><span class='ocrx_word' id='word_1_474' title='bbox 2006 2951 2097 3021; x_wconf 85' lang='lat' dir='ltr'><strong>qui</strong></span> <span class='ocrx_word' id='word_1_475' title='bbox 2118 2966 2198 3004; x_wconf 84' lang='lat' dir='ltr'><strong>me</strong></span> <span class='ocrx_word' id='word_1_476' title='bbox 2217 2948 2553 3018; x_wconf 84' lang='lat' dir='ltr'><strong>confortavit,</strong></span> <span class='ocrx_word' id='word_1_477' title='bbox 2583 2955 2629 3000; x_wconf 90' lang='lat' dir='ltr'><strong>et</strong></span> <span class='ocrx_word' id='word_1_478' title='bbox 2659 2945 2863 3016; x_wconf 84' lang='lat' dir='ltr'><strong>ﬁdelem</strong></span> <span class='ocrx_word' id='word_1_479' title='bbox 2891 2961 2971 2999; x_wconf 87' lang='lat' dir='ltr'><strong>me</strong></span> <span class='ocrx_word' id='word_1_480' title='bbox 2994 2944 3328 3021; x_wconf 49' lang='lat' dir='ltr'><strong>egistimavit.</strong></span> <span class='ocrx_word' id='word_1_481' title='bbox 3367 2944 3442 2998; x_wconf 92' lang='lat' dir='ltr'><strong>De</strong></span> <span class='ocrx_word' id='word_1_482' title='bbox 3471 2942 3590 3013; x_wconf 89' lang='lat' dir='ltr'><strong>Spi-</strong></span> 
     </span>
    </p>
   </div>
   <div class='ocr_carea' id='block_1_63' title="bbox 323 3016 3591 3121">
    <p class='ocr_par' dir='ltr' id='par_1_63' title="bbox 323 3016 3591 3121">
     <span class='ocr_line' id='line_1_63' title="bbox 323 3016 3591 3121; baseline 0.001 -36"><span class='ocrx_word' id='word_1_483' title='bbox 323 3048 458 3100; x_wconf 85' lang='lat' dir='ltr'><strong>que,</strong></span> <span class='ocrx_word' id='word_1_484' title='bbox 502 3033 641 3087; x_wconf 87' lang='lat' dir='ltr'><strong>sicut</strong></span> <span class='ocrx_word' id='word_1_485' title='bbox 677 3041 730 3087; x_wconf 91' lang='lat' dir='ltr'><strong>et</strong></span> <span class='ocrx_word' id='word_1_486' title='bbox 771 3048 954 3088; x_wconf 87' lang='lat' dir='ltr'><strong>verum</strong></span> <span class='ocrx_word' id='word_1_487' title='bbox 996 3044 1099 3099; x_wconf 91' lang='lat' dir='ltr'><strong>est,</strong></span> <span class='ocrx_word' id='word_1_488' title='bbox 1144 3035 1426 3091; x_wconf 87' lang='lat' dir='ltr'><strong>dicendum</strong></span> <span class='ocrx_word' id='word_1_489' title='bbox 1452 3053 1464 3089; x_wconf 90' lang='lat'><strong>:</strong></span> <span class='ocrx_word' id='word_1_490' title='bbox 1490 3033 1708 3106; x_wconf 87' lang='lat' dir='ltr'><strong>Absque</strong></span> <span class='ocrx_word' id='word_1_491' title='bbox 1750 3037 1983 3121; x_wconf 73' lang='lat' dir='ltr'><strong>dubioC</strong></span> <span class='ocrx_word' id='word_1_492' title='bbox 2013 3016 2120 3098; x_wconf 74' lang='lat' dir='ltr'><strong>ritu</strong></span> <span class='ocrx_word' id='word_1_493' title='bbox 2164 3016 2352 3098; x_wconf 80' lang='lat' dir='ltr'><strong>sancto</strong></span> <span class='ocrx_word' id='word_1_494' title='bbox 2393 3041 2447 3094; x_wconf 89' lang='lat' dir='ltr'><strong>in</strong></span> <span class='ocrx_word' id='word_1_495' title='bbox 2491 3039 2779 3111; x_wconf 82' lang='lat' dir='ltr'><strong>Evangelio</strong></span> <span class='ocrx_word' id='word_1_496' title='bbox 2807 3056 2819 3092; x_wconf 92' lang='lat'><strong>:</strong></span> <span class='ocrx_word' id='word_1_497' title='bbox 2844 3035 2989 3092; x_wconf 87' lang='lat' dir='ltr'><strong>Puer</strong></span> <span class='ocrx_word' id='word_1_498' title='bbox 3014 3016 3207 3092; x_wconf 58' lang='lat' dir='ltr'><strong>.autem</strong></span> <span class='ocrx_word' id='word_1_499' title='bbox 3248 3034 3508 3090; x_wconf 86' lang='lat' dir='ltr'><strong>crescebat</strong></span> <span class='ocrx_word' id='word_1_500' title='bbox 3543 3046 3591 3090; x_wconf 84' lang='lat' dir='ltr'><strong>ct</strong></span> 
     </span>
    </p>
   </div>
   <div class='ocr_carea' id='block_1_64' title="bbox 331 3118 1909 3197">
    <p class='ocr_par' dir='ltr' id='par_1_64' title="bbox 331 3118 1909 3197">
     <span class='ocr_line' id='line_1_64' title="bbox 331 3118 1909 3197; baseline 0.006 -25"><span class='ocrx_word' id='word_1_501' title='bbox 331 3118 565 3190; x_wconf 84' lang='lat' dir='ltr'><strong>Spiritus</strong></span> <span class='ocrx_word' id='word_1_502' title='bbox 592 3131 811 3177; x_wconf 90' lang='lat' dir='ltr'><strong>sanctus</strong></span> <span class='ocrx_word' id='word_1_503' title='bbox 836 3123 976 3178; x_wconf 89' lang='lat' dir='ltr'><strong>Deus</strong></span> <span class='ocrx_word' id='word_1_504' title='bbox 996 3132 1096 3189; x_wconf 83' lang='lat' dir='ltr'><strong>est,</strong></span> <span class='ocrx_word' id='word_1_505' title='bbox 1125 3136 1180 3179; x_wconf 88' lang='lat' dir='ltr'><strong>et</strong></span> <span class='ocrx_word' id='word_1_506' title='bbox 1202 3140 1307 3185; x_wconf 86' lang='lat' dir='ltr'><strong>non</strong></span> <span class='ocrx_word' id='word_1_507' title='bbox 1335 3135 1603 3192; x_wconf 87' lang='lat' dir='ltr'><strong>creatura,</strong></span> <span class='ocrx_word' id='word_1_508' title='bbox 1632 3126 1756 3197; x_wconf 84' lang='lat' dir='ltr'><strong>quia</strong></span> <span class='ocrx_word' id='word_1_509' title='bbox 1792 3127 1909 3182; x_wconf 90' lang='lat' dir='ltr'><strong>ubi-</strong></span> 
     </span>
    </p>
   </div>
   <div class='ocr_carea' id='block_1_65' title="bbox 329 3202 1906 3285">
    <p class='ocr_par' dir='ltr' id='par_1_65' title="bbox 329 3202 1906 3285">
     <span class='ocr_line' id='line_1_65' title="bbox 329 3202 1906 3285; baseline 0.004 -23"><span class='ocrx_word' id='word_1_510' title='bbox 329 3226 438 3280; x_wconf 87' lang='lat' dir='ltr'><strong>que</strong></span> <span class='ocrx_word' id='word_1_511' title='bbox 470 3225 589 3266; x_wconf 88' lang='lat' dir='ltr'><strong>esse</strong></span> <span class='ocrx_word' id='word_1_512' title='bbox 618 3212 974 3267; x_wconf 87' lang='lat' dir='ltr'><strong>describitur:</strong></span> <span class='ocrx_word' id='word_1_513' title='bbox 1003 3202 1068 3268; x_wconf 79' lang='lat' dir='ltr'><strong>de</strong></span> <span class='ocrx_word' id='word_1_514' title='bbox 1103 3230 1229 3285; x_wconf 90' lang='lat' dir='ltr'><strong>quo,</strong></span> <span class='ocrx_word' id='word_1_515' title='bbox 1264 3214 1409 3270; x_wconf 90' lang='lat' dir='ltr'><strong>sicut</strong></span> <span class='ocrx_word' id='word_1_516' title='bbox 1429 3214 1545 3285; x_wconf 78' lang='lat' dir='ltr'><strong>jam</strong></span> <span class='ocrx_word' id='word_1_517' title='bbox 1574 3216 1776 3270; x_wconf 84' lang='lat' dir='ltr'><strong>dictum</strong></span> <span class='ocrx_word' id='word_1_518' title='bbox 1800 3224 1906 3281; x_wconf 89' lang='lat' dir='ltr'><strong>est,</strong></span> 
     </span>
    </p>
   </div>
   <div class='ocr_carea' id='block_1_66' title="bbox 326 3302 1909 3379">
    <p class='ocr_par' dir='ltr' id='par_1_66' title="bbox 326 3302 1909 3379">
     <span class='ocr_line' id='line_1_66' title="bbox 326 3302 1909 3379; baseline 0.002 -21"><span class='ocrx_word' id='word_1_519' title='bbox 326 3302 599 3374; x_wconf 89' lang='lat' dir='ltr'><strong>Propheta</strong></span> <span class='ocrx_word' id='word_1_520' title='bbox 642 3306 1085 3376; x_wconf 86' lang='lat' dir='ltr'><strong>omnipotentiam</strong></span> <span class='ocrx_word' id='word_1_521' title='bbox 1124 3308 1242 3379; x_wconf 85' lang='lat' dir='ltr'><strong>ejus</strong></span> <span class='ocrx_word' id='word_1_522' title='bbox 1291 3316 1538 3364; x_wconf 88' lang='lat' dir='ltr'><strong>metuens</strong></span> <span class='ocrx_word' id='word_1_523' title='bbox 1579 3308 1704 3363; x_wconf 83' lang='lat' dir='ltr'><strong>dicit</strong></span> <span class='ocrx_word' id='word_1_524' title='bbox 1736 3325 1755 3362; x_wconf 71' lang='grc' dir='ltr'><strong><em>ε</em></strong></span> <span class='ocrx_word' id='word_1_525' title='bbox 1791 3307 1909 3374; x_wconf 85' lang='lat' dir='ltr'><strong>Qua</strong></span> 
     </span>
    </p>
   </div>
   <div class='ocr_carea' id='block_1_67' title="bbox 323 3394 1911 3469">
    <p class='ocr_par' dir='ltr' id='par_1_67' title="bbox 323 3394 1911 3469">
     <span class='ocr_line' id='line_1_67' title="bbox 323 3394 1911 3469; baseline 0.004 -20"><span class='ocrx_word' id='word_1_526' title='bbox 323 3395 414 3449; x_wconf 86' lang='lat' dir='ltr'><strong>ibo</strong></span> <span class='ocrx_word' id='word_1_527' title='bbox 436 3413 468 3450; x_wconf 84' lang='grc' dir='ltr'><em>α</em></span> <span class='ocrx_word' id='word_1_528' title='bbox 497 3394 699 3467; x_wconf 82' lang='lat' dir='ltr'><strong>Spiritu</strong></span> <span class='ocrx_word' id='word_1_529' title='bbox 725 3407 834 3465; x_wconf 88' lang='lat' dir='ltr'><strong>tuo,</strong></span> <span class='ocrx_word' id='word_1_530' title='bbox 862 3407 910 3452; x_wconf 89' lang='lat' dir='ltr'><strong>et</strong></span> <span class='ocrx_word' id='word_1_531' title='bbox 935 3416 968 3452; x_wconf 77' lang='grc' dir='ltr'><em>α</em></span> <span class='ocrx_word' id='word_1_532' title='bbox 991 3399 1128 3469; x_wconf 88' lang='lat' dir='ltr'><strong>facie</strong></span> <span class='ocrx_word' id='word_1_533' title='bbox 1155 3409 1247 3453; x_wconf 89' lang='lat' dir='ltr'><strong>tua</strong></span> <span class='ocrx_word' id='word_1_534' title='bbox 1265 3416 1369 3469; x_wconf 88' lang='lat' dir='ltr'><strong>quo</strong></span> <span class='ocrx_word' id='word_1_535' title='bbox 1391 3398 1630 3468; x_wconf 80' lang='lat' dir='ltr'><strong>fugiam?</strong></span> <span class='ocrx_word' id='word_1_536' title='bbox 1665 3397 1911 3468; x_wconf 85' lang='lat' dir='ltr'><strong>Agnosce</strong></span> 
     </span>
    </p>
   </div>
   <div class='ocr_carea' id='block_1_68' title="bbox 325 3487 1911 3561">
    <p class='ocr_par' dir='ltr' id='par_1_68' title="bbox 325 3487 1911 3561">
     <span class='ocr_line' id='line_1_68' title="bbox 325 3487 1911 3561; baseline 0 -18"><span class='ocrx_word' id='word_1_537' title='bbox 325 3502 461 3558; x_wconf 79' lang='lat' dir='ltr'><strong>ergo</strong></span> <span class='ocrx_word' id='word_1_538' title='bbox 487 3487 693 3544; x_wconf 88' lang='lat' dir='ltr'><strong>nullum</strong></span> <span class='ocrx_word' id='word_1_539' title='bbox 714 3504 841 3545; x_wconf 84' lang='lat' dir='ltr'><strong>esse</strong></span> <span class='ocrx_word' id='word_1_540' title='bbox 866 3489 1043 3544; x_wconf 88' lang='lat' dir='ltr'><strong>locum</strong></span> <span class='ocrx_word' id='word_1_541' title='bbox 1073 3489 1162 3543; x_wconf 88' lang='lat' dir='ltr'><strong>ubi</strong></span> <span class='ocrx_word' id='word_1_542' title='bbox 1189 3505 1296 3543; x_wconf 90' lang='lat' dir='ltr'><strong>non</strong></span> <span class='ocrx_word' id='word_1_543' title='bbox 1326 3489 1715 3557; x_wconf 77' lang='lat' dir='ltr'><strong>omnipotentis</strong></span> <span class='ocrx_word' id='word_1_544' title='bbox 1738 3487 1911 3561; x_wconf 81' lang='lat' dir='ltr'><strong>Spiri-</strong></span> 
     </span>
    </p>
   </div>
   <div class='ocr_carea' id='block_1_69' title="bbox 324 3579 1314 3649">
    <p class='ocr_par' dir='ltr' id='par_1_69' title="bbox 324 3579 1314 3649">
     <span class='ocr_line' id='line_1_69' title="bbox 324 3579 1314 3649; baseline 0 -17"><span class='ocrx_word' id='word_1_545' title='bbox 324 3587 416 3633; x_wconf 87' lang='lat' dir='ltr'><strong>tus</strong></span> <span class='ocrx_word' id='word_1_546' title='bbox 439 3580 611 3634; x_wconf 86' lang='lat' dir='ltr'><strong>sancti</strong></span> <span class='ocrx_word' id='word_1_547' title='bbox 637 3594 873 3649; x_wconf 68' lang='lat' dir='ltr'><strong>praesens</strong></span> <span class='ocrx_word' id='word_1_548' title='bbox 895 3593 1015 3633; x_wconf 87' lang='lat' dir='ltr'><strong>esse</strong></span> <span class='ocrx_word' id='word_1_549' title='bbox 1036 3579 1314 3649; x_wconf 86' lang='lat' dir='ltr'><strong>probetur.</strong></span> 
     </span>
    </p>
   </div>
   <div class='ocr_carea' id='block_1_70' title="bbox 396 3668 1903 3740">
    <p class='ocr_par' dir='ltr' id='par_1_70' title="bbox 396 3668 1903 3740">
     <span class='ocr_line' id='line_1_70' title="bbox 396 3668 1903 3740; baseline 0.001 -17"><span class='ocrx_word' id='word_1_550' title='bbox 396 3669 531 3724; x_wconf 81' lang='lat' dir='ltr'><strong>item</strong></span> <span class='ocrx_word' id='word_1_551' title='bbox 559 3668 926 3738; x_wconf 80' lang='lat' dir='ltr'><strong>interrogandi</strong></span> <span class='ocrx_word' id='word_1_552' title='bbox 949 3676 1126 3723; x_wconf 89' lang='lat' dir='ltr'><strong>utrum</strong></span> <span class='ocrx_word' id='word_1_553' title='bbox 1152 3670 1324 3739; x_wconf 85' lang='lat' dir='ltr'><strong>possit</strong></span> <span class='ocrx_word' id='word_1_554' title='bbox 1353 3670 1490 3724; x_wconf 84' lang='lat' dir='ltr'><strong>alius</strong></span> <span class='ocrx_word' id='word_1_555' title='bbox 1518 3680 1715 3740; x_wconf 59' lang='lat' dir='ltr'><strong>praeter</strong></span> <span class='ocrx_word' id='word_1_556' title='bbox 1736 3672 1903 3729; x_wconf 87' lang='lat' dir='ltr'><strong>Deum</strong></span> 
     </span>
    </p>
   </div>
   <div class='ocr_carea' id='block_1_71' title="bbox 321 3757 1906 3832">
    <p class='ocr_par' dir='ltr' id='par_1_71' title="bbox 321 3757 1906 3832">
     <span class='ocr_line' id='line_1_71' title="bbox 321 3757 1906 3832; baseline 0.003 -18"><span class='ocrx_word' id='word_1_557' title='bbox 321 3768 547 3828; x_wconf 87' lang='lat' dir='ltr'><strong>peccata</strong></span> <span class='ocrx_word' id='word_1_558' title='bbox 574 3757 864 3812; x_wconf 81' lang='lat' dir='ltr'><strong>dimittere.</strong></span> <span class='ocrx_word' id='word_1_559' title='bbox 914 3758 982 3813; x_wconf 90' lang='lat' dir='ltr'><strong>Et</strong></span> <span class='ocrx_word' id='word_1_560' title='bbox 1011 3774 1132 3813; x_wconf 88' lang='lat' dir='ltr'><strong>cum</strong></span> <span class='ocrx_word' id='word_1_561' title='bbox 1166 3760 1544 3830; x_wconf 85' lang='lat' dir='ltr'><strong>responderint</strong></span> <span class='ocrx_word' id='word_1_562' title='bbox 1573 3763 1696 3832; x_wconf 84' lang='lat' dir='ltr'><strong>quia</strong></span> <span class='ocrx_word' id='word_1_563' title='bbox 1727 3762 1906 3818; x_wconf 87' lang='lat' dir='ltr'><strong>nullus</strong></span> 
     </span>
    </p>
   </div>
   <div class='ocr_carea' id='block_1_72' title="bbox 322 3848 1904 3922">
    <p class='ocr_par' dir='ltr' id='par_1_72' title="bbox 322 3848 1904 3922">
     <span class='ocr_line' id='line_1_72' title="bbox 322 3848 1904 3922; baseline 0.003 -19"><span class='ocrx_word' id='word_1_564' title='bbox 322 3850 430 3904; x_wconf 68' lang='lat' dir='ltr'><strong>nisi</strong></span> <span class='ocrx_word' id='word_1_565' title='bbox 472 3850 634 3917; x_wconf 87' lang='lat' dir='ltr'><strong>Deus,</strong></span> <span class='ocrx_word' id='word_1_566' title='bbox 684 3848 808 3918; x_wconf 87' lang='lat' dir='ltr'><strong>quia</strong></span> <span class='ocrx_word' id='word_1_567' title='bbox 841 3849 1101 3919; x_wconf 88' lang='lat' dir='ltr'><strong>scriptum</strong></span> <span class='ocrx_word' id='word_1_568' title='bbox 1137 3857 1240 3915; x_wconf 90' lang='lat' dir='ltr'><strong>est,</strong></span> <span class='ocrx_word' id='word_1_569' title='bbox 1288 3849 1454 3905; x_wconf 86' lang='lat' dir='ltr'><strong>Nemo</strong></span> <span class='ocrx_word' id='word_1_570' title='bbox 1493 3862 1657 3921; x_wconf 82' lang='lat' dir='ltr'><strong>potest</strong></span> <span class='ocrx_word' id='word_1_571' title='bbox 1692 3862 1904 3922; x_wconf 87' lang='lat' dir='ltr'><strong>peccata</strong></span> 
     </span>
    </p>
   </div>
   <div class='ocr_carea' id='block_1_73' title="bbox 322 3938 1905 4005">
    <p class='ocr_par' dir='ltr' id='par_1_73' title="bbox 322 3938 1905 4005">
     <span class='ocr_line' id='line_1_73' title="bbox 322 3938 1905 4005; baseline 0.003 -13"><span class='ocrx_word' id='word_1_572' title='bbox 322 3938 606 4003; x_wconf 80' lang='lat' dir='ltr'><strong>dimittere,</strong></span> <span class='ocrx_word' id='word_1_573' title='bbox 636 3938 736 3992; x_wconf 85' lang='lat' dir='ltr'><strong>nisi</strong></span> <span class='ocrx_word' id='word_1_574' title='bbox 756 3938 898 3992; x_wconf 86' lang='lat' dir='ltr'><strong>solus</strong></span> <span class='ocrx_word' id='word_1_575' title='bbox 922 3938 1084 4005; x_wconf 86' lang='lat' dir='ltr'><strong>Deus,</strong></span> <span class='ocrx_word' id='word_1_576' title='bbox 1104 3940 1384 3996; x_wconf 88' lang='lat' dir='ltr'><strong>dicendum</strong></span> <span class='ocrx_word' id='word_1_577' title='bbox 1408 3950 1490 3995; x_wconf 89' lang='lat' dir='ltr'><strong>est</strong></span> <span class='ocrx_word' id='word_1_578' title='bbox 1513 3943 1591 3997; x_wconf 88' lang='lat' dir='ltr'><strong>eis</strong></span> <span class='ocrx_word' id='word_1_579' title='bbox 1614 3960 1627 3995; x_wconf 90' lang='lat'><strong><em>:</em></strong></span> <span class='ocrx_word' id='word_1_580' title='bbox 1656 3941 1784 3997; x_wconf 91' lang='lat' dir='ltr'><strong>Sine</strong></span> <span class='ocrx_word' id='word_1_581' title='bbox 1810 3944 1905 3997; x_wconf 86' lang='lat' dir='ltr'><strong>du-</strong></span> 
     </span>
    </p>
   </div>
   <div class='ocr_carea' id='block_1_74' title="bbox 320 4026 1902 4104">
    <p class='ocr_par' dir='ltr' id='par_1_74' title="bbox 320 4026 1902 4104">
     <span class='ocr_line' id='line_1_74' title="bbox 320 4026 1902 4104; baseline 0.005 -23"><span class='ocrx_word' id='word_1_582' title='bbox 320 4027 417 4082; x_wconf 75' lang='lat' dir='ltr'><strong>bio</strong></span> <span class='ocrx_word' id='word_1_583' title='bbox 440 4026 676 4097; x_wconf 84' lang='lat' dir='ltr'><strong>Spiritus</strong></span> <span class='ocrx_word' id='word_1_584' title='bbox 704 4038 925 4085; x_wconf 86' lang='lat' dir='ltr'><strong>sanctus</strong></span> <span class='ocrx_word' id='word_1_585' title='bbox 947 4030 1088 4085; x_wconf 85' lang='lat' dir='ltr'><strong>Deus</strong></span> <span class='ocrx_word' id='word_1_586' title='bbox 1114 4039 1229 4096; x_wconf 89' lang='lat' dir='ltr'><strong>est,</strong></span> <span class='ocrx_word' id='word_1_587' title='bbox 1262 4032 1352 4101; x_wconf 89' lang='lat' dir='ltr'><strong>qui</strong></span> <span class='ocrx_word' id='word_1_588' title='bbox 1380 4032 1748 4089; x_wconf 89' lang='lat' dir='ltr'><strong>remissionem</strong></span> <span class='ocrx_word' id='word_1_589' title='bbox 1774 4048 1902 4104; x_wconf 90' lang='lat' dir='ltr'><strong>pec-</strong></span> 
     </span>
    </p>
   </div>
   <div class='ocr_carea' id='block_1_75' title="bbox 320 4118 1900 4193">
    <p class='ocr_par' dir='ltr' id='par_1_75' title="bbox 320 4118 1900 4193">
     <span class='ocr_line' id='line_1_75' title="bbox 320 4118 1900 4193; baseline 0.006 -21"><span class='ocrx_word' id='word_1_590' title='bbox 320 4128 572 4173; x_wconf 81' lang='lat' dir='ltr'><strong>catorum</strong></span> <span class='ocrx_word' id='word_1_591' title='bbox 602 4118 849 4175; x_wconf 80' lang='lat' dir='ltr'><strong>conferre</strong></span> <span class='ocrx_word' id='word_1_592' title='bbox 875 4121 1226 4193; x_wconf 78' lang='lat' dir='ltr'><strong>dignoscitur,</strong></span> <span class='ocrx_word' id='word_1_593' title='bbox 1263 4124 1403 4178; x_wconf 90' lang='lat' dir='ltr'><strong>sicut</strong></span> <span class='ocrx_word' id='word_1_594' title='bbox 1440 4124 1696 4181; x_wconf 89' lang='lat' dir='ltr'><strong>Dominus</strong></span> <span class='ocrx_word' id='word_1_595' title='bbox 1731 4126 1858 4180; x_wconf 91' lang='lat' dir='ltr'><strong>dicit</strong></span> <span class='ocrx_word' id='word_1_596' title='bbox 1886 4144 1900 4181; x_wconf 88' lang='lat'><strong>:</strong></span> 
     </span>
    </p>
   </div>
   <div class='ocr_carea' id='block_1_76' title="bbox 323 4207 1906 4288">
    <p class='ocr_par' dir='ltr' id='par_1_76' title="bbox 323 4207 1906 4288">
     <span class='ocr_line' id='line_1_76' title="bbox 323 4207 1906 4288; baseline 0.006 -27"><span class='ocrx_word' id='word_1_597' title='bbox 323 4207 558 4277; x_wconf 73' lang='lat' dir='ltr'><strong>Accipite</strong></span> <span class='ocrx_word' id='word_1_598' title='bbox 605 4207 859 4281; x_wconf 87' lang='lat' dir='ltr'><strong>Spiritum</strong></span> <span class='ocrx_word' id='word_1_599' title='bbox 901 4221 1140 4266; x_wconf 86' lang='lat' dir='ltr'><strong>sanctum</strong></span> <span class='ocrx_word' id='word_1_600' title='bbox 1164 4228 1183 4268; x_wconf 73' lang='grc' dir='ltr'><strong><em>ε</em></strong></span> <span class='ocrx_word' id='word_1_601' title='bbox 1206 4230 1428 4283; x_wconf 88' lang='lat' dir='ltr'><strong>quorum</strong></span> <span class='ocrx_word' id='word_1_602' title='bbox 1466 4216 1763 4270; x_wconf 88' lang='lat' dir='ltr'><strong>remiseritis</strong></span> <span class='ocrx_word' id='word_1_603' title='bbox 1787 4233 1906 4288; x_wconf 88' lang='lat' dir='ltr'><strong>pec-</strong></span> 
     </span>
    </p>
   </div>
   <div class='ocr_carea' id='block_1_77' title="bbox 324 4302 1905 4378">
    <p class='ocr_par' dir='ltr' id='par_1_77' title="bbox 324 4302 1905 4378">
     <span class='ocr_line' id='line_1_77' title="bbox 324 4302 1905 4378; baseline 0.005 -22"><span class='ocrx_word' id='word_1_604' title='bbox 324 4309 447 4356; x_wconf 87' lang='lat' dir='ltr'><strong>cata</strong></span> <span class='ocrx_word' id='word_1_605' title='bbox 477 4302 810 4356; x_wconf 86' lang='lat' dir='ltr'><strong>remittuntur</strong></span> <span class='ocrx_word' id='word_1_606' title='bbox 831 4303 924 4358; x_wconf 90' lang='lat' dir='ltr'><strong>eis.</strong></span> <span class='ocrx_word' id='word_1_607' title='bbox 969 4304 1071 4371; x_wconf 86' lang='lat' dir='ltr'><strong>Qui</strong></span> <span class='ocrx_word' id='word_1_608' title='bbox 1100 4306 1263 4360; x_wconf 87' lang='lat' dir='ltr'><strong>etiam</strong></span> <span class='ocrx_word' id='word_1_609' title='bbox 1290 4307 1343 4361; x_wconf 89' lang='lat' dir='ltr'><strong>itt</strong></span> <span class='ocrx_word' id='word_1_610' title='bbox 1368 4307 1633 4378; x_wconf 80' lang='lat' dir='ltr'><strong>baptismo</strong></span> <span class='ocrx_word' id='word_1_611' title='bbox 1656 4324 1777 4365; x_wconf 84' lang='lat' dir='ltr'><strong>cum</strong></span> <span class='ocrx_word' id='word_1_612' title='bbox 1807 4308 1905 4364; x_wconf 84' lang='lat' dir='ltr'><strong>Pa-</strong></span> 
     </span>
    </p>
   </div>
   <div class='ocr_carea' id='block_1_78' title="bbox 2012 3123 3590 3202">
    <p class='ocr_par' dir='ltr' id='par_1_78' title="bbox 2012 3123 3590 3202">
     <span class='ocr_line' id='line_1_78' title="bbox 2012 3123 3590 3202; baseline -0.004 -17"><span class='ocrx_word' id='word_1_613' title='bbox 2012 3130 2410 3202; x_wconf 85' lang='lat' dir='ltr'><strong>confortabatur</strong></span> <span class='ocrx_word' id='word_1_614' title='bbox 2435 3129 2619 3201; x_wconf 86' lang='lat' dir='ltr'><strong>plenus</strong></span> <span class='ocrx_word' id='word_1_615' title='bbox 2649 3126 2850 3201; x_wconf 83' lang='lat' dir='ltr'><strong>Spiritu</strong></span> <span class='ocrx_word' id='word_1_616' title='bbox 2874 3136 3076 3182; x_wconf 87' lang='lat' dir='ltr'><strong>sancto.</strong></span> <span class='ocrx_word' id='word_1_617' title='bbox 3136 3124 3384 3181; x_wconf 78' lang='lat' dir='ltr'><strong>Viviﬁeat</strong></span> <span class='ocrx_word' id='word_1_618' title='bbox 3413 3123 3590 3189; x_wconf 86' lang='lat' dir='ltr'><strong>Pater,</strong></span> 
     </span>
    </p>
   </div>
   <div class='ocr_carea' id='block_1_79' title="bbox 2013 3215 3588 3290">
    <p class='ocr_par' dir='ltr' id='par_1_79' title="bbox 2013 3215 3588 3290">
     <span class='ocr_line' id='line_1_79' title="bbox 2013 3215 3588 3290; baseline -0.003 -17"><span class='ocrx_word' id='word_1_619' title='bbox 2013 3219 2086 3276; x_wconf 90' lang='lat' dir='ltr'><strong>ita</strong></span> <span class='ocrx_word' id='word_1_620' title='bbox 2117 3229 2171 3276; x_wconf 86' lang='lat' dir='ltr'><strong>et</strong></span> <span class='ocrx_word' id='word_1_621' title='bbox 2195 3220 2233 3273; x_wconf 87' lang='lat' dir='ltr'><strong>F</strong></span> <span class='ocrx_word' id='word_1_622' title='bbox 2240 3218 2381 3287; x_wconf 87' lang='lat' dir='ltr'><strong>ilius,</strong></span> <span class='ocrx_word' id='word_1_623' title='bbox 2418 3220 2490 3274; x_wconf 85' lang='lat' dir='ltr'><strong>ita</strong></span> <span class='ocrx_word' id='word_1_624' title='bbox 2529 3227 2584 3274; x_wconf 90' lang='lat' dir='ltr'><strong>ct</strong></span> <span class='ocrx_word' id='word_1_625' title='bbox 2623 3217 2857 3290; x_wconf 89' lang='lat' dir='ltr'><strong>Spiritus</strong></span> <span class='ocrx_word' id='word_1_626' title='bbox 2886 3227 3123 3273; x_wconf 87' lang='lat' dir='ltr'><strong>sanctus.</strong></span> <span class='ocrx_word' id='word_1_627' title='bbox 3171 3216 3230 3271; x_wconf 86' lang='lat' dir='ltr'><strong>In</strong></span> <span class='ocrx_word' id='word_1_628' title='bbox 3260 3215 3549 3289; x_wconf 78' lang='lat' dir='ltr'><strong>Evangelia</strong></span> <span class='ocrx_word' id='word_1_629' title='bbox 3576 3234 3588 3268; x_wconf 88' lang='lat'>:</span> 
     </span>
    </p>
   </div>
   <div class='ocr_carea' id='block_1_80' title="bbox 2009 3304 3592 3373">
    <p class='ocr_par' dir='ltr' id='par_1_80' title="bbox 2009 3304 3592 3373">
     <span class='ocr_line' id='line_1_80' title="bbox 2009 3304 3592 3373; baseline -0.003 -10"><span class='ocrx_word' id='word_1_630' title='bbox 2009 3307 2158 3363; x_wconf 85' lang='lat' dir='ltr'><strong>Sicut</strong></span> <span class='ocrx_word' id='word_1_631' title='bbox 2201 3308 2364 3362; x_wconf 89' lang='lat' dir='ltr'><strong>Pater</strong></span> <span class='ocrx_word' id='word_1_632' title='bbox 2403 3310 2619 3362; x_wconf 86' lang='lat' dir='ltr'><strong>suscitat</strong></span> <span class='ocrx_word' id='word_1_633' title='bbox 2654 3317 2884 3361; x_wconf 86' lang='lat' dir='ltr'><strong>mortuos</strong></span> <span class='ocrx_word' id='word_1_634' title='bbox 2928 3316 2975 3359; x_wconf 87' lang='lat' dir='ltr'><strong>et</strong></span> <span class='ocrx_word' id='word_1_635' title='bbox 3016 3306 3260 3373; x_wconf 75' lang='lat' dir='ltr'><strong>viri/ient,</strong></span> <span class='ocrx_word' id='word_1_636' title='bbox 3300 3308 3375 3359; x_wconf 88' lang='lat' dir='ltr'><strong>ita</strong></span> <span class='ocrx_word' id='word_1_637' title='bbox 3418 3304 3592 3359; x_wconf 85' lang='lat' dir='ltr'><strong>Filius</strong></span> 
     </span>
    </p>
   </div>
   <div class='ocr_carea' id='block_1_81' title="bbox 2006 3393 3594 3473">
    <p class='ocr_par' dir='ltr' id='par_1_81' title="bbox 2006 3393 3594 3473">
     <span class='ocr_line' id='line_1_81' title="bbox 2006 3393 3594 3473; baseline -0.003 -19"><span class='ocrx_word' id='word_1_638' title='bbox 2006 3416 2138 3473; x_wconf 87' lang='lat' dir='ltr'><strong>quos</strong></span> <span class='ocrx_word' id='word_1_639' title='bbox 2168 3398 2276 3452; x_wconf 81' lang='lat' dir='ltr'><strong>vult</strong></span> <span class='ocrx_word' id='word_1_640' title='bbox 2311 3398 2558 3467; x_wconf 74' lang='lat' dir='ltr'><strong>uiuificat.</strong></span> <span class='ocrx_word' id='word_1_641' title='bbox 2593 3396 2669 3450; x_wconf 90' lang='lat' dir='ltr'><strong>De</strong></span> <span class='ocrx_word' id='word_1_642' title='bbox 2693 3395 2897 3467; x_wconf 87' lang='lat' dir='ltr'><strong>Spiritu</strong></span> <span class='ocrx_word' id='word_1_643' title='bbox 2926 3404 3115 3449; x_wconf 87' lang='lat' dir='ltr'><strong>sancto</strong></span> <span class='ocrx_word' id='word_1_644' title='bbox 3142 3395 3197 3448; x_wconf 90' lang='lat' dir='ltr'><strong>in</strong></span> <span class='ocrx_word' id='word_1_645' title='bbox 3220 3393 3462 3464; x_wconf 86' lang='lat' dir='ltr'><strong>Epistola</strong></span> <span class='ocrx_word' id='word_1_646' title='bbox 3488 3395 3594 3462; x_wconf 50' lang='lat' dir='ltr'><strong>Pe:</strong></span> 
     </span>
    </p>
   </div>
   <div class='ocr_carea' id='block_1_82' title="bbox 2011 3485 3591 3559">
    <p class='ocr_par' dir='ltr' id='par_1_82' title="bbox 2011 3485 3591 3559">
     <span class='ocr_line' id='line_1_82' title="bbox 2011 3485 3591 3559; baseline -0.002 -15"><span class='ocrx_word' id='word_1_647' title='bbox 2011 3492 2082 3545; x_wconf 89' lang='lat' dir='ltr'><strong>tri</strong></span> <span class='ocrx_word' id='word_1_648' title='bbox 2135 3489 2409 3559; x_wconf 84' lang='lat' dir='ltr'><strong>apostoli:</strong></span> <span class='ocrx_word' id='word_1_649' title='bbox 2450 3488 2795 3557; x_wconf 77' lang='lat' dir='ltr'><strong>Mortiﬁcatos</strong></span> <span class='ocrx_word' id='word_1_650' title='bbox 2846 3502 3043 3551; x_wconf 85' lang='lat' dir='ltr'><strong>carne,</strong></span> <span class='ocrx_word' id='word_1_651' title='bbox 3088 3485 3370 3555; x_wconf 78' lang='lat' dir='ltr'><strong>viriﬁcatos</strong></span> <span class='ocrx_word' id='word_1_652' title='bbox 3417 3498 3591 3542; x_wconf 86' lang='lat' dir='ltr'><strong>autem</strong></span> 
     </span>
    </p>
   </div>
   <div class='ocr_carea' id='block_1_83' title="bbox 2010 3573 3591 3651">
    <p class='ocr_par' dir='ltr' id='par_1_83' title="bbox 2010 3573 3591 3651">
     <span class='ocr_line' id='line_1_83' title="bbox 2010 3573 3591 3651; baseline -0.003 -16"><span class='ocrx_word' id='word_1_653' title='bbox 2010 3580 2230 3651; x_wconf 81' lang='lat' dir='ltr'><strong>Spiritu.</strong></span> <span class='ocrx_word' id='word_1_654' title='bbox 2288 3578 2355 3635; x_wconf 86' lang='lat' dir='ltr'><strong>Et</strong></span> <span class='ocrx_word' id='word_1_655' title='bbox 2385 3579 2581 3634; x_wconf 82' lang='lat' dir='ltr'><strong>Paulus</strong></span> <span class='ocrx_word' id='word_1_656' title='bbox 2615 3577 2926 3649; x_wconf 88' lang='lat' dir='ltr'><strong>apostolus:</strong></span> <span class='ocrx_word' id='word_1_657' title='bbox 2955 3573 3174 3643; x_wconf 85' lang='lat' dir='ltr'><strong>Littera,</strong></span> <span class='ocrx_word' id='word_1_658' title='bbox 3220 3574 3414 3645; x_wconf 88' lang='lat' dir='ltr'><strong>inquit,</strong></span> <span class='ocrx_word' id='word_1_659' title='bbox 3454 3580 3591 3631; x_wconf 87' lang='lat' dir='ltr'><strong>occi-</strong></span> 
     </span>
    </p>
   </div>
   <div class='ocr_carea' id='block_1_84' title="bbox 2007 3666 3587 3746">
    <p class='ocr_par' dir='ltr' id='par_1_84' title="bbox 2007 3666 3587 3746">
     <span class='ocr_line' id='line_1_84' title="bbox 2007 3666 3587 3746; baseline -0.004 -20"><span class='ocrx_word' id='word_1_660' title='bbox 2007 3671 2359 3746; x_wconf 34' lang='lat' dir='ltr'><strong>dit,.Spiritus</strong></span> <span class='ocrx_word' id='word_1_661' title='bbox 2383 3682 2558 3725; x_wconf 85' lang='lat' dir='ltr'><strong>autem</strong></span> <span class='ocrx_word' id='word_1_662' title='bbox 2585 3669 2829 3738; x_wconf 78' lang='lat' dir='ltr'><strong>vivi/ictu.</strong></span> <span class='ocrx_word' id='word_1_663' title='bbox 2881 3667 2946 3722; x_wconf 82' lang='lat' dir='ltr'><strong>Et</strong></span> <span class='ocrx_word' id='word_1_664' title='bbox 2973 3666 3029 3721; x_wconf 88' lang='lat' dir='ltr'><strong>in</strong></span> <span class='ocrx_word' id='word_1_665' title='bbox 3055 3666 3345 3737; x_wconf 80' lang='lat' dir='ltr'><strong>Evangelia</strong></span> <span class='ocrx_word' id='word_1_666' title='bbox 3373 3685 3384 3721; x_wconf 91' lang='lat'><strong>:</strong></span> <span class='ocrx_word' id='word_1_667' title='bbox 3414 3667 3587 3738; x_wconf 74' lang='lat' dir='ltr'><strong>Spiri-</strong></span> 
     </span>
    </p>
   </div>
   <div class='ocr_carea' id='block_1_85' title="bbox 2007 3758 3590 3835">
    <p class='ocr_par' dir='ltr' id='par_1_85' title="bbox 2007 3758 3590 3835">
     <span class='ocr_line' id='line_1_85' title="bbox 2007 3758 3590 3835; baseline -0.003 -17"><span class='ocrx_word' id='word_1_668' title='bbox 2007 3772 2093 3818; x_wconf 87' lang='lat' dir='ltr'><strong>tus</strong></span> <span class='ocrx_word' id='word_1_669' title='bbox 2128 3773 2202 3818; x_wconf 90' lang='lat' dir='ltr'><strong>est</strong></span> <span class='ocrx_word' id='word_1_670' title='bbox 2237 3765 2327 3835; x_wconf 84' lang='lat' dir='ltr'><strong>qui</strong></span> <span class='ocrx_word' id='word_1_671' title='bbox 2374 3762 2619 3832; x_wconf 76' lang='lat' dir='ltr'><strong>rivi/icat.</strong></span> <span class='ocrx_word' id='word_1_672' title='bbox 2687 3759 2828 3814; x_wconf 86' lang='lat' dir='ltr'><strong>Nam</strong></span> <span class='ocrx_word' id='word_1_673' title='bbox 2870 3776 2993 3814; x_wconf 90' lang='lat' dir='ltr'><strong>caro</strong></span> <span class='ocrx_word' id='word_1_674' title='bbox 3038 3775 3143 3819; x_wconf 66' lang='lat' dir='ltr'><strong>non</strong></span> <span class='ocrx_word' id='word_1_675' title='bbox 3189 3758 3399 3830; x_wconf 88' lang='lat' dir='ltr'><strong>prodest</strong></span> <span class='ocrx_word' id='word_1_676' title='bbox 3438 3760 3590 3830; x_wconf 81' lang='lat' dir='ltr'><strong>quid-</strong></span> 
     </span>
    </p>
   </div>
   <div class='ocr_carea' id='block_1_86' title="bbox 2006 3844 3589 3925">
    <p class='ocr_par' dir='ltr' id='par_1_86' title="bbox 2006 3844 3589 3925">
     <span class='ocr_line' id='line_1_86' title="bbox 2006 3844 3589 3925; baseline -0.002 -17"><span class='ocrx_word' id='word_1_677' title='bbox 2006 3870 2183 3925; x_wconf 86' lang='lat' dir='ltr'><strong>quam.</strong></span> <span class='ocrx_word' id='word_1_678' title='bbox 2228 3852 2382 3909; x_wconf 90' lang='lat' dir='ltr'><strong>Sicut</strong></span> <span class='ocrx_word' id='word_1_679' title='bbox 2406 3854 2600 3909; x_wconf 89' lang='lat' dir='ltr'><strong>liberat</strong></span> <span class='ocrx_word' id='word_1_680' title='bbox 2632 3844 2813 3917; x_wconf 85' lang='lat' dir='ltr'><strong>Pater,</strong></span> <span class='ocrx_word' id='word_1_681' title='bbox 2842 3852 2910 3905; x_wconf 83' lang='lat' dir='ltr'><strong>ita</strong></span> <span class='ocrx_word' id='word_1_682' title='bbox 2944 3848 3134 3915; x_wconf 84' lang='lat' dir='ltr'><strong>Filius,</strong></span> <span class='ocrx_word' id='word_1_683' title='bbox 3168 3847 3241 3903; x_wconf 87' lang='lat' dir='ltr'><strong>ita</strong></span> <span class='ocrx_word' id='word_1_684' title='bbox 3271 3857 3326 3904; x_wconf 87' lang='lat' dir='ltr'><strong>et</strong></span> <span class='ocrx_word' id='word_1_685' title='bbox 3355 3849 3589 3920; x_wconf 86' lang='lat' dir='ltr'><strong>Spiritus</strong></span> 
     </span>
    </p>
   </div>
   <div class='ocr_carea' id='block_1_87' title="bbox 2008 3938 3585 4001">
    <p class='ocr_par' dir='ltr' id='par_1_87' title="bbox 2008 3938 3585 4001">
     <span class='ocr_line' id='line_1_87' title="bbox 2008 3938 3585 4001; baseline -0.005 -2"><span class='ocrx_word' id='word_1_686' title='bbox 2008 3953 2247 4001; x_wconf 85' lang='lat' dir='ltr'><strong>sanctus.</strong></span> <span class='ocrx_word' id='word_1_687' title='bbox 2309 3944 2385 3998; x_wconf 79' lang='lat' dir='ltr'><strong>De</strong></span> <span class='ocrx_word' id='word_1_688' title='bbox 2425 3942 2584 3998; x_wconf 86' lang='lat' dir='ltr'><strong>Patre</strong></span> <span class='ocrx_word' id='word_1_689' title='bbox 2611 3960 2625 3996; x_wconf 89' lang='lat'><strong>:</strong></span> <span class='ocrx_word' id='word_1_690' title='bbox 2652 3942 2791 3995; x_wconf 86' lang='lat' dir='ltr'><strong>Deus</strong></span> <span class='ocrx_word' id='word_1_691' title='bbox 2833 3939 3065 3994; x_wconf 78' lang='lat' dir='ltr'><strong>excelsas</strong></span> <span class='ocrx_word' id='word_1_692' title='bbox 3111 3938 3361 3995; x_wconf 84' lang='lat' dir='ltr'><strong>liberator</strong></span> <span class='ocrx_word' id='word_1_693' title='bbox 3407 3955 3585 3992; x_wconf 85' lang='lat' dir='ltr'><strong>eorum</strong></span> 
     </span>
    </p>
   </div>
   <div class='ocr_carea' id='block_1_88' title="bbox 2005 4018 3583 4103">
    <p class='ocr_par' dir='ltr' id='par_1_88' title="bbox 2005 4018 3583 4103">
     <span class='ocr_line' id='line_1_88' title="bbox 2005 4018 3583 4103; baseline -0.004 -15"><span class='ocrx_word' id='word_1_694' title='bbox 2005 4044 2102 4089; x_wconf 86' lang='lat' dir='ltr'><strong>est.</strong></span> <span class='ocrx_word' id='word_1_695' title='bbox 2151 4035 2229 4090; x_wconf 90' lang='lat' dir='ltr'><strong>De</strong></span> <span class='ocrx_word' id='word_1_696' title='bbox 2262 4033 2401 4088; x_wconf 87' lang='lat' dir='ltr'><strong>Filio</strong></span> <span class='ocrx_word' id='word_1_697' title='bbox 2436 4034 2491 4091; x_wconf 87' lang='lat' dir='ltr'><strong>in</strong></span> <span class='ocrx_word' id='word_1_698' title='bbox 2525 4031 2816 4103; x_wconf 83' lang='lat' dir='ltr'><strong>Evangelio</strong></span> <span class='ocrx_word' id='word_1_699' title='bbox 2842 4048 2855 4084; x_wconf 93' lang='lat'><strong>:</strong></span> <span class='ocrx_word' id='word_1_700' title='bbox 2880 4029 2938 4085; x_wconf 89' lang='lat' dir='ltr'><strong>Si</strong></span> <span class='ocrx_word' id='word_1_701' title='bbox 2960 4018 3046 4084; x_wconf 70' lang='lat' dir='ltr'><strong>eos</strong></span> <span class='ocrx_word' id='word_1_702' title='bbox 3067 4026 3240 4085; x_wconf 83' lang='lat' dir='ltr'><strong>Filius</strong></span> <span class='ocrx_word' id='word_1_703' title='bbox 3260 4026 3549 4083; x_wconf 83' lang='lat' dir='ltr'><strong>liberaverit</strong></span> <span class='ocrx_word' id='word_1_704' title='bbox 3570 4068 3583 4091; x_wconf 89' lang='lat'><strong>,</strong></span> 
     </span>
    </p>
   </div>
   <div class='ocr_carea' id='block_1_89' title="bbox 2006 4117 3584 4190">
    <p class='ocr_par' dir='ltr' id='par_1_89' title="bbox 2006 4117 3584 4190">
     <span class='ocr_line' id='line_1_89' title="bbox 2006 4117 3584 4190; baseline -0.004 -11"><span class='ocrx_word' id='word_1_705' title='bbox 2006 4142 2122 4181; x_wconf 82' lang='lat' dir='ltr'><strong>rere</strong></span> <span class='ocrx_word' id='word_1_706' title='bbox 2152 4125 2300 4179; x_wconf 87' lang='lat' dir='ltr'><strong>liberi</strong></span> <span class='ocrx_word' id='word_1_707' title='bbox 2337 4125 2511 4190; x_wconf 86' lang='lat' dir='ltr'><strong>eritis,</strong></span> <span class='ocrx_word' id='word_1_708' title='bbox 2549 4134 2597 4178; x_wconf 87' lang='lat' dir='ltr'><strong>et</strong></span> <span class='ocrx_word' id='word_1_709' title='bbox 2630 4123 2820 4178; x_wconf 74' lang='lat' dir='ltr'><strong>veritas</strong></span> <span class='ocrx_word' id='word_1_710' title='bbox 2854 4120 3091 4175; x_wconf 84' lang='lat' dir='ltr'><strong>liberabit</strong></span> <span class='ocrx_word' id='word_1_711' title='bbox 3126 4136 3234 4175; x_wconf 79' lang='lat' dir='ltr'><strong>vos.</strong></span> <span class='ocrx_word' id='word_1_712' title='bbox 3275 4117 3358 4175; x_wconf 80' lang='lat' dir='ltr'><strong>De.</strong></span> <span class='ocrx_word' id='word_1_713' title='bbox 3378 4118 3584 4190; x_wconf 84' lang='lat' dir='ltr'><strong>Spiritu</strong></span> 
     </span>
    </p>
   </div>
   <div class='ocr_carea' id='block_1_90' title="bbox 2006 4212 3583 4286">
    <p class='ocr_par' dir='ltr' id='par_1_90' title="bbox 2006 4212 3583 4286">
     <span class='ocr_line' id='line_1_90' title="bbox 2006 4212 3583 4286; baseline -0.005 -15"><span class='ocrx_word' id='word_1_714' title='bbox 2006 4225 2193 4272; x_wconf 86' lang='lat' dir='ltr'><strong>sancto</strong></span> <span class='ocrx_word' id='word_1_715' title='bbox 2220 4235 2233 4270; x_wconf 87' lang='lat'>:</span> <span class='ocrx_word' id='word_1_716' title='bbox 2266 4216 2496 4286; x_wconf 70' lang='lat' dir='ltr'><strong>Spiritus</strong></span> <span class='ocrx_word' id='word_1_717' title='bbox 2524 4215 2638 4269; x_wconf 74' lang='lat' dir='ltr'><strong>vitm</strong></span> <span class='ocrx_word' id='word_1_718' title='bbox 2682 4216 2737 4269; x_wconf 89' lang='lat' dir='ltr'><strong>in</strong></span> <span class='ocrx_word' id='word_1_719' title='bbox 2776 4213 2983 4268; x_wconf 86' lang='lat' dir='ltr'><strong>Christo</strong></span> <span class='ocrx_word' id='word_1_720' title='bbox 3017 4212 3147 4269; x_wconf 82' lang='lat' dir='ltr'><strong>Jestt</strong></span> <span class='ocrx_word' id='word_1_721' title='bbox 3183 4212 3415 4267; x_wconf 84' lang='lat' dir='ltr'><strong>liberarit</strong></span> <span class='ocrx_word' id='word_1_722' title='bbox 3449 4228 3531 4265; x_wconf 79' lang='lat' dir='ltr'><strong>me</strong></span> <span class='ocrx_word' id='word_1_723' title='bbox 3554 4230 3583 4263; x_wconf 88' lang='lat' dir='ltr'><strong>a</strong></span> 
     </span>
    </p>
   </div>
   <div class='ocr_carea' id='block_1_91' title="bbox 2004 4296 3582 4378">
    <p class='ocr_par' dir='ltr' id='par_1_91' title="bbox 2004 4296 3582 4378">
     <span class='ocr_line' id='line_1_91' title="bbox 2004 4296 3582 4378; baseline -0.004 -18"><span class='ocrx_word' id='word_1_724' title='bbox 2004 4305 2114 4378; x_wconf 88' lang='lat' dir='ltr'><strong>lege</strong></span> <span class='ocrx_word' id='word_1_725' title='bbox 2133 4307 2331 4378; x_wconf 87' lang='lat' dir='ltr'><strong>peccati</strong></span> <span class='ocrx_word' id='word_1_726' title='bbox 2359 4315 2407 4361; x_wconf 89' lang='lat' dir='ltr'><strong>et</strong></span> <span class='ocrx_word' id='word_1_727' title='bbox 2443 4296 2646 4359; x_wconf 80' lang='lat' dir='ltr'><strong>mortis.</strong></span> <span class='ocrx_word' id='word_1_728' title='bbox 2702 4304 2875 4375; x_wconf 78' lang='lat' dir='ltr'><strong>Elegit</strong></span> <span class='ocrx_word' id='word_1_729' title='bbox 2902 4303 3087 4369; x_wconf 83' lang='lat' dir='ltr'><strong>Pater,</strong></span> <span class='ocrx_word' id='word_1_730' title='bbox 3111 4304 3183 4361; x_wconf 85' lang='lat' dir='ltr'><strong>ita</strong></span> <span class='ocrx_word' id='word_1_731' title='bbox 3214 4313 3277 4358; x_wconf 37' lang='lat' dir='ltr'><strong>et.</strong></span> <span class='ocrx_word' id='word_1_732' title='bbox 3298 4302 3491 4367; x_wconf 69' lang='lat' dir='ltr'><strong>Filius,</strong></span> <span class='ocrx_word' id='word_1_733' title='bbox 3512 4303 3582 4357; x_wconf 81' lang='lat' dir='ltr'><strong>iti</strong></span> 
     </span>
    </p>
   </div>
   <div class='ocr_carea' id='block_1_92' title="bbox 325 4391 3582 4480">
    <p class='ocr_par' dir='ltr' id='par_1_92' title="bbox 325 4391 3582 4480">
     <span class='ocr_line' id='line_1_92' title="bbox 325 4391 3582 4480; baseline 0.001 -35"><span class='ocrx_word' id='word_1_734' title='bbox 325 4401 413 4445; x_wconf 84' lang='lat' dir='ltr'><strong>tre</strong></span> <span class='ocrx_word' id='word_1_735' title='bbox 446 4398 503 4445; x_wconf 90' lang='lat' dir='ltr'><strong>et</strong></span> <span class='ocrx_word' id='word_1_736' title='bbox 538 4391 676 4448; x_wconf 79' lang='lat' dir='ltr'><strong>Filio</strong></span> <span class='ocrx_word' id='word_1_737' title='bbox 708 4394 997 4465; x_wconf 84' lang='lat' dir='ltr'><strong>haptizatis</strong></span> <span class='ocrx_word' id='word_1_738' title='bbox 1042 4396 1408 4452; x_wconf 87' lang='lat' dir='ltr'><strong>remissionem</strong></span> <span class='ocrx_word' id='word_1_739' title='bbox 1442 4399 1628 4453; x_wconf 69' lang='lat' dir='ltr'><strong>tribuit</strong></span> <span class='ocrx_word' id='word_1_740' title='bbox 1656 4407 1904 4470; x_wconf 89' lang='lat' dir='ltr'><strong>peccato—</strong></span> <span class='ocrx_word' id='word_1_741' title='bbox 1929 4420 1983 4480; x_wconf 66' lang='grc' dir='ltr'><strong>ί)</strong></span> <span class='ocrx_word' id='word_1_742' title='bbox 2007 4408 2062 4455; x_wconf 89' lang='lat' dir='ltr'><strong>et</strong></span> <span class='ocrx_word' id='word_1_743' title='bbox 2086 4399 2320 4470; x_wconf 83' lang='lat' dir='ltr'><strong>Spiritus</strong></span> <span class='ocrx_word' id='word_1_744' title='bbox 2344 4407 2583 4454; x_wconf 83' lang='lat' dir='ltr'><strong>sanctus.</strong></span> <span class='ocrx_word' id='word_1_745' title='bbox 2621 4398 2699 4452; x_wconf 87' lang='lat' dir='ltr'><strong>De</strong></span> <span class='ocrx_word' id='word_1_746' title='bbox 2726 4397 2888 4451; x_wconf 85' lang='lat' dir='ltr'><strong>Patre</strong></span> <span class='ocrx_word' id='word_1_747' title='bbox 2916 4396 3205 4467; x_wconf 67' lang='lat' dir='ltr'><strong>Apostolus</strong></span> <span class='ocrx_word' id='word_1_748' title='bbox 3230 4396 3582 4453; x_wconf 75' lang='lat' dir='ltr'><strong>:Bencdictus</strong></span> 
     </span>
    </p>
   </div>
   <div class='ocr_carea' id='block_1_93' title="bbox 325 4482 1901 4559">
    <p class='ocr_par' dir='ltr' id='par_1_93' title="bbox 325 4482 1901 4559">
     <span class='ocr_line' id='line_1_93' title="bbox 325 4482 1901 4559; baseline 0.006 -23"><span class='ocrx_word' id='word_1_749' title='bbox 325 4498 468 4537; x_wconf 88' lang='lat' dir='ltr'><strong>rum.</strong></span> <span class='ocrx_word' id='word_1_750' title='bbox 507 4482 646 4539; x_wconf 86' lang='lat' dir='ltr'><strong>Audi</strong></span> <span class='ocrx_word' id='word_1_751' title='bbox 669 4485 830 4539; x_wconf 90' lang='lat' dir='ltr'><strong>etiam</strong></span> <span class='ocrx_word' id='word_1_752' title='bbox 852 4488 994 4556; x_wconf 88' lang='lat' dir='ltr'><strong>quod</strong></span> <span class='ocrx_word' id='word_1_753' title='bbox 1014 4489 1079 4543; x_wconf 88' lang='lat' dir='ltr'><strong>ad</strong></span> <span class='ocrx_word' id='word_1_754' title='bbox 1101 4487 1410 4544; x_wconf 89' lang='lat' dir='ltr'><strong>Corinthios</strong></span> <span class='ocrx_word' id='word_1_755' title='bbox 1425 4490 1536 4559; x_wconf 86' lang='lat' dir='ltr'><strong>jam</strong></span> <span class='ocrx_word' id='word_1_756' title='bbox 1562 4491 1762 4545; x_wconf 90' lang='lat' dir='ltr'><strong>dictum</strong></span> <span class='ocrx_word' id='word_1_757' title='bbox 1782 4498 1866 4545; x_wconf 87' lang='lat' dir='ltr'><strong>est</strong></span> <span class='ocrx_word' id='word_1_758' title='bbox 1888 4510 1901 4545; x_wconf 88' lang='lat'><strong>:</strong></span> 
     </span>
    </p>
   </div>
   <div class='ocr_carea' id='block_1_94' title="bbox 326 4572 1904 4646">
    <p class='ocr_par' dir='ltr' id='par_1_94' title="bbox 326 4572 1904 4646">
     <span class='ocr_line' id='line_1_94' title="bbox 326 4572 1904 4646; baseline 0.006 -19"><span class='ocrx_word' id='word_1_759' title='bbox 326 4572 534 4640; x_wconf 82' lang='lat' dir='ltr'><strong>Gratia,</strong></span> <span class='ocrx_word' id='word_1_760' title='bbox 564 4576 759 4646; x_wconf 87' lang='lat' dir='ltr'><strong>inquit,</strong></span> <span class='ocrx_word' id='word_1_761' title='bbox 794 4576 1004 4633; x_wconf 88' lang='lat' dir='ltr'><strong>Domini</strong></span> <span class='ocrx_word' id='word_1_762' title='bbox 1033 4582 1197 4633; x_wconf 88' lang='lat' dir='ltr'><strong>nostri</strong></span> <span class='ocrx_word' id='word_1_763' title='bbox 1217 4579 1346 4634; x_wconf 71' lang='lat' dir='ltr'><strong>Iesu</strong></span> <span class='ocrx_word' id='word_1_764' title='bbox 1371 4579 1584 4644; x_wconf 82' lang='lat' dir='ltr'><strong>Christi,</strong></span> <span class='ocrx_word' id='word_1_765' title='bbox 1607 4593 1654 4634; x_wconf 89' lang='lat' dir='ltr'><strong>et</strong></span> <span class='ocrx_word' id='word_1_766' title='bbox 1674 4583 1904 4638; x_wconf 76' lang='lat' dir='ltr'><strong>charitas</strong></span> 
     </span>
    </p>
   </div>
   <div class='ocr_carea' id='block_1_95' title="bbox 325 4666 1900 4737">
    <p class='ocr_par' dir='ltr' id='par_1_95' title="bbox 325 4666 1900 4737">
     <span class='ocr_line' id='line_1_95' title="bbox 325 4666 1900 4737; baseline 0.006 -22"><span class='ocrx_word' id='word_1_767' title='bbox 325 4672 376 4716; x_wconf 88' lang='lat' dir='ltr'><strong>et</strong></span> <span class='ocrx_word' id='word_1_768' title='bbox 409 4666 808 4720; x_wconf 85' lang='lat' dir='ltr'><strong>communicatio</strong></span> <span class='ocrx_word' id='word_1_769' title='bbox 842 4669 1008 4721; x_wconf 87' lang='lat' dir='ltr'><strong>sancti</strong></span> <span class='ocrx_word' id='word_1_770' title='bbox 1048 4666 1276 4737; x_wconf 88' lang='lat' dir='ltr'><strong>Spiritus</strong></span> <span class='ocrx_word' id='word_1_771' title='bbox 1314 4685 1431 4721; x_wconf 88' lang='lat' dir='ltr'><strong>cum</strong></span> <span class='ocrx_word' id='word_1_772' title='bbox 1466 4670 1701 4724; x_wconf 87' lang='lat' dir='ltr'><strong>omnibus</strong></span> <span class='ocrx_word' id='word_1_773' title='bbox 1739 4671 1900 4725; x_wconf 70' lang='lat' dir='ltr'><strong>vobis.</strong></span> 
     </span>
    </p>
   </div>
   <div class='ocr_carea' id='block_1_96' title="bbox 326 4753 1905 4831">
    <p class='ocr_par' dir='ltr' id='par_1_96' title="bbox 326 4753 1905 4831">
     <span class='ocr_line' id='line_1_96' title="bbox 326 4753 1905 4831; baseline 0.007 -24"><span class='ocrx_word' id='word_1_774' title='bbox 326 4753 429 4821; x_wconf 81' lang='lat' dir='ltr'><strong>Qui</strong></span> <span class='ocrx_word' id='word_1_775' title='bbox 446 4755 491 4809; x_wconf 90' lang='lat' dir='ltr'><strong>si</strong></span> <span class='ocrx_word' id='word_1_776' title='bbox 511 4771 614 4810; x_wconf 89' lang='lat' dir='ltr'><strong>non</strong></span> <span class='ocrx_word' id='word_1_777' title='bbox 636 4765 779 4811; x_wconf 87' lang='lat' dir='ltr'><strong>esset</strong></span> <span class='ocrx_word' id='word_1_778' title='bbox 802 4758 942 4812; x_wconf 90' lang='lat' dir='ltr'><strong>Deus</strong></span> <span class='ocrx_word' id='word_1_779' title='bbox 966 4766 1019 4813; x_wconf 84' lang='lat' dir='ltr'><strong>ct</strong></span> <span class='ocrx_word' id='word_1_780' title='bbox 1039 4767 1286 4813; x_wconf 88' lang='lat' dir='ltr'><strong>creatura</strong></span> <span class='ocrx_word' id='word_1_781' title='bbox 1310 4770 1471 4823; x_wconf 87' lang='lat' dir='ltr'><strong>esset,</strong></span> <span class='ocrx_word' id='word_1_782' title='bbox 1498 4761 1637 4815; x_wconf 89' lang='lat' dir='ltr'><strong>sicut</strong></span> <span class='ocrx_word' id='word_1_783' title='bbox 1658 4760 1905 4831; x_wconf 83' lang='lat' dir='ltr'><strong>blasphe-</strong></span> 
     </span>
    </p>
   </div>
   <div class='ocr_carea' id='block_1_97' title="bbox 326 4847 1904 4919">
    <p class='ocr_par' dir='ltr' id='par_1_97' title="bbox 326 4847 1904 4919">
     <span class='ocr_line' id='line_1_97' title="bbox 326 4847 1904 4919; baseline 0.006 -20"><span class='ocrx_word' id='word_1_784' title='bbox 326 4855 478 4900; x_wconf 79' lang='lat' dir='ltr'><strong>tnant</strong></span> <span class='ocrx_word' id='word_1_785' title='bbox 512 4847 766 4911; x_wconf 71' lang='lat' dir='ltr'><strong>lucretici,</strong></span> <span class='ocrx_word' id='word_1_786' title='bbox 805 4864 1077 4918; x_wconf 83' lang='lat' dir='ltr'><strong>nunquam</strong></span> <span class='ocrx_word' id='word_1_787' title='bbox 1113 4850 1165 4903; x_wconf 90' lang='lat' dir='ltr'><strong>in</strong></span> <span class='ocrx_word' id='word_1_788' title='bbox 1196 4849 1484 4919; x_wconf 87' lang='lat' dir='ltr'><strong>baptismo,</strong></span> <span class='ocrx_word' id='word_1_789' title='bbox 1515 4849 1603 4903; x_wconf 87' lang='lat' dir='ltr'><strong>ubi</strong></span> <span class='ocrx_word' id='word_1_790' title='bbox 1633 4851 1778 4905; x_wconf 79' lang='lat' dir='ltr'><strong>salus</strong></span> <span class='ocrx_word' id='word_1_791' title='bbox 1807 4852 1904 4908; x_wconf 78' lang='lat' dir='ltr'><strong>hu-</strong></span> 
     </span>
    </p>
   </div>
   <div class='ocr_carea' id='block_1_98' title="bbox 326 4940 1725 5011">
    <p class='ocr_par' dir='ltr' id='par_1_98' title="bbox 326 4940 1725 5011">
     <span class='ocr_line' id='line_1_98' title="bbox 326 4940 1725 5011; baseline -0.001 -17"><span class='ocrx_word' id='word_1_792' title='bbox 326 4941 471 4995; x_wconf 80' lang='lat' dir='ltr'><strong>niani</strong></span> <span class='ocrx_word' id='word_1_793' title='bbox 499 4941 712 5011; x_wconf 82' lang='lat' dir='ltr'><strong>generis</strong></span> <span class='ocrx_word' id='word_1_794' title='bbox 732 4942 928 5011; x_wconf 87' lang='lat' dir='ltr'><strong>agitur,</strong></span> <span class='ocrx_word' id='word_1_795' title='bbox 955 4940 1099 4995; x_wconf 86' lang='lat' dir='ltr'><strong>Patri</strong></span> <span class='ocrx_word' id='word_1_796' title='bbox 1128 4949 1183 4995; x_wconf 86' lang='lat' dir='ltr'><strong>et</strong></span> <span class='ocrx_word' id='word_1_797' title='bbox 1202 4940 1339 4996; x_wconf 82' lang='lat' dir='ltr'><strong>Filio</strong></span> <span class='ocrx_word' id='word_1_798' title='bbox 1362 4941 1725 5010; x_wconf 81' lang='lat' dir='ltr'><strong>copularetur.</strong></span> 
     </span>
    </p>
   </div>
   <div class='ocr_carea' id='block_1_99' title="bbox 396 5032 1905 5103">
    <p class='ocr_par' dir='ltr' id='par_1_99' title="bbox 396 5032 1905 5103">
     <span class='ocr_line' id='line_1_99' title="bbox 396 5032 1905 5103; baseline 0.001 -17"><span class='ocrx_word' id='word_1_799' title='bbox 396 5032 529 5086; x_wconf 82' lang='lat' dir='ltr'><strong>Nam</strong></span> <span class='ocrx_word' id='word_1_800' title='bbox 567 5034 711 5103; x_wconf 83' lang='lat' dir='ltr'><strong>quod</strong></span> <span class='ocrx_word' id='word_1_801' title='bbox 740 5034 899 5087; x_wconf 87' lang='lat' dir='ltr'><strong>unius</strong></span> <span class='ocrx_word' id='word_1_802' title='bbox 928 5034 1243 5087; x_wconf 70' lang='lat' dir='ltr'><strong>substantia:</strong></span> <span class='ocrx_word' id='word_1_803' title='bbox 1277 5033 1347 5087; x_wconf 90' lang='lat' dir='ltr'><strong>sit</strong></span> <span class='ocrx_word' id='word_1_804' title='bbox 1379 5032 1542 5088; x_wconf 83' lang='lat' dir='ltr'><strong>Pater</strong></span> <span class='ocrx_word' id='word_1_805' title='bbox 1567 5041 1622 5087; x_wconf 88' lang='lat' dir='ltr'><strong>et</strong></span> <span class='ocrx_word' id='word_1_806' title='bbox 1657 5032 1821 5087; x_wconf 76' lang='lat' dir='ltr'><strong>Filius</strong></span> <span class='ocrx_word' id='word_1_807' title='bbox 1851 5043 1905 5088; x_wconf 90' lang='lat' dir='ltr'><strong>et</strong></span> 
     </span>
    </p>
   </div>
   <div class='ocr_carea' id='block_1_100' title="bbox 325 5123 1905 5197">
    <p class='ocr_par' dir='ltr' id='par_1_100' title="bbox 325 5123 1905 5197">
     <span class='ocr_line' id='line_1_100' title="bbox 325 5123 1905 5197; baseline -0.001 -16"><span class='ocrx_word' id='word_1_808' title='bbox 325 5126 563 5197; x_wconf 87' lang='lat' dir='ltr'><strong>Spiritus</strong></span> <span class='ocrx_word' id='word_1_809' title='bbox 587 5133 808 5180; x_wconf 84' lang='lat' dir='ltr'><strong>sanctus</strong></span> <span class='ocrx_word' id='word_1_810' title='bbox 830 5123 998 5179; x_wconf 79' lang='lat' dir='ltr'><strong>Isaias</strong></span> <span class='ocrx_word' id='word_1_811' title='bbox 1025 5127 1287 5194; x_wconf 84' lang='lat' dir='ltr'><strong>propheta</strong></span> <span class='ocrx_word' id='word_1_812' title='bbox 1310 5126 1461 5190; x_wconf 91' lang='lat' dir='ltr'><strong>dicit,</strong></span> <span class='ocrx_word' id='word_1_813' title='bbox 1491 5126 1629 5180; x_wconf 86' lang='lat' dir='ltr'><strong>sicut</strong></span> <span class='ocrx_word' id='word_1_814' title='bbox 1652 5124 1764 5193; x_wconf 83' lang='lat' dir='ltr'><strong>jam</strong></span> <span class='ocrx_word' id='word_1_815' title='bbox 1794 5143 1905 5180; x_wconf 87' lang='lat' dir='ltr'><strong>me-</strong></span> 
     </span>
    </p>
   </div>
   <div class='ocr_carea' id='block_1_101' title="bbox 324 5216 1907 5287">
    <p class='ocr_par' dir='ltr' id='par_1_101' title="bbox 324 5216 1907 5287">
     <span class='ocr_line' id='line_1_101' title="bbox 324 5216 1907 5287; baseline 0.001 -15"><span class='ocrx_word' id='word_1_816' title='bbox 324 5216 829 5282; x_wconf 80' lang='lat' dir='ltr'><strong>moravimus:Quis</strong></span> <span class='ocrx_word' id='word_1_817' title='bbox 854 5216 1094 5286; x_wconf 81' lang='lat' dir='ltr'><strong>appendit</strong></span> <span class='ocrx_word' id='word_1_818' title='bbox 1119 5217 1280 5271; x_wconf 88' lang='lat' dir='ltr'><strong>tribus</strong></span> <span class='ocrx_word' id='word_1_819' title='bbox 1303 5219 1479 5287; x_wconf 77' lang='lat' dir='ltr'><strong>digitis</strong></span> <span class='ocrx_word' id='word_1_820' title='bbox 1500 5218 1685 5273; x_wconf 83' lang='lat' dir='ltr'><strong>malent</strong></span> <span class='ocrx_word' id='word_1_821' title='bbox 1711 5220 1907 5273; x_wconf 70' lang='lat' dir='ltr'><strong>terrm?</strong></span> 
     </span>
    </p>
   </div>
   <div class='ocr_carea' id='block_1_102' title="bbox 323 5306 1902 5378">
    <p class='ocr_par' dir='ltr' id='par_1_102' title="bbox 323 5306 1902 5378">
     <span class='ocr_line' id='line_1_102' title="bbox 323 5306 1902 5378; baseline 0.004 -20"><span class='ocrx_word' id='word_1_822' title='bbox 323 5308 443 5373; x_wconf 83' lang='lat' dir='ltr'><strong>Quo</strong></span> <span class='ocrx_word' id='word_1_823' title='bbox 466 5306 583 5359; x_wconf 84' lang='lat' dir='ltr'><strong>loco</strong></span> <span class='ocrx_word' id='word_1_824' title='bbox 607 5321 704 5373; x_wconf 86' lang='lat' dir='ltr'><strong>per</strong></span> <span class='ocrx_word' id='word_1_825' title='bbox 725 5314 833 5360; x_wconf 87' lang='lat' dir='ltr'><strong>tres</strong></span> <span class='ocrx_word' id='word_1_826' title='bbox 858 5306 1051 5376; x_wconf 80' lang='lat' dir='ltr'><strong>digitos</strong></span> <span class='ocrx_word' id='word_1_827' title='bbox 1074 5308 1125 5361; x_wconf 90' lang='lat' dir='ltr'><strong>in</strong></span> <span class='ocrx_word' id='word_1_828' title='bbox 1156 5308 1239 5360; x_wconf 73' lang='lat' dir='ltr'><strong>tri?</strong></span> <span class='ocrx_word' id='word_1_829' title='bbox 1264 5324 1327 5363; x_wconf 89' lang='lat' dir='ltr'><strong>us</strong></span> <span class='ocrx_word' id='word_1_830' title='bbox 1341 5309 1585 5378; x_wconf 85' lang='lat' dir='ltr'><strong>personis</strong></span> <span class='ocrx_word' id='word_1_831' title='bbox 1598 5325 1758 5363; x_wconf 86' lang='lat' dir='ltr'><strong>unam</strong></span> <span class='ocrx_word' id='word_1_832' title='bbox 1774 5310 1902 5365; x_wconf 86' lang='lat' dir='ltr'><strong>sub-</strong></span> 
     </span>
    </p>
   </div>
   <div class='ocr_carea' id='block_1_103' title="bbox 323 5394 1905 5467">
    <p class='ocr_par' dir='ltr' id='par_1_103' title="bbox 323 5394 1905 5467">
     <span class='ocr_line' id='line_1_103' title="bbox 323 5394 1905 5467; baseline 0.002 -16"><span class='ocrx_word' id='word_1_833' title='bbox 323 5394 578 5451; x_wconf 85' lang='lat' dir='ltr'><strong>stantiam</strong></span> <span class='ocrx_word' id='word_1_834' title='bbox 619 5409 738 5449; x_wconf 88' lang='lat' dir='ltr'><strong>esse</strong></span> <span class='ocrx_word' id='word_1_835' title='bbox 771 5396 1066 5464; x_wconf 88' lang='lat' dir='ltr'><strong>perdocuit.</strong></span> <span class='ocrx_word' id='word_1_836' title='bbox 1122 5398 1271 5460; x_wconf 71' lang='lat' dir='ltr'><strong>Quod</strong></span> <span class='ocrx_word' id='word_1_837' title='bbox 1303 5397 1593 5467; x_wconf 86' lang='lat' dir='ltr'><strong>Apostolus</strong></span> <span class='ocrx_word' id='word_1_838' title='bbox 1622 5401 1689 5455; x_wconf 90' lang='lat' dir='ltr'><strong>de</strong></span> <span class='ocrx_word' id='word_1_839' title='bbox 1728 5401 1905 5455; x_wconf 90' lang='lat' dir='ltr'><strong>Trini-</strong></span> 
     </span>
    </p>
   </div>
   <div class='ocr_carea' id='block_1_104' title="bbox 326 5482 1901 5559">
    <p class='ocr_par' dir='ltr' id='par_1_104' title="bbox 326 5482 1901 5559">
     <span class='ocr_line' id='line_1_104' title="bbox 326 5482 1901 5559; baseline 0.003 -20"><span class='ocrx_word' id='word_1_840' title='bbox 326 5492 438 5539; x_wconf 85' lang='lat' dir='ltr'><strong>tate</strong></span> <span class='ocrx_word' id='word_1_841' title='bbox 465 5482 666 5537; x_wconf 85' lang='lat' dir='ltr'><strong>dictum</strong></span> <span class='ocrx_word' id='word_1_842' title='bbox 697 5483 997 5553; x_wconf 81' lang='lat' dir='ltr'><strong>intelligens</strong></span> <span class='ocrx_word' id='word_1_843' title='bbox 1036 5485 1145 5538; x_wconf 88' lang='lat' dir='ltr'><strong>ait:</strong></span> <span class='ocrx_word' id='word_1_844' title='bbox 1176 5485 1259 5538; x_wconf 71' lang='lat' dir='ltr'><strong>Ea:</strong></span> <span class='ocrx_word' id='word_1_845' title='bbox 1289 5487 1399 5557; x_wconf 87' lang='lat' dir='ltr'><strong>ipso</strong></span> <span class='ocrx_word' id='word_1_846' title='bbox 1436 5497 1484 5542; x_wconf 87' lang='lat' dir='ltr'><strong>et</strong></span> <span class='ocrx_word' id='word_1_847' title='bbox 1526 5506 1618 5558; x_wconf 81' lang='lat' dir='ltr'><strong>per</strong></span> <span class='ocrx_word' id='word_1_848' title='bbox 1649 5489 1817 5559; x_wconf 84' lang='lat' dir='ltr'><strong>ipsum</strong></span> <span class='ocrx_word' id='word_1_849' title='bbox 1852 5500 1901 5543; x_wconf 85' lang='lat' dir='ltr'><strong>et</strong></span> 
     </span>
    </p>
   </div>
   <div class='ocr_carea' id='block_1_105' title="bbox 328 5576 1900 5651">
    <p class='ocr_par' dir='ltr' id='par_1_105' title="bbox 328 5576 1900 5651">
     <span class='ocr_line' id='line_1_105' title="bbox 328 5576 1900 5651; baseline 0.004 -22"><span class='ocrx_word' id='word_1_850' title='bbox 328 5579 380 5629; x_wconf 86' lang='lat' dir='ltr'><strong>in</strong></span> <span class='ocrx_word' id='word_1_851' title='bbox 404 5578 513 5647; x_wconf 81' lang='lat' dir='ltr'><strong>ipso</strong></span> <span class='ocrx_word' id='word_1_852' title='bbox 534 5576 863 5629; x_wconf 79' lang='lat' dir='ltr'><strong>snntomnia.</strong></span> <span class='ocrx_word' id='word_1_853' title='bbox 900 5576 1042 5629; x_wconf 75' lang='lat' dir='ltr'><strong>Hom</strong></span> <span class='ocrx_word' id='word_1_854' title='bbox 1076 5594 1141 5631; x_wconf 76' lang='lat' dir='ltr'><strong>ex</strong></span> <span class='ocrx_word' id='word_1_855' title='bbox 1170 5576 1331 5631; x_wconf 79' lang='lat' dir='ltr'><strong>I’a&#39;re</strong></span> <span class='ocrx_word' id='word_1_856' title='bbox 1358 5587 1410 5633; x_wconf 90' lang='lat' dir='ltr'><strong>et</strong></span> <span class='ocrx_word' id='word_1_857' title='bbox 1441 5579 1576 5633; x_wconf 80' lang='lat' dir='ltr'><strong>Filio</strong></span> <span class='ocrx_word' id='word_1_858' title='bbox 1607 5589 1662 5636; x_wconf 85' lang='lat' dir='ltr'><strong>ct</strong></span> <span class='ocrx_word' id='word_1_859' title='bbox 1700 5582 1900 5651; x_wconf 77' lang='lat' dir='ltr'><strong>Spiritu</strong></span> 
     </span>
    </p>
   </div>
   <div class='ocr_carea' id='block_1_106' title="bbox 2011 4486 3581 4558">
    <p class='ocr_par' dir='ltr' id='par_1_106' title="bbox 2011 4486 3581 4558">
     <span class='ocr_line' id='line_1_106' title="bbox 2011 4486 3581 4558; baseline -0.003 -13"><span class='ocrx_word' id='word_1_860' title='bbox 2011 4490 2155 4546; x_wconf 85' lang='lat' dir='ltr'><strong>Deus</strong></span> <span class='ocrx_word' id='word_1_861' title='bbox 2185 4502 2234 4546; x_wconf 91' lang='lat' dir='ltr'><strong>et</strong></span> <span class='ocrx_word' id='word_1_862' title='bbox 2275 4490 2440 4545; x_wconf 86' lang='lat' dir='ltr'><strong>Pater</strong></span> <span class='ocrx_word' id='word_1_863' title='bbox 2494 4490 2707 4544; x_wconf 89' lang='lat' dir='ltr'><strong>Domini</strong></span> <span class='ocrx_word' id='word_1_864' title='bbox 2756 4487 2887 4541; x_wconf 79' lang='lat' dir='ltr'><strong>Jesu</strong></span> <span class='ocrx_word' id='word_1_865' title='bbox 2932 4487 3148 4554; x_wconf 84' lang='lat' dir='ltr'><strong>Christi,</strong></span> <span class='ocrx_word' id='word_1_866' title='bbox 3189 4486 3456 4558; x_wconf 78' lang='lat' dir='ltr'><strong>quielegit</strong></span> <span class='ocrx_word' id='word_1_867' title='bbox 3491 4504 3581 4541; x_wconf 82' lang='lat' dir='ltr'><strong>nos</strong></span> 
     </span>
    </p>
   </div>
   <div class='ocr_carea' id='block_1_107' title="bbox 2010 4576 3581 4636">
    <p class='ocr_par' dir='ltr' id='par_1_107' title="bbox 2010 4576 3581 4636">
     <span class='ocr_line' id='line_1_107' title="bbox 2010 4576 3581 4636; baseline -0.002 -2"><span class='ocrx_word' id='word_1_868' title='bbox 2010 4592 2130 4636; x_wconf 85' lang='lat' dir='ltr'><strong>ante</strong></span> <span class='ocrx_word' id='word_1_869' title='bbox 2154 4582 2335 4635; x_wconf 88' lang='lat' dir='ltr'><strong>mundi</strong></span> <span class='ocrx_word' id='word_1_870' title='bbox 2355 4579 2793 4635; x_wconf 86' lang='lat' dir='ltr'><strong>constitutionem.</strong></span> <span class='ocrx_word' id='word_1_871' title='bbox 2818 4577 2893 4632; x_wconf 84' lang='lat' dir='ltr'><strong>De</strong></span> <span class='ocrx_word' id='word_1_872' title='bbox 2916 4577 3051 4633; x_wconf 86' lang='lat' dir='ltr'><strong>Filio</strong></span> <span class='ocrx_word' id='word_1_873' title='bbox 3074 4596 3087 4631; x_wconf 89' lang='lat'><strong>:</strong></span> <span class='ocrx_word' id='word_1_874' title='bbox 3116 4576 3239 4632; x_wconf 75' lang='lat' dir='ltr'><strong>Non</strong></span> <span class='ocrx_word' id='word_1_875' title='bbox 3263 4595 3350 4631; x_wconf 84' lang='lat' dir='ltr'><strong>vos</strong></span> <span class='ocrx_word' id='word_1_876' title='bbox 3373 4593 3453 4631; x_wconf 88' lang='lat' dir='ltr'><strong>me</strong></span> <span class='ocrx_word' id='word_1_877' title='bbox 3480 4578 3581 4631; x_wconf 86' lang='lat' dir='ltr'><strong>cle-</strong></span> 
     </span>
    </p>
   </div>
   <div class='ocr_carea' id='block_1_108' title="bbox 2008 4665 3581 4741">
    <p class='ocr_par' dir='ltr' id='par_1_108' title="bbox 2008 4665 3581 4741">
     <span class='ocr_line' id='line_1_108' title="bbox 2008 4665 3581 4741; baseline -0.003 -18"><span class='ocrx_word' id='word_1_878' title='bbox 2008 4672 2179 4741; x_wconf 83' lang='lat' dir='ltr'><strong>gistis,</strong></span> <span class='ocrx_word' id='word_1_879' title='bbox 2200 4671 2289 4725; x_wconf 88' lang='lat' dir='ltr'><strong>sed</strong></span> <span class='ocrx_word' id='word_1_880' title='bbox 2312 4686 2403 4740; x_wconf 82' lang='lat' dir='ltr'><strong>ego</strong></span> <span class='ocrx_word' id='word_1_881' title='bbox 2424 4668 2552 4739; x_wconf 87' lang='lat' dir='ltr'><strong>elegi</strong></span> <span class='ocrx_word' id='word_1_882' title='bbox 2580 4685 2687 4723; x_wconf 81' lang='lat' dir='ltr'><strong>vos.</strong></span> <span class='ocrx_word' id='word_1_883' title='bbox 2727 4667 2802 4723; x_wconf 89' lang='lat' dir='ltr'><strong>De</strong></span> <span class='ocrx_word' id='word_1_884' title='bbox 2832 4665 3035 4738; x_wconf 84' lang='lat' dir='ltr'><strong>Spiritu</strong></span> <span class='ocrx_word' id='word_1_885' title='bbox 3058 4674 3248 4722; x_wconf 87' lang='lat' dir='ltr'><strong>sancto</strong></span> <span class='ocrx_word' id='word_1_886' title='bbox 3273 4667 3327 4721; x_wconf 87' lang='lat' dir='ltr'><strong>in</strong></span> <span class='ocrx_word' id='word_1_887' title='bbox 3356 4666 3581 4723; x_wconf 70' lang='lat' dir='ltr'><strong>Actibus</strong></span> 
     </span>
    </p>
   </div>
   <div class='ocr_carea' id='block_1_109' title="bbox 2010 4758 3577 4831">
    <p class='ocr_par' dir='ltr' id='par_1_109' title="bbox 2010 4758 3577 4831">
     <span class='ocr_line' id='line_1_109' title="bbox 2010 4758 3577 4831; baseline -0.004 -15"><span class='ocrx_word' id='word_1_888' title='bbox 2010 4760 2374 4830; x_wconf 86' lang='lat' dir='ltr'><strong>apostolorum</strong></span> <span class='ocrx_word' id='word_1_889' title='bbox 2396 4780 2410 4815; x_wconf 83' lang='lat'><strong>:</strong></span> <span class='ocrx_word' id='word_1_890' title='bbox 2433 4759 2566 4814; x_wconf 87' lang='lat' dir='ltr'><strong>Cum</strong></span> <span class='ocrx_word' id='word_1_891' title='bbox 2592 4776 2714 4831; x_wconf 88' lang='lat' dir='ltr'><strong>ergo</strong></span> <span class='ocrx_word' id='word_1_892' title='bbox 2730 4759 3063 4829; x_wconf 86' lang='lat' dir='ltr'><strong>jejunassent</strong></span> <span class='ocrx_word' id='word_1_893' title='bbox 3091 4767 3139 4812; x_wconf 90' lang='lat' dir='ltr'><strong>et</strong></span> <span class='ocrx_word' id='word_1_894' title='bbox 3165 4767 3419 4821; x_wconf 84' lang='lat' dir='ltr'><strong>orassent,</strong></span> <span class='ocrx_word' id='word_1_895' title='bbox 3444 4758 3577 4811; x_wconf 67' lang='lat' dir='ltr'><strong>dixit</strong></span> 
     </span>
    </p>
   </div>
   <div class='ocr_carea' id='block_1_110' title="bbox 2008 4851 3577 4925">
    <p class='ocr_par' dir='ltr' id='par_1_110' title="bbox 2008 4851 3577 4925">
     <span class='ocr_line' id='line_1_110' title="bbox 2008 4851 3577 4925; baseline -0.003 -15"><span class='ocrx_word' id='word_1_896' title='bbox 2008 4857 2083 4911; x_wconf 87' lang='lat' dir='ltr'><strong>cis</strong></span> <span class='ocrx_word' id='word_1_897' title='bbox 2114 4853 2340 4925; x_wconf 89' lang='lat' dir='ltr'><strong>Spiritus</strong></span> <span class='ocrx_word' id='word_1_898' title='bbox 2378 4863 2628 4908; x_wconf 87' lang='lat' dir='ltr'><strong>sanctus:</strong></span> <span class='ocrx_word' id='word_1_899' title='bbox 2681 4852 2963 4923; x_wconf 87' lang='lat' dir='ltr'><strong>Segregate</strong></span> <span class='ocrx_word' id='word_1_900' title='bbox 3008 4852 3138 4906; x_wconf 88' lang='lat' dir='ltr'><strong>mihi</strong></span> <span class='ocrx_word' id='word_1_901' title='bbox 3190 4851 3490 4906; x_wconf 82' lang='lat' dir='ltr'><strong>Barnabam</strong></span> <span class='ocrx_word' id='word_1_902' title='bbox 3530 4864 3577 4905; x_wconf 79' lang='lat' dir='ltr'><strong>ct</strong></span> 
     </span>
    </p>
   </div>
   <div class='ocr_carea' id='block_1_111' title="bbox 2010 4940 3580 5013">
    <p class='ocr_par' dir='ltr' id='par_1_111' title="bbox 2010 4940 3580 5013">
     <span class='ocr_line' id='line_1_111' title="bbox 2010 4940 3580 5013; baseline -0.003 -15"><span class='ocrx_word' id='word_1_903' title='bbox 2010 4944 2241 4999; x_wconf 82' lang='lat' dir='ltr'><strong>Paulum</strong></span> <span class='ocrx_word' id='word_1_904' title='bbox 2268 4944 2338 4998; x_wconf 87' lang='lat' dir='ltr'><strong>ad</strong></span> <span class='ocrx_word' id='word_1_905' title='bbox 2384 4960 2511 5013; x_wconf 89' lang='lat' dir='ltr'><strong>opus</strong></span> <span class='ocrx_word' id='word_1_906' title='bbox 2539 4944 2607 4996; x_wconf 84' lang='lat' dir='ltr'><strong>ad</strong></span> <span class='ocrx_word' id='word_1_907' title='bbox 2654 4941 2795 5013; x_wconf 85' lang='lat' dir='ltr'><strong>quod</strong></span> <span class='ocrx_word' id='word_1_908' title='bbox 2829 4940 2959 5012; x_wconf 87' lang='lat' dir='ltr'><strong>elegi</strong></span> <span class='ocrx_word' id='word_1_909' title='bbox 3003 4959 3108 4996; x_wconf 87' lang='lat' dir='ltr'><strong>eos.</strong></span> <span class='ocrx_word' id='word_1_910' title='bbox 3135 4941 3359 4997; x_wconf 83' lang='lat' dir='ltr'><strong>Creator</strong></span> <span class='ocrx_word' id='word_1_911' title='bbox 3386 4941 3580 4996; x_wconf 65' lang='lat' dir='ltr'><strong>dicitur</strong></span> 
     </span>
    </p>
   </div>
   <div class='ocr_carea' id='block_1_112' title="bbox 2008 5029 3577 5103">
    <p class='ocr_par' dir='ltr' id='par_1_112' title="bbox 2008 5029 3577 5103">
     <span class='ocr_line' id='line_1_112' title="bbox 2008 5029 3577 5103; baseline -0.002 -16"><span class='ocrx_word' id='word_1_912' title='bbox 2008 5035 2187 5099; x_wconf 81' lang='lat' dir='ltr'><strong>Pater,</strong></span> <span class='ocrx_word' id='word_1_913' title='bbox 2223 5035 2294 5088; x_wconf 90' lang='lat' dir='ltr'><strong>ita</strong></span> <span class='ocrx_word' id='word_1_914' title='bbox 2324 5034 2511 5097; x_wconf 83' lang='lat' dir='ltr'><strong>Filius,</strong></span> <span class='ocrx_word' id='word_1_915' title='bbox 2543 5032 2615 5088; x_wconf 81' lang='lat' dir='ltr'><strong>ita</strong></span> <span class='ocrx_word' id='word_1_916' title='bbox 2645 5031 2882 5103; x_wconf 89' lang='lat' dir='ltr'><strong>Spiritus</strong></span> <span class='ocrx_word' id='word_1_917' title='bbox 2895 5039 3134 5087; x_wconf 87' lang='lat' dir='ltr'><strong>sanctus.</strong></span> <span class='ocrx_word' id='word_1_918' title='bbox 3164 5030 3239 5086; x_wconf 88' lang='lat' dir='ltr'><strong>De</strong></span> <span class='ocrx_word' id='word_1_919' title='bbox 3261 5030 3421 5085; x_wconf 79' lang='lat' dir='ltr'><strong>Patre</strong></span> <span class='ocrx_word' id='word_1_920' title='bbox 3439 5029 3577 5100; x_wconf 72' lang='grc' dir='ltr'><strong>Αυυ⁴</strong></span> 
     </span>
    </p>
   </div>
   <div class='ocr_carea' id='block_1_113' title="bbox 2008 5122 3579 5192">
    <p class='ocr_par' dir='ltr' id='par_1_113' title="bbox 2008 5122 3579 5192">
     <span class='ocr_line' id='line_1_113' title="bbox 2008 5122 3579 5192; baseline -0.002 -14"><span class='ocrx_word' id='word_1_921' title='bbox 2008 5125 2207 5179; x_wconf 89' lang='lat' dir='ltr'><strong>stolus:</strong></span> <span class='ocrx_word' id='word_1_922' title='bbox 2237 5122 2368 5188; x_wconf 68' lang='lat' dir='ltr'><strong>Quae</strong></span> <span class='ocrx_word' id='word_1_923' title='bbox 2394 5124 2459 5177; x_wconf 88' lang='lat' dir='ltr'><strong>sit</strong></span> <span class='ocrx_word' id='word_1_924' title='bbox 2480 5124 2795 5177; x_wconf 83' lang='lat' dir='ltr'><strong>sacramenti</strong></span> <span class='ocrx_word' id='word_1_925' title='bbox 2822 5123 3186 5192; x_wconf 83' lang='lat' dir='ltr'><strong>dispensatioa</strong></span> <span class='ocrx_word' id='word_1_926' title='bbox 3208 5122 3339 5186; x_wconf 75' lang='lat' dir='ltr'><strong>Deo,</strong></span> <span class='ocrx_word' id='word_1_927' title='bbox 3364 5122 3453 5192; x_wconf 89' lang='lat' dir='ltr'><strong>qui</strong></span> <span class='ocrx_word' id='word_1_928' title='bbox 3473 5140 3579 5175; x_wconf 71' lang='lat' dir='ltr'><strong>on:~</strong></span> 
     </span>
    </p>
   </div>
   <div class='ocr_carea' id='block_1_114' title="bbox 2011 5209 3578 5280">
    <p class='ocr_par' dir='ltr' id='par_1_114' title="bbox 2011 5209 3578 5280">
     <span class='ocr_line' id='line_1_114' title="bbox 2011 5209 3578 5280; baseline -0.004 -14"><span class='ocrx_word' id='word_1_929' title='bbox 2011 5214 2099 5266; x_wconf 86' lang='lat' dir='ltr'><strong>nia</strong></span> <span class='ocrx_word' id='word_1_930' title='bbox 2120 5213 2333 5266; x_wconf 81' lang='lat' dir='ltr'><strong>crearit.</strong></span> <span class='ocrx_word' id='word_1_931' title='bbox 2368 5212 2443 5266; x_wconf 91' lang='lat' dir='ltr'><strong>De</strong></span> <span class='ocrx_word' id='word_1_932' title='bbox 2485 5211 2624 5266; x_wconf 81' lang='lat' dir='ltr'><strong>Filio</strong></span> <span class='ocrx_word' id='word_1_933' title='bbox 2670 5212 2736 5265; x_wconf 89' lang='lat' dir='ltr'><strong>ad</strong></span> <span class='ocrx_word' id='word_1_934' title='bbox 2767 5210 3156 5266; x_wconf 82' lang='lat' dir='ltr'><strong>Colossenses:</strong></span> <span class='ocrx_word' id='word_1_935' title='bbox 3207 5209 3345 5274; x_wconf 85' lang='lat' dir='ltr'><strong>Quia</strong></span> <span class='ocrx_word' id='word_1_936' title='bbox 3374 5210 3437 5264; x_wconf 90' lang='lat' dir='ltr'><strong>ab</strong></span> <span class='ocrx_word' id='word_1_937' title='bbox 3468 5211 3578 5280; x_wconf 71' lang='lat' dir='ltr'><strong>ipso</strong></span> 
     </span>
    </p>
   </div>
   <div class='ocr_carea' id='block_1_115' title="bbox 2011 5301 3577 5371">
    <p class='ocr_par' dir='ltr' id='par_1_115' title="bbox 2011 5301 3577 5371">
     <span class='ocr_line' id='line_1_115' title="bbox 2011 5301 3577 5371; baseline -0.002 -14"><span class='ocrx_word' id='word_1_938' title='bbox 2011 5313 2185 5357; x_wconf 81' lang='lat' dir='ltr'><strong>creata</strong></span> <span class='ocrx_word' id='word_1_939' title='bbox 2220 5312 2342 5357; x_wconf 90' lang='lat' dir='ltr'><strong>sunt</strong></span> <span class='ocrx_word' id='word_1_940' title='bbox 2373 5303 2637 5365; x_wconf 79' lang='lat' dir='ltr'><strong>universa,</strong></span> <span class='ocrx_word' id='word_1_941' title='bbox 2665 5312 2712 5356; x_wconf 90' lang='lat' dir='ltr'><strong>et</strong></span> <span class='ocrx_word' id='word_1_942' title='bbox 2743 5302 2920 5355; x_wconf 89' lang='lat' dir='ltr'><strong>omnia</strong></span> <span class='ocrx_word' id='word_1_943' title='bbox 2939 5301 2993 5355; x_wconf 85' lang='lat' dir='ltr'><strong>in</strong></span> <span class='ocrx_word' id='word_1_944' title='bbox 3015 5302 3126 5371; x_wconf 89' lang='lat' dir='ltr'><strong>ipso</strong></span> <span class='ocrx_word' id='word_1_945' title='bbox 3155 5310 3413 5355; x_wconf 76' lang='lat' dir='ltr'><strong>constant.</strong></span> <span class='ocrx_word' id='word_1_946' title='bbox 3436 5301 3497 5354; x_wconf 80' lang='lat' dir='ltr'><strong>Et</strong></span> <span class='ocrx_word' id='word_1_947' title='bbox 3525 5301 3577 5355; x_wconf 68' lang='lat' dir='ltr'><strong>i&#39;i</strong></span> 
     </span>
    </p>
   </div>
   <div class='ocr_carea' id='block_1_116' title="bbox 2008 5392 3575 5464">
    <p class='ocr_par' dir='ltr' id='par_1_116' title="bbox 2008 5392 3575 5464">
     <span class='ocr_line' id='line_1_116' title="bbox 2008 5392 3575 5464; baseline -0.001 -16"><span class='ocrx_word' id='word_1_948' title='bbox 2008 5394 2328 5463; x_wconf 81' lang='lat' dir='ltr'><strong>Evangelia:</strong></span> <span class='ocrx_word' id='word_1_949' title='bbox 2373 5392 2565 5446; x_wconf 87' lang='lat' dir='ltr'><strong>Omnia</strong></span> <span class='ocrx_word' id='word_1_950' title='bbox 2594 5409 2686 5462; x_wconf 89' lang='lat' dir='ltr'><strong>per</strong></span> <span class='ocrx_word' id='word_1_951' title='bbox 2715 5394 2883 5464; x_wconf 82' lang='lat' dir='ltr'><strong>ipsum</strong></span> <span class='ocrx_word' id='word_1_952' title='bbox 2920 5394 3061 5462; x_wconf 88' lang='lat' dir='ltr'><strong>facta</strong></span> <span class='ocrx_word' id='word_1_953' title='bbox 3088 5403 3228 5447; x_wconf 88' lang='lat' dir='ltr'><strong>sunt.</strong></span> <span class='ocrx_word' id='word_1_954' title='bbox 3260 5392 3338 5447; x_wconf 87' lang='lat' dir='ltr'><strong>De</strong></span> <span class='ocrx_word' id='word_1_955' title='bbox 3373 5392 3575 5463; x_wconf 73' lang='lat' dir='ltr'><strong>Spiritu</strong></span> 
     </span>
    </p>
   </div>
   <div class='ocr_carea' id='block_1_117' title="bbox 2009 5482 3574 5541">
    <p class='ocr_par' dir='ltr' id='par_1_117' title="bbox 2009 5482 3574 5541">
     <span class='ocr_line' id='line_1_117' title="bbox 2009 5482 3574 5541; baseline -0.002 -1"><span class='ocrx_word' id='word_1_956' title='bbox 2009 5486 2061 5541; x_wconf 91' lang='lat' dir='ltr'><strong>in</strong></span> <span class='ocrx_word' id='word_1_957' title='bbox 2094 5484 2416 5539; x_wconf 88' lang='lat' dir='ltr'><strong>Salomone:</strong></span> <span class='ocrx_word' id='word_1_958' title='bbox 2453 5483 2519 5537; x_wconf 81' lang='lat' dir='ltr'><strong>Et</strong></span> <span class='ocrx_word' id='word_1_959' title='bbox 2552 5482 2674 5536; x_wconf 75' lang='lat' dir='ltr'><strong>vidit</strong></span> <span class='ocrx_word' id='word_1_960' title='bbox 2703 5492 2751 5537; x_wconf 89' lang='lat' dir='ltr'><strong>et</strong></span> <span class='ocrx_word' id='word_1_961' title='bbox 2792 5483 3141 5538; x_wconf 79' lang='lat' dir='ltr'><strong>dinumeravit</strong></span> <span class='ocrx_word' id='word_1_962' title='bbox 3179 5493 3226 5537; x_wconf 88' lang='lat' dir='ltr'><strong>et</strong></span> <span class='ocrx_word' id='word_1_963' title='bbox 3264 5499 3471 5540; x_wconf 82' lang='lat' dir='ltr'><strong>mensus</strong></span> <span class='ocrx_word' id='word_1_964' title='bbox 3500 5498 3574 5540; x_wconf 76' lang='lat' dir='ltr'><strong>cs:</strong></span> 
     </span>
    </p>
   </div>
   <div class='ocr_carea' id='block_1_118' title="bbox 2007 5574 3571 5647">
    <p class='ocr_par' dir='ltr' id='par_1_118' title="bbox 2007 5574 3571 5647">
     <span class='ocr_line' id='line_1_118' title="bbox 2007 5574 3571 5647; baseline -0.001 -16"><span class='ocrx_word' id='word_1_965' title='bbox 2007 5578 2201 5642; x_wconf 85' lang='lat' dir='ltr'><strong>omnia,</strong></span> <span class='ocrx_word' id='word_1_966' title='bbox 2236 5578 2343 5647; x_wconf 81' lang='lat' dir='ltr'><strong>ipse</strong></span> <span class='ocrx_word' id='word_1_967' title='bbox 2378 5576 2567 5629; x_wconf 79' lang='lat' dir='ltr'><strong>crearit</strong></span> <span class='ocrx_word' id='word_1_968' title='bbox 2602 5592 2661 5628; x_wconf 88' lang='lat' dir='ltr'><strong>ca</strong></span> <span class='ocrx_word' id='word_1_969' title='bbox 2690 5592 2785 5646; x_wconf 84' lang='lat' dir='ltr'><strong>per</strong></span> <span class='ocrx_word' id='word_1_970' title='bbox 2823 5574 3080 5647; x_wconf 77' lang='lat' dir='ltr'><strong>Spiritum</strong></span> <span class='ocrx_word' id='word_1_971' title='bbox 3131 5584 3410 5639; x_wconf 80' lang='lat' dir='ltr'><strong>sanctum;</strong></span> <span class='ocrx_word' id='word_1_972' title='bbox 3445 5588 3497 5633; x_wconf 82' lang='lat' dir='ltr'><strong>et</strong></span> <span class='ocrx_word' id='word_1_973' title='bbox 3524 5579 3571 5631; x_wconf 61' lang='grc' dir='ltr'><strong>ἐκ</strong></span> 
     </span>
    </p>
   </div>
  </div>
