4014 6186
519 278 657 355 ξὲθὲ

1508 301 1566 360 S.
1604 292 1966 360 BENEDICTI
2004 302 2297 391 ABBATIS
2334 292 2751 362 ANIANENSIS

3641 304 3789 375 isse

514 391 761 468 i’salmo:
808 412 998 469 Emitte
1062 414 1317 484 Spiritum
1359 423 1508 467 tuum
1557 422 1604 468 et
1633 413 1991 477 creabantur;
2036 422 2090 468 et
2118 415 2168 474 Λ
2197 422 2278 466 tre
2304 430 2316 465 :
2348 412 2514 479 Deus,
2544 414 2635 485 qui
2657 417 2980 468 occultorum
3009 414 3242 487 cognitor
3264 426 3359 474 est.
3392 419 3471 476 De
3491 419 3633 477 Filio
3661 442 3676 476 :
3708 427 3788 479 Ab

513 501 675 557 ulibi:
706 502 773 557 Et
803 504 987 575 spiritu
1018 520 1124 557 orts
1163 504 1275 574 ejus
1299 502 1465 557 omnis
1509 505 1671 558 virtus
1700 520 1899 559 eorum.
1933 502 2086 557 Sicut

515 592 766 658 praedixit
789 590 968 655 Pater,
995 590 1068 643 ita
1090 600 1143 643 et
1171 590 1357 654 Filius,
1392 593 1465 646 ita
1506 601 1561 647 et
1590 592 1823 661 Spiritus
1847 602 2082 646 sanctus.

518 683 593 736 De
639 680 839 735 Patre:
900 680 1043 735 Deus
1092 691 1286 745 autent,
1334 683 1466 735 sicut
1507 682 1751 752 prwdixit
1795 681 1907 754 pati
1936 680 2089 735 Chri-

514 774 652 824 stum
693 787 866 837 suum,
914 770 1139 840 implevit
1165 773 1259 825 sic.
1291 771 1366 826 De
1400 770 1537 827 Frlio
1566 773 1619 825 in
1666 771 1956 842 Evangelio
1988 786 2087 825 an-

516 862 669 931 gelus
719 863 853 917 dixit
903 862 1258 918 mulieribus:
1317 863 1422 929 Ite,
1472 866 1781 918 annuntiate
1833 862 2088 935 fratribus

515 954 640 1021 'quia
668 952 921 1024 pra'cedet
947 970 1033 1008 vos
1062 956 1115 1007 in
1141 951 1439 1008 Catilinam.
1465 953 1549 1007 Ibi
1564 970 1687 1008 eum
1711 952 1967 1020 videbitis,
1990 954 2092 1008 sic-

519 1026 586 1094 ut.
622 1043 757 1096 dixit
812 1043 972 1097 vobis.
1019 1042 1097 1097 De
1139 1041 1344 1113 Spiritu
1379 1051 1567 1098 sancto
1616 1043 1669 1097 in
1710 1041 1934 1098 Actibus
1964 1058 2093 1112 apo-

517 1132 779 1187 stolorum
809 1133 1002 1187 Petrus
1026 1132 1304 1203 loquitur:
1354 1132 1568 1204 Oportet
1607 1132 1812 1201 impleri
1851 1132 2095 1206 Scriptuo

520 1241 633 1277 ram
658 1240 815 1295 quam
853 1224 1096 1295 pra'dixit
1136 1223 1364 1295 Spiritus
1407 1235 1619 1278 sanctus
1649 1240 1742 1295 per
1792 1242 1849 1278 os
1899 1224 2089 1279 David.

521 1313 742 1384 Magnus
763 1313 940 1378 Pater,
974 1313 1048 1367 ita
1068 1311 1252 1377 Filius,
1301 1313 1374 1367 ita
1400 1323 1453 1366 ct
1487 1311 1723 1383 Spiritus
1751 1322 1987 1367 sanctus.
2018 1314 2095 1367 De

520 1390 719 1459 Patre:
765 1403 988 1475 Magnus
1036 1404 1177 1458 Deus
1225 1415 1401 1458 naster
1424 1414 1471 1458 et
1503 1403 1807 1458 laudabilis.
1847 1404 1921 1458 De
1958 1404 2095 1459 Filio

518 1498 589 1552 ad
633 1496 852 1552 Titum:
898 1496 1270 1567 Exspectantes
1318 1497 1519 1551 beatam
1548 1514 1689 1568 spem
1740 1506 1787 1551 et
1817 1497 2095 1550 adventum

519 1588 704 1659 gloria:
735 1588 912 1659 magni
967 1587 1067 1642 Dei
1103 1598 1149 1642 et
1180 1587 1472 1643 Salvatoris
1515 1589 1678 1643 nostri
1700 1586 1829 1643 Iesu
1875 1588 2093 1643 Christi.

520 1666 597 1735 De
633 1678 837 1751 Spiritu
867 1691 1055 1735 sancto
1086 1681 1137 1735 in
1165 1680 1371 1752 Regum
1401 1681 1477 1735 ait
1503 1680 1763 1735 Dominus
1791 1680 1857 1735 ad
1885 1680 2093 1735 Eliam:

2190 498 2362 565 initio,
2396 501 2591 572 inquit,
2616 503 2811 558 sciebat
2834 501 2993 558 Iesus
3017 520 3132 575 quts
3156 523 3269 561 eum
3302 519 3433 563 esset
3464 509 3786 569 traditurus.

2187 590 2264 646 De
2287 591 2493 663 Spiritu
2520 602 2707 650 sancto
2741 612 2754 649 :
2805 594 2937 649 Cum
2972 598 3162 651 venerit
3217 596 3525 656 Paraclitus
3568 605 3789 673 spiritus

2188 684 2441 748 veritatis,
2465 683 2667 738 docebit
2688 701 2776 739 vos
2804 702 3008 740 omnem
3030 694 3324 757 veritatem,
3353 675 3545 764 efquce
3567 707 3790 752 ventura

2189 780 2315 824 sunt
2345 773 2678 827 annuntiabit
2698 773 2860 829 vobis.
2908 777 3060 833 Sicut
3081 779 3280 850 ubique
3303 792 3423 837 esse
3447 784 3655 838 dicitur
3682 786 3788 841 Pas

2189 856 2293 925 ter,
2346 861 2421 915 ita
2450 861 2642 929 Filius,
2670 862 2744 918 ita
2799 874 2853 920 et
2880 865 3117 938 Spiritus
3148 882 3388 927 sanctus.
3453 873 3532 928 De
3575 874 3785 931 Patre:

2190 944 2388 1003 Caelum
2410 960 2460 1004 et
2486 960 2683 1005 terram
2711 964 2804 1023 ego
2821 955 3029 1025 impleo,
3050 958 3175 1012 dicit
3191 958 3473 1015 Dominus.
3513 963 3596 1018 De
3611 964 3786 1022 Filio:

2193 1035 2493 1111 Ubicunque
2521 1040 2715 1112 fuerint
2756 1038 2863 1098 duo
2888 1043 2965 1099 vel
2987 1054 3087 1101 tres
3129 1053 3430 1120 congregati
3480 1052 3536 1105 in
3577 1057 3789 1111 nomine

2191 1145 2327 1193 meo,
2356 1130 2429 1184 ibi
2472 1147 2590 1185 sum
2625 1132 2683 1186 in
2709 1134 2888 1190 medio
2919 1150 3118 1190 eorum.
3180 1138 3248 1192 Et
3299 1140 3597 1208 Apostolus
3629 1160 3645 1196 :
3681 1144 3788 1211 Qui

2192 1218 2423 1272 ascendit
2447 1235 2603 1289 super
2623 1221 2797 1287 ctelos,
2852 1230 2910 1276 ut
2940 1224 3175 1295 impleret
3208 1230 3403 1282 omnia.
3449 1231 3525 1285 De
3577 1232 3786 1303 Spiritu

2193 1314 2384 1364 Sancto
2420 1310 2472 1364 in
2502 1311 2828 1367 Salomone:
2873 1313 3105 1385 Spiritus
3128 1316 3340 1373 Domini
3367 1321 3584 1391 replet-it
3608 1326 3785 1377 orbem

2193 1407 2453 1454 terrarum
2484 1409 2532 1454 et
2550 1401 2690 1471 quod
2708 1419 2864 1460 super
2886 1404 3058 1458 orbem
3081 1415 3176 1459 est.
3199 1406 3442 1478 Implevit
3460 1412 3645 1480 ipsum
3678 1413 3786 1468 Do-

2195 1487 2400 1542 minum
2429 1490 2579 1543 orbis
2627 1490 2793 1545 totius
2820 1493 3182 1560 conditorem,
3211 1496 3601 1569 sicutlegimus
3630 1518 3646 1556 :
3693 1500 3775 1554 Ie.

2193 1594 2284 1631 sus
2303 1588 2475 1632 autem
2501 1578 2687 1649 plenus
2730 1579 2934 1651 Spiritu
2973 1593 3155 1638 sancto
3187 1601 3447 1655 regressus
3470 1599 3548 1641 est
3572 1590 3641 1641 ab
3660 1590 3783 1643 loro

2195 1667 2350 1722 dane.
2402 1668 2721 1747 Et.David:
2773 1671 2889 1735 Quo
2935 1672 3018 1725 ibo
3062 1691 3093 1727 a
3142 1673 3349 1745 Spiritu
3393 1680 3539 1732 tuo?
3589 1680 3787 1749 Arguit

521 1769 657 1823 Ecce
688 1769 942 1823 Dominus
966 1770 1203 1834 transiet,
1238 1780 1286 1824 et
1321 1769 1551 1840 Spiritus
1575 1781 1789 1825 sanctus
1832 1781 1879 1825 et
1923 1770 2091 1840 fortis.
2122 1783 2170 1842 Β
2195 1758 2378 1824 Pater,
2403 1758 2476 1813 ila
2492 1758 2679 1827 Filius»
2711 1769 2767 1816 ει
2790 1760 3026 1830 simul”
3054 1771 3294 1817 sancws-
3341 1766 3416 1820 De
3446 1766 3647 1822 Patre:
3674 1770 3786 1823 DO-

519 1843 675 1915 Sicut
723 1859 961 1913 eharitas
1011 1858 1190 1913 Patris
1222 1900 1237 1925 ,
1288 1860 1362 1914 ita
1412 1860 1579 1924 Filii,
1636 1861 1708 1913 ita
1762 1868 1816 1913 et
1860 1859 2093 1928 Spiritus

518 1948 711 2023 Sancti.
773 1948 849 2002 De
908 1948 1111 2003 Patre:
1178 1947 1630 2020 Superabundavit
1685 1959 1859 2003 autem
1918 1950 2093 2020 gratia

520 2037 733 2093 Domini
774 2035 903 2092 Iesu
953 2036 1147 2093 Christi
1175 2049 1221 2093 et
1268 2040 1496 2093 charitas
1540 2039 1636 2093 Dei
1668 2041 1849 2094 nostri.
1902 2040 1977 2095 De
2006 2040 2095 2094 Fi-

521 2127 635 2182 lio:
688 2126 930 2182 Charitas
980 2128 1116 2181 enim
1174 2127 1368 2183 Christi
1403 2139 1548 2199 urget
1590 2147 1702 2183 nos.
1765 2130 1838 2184 De
1888 2129 2094 2200 Spiritu

517 2218 744 2275 sancto:
802 2219 941 2285 Quid
991 2218 1161 2279 vultis,
1209 2220 1263 2273 in
1306 2220 1446 2289 virga
1496 2222 1697 2273 veniam
1743 2220 1814 2273 ad
1864 2238 1970 2285 vos,
2024 2238 2095 2275 an

520 2313 576 2365 in
602 2311 855 2365 charitate
882 2308 1151 2380 Spiritus?
1179 2310 1245 2363 Et
1284 2309 1409 2364 alibi
1437 2329 1449 2363 :
1492 2308 1736 2365 Charitas
1765 2309 1862 2364 Dei
1897 2310 2093 2380 diffusa

519 2418 599 2458 est
634 2403 685 2458 in
712 2402 953 2457 cordibus
981 2402 1171 2456 nostris
1196 2418 1286 2471 per
1316 2400 1573 2471 Spiritum
1601 2404 1862 2467 sanetum,
1885 2402 1974 2471 qui
1998 2400 2094 2454 da-

524 2508 607 2550 tus
630 2505 705 2549 est
751 2493 915 2548 nobis.
946 2493 1124 2549 Vitam
1166 2501 1424 2547 aeternam
1456 2493 1546 2547 dat
1586 2491 1765 2555 Pater,
1800 2491 1872 2545 ita
1902 2490 2090 2555 Filius,

524 2588 600 2640 ita
643 2595 697 2639 et
748 2584 982 2655 Spiritus
1036 2591 1276 2639 sanctus.
1324 2582 1400 2636 De
1450 2582 1642 2637 Patre:
1678 2580 1797 2636 Pax
1829 2581 1947 2646 Dei,
1976 2598 2093 2652 qua:

522 2686 795 2746 exsuperat
823 2693 1024 2730 onmem
1054 2691 1280 2730 sensum.
1310 2674 1384 2729 De
1404 2674 1538 2729 Filio
1558 2675 1609 2728 in
1634 2672 1952 2744 Evangelia:
1982 2670 2091 2726 Pa-

516 2778 629 2820 ‘cem
654 2768 721 2821 tlo
753 2767 915 2830 vobis,
941 2783 1118 2837 pacem
1142 2782 1311 2818 meam
1344 2765 1548 2819 dimitto
1576 2764 1731 2818 vobis.
1778 2763 1851 2818 De
1888 2762 2093 2833 Spiritu

516 2868 710 2913 sancto
749 2876 761 2911 :
797 2854 1085 2910 Prudentia
1118 2866 1291 2909 autem
1324 2854 1552 2925 Spiritus
1594 2855 1694 2908 vita
1730 2863 1777 2907 et
1816 2870 1939 2923 pax.
1989 2852 2094 2907 Be-

523 2948 661 3002 relat
690 2945 867 3012 Pater,
892 2948 963 3001 ita
988 2946 1178 3011 Filius,
1200 2946 1270 2999 ita
1294 2954 1348 3000 et
1372 2944 1603 3015 Spiritus
1630 2952 1867 2998 sanctus.
1896 2943 1972 2997 De
1993 2942 2095 2995 Pa-

517 3028 603 3091 tre
642 3036 708 3090 al
754 3034 971 3090 Galatas
1004 3033 1110 3089 εει
1169 3034 1414 3089 reuelaret
1451 3032 1649 3087 Filium
1693 3047 1845 3086 suum
1890 3032 1943 3085 in
1991 3021 2088 3085 me:

2195 1850 2354 1917 mine,
2386 1867 2448 1904 ne
2469 1852 2523 1904 in
2552 1851 2634 1904 ira
2657 1859 2746 1904 tua
2767 1867 2960 1922 arguas
2982 1868 3083 1906 me.
3124 1853 3201 1907 De
3229 1853 3369 1911 Filio
3398 1874 3411 1887 ·
3441 1857 3685 1928 Arguam
3710 1869 3781 1925 te,

2195 1951 2243 1996 et
2269 1950 2499 1996 statuam
2537 1941 2684 1997 illam
2729 1951 2911 1997 contra
2947 1944 3135 2012 faciem
3183 1956 3349 2001 tuam.
3411 1948 3490 2004 De
3518 1950 3778 2020 Spiritu:

2196 2028 2328 2085 Cum
2344 2032 2539 2085 venerit
2568 2030 2798 2101 Spiritus
2813 2031 3125 2102 paraclitus,
3158 2036 3267 2105 ipse
3303 2048 3486 2107 arguet
3519 2042 3778 2096 mundum

2194 2122 2260 2176 de
2271 2134 2503 2191 peccato,
2531 2131 2586 2177 et
2606 2108 2843 2191 reliqua:
2864 2122 3044 2177 Bonus
3064 2122 3246 2189 Pater,
3270 2125 3446 2182 bonus
3467 2128 3659 2191 Filius,
3684 2133 3778 2185 bo-

2194 2226 2299 2266 nus
2322 2211 2553 2281 Spiritus
2567 2219 2805 2267 sanctus.
2835 2210 3113 2268 DePatrc:
3149 2213 3309 2269 Pater
3331 2215 3478 2271 bone.
3503 2219 3581 2272 De
3603 2220 3772 2278 Filio:

2195 2301 2310 2374 Ego
2334 2319 2451 2357 sum
2477 2314 2656 2374 pastor
2684 2303 2869 2357 bonus.
2922 2305 2998 2360 De
3034 2304 3236 2375 Spiritu
3276 2317 3467 2362 sancto
3495 2328 3506 2362 :
3537 2310 3774 2382 Spiritus

2195 2403 2316 2449 tuus
2345 2393 2510 2448 bonus
2545 2394 2759 2448 deducet
2790 2411 2871 2449 me
2892 2395 2944 2449 in
2966 2397 3048 2449 via
3071 2407 3230 2450 recta.
3267 2398 3583 2454 Sanctiﬁcat
3621 2412 3673 2455 ct
3694 2403 3774 2470 juo

2194 2485 2396 2542 stilicat
2416 2485 2554 2539 sicut
2570 2486 2751 2551 Pater,
2776 2486 2847 2540 ita
2869 2485 3054 2551 Filius,
3089 2487 3163 2541 ita
3188 2496 3242 2541 ct
3265 2487 3502 2558 Spiritus
3522 2504 3770 2548 sanctus.

2193 2577 2480 2646 Apostolus
2509 2594 2522 2630 :
2554 2575 2654 2631 Sed
2679 2576 2992 2645 sancti/ictui
3034 2579 3177 2643 estis,
3226 2579 3317 2632 sed
3337 2580 3627 2650 justificati
3654 2586 3771 2637 estis

2193 2666 2247 2719 in
2279 2666 2484 2719 nomine
2512 2664 2725 2719 Domini
2761 2667 2927 2720 nostri
2970 2664 3097 2721 Iesu
3134 2666 3327 2722 Christi
3368 2679 3416 2722 et
3456 2672 3513 2724 in
3565 2670 3772 2741 Spiritu

2192 2755 2292 2809 Dei
2326 2757 2509 2810 nostri.
2561 2743 2793 2812 Sanctus
2837 2757 3038 2813 dicitur
3084 2758 3274 2825 Pater,
3313 2772 3534 2817 sanctus
3570 2765 3773 2819 dicitur

2192 2845 2383 2911 Filius,
2421 2854 2638 2901 sanctus
2663 2856 2716 2901 ct
2743 2846 2976 2917 Spiritus
2995 2859 3232 2905 sanctus.
3278 2853 3354 2907 De
3390 2852 3552 2908 Patre
3585 2856 3641 2908 in
3668 2856 3773 2910 Le-

2192 2940 2355 2994 ritico
2384 2958 2396 2993 :
2444 2939 2628 2994 Sancti
2654 2949 2832 3007 estote,
2861 2942 3107 3012 quoniam
3132 2959 3225 3013 ego
3257 2954 3470 2998 sanctus
3497 2963 3639 2999 sum.
3700 2947 3775 3001 De

2192 3030 2330 3085 Filio
2366 3032 2419 3085 in
2448 3030 2739 3101 Evangelto
2767 3050 2778 3085 :
2825 3030 2979 3097 Quod
3004 3045 3244 3087 nascetur
3262 3051 3328 3089 ex
3349 3044 3399 3089 te
3417 3049 3665 3090 sanctam
3691 3054 3774 3091 ro"—

520 3120 597 3184 De
626 3128 762 3184 Filio
792 3128 923 3184 inibi
954 3146 967 3182 :
1004 3128 1179 3198 Neque
1206 3143 1295 3197 ego
1326 3127 1464 3180 enim
1492 3125 1555 3179 ab
1587 3125 1795 3178 homine
1824 3123 1997 3194 accepi
2032 3122 2095 3176 il-
2118 3136 2164 3199 ο
2195 3124 2399 3178 cabitur
2430 3122 2478 3176 F
2480 3123 2602 3177 ilius
2645 3124 2763 3179 Dei.
2826 3124 2959 3180 Item
3003 3126 3114 3181 ibi:
3161 3124 3365 3182 Scimus
3389 3129 3517 3198 quia
3544 3132 3623 3183 sis
3646 3147 3772 3183 san-

514 3220 634 3284 lud,
682 3217 773 3273 sed
805 3235 898 3288 per
933 3216 1288 3271 revelationem
1328 3215 1457 3269 Iesu
1503 3214 1717 3269 Christi.
1769 3210 1846 3268 De
1888 3212 2092 3283 Spiritu

521 3316 709 3363 sancto
743 3306 809 3361 ad
846 3300 1147 3377 Ephesios:
1182 3303 1335 3370 Quod
1372 3302 1491 3357 aliis
1531 3300 1950 3374 generationibus
1990 3318 2091 3355 non

512 3408 595 3453 “est
644 3399 915 3469 agnitum,
960 3398 1093 3451 sicut
1142 3405 1190 3450 et
1239 3411 1374 3449 nunc
1431 3394 1710 3449 revelatum
1766 3401 1840 3446 est
1898 3392 2093 3446 sanctis

511 3480 633 3559 ejus
684 3504 775 3557 per
821 3484 1072 3558 Spiritum
1114 3501 1268 3542 suum
1304 3495 1558 3539 sanetum.
1613 3484 1681 3539 Et
1710 3482 1846 3538 ‘alibi
1879 3499 1894 3535 :
1928 3478 2092 3535 Nobis

509 3580 653 3633 'enim
701 3578 933 3632 revelari:
982 3577 1122 3632 Deus
1160 3594 1253 3647 per
1291 3576 1566 3647 Spiritum.
1635 3574 1786 3631 Sicut
1830 3573 2095 3628 illuminat

522 3670 701 3735 Pater,
739 3669 812 3722 ita
843 3658 1033 3731 Filius,
1066 3666 1135 3721 ita
1166 3675 1220 3721 et
1244 3664 1480 3735 Spiritus
1511 3672 1750 3719 sanctus.
1787 3663 1861 3719 De
1905 3663 2088 3726 Patre,

521 3757 598 3811 Tu
631 3756 948 3811 illuminabis
976 3757 1240 3810 lucernam
1265 3768 1455 3821 meam,
1487 3756 1724 3808 Domine.
1772 3754 1848 3808 De.
1873 3754 2007 3809 Filio
2038 3756 2091 3808 in

512 3846 773 3917 Apostolo
807 3864 820 3899 :
854 3843 1125 3916 Exsurge,
1156 3846 1244 3915 qui
1291 3844 1507 3909 dormis,
1557 3854 1604 3899 et
1638 3841 1954 3897 illuminubit
1999 3843 2092 3897 tibi

516 3934 779 3990 Christus.
824 3932 899 3990 Dc
928 3934 1133 4005 Spiritu
1161 3943 1350 3990 sancto
1401 3935 1541 3989 idem
1577 3932 1909 4003 Apostolus:
1943 3932 2091 3999 Quo-

511 4028 659 4082 niam
682 4027 844 4091 Deus,
867 4026 956 4097 qui
1004 4025 1137 4079 dixit
1167 4012 1231 4078 de
1257 4024 1479 4077 tenebris
1515 4022 1688 4077 lumen
1716 4021 2089 4093 splendescere,

509 4116 692 4171 illuxit
740 4117 793 4170 in
815 4115 1057 4170 cordibus
1082 4116 1270 4169 nostris
1306 4106 1374 4167 ad
1400 4112 1833 4168 illuminatianem
1861 4113 2092 4167 scientia

506 4205 776 4260 ‘claritatis
809 4204 903 4259 Dei
933 4207 987 4259 in
1029 4205 1218 4275 faciem
1254 4204 1450 4259 Christi
1496 4205 1643 4261 Iesu.
1696 4202 1850 4263 Sicut
1892 4204 2091 4262 dicitur

507 4295 861 4367 Evangelium
898 4293 1097 4361 Patris,
1138 4294 1213 4349 ita
1249 4293 1394 4360 Filii,
1436 4294 1509 4350 ita
1538 4306 1593 4351 et
1613 4296 1847 4369 Spiritus
1893 4297 2085 4352 sancti.

515 4387 591 4441 De
618 4383 776 4441 Patre
804 4387 871 4440 ad
910 4385 1091 4440 Titum
1124 4403 1136 4440 :
1174 4384 1304 4450 Quae
1347 4396 1424 4440 est
1479 4396 1718 4442 sanctum
1769 4389 2089 4459 evangelium

2194 3224 2307 3268 ctus
2331 3213 2428 3268 Dei
2456 3234 2468 3268 :
2520 3214 2595 3269 De
2627 3213 2827 3286 Spiritu
2860 3224 3047 3270 sancto
3089 3216 3142 3269 in
3179 3214 3460 3271 Salomone
3488 3234 3505 3271 :
3537 3215 3776 3272 Sanctus

2195 3305 2330 3359 enim
2356 3303 2582 3376 Spiritus
2611 3306 2902 3376 disciplinat
2931 3307 3142 3377 effugiet
3189 3306 3383 3375 ﬁctum.
3428 3307 3623 3363 Fortis
3670 3308 3773 3363 Pa—

2194 3402 2297 3461 ter,
2325 3395 2478 3451 fortis
2508 3395 2697 3462 Filius,
2742 3398 2896 3451 fortis
2917 3406 2972 3451 et
3000 3396 3232 3466 Spiritus
3255 3407 3491 3452 sanctus.
3550 3400 3630 3453 De
3674 3397 3773 3451 Pa-

2195 3491 2317 3539 tre:
2360 3483 2501 3540 Deus
2534 3486 2685 3557 fortis
2727 3494 2775 3539 et
2810 3486 3031 3555 patiens.
3090 3482 3167 3541 De
3214 3485 3351 3540 Filio
3378 3487 3428 3540 in
3458 3486 3651 3541 Isaia:
3708 3486 3771 3540 Et

2194 3576 2462 3631 vocabitur
2501 3592 2685 3631 nomen
2721 3578 2833 3647 ejus
2859 3576 2997 3631 Deus
3021 3575 3192 3646 fortis.
3247 3576 3323 3631 De
3353 3576 3560 3647 Spiritu
3589 3579 3643 3630 in
3669 3576 3769 3631 Sa-

2192 3664 2444 3738 lomone:
2477 3664 2709 3732 Spiritus
2738 3665 3063 3733 fortitudinis
3089 3681 3280 3719 munus
3309 3667 3443 3736 ejus.
3498 3663 3769 3735 Operatur

2191 3757 2371 3823 Pater,
2408 3767 2664 3827 operatur
2692 3757 2880 3824 Filius,
2905 3758 3008 3814 hoc
3050 3768 3102 3813 et
3134 3758 3369 3828 Spiritus
3396 3766 3640 3813 sanctus.
3697 3758 3768 3811 De

2190 3846 2352 3903 Patre
2384 3849 2450 3903 ad
2476 3847 2886 3919 Philippenses:
2922 3846 3065 3902 Deus
3112 3850 3271 3912 enim,
3302 3849 3393 3917 qui
3447 3858 3696 3916 operatur
3716 3862 3767 3898 :n

2191 3942 2332 3996 vobis
2355 3952 2404 3997 et
2438 3940 2585 3996 velle.
2616 3941 2690 3994 De
2711 3940 2849 3994 Filio
2872 3940 2925 3994 in
2955 3940 3245 4011 Evangelio
3270 3957 3283 3993 :
3317 3937 3402 3992 Me
3427 3947 3632 4008 oportet
3646 3953 3764 4007 opta

2192 4033 2302 4087 rari
2342 4048 2500 4102 opera
2536 4031 2651 4102 ejus
2675 4032 2763 4102 qui
2805 4030 2947 4084 misit
2972 4046 3073 4084 me.
3133 4030 3208 4085 De
3238 4029 3444 4099 Spiritu
3487 4037 3681 4082 saneto
3704 4025 3767 4079 ad

2189 4113 2499 4180 Corinthios
2531 4140 2544 4177 :
2570 4121 2700 4177 Haec
2734 4130 2908 4176 autem
2941 4121 3118 4176 omnia
3147 4128 3395 4190 operatur
3427 4134 3565 4171 unus
3617 4126 3769 4187 atque

2189 4215 2328 4269 idem
2378 4211 2629 4284 Spiritus,
2665 4211 2903 4267 diridens
2953 4209 3174 4281 singulis
3216 4218 3372 4279 prout
3422 4207 3554 4262 uult.
3587 4206 3766 4260 Virtus

2187 4306 2371 4370 Pater,
2398 4305 2573 4359 virtus
2613 4303 2800 4368 Filius,
2852 4303 3028 4357 virtus
3055 4309 3107 4355 et
3137 4299 3372 4370 Spiritus
3392 4305 3640 4353 sanctus.
3695 4296 3767 4350 De

2188 4394 2348 4451 Patre
2372 4394 2662 4464 Apostolus
2691 4411 2705 4447 :
2765 4391 2942 4446 Virtus
2962 4391 3099 4446 enim
3127 4391 3224 4445 Dei
3248 4398 3325 4444 est
3351 4390 3404 4443 in
3426 4388 3601 4443 salute
3630 4388 3764 4442 omni

505 4473 698 4544 storiw
736 4474 872 4529 beati
901 4473 1016 4528 Dei.
1077 4472 1155 4549 Dc
1184 4473 1320 4529 Filio
1349 4474 1415 4529 ad
1444 4473 1756 4532 Romanos:
1786 4477 1884 4531 Cui
1917 4477 2084 4531 servio
2109 4491 2162 4552 ι)
2189 4486 2437 4542 credenti.
2476 4486 2551 4542 De
2572 4485 2711 4541 Filio
2743 4485 3076 4556 Apostolus:
3123 4483 3367 4538 Libenter
3404 4481 3675 4551 gloriabor
3714 4481 3765 4534 in

512 4566 569 4621 in
616 4566 818 4637 Spiritu
856 4582 968 4620 meo
1001 4568 1055 4621 in
1098 4565 1360 4637 evangelio
1400 4564 1529 4620 Filii
1580 4567 1715 4637 ejus.
1774 4566 1849 4622 De
1878 4566 2082 4637 Spiritu

504 4658 706 4710 ‘sancto
732 4657 787 4709 in
814 4655 1052 4725 Epistola
1092 4655 1233 4710 beati
1263 4656 1448 4711 Petri:
1515 4653 1671 4711 Vobis
1705 4665 1877 4711 autem
1929 4657 2088 4711 mini-

515 4755 810 4798 strarerunt
837 4745 947 4798 Ittee
972 4745 1061 4815 qui
1085 4745 1227 4799 vobis
1274 4745 1753 4816 erangelizav‘erunt
1791 4749 1846 4801 in
1882 4747 2085 4818 Spiritu

504 4848 717 4895 sancto.
764 4840 1307 4907 SicutilluxitPater,
1331 4844 1405 4897 ita
1432 4842 1619 4910 Filius,
1655 4845 1727 4898 ita
1756 4853 1811 4899 et
1831 4844 2085 4913 Spiritus.

509 4932 592 5010 De
622 4930 781 4986 Patre
814 4949 827 4986 :
865 4931 1007 4986 Deus
1028 4948 1191 4998 meus,
1237 4931 1479 4987 illuntina
1518 4932 1754 4987 tenebras
1797 4949 1958 4987 meas.
2011 4933 2088 4988 De

508 5018 655 5077 Filio
696 5024 749 5078 in
803 5022 1054 5092 psalmo:
1095 5022 1234 5076 Deus
1286 5022 1562 5088 Dominus,
1608 5032 1657 5076 et
1700 5022 1877 5077 illuxit
1915 5023 2082 5079 nobis.

508 5114 593 5167 De
621 5112 825 5183 Spiritu
876 5122 1063 5168 sancto
1103 5128 1198 5182 per
1219 5111 1542 5181 Prophetam
1571 5129 1583 5166 :
1625 5109 1743 5165 Non
1771 5113 2085 5166 abst-audam

507 5202 655 5256 ultra
677 5201 864 5273 faciem
899 5218 1066 5256 nteam
1093 5201 1155 5254 ab
1186 5202 1280 5266 eis,
1308 5218 1400 5271 pro
1426 5217 1485 5255 eo
1505 5202 1643 5272 quod
1669 5200 1843 5255 illuxit
1860 5203 2089 5271 Spiritus

506 5306 662 5347 ‘nteus
690 5310 846 5364 super
870 5294 1163 5347 universam
1200 5290 1410 5345 domum
1432 5290 1622 5345 Israel.
1677 5292 1742 5345 Et
1764 5291 2082 5362 Apostolus:

511 5384 781 5445 ‘Quoniam
828 5381 970 5438 Deus
1024 5384 1114 5452 qui
1142 5382 1273 5435 dixit
1299 5381 1364 5435 de
1408 5382 1630 5436 tenebris
1649 5381 1822 5436 lumen
1850 5382 2089 5453 splende-

508 5491 679 5540 scere,
704 5476 792 5545 qui
814 5475 985 5528 illuxit
1010 5476 1063 5528 in
1086 5474 1328 5528 cordibus
1344 5474 1532 5527 nostris
1555 5474 1624 5527 ad
1650 5472 2087 5528 illuminationem

510 5563 777 5636 felaritatis
808 5566 903 5620 Dei
931 5568 984 5620 in
1034 5566 1222 5636 facient
1267 5565 1458 5620 Christi
1494 5565 1641 5619 Jesu.
1687 5562 2083 5619 Prtescientiam

513 5632 682 5709 habet
710 5654 898 5722 Pater,
931 5657 1001 5711 ita
1026 5632 1214 5725 Filius,
1230 5658 1313 5712 ita
1342 5655 1576 5726 Spiritus
1597 5664 1832 5713 sanctus.
1887 5655 1962 5711 De
1990 5654 2089 5710 Pa-

2188 4575 2585 4647 iuﬁrmitatibus
2614 4575 2759 4637 meis,
2787 4582 2842 4626 ut
2889 4573 3137 4627 inhabitet
3161 4572 3216 4625 in
3239 4587 3320 4625 me
3360 4573 3525 4626 virtus
3551 4569 3759 4625 Christi.

2190 4666 2268 4721 De
2293 4664 2497 4736 Spiritu
2524 4673 2711 4719 sancto
2740 4663 2808 4717 ad
2830 4663 3342 4718 Thcssalonicenses
3366 4680 3381 4717 :
3422 4661 3759 4730 Evangelium

2193 4764 2428 4809 nostrum
2451 4770 2553 4807 non
2582 4753 2683 4821 fuit
2713 4753 2852 4823 apud
2882 4770 2969 4806 vos
3007 4754 3059 4806 in
3106 4753 3257 4806 verbo
3310 4762 3538 4811 tantum,
3594 4753 3682 4803 sed
3710 4752 3758 4801 in

2191 4845 2378 4899 virtute
2407 4843 2638 4914 Spiritus
2667 4843 2855 4897 sancti.
2894 4841 3035 4896 Fons
3057 4841 3240 4905 Pater,
3276 4839 3397 4895 fons
3424 4840 3620 4903 Filius,
3651 4839 3757 4892 fons

2191 4941 2247 4989 et
2275 4933 2508 5002 Spiritus
2544 4944 2779 4986 sanctus.
2823 4932 2897 4986 De
2928 4932 3088 4985 Patre
3124 4930 3391 4984 Jeremias
3420 4948 3435 4983 :
3472 4930 3760 4998 Dereliquc-

2190 5032 2313 5076 runt
2343 5040 2423 5076 me
2454 5022 2644 5090 fontem
2700 5037 2848 5085 aqum
2878 5021 3024 5073 vium.
3081 5019 3157 5071 De
3186 5019 3322 5073 Filio
3345 5020 3397 5072 in
3432 5017 3753 5071 Salomone:

2189 5111 2334 5166 Fons
2361 5113 2631 5181 sapientia:
2658 5111 2864 5164 verbum
2889 5110 3005 5162 Dei.
3036 5109 3113 5163 De
3138 5108 3343 5179 Spiritu
3366 5116 3557 5162 sancto
3572 5108 3753 5160 isaias:

2190 5204 2329 5258 Ecce
2358 5219 2539 5257 nomen
2569 5202 2777 5255 Dontini
2808 5210 2922 5271 post
2962 5201 3182 5254 multum
3212 5210 3413 5270 tempus
3440 5201 3648 5253 veniens
3687 5211 3759 5249 cr-

2187 5294 2407 5355 dens,in
2436 5294 2514 5345 ira
2537 5290 2911 5361 indignationis
2938 5291 3136 5343 vorabit
3162 5306 3304 5359 gens,
3326 5302 3374 5343 et
3399 5288 3635 5359 Spiritus
3655 5285 3757 5356 ejus

2188 5394 2247 5439 ut
2273 5385 2389 5454 fons
2423 5399 2573 5454 aqua:
2594 5382 2776 5436 vallem
2802 5380 3031 5435 trahens.
3085 5379 3334 5435 Charitas
3368 5380 3556 5442 Pater,
3594 5378 3761 5431 (‘hsl‘i'o

2193 5483 2277 5529 tas
2305 5470 2471 5528 Filius
2492 5513 2505 5537 ,
2537 5473 2774 5527 Charitas
2795 5479 2851 5525 et
2873 5471 3107 5539 Spiritus
3127 5480 3366 5525 sanctus.
3420 5472 3499 5526 De
3520 5471 3682 5524 Patre
3712 5468 3758 5519 iu

2194 5564 2417 5634 epistola
2442 5561 2668 5618 Joannis
2701 5579 2715 5616 τ
2759 5561 2897 5616 Deus
2933 5561 3163 5614 charitas
3203 5569 3299 5613 est.
3353 5561 3427 5614 De
3468 5561 3609 5615 Filio
3634 5564 3764 5629 Apu-

2195 5655 2365 5713 stolus
2407 5654 2473 5711 ad
2514 5652 2860 5711 Corinthios:
2906 5649 3150 5706 Charitas
3196 5651 3332 5705 enim
3375 5648 3581 5706 Christi
3628 5660 3763 5721 urget
