4014 6186
380 236 507 300 liii?

1640 240 2027 303 OPUSCULA.
2070 245 2315 305 OPUSC.
2357 248 2411 303 ῐ.»

3488 254 3625 310 1598

371 374 485 415 nos.
530 360 606 415 De
629 358 831 428 Spiritu
860 366 1051 413 sancto
1076 352 1365 429 Apostolus
1395 375 1408 410 :
1443 352 1673 411 Obsecro
1704 374 1814 423 vos,
1848 358 1958 426 fra-
1986 360 2030 419 Α
2060 359 2348 412 ostensione
2378 356 2624 428 Spiritus.
2666 354 2853 428 ltuplct
2883 353 3062 423 Pater,
3094 357 3279 432 implet
3301 358 3493 423 Filius.
3529 362 3627 418 itu-

369 464 495 517 tres,
534 468 627 523 per
651 451 936 506 Dominum
975 459 1211 506 nostrum
1256 450 1439 505 Iesum
1468 450 1733 506 Christum
1765 461 1813 505 et
1857 469 1950 522 per

370 544 681 597 charitatem
716 541 968 613 Spiritus.
1029 542 1332 613 Regenerat
1362 540 1546 607 Pater,
1576 542 1655 596 sic
1673 550 1729 596 et
1754 542 1944 607 Filias,

369 645 425 688 ct
474 633 709 704 Spiritus
758 640 999 688 sanctus.
1058 632 1136 687 De
1163 631 1322 686 Patre
1350 624 1586 687 Petrus:
1632 630 1946 687 Benedictus

369 720 513 775 Deus
539 729 587 774 et
610 720 775 775 Pater
794 721 1009 777 Domini
1039 720 1205 775 nostri
1223 720 1353 774 Iesu
1382 719 1596 785 Christi,
1644 722 1735 791 qui
1758 736 1936 775 secun-

369 811 495 866 dum
516 828 763 882 magnam
798 812 1214 868 misericordiam
1247 829 1398 866 suam
1426 814 1743 883 regeneravit
1768 828 1865 865 nos
1892 813 1944 866 in

369 918 508 973 spem
538 903 658 957 vitta
682 913 908 960 ceterum.
960 905 1035 959 De
1055 903 1192 959 Filio
1212 903 1343 958 inibi
1373 921 1386 956 :
1419 902 1703 973 Diligentes
1727 904 1946 957 invicem

367 1010 433 1048 ea:
460 995 636 1062 corde,
649 998 801 1066 quasi
829 998 997 1050 renati
1024 1012 1116 1066 per
1137 997 1347 1050 verbum
1366 994 1463 1049 Dei
1489 995 1606 1049 vivi.
1639 993 1715 1048 De
1739 994 1943 1064 Spiritu

369 1097 558 1142 sancto
586 1087 647 1141 in
676 1086 1004 1157 Evangelio:
1047 1086 1108 1143 Si
1143 1087 1273 1156 'qus’s
1302 1102 1407 1142 non
1445 1094 1659 1139 renatus
1697 1085 1855 1155 fuerit
1879 1098 1946 1140 ea:

368 1196 506 1249 aqua
529 1190 576 1234 et
603 1180 806 1251 Spiritu
828 1192 1032 1247 sancto,
1061 1198 1166 1237 non
1205 1181 1443 1236 introibit
1468 1181 1525 1235 in
1550 1195 1762 1251 regnum
1791 1179 1945 1233 coelo-

370 1286 503 1324 rum.
561 1270 867 1327 Remuscitat
890 1274 1066 1337 Pater,
1098 1273 1387 1328 resuscitat
1428 1271 1620 1336 Filius,
1654 1272 1945 1326 resuscitat

366 1366 422 1414 et
447 1359 681 1431 Spiritus
707 1371 943 1417 sanctus.
994 1364 1072 1418 De
1106 1363 1269 1418 Patre
1317 1363 1370 1417 in
1411 1361 1637 1417 Actibus
1677 1361 1944 1431 apostolo-

365 1464 485 1504 rum
518 1468 530 1504 :
585 1449 728 1506 Deus
756 1449 979 1506 Patrum
992 1459 1308 1518 nostrorum,
1331 1453 1421 1524 qui
1447 1451 1717 1506 suscitavit
1737 1449 1939 1517 Iesum,

364 1548 414 1593 et
461 1555 556 1594 nos
602 1543 869 1597 suscitavit
896 1558 990 1613 per
1031 1543 1316 1610 potentiam
1366 1559 1542 1598 suam.
1607 1543 1683 1596 De
1719 1541 1859 1597 Filio
1885 1542 1941 1596 in

363 1629 656 1701 Evangelia
686 1649 700 1686 :
746 1630 1002 1689 Venerunt
1029 1633 1230 1701 Iudici,
1278 1650 1380 1689 non
1409 1633 1580 1689 solum
1614 1643 1824 1704 propter
1850 1632 1941 1687 Ie-

2049 450 2160 515 plet
2188 447 2426 516 Spiritus
2450 457 2692 503 sanctus.
2730 449 2807 504 De
2848 448 3010 507 Patre
3057 450 3363 508 latomias:
3424 452 3624 509 Caelum

2046 547 2095 590 et
2142 548 2335 591 terram
2384 554 2476 607 ego
2525 537 2735 608 impleo,
2777 539 2901 593 dicit
2937 539 3216 595 Dominus.
3286 543 3366 598 De
3396 543 3535 600 Filio
3569 546 3622 599 in

2046 624 2303 692 Apostolo
2338 643 2350 677 :
2402 625 2856 682 Dominusautem
2898 628 3112 700 impleat
3143 632 3304 685 corda
3328 642 3520 698 uestra,
3574 644 3625 689 et

2047 718 2314 784 conﬁrmet
2344 717 2397 771 in
2420 719 2559 772 omni
2583 734 2734 789 opere
2755 729 2804 773 et
2823 736 3061 775 sermone
3088 722 3243 778 bona.
3278 723 3347 777 Et
3372 725 3427 778 in
3446 725 3624 779 Evan-

2042 808 2186 877 gelia
2218 826 2230 861 :
2265 808 2341 863 De
2359 809 2678 879 plenitudine
2704 810 2823 880 ejus
2844 828 3022 867 omnes
3044 830 3187 881 arcet
3198 815 3371 870 imus..
3400 815 3477 871 De
3500 817 3623 885 Spi-

2046 900 2153 954 ritu
2178 907 2367 955 sancto
2399 901 2451 954 in
2464 900 2686 955 Actibus
2706 900 3069 971 apostolorum
3100 920 3117 958 :
3147 904 3382 975 Implet-it
3419 923 3622 962 omnem

2045 988 2215 1044 locum
2238 990 2326 1044 ubi
2352 1001 2502 1044 erant
2524 992 2770 1063 discipuli
2796 996 3127 1063 congregati;
3149 1004 3202 1049 ct
3226 1015 3243 1047 ε
3262 998 3295 1051 J
3300 1014 3419 1052 esus
3438 998 3621 1069 plenus

2047 1081 2249 1152 Spiritu
2271 1094 2452 1138 sancto
2484 1100 2745 1154 regressus
2767 1096 2841 1138 est
2860 1084 2938 1139 ab
2958 1084 3215 1140 Iordane.
3248 1088 3508 1156 Loquitur
3526 1089 3622 1143 Pa-

2045 1183 2146 1239 ter,
2177 1176 2414 1245 loquitur
2462 1176 2650 1240 Filius,
2709 1177 2967 1245 loquitur
2994 1185 3049 1232 et
3093 1177 3327 1247 Spiritus
3379 1190 3615 1236 sanctus.

2042 1267 2121 1323 De
2155 1267 2317 1323 Patre
2349 1286 2362 1323 :
2412 1267 2551 1324 Deus
2583 1268 2787 1323 locutus
2818 1270 2963 1323 estin
2988 1280 3168 1324 sancto
3195 1287 3311 1325 suo.
3344 1269 3570 1327 DeFilio
3598 1289 3621 1326 ηε

2043 1358 2305 1431 Loquente
2331 1361 2459 1415 Iesu
2485 1360 2555 1416 ad
2582 1360 2781 1416 turbas.
2801 1362 2879 1418 De
2907 1361 3115 1432 Spiritu
3140 1372 3326 1418 sancto
3356 1381 3369 1415 :
3409 1364 3505 1418 Est
3530 1366 3619 1435 (pii

2040 1448 2275 1520 loquitur
2299 1451 2353 1505 in
2388 1453 2547 1505 vobis.
2605 1452 2865 1522 Apparuit
2899 1453 3080 1519 Pater,
3136 1469 3164 1506 ει
3206 1455 3382 1524 paruit
3426 1453 3615 1517 Filius,

2042 1542 2293 1610 apparuit
2334 1551 2390 1598 et
2414 1542 2650 1613 Spiritus
2693 1554 2933 1600 sanctus.
3006 1546 3082 1600 De
3103 1546 3265 1604 Patre
3307 1546 3361 1601 in
3396 1547 3617 1604 Actibus

2042 1633 2408 1701 apostolorum
2435 1651 2448 1687 :
2494 1632 2633 1687 Deus
2657 1633 2837 1703 glorias
2871 1636 3117 1705 apparuit
3138 1637 3375 1705 patribus
3402 1640 3613 1691 nostris.

362 1735 498 1785 sum,
521 1720 612 1775 sed
633 1731 690 1775 ut
722 1722 985 1778 Lazarum
1029 1724 1278 1789 viderent,
1302 1740 1452 1795 quem
1479 1723 1747 1778 suscitavit
1784 1720 1942 1775 Iesus
1967 1713 2016 1774 B
2044 1721 2121 1777 De
2145 1722 2280 1776 Filio
2302 1723 2355 1777 in
2379 1722 2603 1792 epistola
2631 1720 2856 1779 Ioannis
2880 1742 2894 1777 :
2921 1725 3000 1777 Ad
3033 1726 3129 1778 hoc
3175 1726 3417 1796 apparuit
3446 1725 3617 1781 Filius

363 1826 396 1862 a
416 1812 653 1866 mortuis.
699 1812 800 1886 (De
828 1812 1032 1884 Spiritu
1078 1822 1269 1870 sancto
1307 1816 1360 1869 in
1384 1814 1621 1883 Epistola
1657 1812 1727 1867 ad
1751 1812 1943 1867 Roma-

361 1900 509 1969 nos.)
564 1901 783 1958 Habitat
803 1905 859 1959 in
883 1905 1047 1971 vobis,
1075 1905 1351 1975 viviﬁcabit
1380 1914 1426 1959 et
1454 1903 1698 1958 mortalia
1718 1918 1941 1973 corpora

363 1998 531 2042 vestra
556 2001 767 2063 propter
793 1993 1169 2050 inhabitantem
1219 1994 1473 2066 Spiritum
1522 1994 1636 2064 ejus
1663 1995 1719 2047 in
1771 1993 1937 2047 nobis.

358 2075 546 2132 Gratia
576 2079 671 2134 Dei
700 2080 896 2149 Patris,
921 2084 1095 2155 gratia
1114 2083 1255 2150 Filii,
1284 2085 1457 2155 gratia
1488 2083 1721 2153 Spiritus
1743 2081 1939 2137 saucii.

362 2166 441 2222 De
463 2168 625 2225 Patre
647 2188 662 2224 :
692 2171 828 2238 Quis
847 2188 929 2228 me
954 2173 1188 2231 liberabit
1211 2175 1275 2229 de
1290 2190 1515 2246 corpore
1534 2174 1717 2227 mortis
1744 2170 1945 2242 hujus?

362 2260 533 2329 gratia
568 2260 661 2315 Dei
688 2277 780 2331 per
811 2262 992 2317 Iesum
1012 2262 1306 2319 Christum.
1353 2263 1430 2318 De
1468 2262 1607 2317 Filio
1652 2261 1720 2315 ad
1742 2259 1940 2315 Corin-

360 2350 507 2405 thios
533 2366 546 2403 :
581 2348 739 2406 Scitis
750 2354 888 2407 enim
909 2354 1134 2423 gratiam
1158 2355 1369 2408 Domini
1395 2354 1562 2408 nostri
1579 2352 1709 2407 Iesu
1723 2351 1938 2416 Christi,

360 2438 486 2510 quia
532 2450 744 2511 propter
769 2459 856 2497 vos
909 2443 1080 2512 factus
1103 2452 1179 2497 est
1210 2460 1432 2514 pauper,
1456 2459 1575 2497 cum
1597 2451 1728 2497 esset
1774 2441 1938 2494 dives.

363 2526 441 2582 De
470 2528 675 2598 Spiritu
710 2539 899 2587 sancto
933 2532 988 2586 in
1017 2531 1244 2587 Actibus
1292 2530 1702 2602 apustolormn:
1752 2528 1821 2584 Et
1851 2529 1941 2583 ob-

358 2627 786 2696 stupueruntqui
808 2642 925 2679 cum
970 2623 1130 2681 Petro
1157 2634 1421 2690 venerant,
1449 2623 1699 2694 quoniam
1738 2622 1796 2676 in
1816 2636 1942 2692 gen-

364 2714 501 2768 tibus
538 2717 711 2785 gratia
744 2714 973 2786 Spiritus
999 2718 1170 2772 sancti
1191 2716 1387 2786 diffusa
1407 2724 1504 2769 est.
1535 2713 1726 2784 Signat
1746 2711 1936 2777 Pater,

363 2805 544 2875 signat
566 2806 756 2873 Filius,
779 2807 963 2876 signat
998 2815 1056 2862 et
1091 2806 1328 2877 Spiritus
1372 2813 1614 2860 sanctus.
1662 2802 1749 2858 De
1774 2802 1941 2858 Patre

365 2893 434 2947 ad
460 2892 770 2950 Corinthios
796 2912 811 2951 :
844 2895 915 2949 Et
944 2896 1033 2967 qui
1061 2895 1282 2966 signavit
1301 2911 1388 2949 vos
1425 2892 1695 2947 nobiscum
1713 2893 1769 2947 in
1790 2889 1941 2949 Claris-

360 2993 465 3048 sto,
500 2994 549 3037 et
575 2986 662 3054 qui
682 2985 831 3039 mit
859 3001 953 3040 nos
997 2985 1160 3040 Deus.
1219 2986 1296 3040 De
1348 2984 1487 3040 Filio
1516 2984 1584 3038 ad
1625 2982 1889 3051 Ephesios
1917 2996 1932 3036 :

2043 1820 2101 1863 ut
2127 1809 2397 1866 solvantur
2415 1828 2571 1881 opera
2595 1811 2812 1866 diaboli.
2858 1814 2933 1868 De
2957 1812 3161 1883 Spiritu
3189 1824 3375 1871 sancto
3403 1816 3457 1870 iu
3481 1816 3612 1871 Joh:

2043 1898 2114 1951 Et
2139 1900 2353 1968 spiritus
2379 1902 2622 1969 apparuit
2649 1901 2705 1954 in
2728 1900 2894 1955 oculis
2916 1902 3063 1967 meis,
3092 1914 3143 1957 et
3168 1905 3354 1957 horror
3378 1906 3533 1960 irruit
3562 1908 3616 1959 in

2041 2003 2142 2042 me.
2198 1990 2412 2045 Veritas
2447 1990 2627 2053 Pater,
2656 1993 2859 2047 veritas
2892 1992 3083 2056 Filius,
3132 1997 3333 2050 veritas
3359 2005 3415 2051 et
3445 1994 3616 2067 Spiri-

2043 2086 2130 2135 tus
2150 2088 2390 2140 sanctus.
2420 2080 2496 2136 De
2525 2080 2754 2137 Patrein
2769 2081 2984 2137 Psalmo
3011 2101 3025 2136 :
3052 2082 3359 2151 Redemisti,
3375 2087 3612 2150 Domine,

2042 2167 2184 2223 Deus
2210 2170 2465 2224 veritatis.
2509 2170 2605 2225 De.
2633 2171 2768 2226 Filio
2799 2188 2814 2225 :
2853 2171 3060 2227 Veritas
3084 2174 3155 2226 ‘de
3199 2185 3339 2229 terra
3365 2185 3479 2230 orta
3517 2190 3611 2232 est.

2042 2260 2140 2332 (De
2169 2260 2372 2329 Spiritu
2394 2261 2602 2333 sancto)
2629 2262 2682 2315 in
2704 2262 2997 2332 Evangelia
3024 2280 3038 2317 :
3070 2262 3199 2317 Cum
3225 2266 3415 2319 venerit
3441 2266 3614 2337 Spiri-

2040 2360 2125 2406 tus
2144 2352 2405 2417 ueritatis,
2418 2351 2620 2407 docebit
2632 2368 2720 2413 uos
2734 2368 2945 2408 omnem
2969 2354 3254 2409 teritatem.
3282 2355 3421 2413 Ecce
3434 2358 3616 2413 unita-

2045 2449 2149 2497 tem
2179 2441 2379 2511 .operis.
2413 2440 2532 2497 Non
2551 2442 2764 2497 dubites
2789 2443 3055 2505 unitatem
3070 2444 3295 2511 credere
3310 2445 3609 2503 Trinitatis.

2110 2531 2303 2593 Dicere
2332 2532 2496 2593 etiam
2525 2532 2701 2588 solent
2729 2532 2794 2588 de
2830 2534 3097 2603 baptismo
3124 2536 3268 2604 quod
3314 2538 3367 2591 in
3394 2553 3465 2591 .eo
3496 2554 3611 2595 mc.-

2040 2623 2146 2680 lior
2183 2627 2256 2680 sit
2297 2624 2512 2681 illorum
2545 2626 2869 2695 baptismum
2897 2641 3059 2695 quam
3080 2636 3324 2683 nostrum
3368 2630 3491 2698 quia
3521 2632 3610 2700 qui

2041 2718 2109 2771 dc
2147 2716 2254 2773 illis
2277 2716 2347 2773 ad
2369 2729 2469 2772 nos
2497 2724 2907 2783 convertuntur,
2934 2733 3041 2772 non
3077 2733 3170 2775 eos
3195 2720 3608 2790 rpbaptizamus,

2038 2806 2138 2862 sed
2160 2821 2259 2876 per
2280 2820 2472 2861 manus
2498 2805 2895 2875 impositionem
2949 2807 3397 2876 reconciliamus;
3428 2810 3501 2864 illi
3530 2826 3615 2866 rc-

2038 2911 2128 2964 ro,
2166 2897 2213 2953 si
2242 2910 2380 2973 quos
2402 2896 2470 2952 de
2502 2894 2704 2957 nostris
2732 2897 2991 2953 seducere
3016 2906 3261 2967 possunt,
3304 2899 3611 2959 inconside-

2042 2995 2226 3049 ranter
2236 2985 2594 3056 rebaptizant.
2627 2984 2730 3053 Qui
2744 2985 3108 3056 interrogandi
3123 2995 3267 3052 sunt,
3286 2988 3612 3059 baptismum

364 3051 645 3129 Audientes
666 3076 873 3130 verbum
893 3077 1126 3132 veritatis
1146 3076 1468 3146 evangelium
1520 3074 1708 3133 salutis
1730 3083 1934 3141 uestris,
1962 3051 2009 3116 θ
2041 3075 2187 3133 istud
2213 3051 2551 3147 quod—dant,
2581 3051 2739 3132 suum
2766 3051 3120 3144 dicunt'esse,
3147 3093 3215 3133 an
3250 3051 3527 3134 nostrum?
3554 3079 3612 3137 Si

359 3162 422 3216 in
445 3179 548 3232 quo
575 3164 766 3235 signati
808 3166 951 3221 estis.
1010 3167 1087 3222 De
1110 3164 1323 3236 Spiritu
1376 3172 1562 3221 sancto
1607 3164 1698 3219 ubi
1729 3177 1892 3233 supra
1922 3180 1935 3217 :

366 3251 548 3308 Nolite
581 3256 889 3313 contristare
920 3255 1173 3329 Spiritum
1217 3265 1457 3313 sanctum
1499 3257 1558 3310 in
1597 3271 1701 3326 quo
1746 3253 1939 3324 signati

362 3342 507 3407 estis,
544 3342 710 3397 indie
740 3344 1125 3418 redemptionis.
1180 3346 1399 3404 Habitat
1422 3346 1586 3403 Pater
1634 3345 1689 3398 in
1716 3343 1930 3399 creden-

367 3432 534 3499 tibus,
591 3433 799 3490 habitat
826 3435 1013 3502 Filius,
1064 3438 1273 3493 habitat
1313 3446 1370 3491 et
1417 3434 1654 3504 Spiritus
1692 3439 1936 3488 sanctus.

362 3522 443 3577 De
462 3521 624 3578 Patre
656 3524 712 3580 in
734 3524 871 3581 Isaia
898 3541 914 3580 :
955 3524 1169 3580 Servate
1200 3526 1338 3581 diem
1363 3524 1590 3591 sabbati,
1615 3522 1940 3591 sanctificata

351 3628 504 3678 eum,
532 3622 589 3667 ut
613 3614 840 3669 habitem
880 3616 934 3669 in
973 3615 1144 3670 medio
1173 3616 1346 3671 vestri.
1400 3614 1476 3670 De
1502 3613 1640 3669 Filio
1667 3614 1736 3669 ad
1759 3613 1936 3682 Ephe-

354 3701 473 3756 sios
499 3718 514 3755 :
540 3701 796 3757 Habitare
816 3702 1080 3758 Christum
1099 3719 1192 3775 per
1215 3704 1373 3774 [idem
1397 3703 1459 3767 in
1475 3703 1715 3758 cordibus
1735 3703 1935 3759 vestris.

359 3791 445 3846 De
468 3790 674 3862 Spiritu
706 3800 899 3848 sancto
939 3812 957 3849 ς
994 3792 1225 3848 Nescitis
1261 3793 1508 3865 quoniam
1555 3790 1801 3863 templum
1838 3790 1937 3847 Dei

356 3884 487 3938 estis
514 3893 563 3937 et
585 3880 814 3956 Spiritus
858 3884 958 3939 Dei
983 3884 1184 3939 habitat
1223 3884 1279 3940 in
1300 3885 1467 3940 vobis.
1512 3882 1799 3941 Scrutatur
1836 3882 1940 3938 Pa-

352 3985 463 4040 ter,
498 3984 774 4033 scrutatur
796 3976 987 4044 Filius,
1025 3984 1301 4033 scrutatur
1344 3985 1400 4033 et
1435 3976 1669 4048 Spiritus
1693 3982 1935 4033 sanctus.

362 4065 440 4122 De
462 4066 623 4122 Patre
650 4068 704 4122 in
730 4068 952 4125 Psalmo
981 4087 996 4124 :
1024 4068 1290 4126 Scrutans
1315 4066 1476 4125 corda
1502 4077 1551 4122 et
1599 4084 1744 4123 renes
1772 4066 1934 4122 Deus.

361 4154 439 4214 De
456 4159 591 4217 Filio
615 4161 669 4216 in
682 4160 1037 4235 Apocalypsi:
1066 4161 1135 4217 Et
1157 4163 1319 4217 scient
1347 4177 1523 4217 omnes
1550 4158 1937 4231 Ecclesicequia

360 4266 457 4320 ego
477 4268 593 4307 sum
618 4264 881 4309 scrutator
899 4255 1073 4310 cordis
1093 4262 1142 4310 et
1172 4270 1374 4309 renum.
1405 4252 1484 4308 De
1504 4250 1709 4323 Spiritu
1746 4259 1937 4307 sancto

361 4338 418 4393 in
444 4340 738 4410 Apostolo:
795 4345 1027 4415 Spiritus
1069 4345 1246 4400 omnia
1286 4353 1579 4410 scrutatur,
1633 4342 1789 4398 etiam
1816 4357 1937 4413 pro-

364 4394 531 4497 fund'a
557 4431 676 4487 Dei.
728 4394 1005 4489 Tesliﬁcat
1025 4432 1207 4501 Pater,
1250 4433 1503 4491 testiﬁcat
1523 4394 1708 4497 Filius,
1750 4394 1938 4487 testiﬁ-
1966 4394 2014 4454 θ

364 4528 453 4574 cat
490 4531 545 4576 et
573 4523 806 4594 Spiritus
835 4534 1072 4581 sanctus.
1132 4527 1205 4582 De
1225 4525 1387 4581 Patre
1407 4526 1460 4579 in
1480 4523 1696 4583 Psalmo
1726 4539 1739 4574 :
1774 4520 1939 4573 Testi-

364 4615 596 4669 monium
626 4615 724 4669 Dei
759 4614 932 4683 ﬁdele,
958 4615 1269 4685 sapientiam
1289 4623 1545 4685 pra’stans
1567 4608 1817 4680 parvulis.
1861 4607 1937 4663 De

365 4706 504 4762 Filio
522 4708 589 4762 ad
619 4707 958 4764 Timotheum
990 4725 1004 4762 :
1044 4706 1303 4777 Prcecipio
1344 4706 1438 4760 tibi
1478 4719 1655 4758 coram
1694 4701 1936 4771 Deo,qui

364 4796 591 4865 viviﬁcat
617 4798 815 4860 omnia,
838 4808 885 4851 et
908 4798 962 4851 in
1012 4797 1219 4851 Christo
1251 4794 1402 4861 Iesu,
1441 4793 1529 4866 qui
1581 4789 1932 4846 testimonium

367 4888 592 4945 reddidit
616 4890 710 4944 sub
739 4888 928 4944 Pontio
949 4888 1147 4943 Pilato.
1174 4888 1250 4943 De
1272 4886 1475 4957 Spiritu
1499 4892 1688 4941 sancto
1709 4880 1939 4951 Aposto-

366 4980 489 5036 lus:
536 4979 907 5034 Testimonium
930 4978 1154 5050 perltibet
1181 4978 1403 5048 Spiritui
1437 4988 1635 5031 nostro.
1691 4974 1939 5032 Ostendit

364 5069 545 5133 Pater,
575 5071 809 5124 ostendit
845 5069 1031 5133 Filius,
1074 5065 1310 5121 ostendit
1346 5064 1579 5136 Spiritus
1599 5072 1837 5120 sanctus.
1860 5064 1938 5121 De

367 5162 526 5217 Patre
553 5162 620 5216 ad
656 5161 996 5215 Timotheum
1028 5178 1039 5212 :
1094 5157 1258 5224 Quem
1281 5157 1389 5211 suis
1416 5156 1729 5227 temporibus
1761 5166 1936 5212 osten-

365 5255 493 5309 dens
520 5256 700 5307 beatus
742 5261 787 5306 et
820 5252 961 5306 solus
1004 5261 1203 5320 potens.
1276 5250 1352 5303 De
1380 5248 1517 5303 Filio
1544 5249 1599 5305 in
1624 5249 1933 5318 Evangelia.

363 5345 483 5416 Ipse
521 5345 689 5400 Filius
719 5345 850 5399 dicit
881 5361 894 5397 :
939 5341 1223 5397 Ostendam
1240 5351 1411 5394 autem
1438 5340 1739 5412 vobisquem
1760 5342 1937 5396 timea-

364 5440 457 5502 tis,
482 5446 527 5489 et
551 5435 717 5489 multa
752 5437 886 5489 bona
935 5448 1089 5502 opera
1120 5430 1320 5486 ostendi
1342 5431 1481 5484 vobis
1522 5448 1554 5485 a
1601 5428 1763 5485 Patre
1802 5447 1933 5485 meo.

368 5529 443 5584 De
467 5526 665 5596 Spiritu
691 5534 877 5580 sancto
899 5522 964 5578 ad
988 5519 1319 5578 Corinthios:
1347 5519 1664 5575 Prmdicatio
1680 5537 1811 5583 mea,
1836 5538 1938 5576 non

368 5618 421 5671 in
454 5616 880 5685 ;m'suasibilibus
926 5615 1167 5668 humana
1192 5610 1459 5680 sapientitr
1513 5608 1711 5676 verbis,
1755 5611 1844 5665 sed
1885 5613 1937 5665 in

2038 3173 2285 3221 nostrum
2313 3174 2419 3232 est,
2444 3182 2614 3237 quare
2635 3167 2769 3224 illud
2791 3177 3125 3237 pessumum
3152 3169 3399 3229 similiter
3429 3180 3486 3226 ut
3516 3188 3614 3241 nos

2036 3257 2398 3326 baptizando?
2431 3255 2488 3315 Si
2518 3256 2732 3313 illorum
2754 3266 2860 3323 est,
2908 3273 3076 3327 quare
3118 3259 3246 3314 illud
3277 3260 3481 3316 violant
3516 3262 3615 3317 ite-

2036 3346 2245 3401 rando?
2267 3345 2375 3400 Sed
2399 3360 2500 3399 nos
2526 3345 2883 3421 reverentiam
2898 3346 3161 3415 habemus
3191 3347 3484 3405 Dominicis
3497 3366 3615 3409 vers

2036 3440 2212 3505 bis,et
2233 3437 2503 3509 quomodo
2527 3438 2639 3513 ipse
2663 3435 2853 3507 jussit,
2876 3437 2954 3493 ita
2983 3447 3039 3494 et
3068 3437 3404 3508 baptizamus
3432 3442 3486 3496 in
3514 3458 3615 3498 no~

2038 3532 2183 3588 mine
2211 3529 2407 3595 Patris,
2435 3537 2490 3586 et
2515 3528 2660 3596 Filii,
2702 3537 2759 3587 et
2787 3527 3022 3602 Spiritus
3044 3531 3239 3587 sancti.
3272 3530 3379 3588 Sed
3410 3540 3468 3588 et
3493 3533 3613 3590 illos

2036 3625 2119 3680 sic
2142 3631 2353 3680 certum
2384 3632 2471 3681 est
2498 3624 2797 3696 baptizare.
2836 3621 2973 3679 Nam
3000 3624 3046 3679 si
3068 3623 3148 3685 sic
3174 3624 3517 3696 baptizarcnt
3536 3627 3613 3682 illi

2037 3717 2307 3787 quomodo
2359 3716 2588 3773 credunt
2639 3715 2697 3772 in
2738 3714 2960 3775 nomine
2996 3714 3173 3773 Patris
3206 3714 3435 3785 maioris
3461 3726 3520 3773 et
3557 3718 3612 3772 in

2036 3807 2258 3865 nomine
2300 3805 2426 3865 Filii
2450 3805 2711 3872 minoris,
2756 3803 2888 3862 etin
2938 3804 3157 3863 nomine
3187 3805 3615 3877 Spirimssancti

2034 3897 2206 3956 multo
2240 3896 2485 3962 minoris,
2536 3904 2664 3953 tunc
2700 3894 2916 3952 demum
2959 3910 3068 3951 non
3088 3896 3414 3953 «iteraremus
3439 3896 3614 3968 baptis

2037 3988 2343 4054 smum,sed
2356 3986 2761 4057 daremus,quia
2772 4001 2879 4042 non
2894 3987 3438 4060 secundumlregulam
3449 4003 3614 4059 quam

2034 4077 2300 4134 Dominus
2321 4077 2545 4133 tradidit
2594 4077 2981 4147 baptizasseut.
3038 4076 3151 4134 Sed.
3175 4079 3307 4147 quid
3334 4078 3612 4139 iacimus?

2038 4170 2183 4227 Bene
2206 4168 2501 4239 baptizant,
2549 4168 2644 4225 sed
2677 4168 2820 4224 male
2845 4169 3093 4225 credunt.
3138 4167 3284 4225 Bene
3311 4169 3612 4241 baptizant,

2035 4259 2133 4315 sed
2148 4258 2346 4315 malum
2368 4266 2456 4313 est
2480 4259 2624 4327 quod
2644 4257 2997 4329 rebaptizant.
3026 4258 3368 4329 Regularitcr
3391 4260 3613 4329 quidem

2038 4349 2334 4422 baptizant,
2368 4348 2466 4409 sed
2502 4348 2665 4404 ﬁdem
2717 4348 2856 4403 male
2879 4348 3172 4403 insinuant.
3236 4349 3303 4404 Et
3330 4349 3456 4404 dum
3491 4366 3613 4405 ear-

2039 4441 2236 4496 na‘iiter
2253 4438 2452 4512 gradus
2476 4440 2531 4495 in
2552 4439 2832 4495 divinitate
2852 4438 3077 4504 faciunt,
3124 4439 3382 4494 olfensam
3419 4441 3612 4495 divini-
3676 4432 3685 4438 ’

2038 4530 2166 4585 tatis
2193 4531 2496 4595 incurrunt,
2529 4544 2636 4584 non
2661 4535 2963 4585 metuentes
2990 4527 3121 4583 illud
3149 4528 3291 4597 quod
3321 4528 3401 4585 ait
3430 4530 3611 4585 Domi-

2037 4634 2141 4673 nus
2171 4637 2183 4672 :
2217 4618 2320 4684 Qui
2339 4616 2496 4671 semel
2524 4615 2662 4683 lotus
2708 4624 2811 4680 est,
2857 4631 2960 4669 non
2985 4616 3179 4686 indiget
3221 4618 3409 4673 iterum
3453 4629 3506 4674 ut
3538 4620 3612 4675 la-

2036 4717 2198 4769 vetur,
2248 4707 2395 4761 Dixit
2421 4706 2564 4775 enim
2590 4705 2848 4761 Dominus
2888 4705 2941 4760 in
2976 4703 3265 4777 Evangelio
3294 4724 3310 4760 :
3364 4705 3460 4763 Vos
3487 4711 3611 4767 estis

2037 4795 2117 4852 sal
2159 4806 2334 4851 terrw.
2382 4795 2447 4849 Et
2490 4795 2797 4865 quicunque
2825 4796 3042 4864 sapiens
3076 4803 3186 4861 est,
3228 4812 3335 4855 non
3361 4797 3464 4854 hoc
3492 4801 3613 4855 sine

2042 4900 2210 4942 causa
2238 4884 2440 4941 dictum
2471 4883 2736 4955 intelligit.
2794 4882 2892 4939 Sal
2939 4885 3084 4940 enim
3118 4900 3185 4942 ex
3207 4901 3347 4957 aqua
3371 4886 3448 4943 ﬁt.
3504 4888 3610 4943 Sed

2043 4976 2239 5031 iterum
2262 4975 2541 5046 baptizare
2577 4990 2636 5029 se
2658 4974 2941 5044 permittat
2984 4976 3051 5030 ad
3076 4975 3327 5043 nihilum,
3366 4979 3511 5033 sicut
3531 4980 3613 5037 sal

2044 5067 2098 5122 in
2127 5081 2265 5135 aqua
2295 5068 2521 5122 missum
2564 5065 2847 5137 redigitur,
2886 5074 2943 5122 et
2992 5067 3170 5122 anima
3200 5066 3317 5138 ejus
3352 5080 3613 5138 perpetua

2042 5164 2218 5211 morte
2246 5154 2486 5224 punitur.
2559 5152 2703 5209 Dicit
2739 5155 2884 5209 enim
2925 5154 3213 5224 Apostolus
3268 5155 3333 5211 dc
3369 5156 3610 5215 Ecclesia

2044 5244 2299 5315 quoniam
2322 5243 2647 5312 unuspanis,
2663 5260 2825 5298 unum
2855 5258 3049 5314 corpus
3064 5244 3214 5298 multi
3241 5260 3458 5301 sumus:
3484 5246 3604 5315 quia

2038 5337 2180 5392 sicut
2201 5352 2265 5391 ex
2289 5335 2471 5390 multis
2492 5334 2674 5404 granis
2691 5350 2830 5389 unus
2856 5336 3011 5405 panis
3024 5334 3278 5399 efﬁcitur,
3295 5335 3365 5390 ita
3387 5352 3452 5391 ex
3472 5338 3609 5393 mul-

2040 5430 2109 5484 tis
2149 5426 2358 5499 populis
2381 5442 2485 5481 una
2502 5424 2737 5481 Ecclesia
2754 5434 3123 5496 congregatur,
3152 5441 3181 5481 e
3218 5427 3473 5497 panis,ut
3495 5443 3605 5483 ont-

2039 5535 2136 5574 nes
2179 5528 2398 5579 norunt,
2424 5531 2519 5586 per
2547 5531 2743 5584 aquam
2770 5512 3053 5569 coniicitur
3096 5522 3149 5568 et
3178 5530 3276 5583 per
3311 5515 3485 5586 ignem
3516 5534 3609 5573 ex-

2041 5608 2323 5689 coquiturg
2362 5614 2415 5659 ct
2438 5605 2614 5660 omnis
2627 5603 2862 5675 populus
2882 5601 3219 5659 Christianus
3236 5619 3337 5675 per
3357 5605 3606 5676 baptismi
