4014 6186
501 254 639 339 i390

1488 280 1546 335 s.
1584 262 1942 337 uenustam
1980 262 2269 329 ABBATIS
2308 275 2599 331 amcos:-

3612 277 3638 332 ί
3660 268 3765 330 ιω

485 395 692 466 aquam
736 401 794 450 et
824 394 999 465 ignem
1039 392 1212 449 sancti
1250 392 1485 463 Spiritus
1506 391 1708 448 oblatio
1752 390 1846 447 Dei
1869 399 1953 445 est
1987 388 2066 444 ef-
2097 384 2147 445 Α
2176 383 2292 441 Etsi
2322 404 2631 444 noveramus
2664 390 2933 445 CitrtsIunt
2950 391 3238 446 secundum
3263 409 3504 458 cm,
3528 395 3624 448 sed
3636 395 3765 464 jam

494 472 692 551 iectus,
744 485 958 541 dicente
978 483 1205 539 Domino
1229 500 1242 537 :
1278 483 1479 555 Siquis
1508 499 1613 537 non
1670 493 1886 537 renotus
1911 481 2069 550 fuerit

495 580 564 630 ea:
601 590 739 647 aqua
784 583 836 629 et
863 574 1066 643 Spiritu
1089 582 1294 638 sancto,
1342 590 1446 629 non
1496 574 1710 628 intrabit
1748 574 1803 628 in
1854 589 2069 643 regnum

496 664 765 720 calorum.
822 661 931 719 Sed
978 664 1121 719 sicut
1147 678 1341 734 panem
1362 663 1476 732 jam
1501 664 1667 720 semel
1714 665 1994 719 decoctum
2024 664 2068 718 si

501 757 701 827 aliquis
721 756 964 811 remittat
1006 756 1061 812 in
1092 772 1310 827 aquam,
1358 767 1414 812 et
1465 757 1628 811 vellet
1669 757 2069 813 recommisccri

496 858 553 904 et
595 864 855 920 coquere,
899 858 956 906 et
976 852 1226 920 perderet
1268 850 1553 919 pristinam
1587 849 1897 920 dignitatem
1923 857 1980 903 et
2015 849 2070 903 in

496 939 835 1010 nigredinem
885 948 1046 995 terrae
1085 948 1516 1005 converteretur,
1565 941 1645 995 sic
1696 939 1821 994 talis
1844 938 2073 994 dﬁcitur

494 1027 821 1100 quietumtte'
854 1031 908 1085 in
959 1046 1019 1086 se
1063 1030 1331 1100 permittit
1365 1031 1691 1101 baptismum
1747 1030 1953 1084 iterari.
2006 1029 2075 1084 Et

488 1120 621 1175 ideo
642 1120 802 1175 debet
828 1120 1194 1190 unusquisque
1211 1135 1384 1190 usque
1411 1121 1478 1176 ad
1495 1128 1722 1175 mortem
1744 1119 2071 1189 baptismum

497 1218 656 1265 suam
693 1211 805 1266 Deo
825 1210 1070 1281 adiutore
1117 1227 1355 1276 servare,
1407 1212 1452 1266 si
1480 1211 1590 1266 vult
1614 1210 1679 1266 ad
1711 1225 1875 1278 regna
1905 1209 2071 1265 eteiu-

499 1310 621 1354 rum
649 1298 880 1355 feliciter
907 1301 1210 1370 pervenire.
1257 1298 1392 1354 Nam
1426 1300 1731 1370 quicunque
1751 1315 1810 1354 se
1832 1299 2070 1369 rebapti-

497 1388 625 1444 sare
637 1390 923 1459 permittit,
944 1392 1057 1461 ipse
1078 1390 1479 1462 blasphematin
1501 1390 1702 1461 Spiritu
1722 1400 1929 1455 sancto,
1942 1391 2070 1444 dum

496 1484 558 1535 se
581 1478 814 1550 denegat
850 1478 1219 1536 Christianum
1248 1489 1303 1537 et
1344 1496 1444 1553 per
1477 1496 1672 1552 aquam
1715 1496 1780 1537 ac
1809 1479 2070 1551 Spiritum

497 1577 748 1624 sanetum
772 1569 939 1626 fuisse
952 1580 1221 1637 renatum,
1238 1579 1294 1627 et
1320 1585 1541 1628 necesse
1558 1580 1644 1628 est
1661 1581 1722 1627 ut
1737 1572 1882 1626 illam
1906 1587 2072 1642 quam

493 1662 919 1716 memorarimus
950 1662 1163 1717 Domini
1200 1663 1523 1719 sententiam
1565 1662 1944 1719 comminantis
1974 1678 2070 1718 ex-

2174 496 2277 534 non
2300 481 2539 535 novimus
2563 497 2703 535 eum.
2765 480 2818 537 0
2834 482 3165 538 exsecranda
3191 483 3426 538 dualitas
3456 522 3471 547 ,
3525 499 3763 554 operosa

2169 570 2519 639 praesumtio
2557 586 2720 625 unam
2754 570 2969 626 Domini
3003 573 3175 627 nostri
3211 570 3339 628 Iesu
3377 572 3589 628 Christi
3635 588 3765 644 per:

2169 673 2358 714 sonam
2407 658 2713 715 dirimentis
2742 661 2797 715 in
2822 662 2978 726 duas,
3030 677 3153 717 cum
3205 665 3348 719 sicut
3376 665 3762 734 unusquisque

2170 757 2413 805 nostrum
2439 765 2506 805 ex
2535 752 2715 807 anima
2744 754 2992 808 rationali
3013 762 3071 809 et
3082 766 3245 810 carne
3268 766 3376 809 una
3404 755 3467 809 iit
3493 770 3758 825 persona,

2170 840 2295 911 quia
2325 856 2466 896 unus
2489 850 2574 896 est
2603 843 2783 907 homo,
2841 845 2913 897 ita
2952 844 3097 900 Deus
3116 852 3172 899 ct
3206 846 3371 901 homo
3394 861 3507 899 una
3531 845 3608 900 sit
3636 860 3758 915 per-

2170 945 2326 995 sona,
2354 931 2482 1001 quia
2508 947 2653 986 unus
2669 941 2753 988 est
2776 932 3047 1000 Christus,
3086 950 3194 990 non
3240 936 3387 991 duo!
3430 934 3592 992 Unde
3621 938 3755 991 bea-

2170 1029 2258 1075 tus
2278 1020 2488 1085 Petrus,
2517 1036 2639 1076 cum
2669 1023 3037 1079 sciscitaretur
3067 1024 3327 1080 Dominus
3369 1041 3404 1079 a
3463 1025 3755 1095 discipulis

2168 1114 2283 1172 suis
2310 1128 2472 1183 quem
2500 1128 2622 1170 esse
2653 1116 2899 1171 dicerent
2930 1117 3178 1172 homines
3202 1116 3373 1172 tilium
3400 1118 3674 1183 hominis,
3699 1128 3753 1173 et

2170 1206 2262 1262 aiii
2280 1212 2447 1275 atque
2482 1205 2574 1261 alii
2603 1206 2761 1261 aliter
2784 1214 2948 1275 atque
2973 1207 3130 1262 aliter
3153 1208 3419 1271 dicereut,
3467 1210 3754 1278 respondit

2170 1315 2311 1355 unus
2335 1314 2434 1370 pro
2455 1299 2707 1355 omnibus
2735 1312 2801 1352 ex
2824 1298 2918 1353 Dei
2950 1308 3005 1354 et
3027 1299 3260 1355 hominis
3301 1299 3613 1355 substantia
3638 1303 3755 1355 uni-

2174 1391 2300 1445 tatis
2336 1389 2966 1460 personamconﬁtendo
3016 1390 3243 1445 dicens:
3300 1389 3380 1444 Ta
3423 1407 3479 1445 es
3511 1389 3755 1446 Christus

2174 1478 2349 1533 Filius
2376 1479 2472 1533 Dei
2511 1480 2628 1534 uiui.
2670 1479 3007 1535 Dominusde
3032 1478 3170 1535 Filio
3190 1480 3426 1535 hominis
3469 1481 3529 1536 id
3554 1491 3642 1535 est
3663 1481 3757 1535 ho-

2172 1570 2318 1625 mine
2341 1570 2659 1640 interrogat,
2685 1579 2739 1625 et
2764 1569 2955 1625 Petrus
2996 1571 3242 1625 eumdem
3285 1570 3487 1625 Filium
3527 1571 3623 1625 Dci
3647 1572 3754 1626 viri

2174 1673 2305 1716 vera
2328 1660 2451 1717 ﬁdei
2473 1663 2708 1732 puritate
2735 1661 2954 1716 fatetur.
3006 1661 3072 1716 Et
3093 1677 3124 1716 e
3146 1670 3335 1716 contra
3376 1661 3649 1717 Feiieiani
3672 1664 3753 1717 in»

492 1750 660 1821 cipiat
678 1770 692 1806 :
712 1752 849 1820 Quia
867 1754 1425 1825 quihlasphemaverit
1440 1754 1494 1810 in
1509 1753 1714 1825 Spiritu
1739 1764 1947 1819 saneto,
1963 1770 2070 1810 non
2100 1724 2147 1787 Β
2171 1754 2321 1811 fandi
2375 1724 2684 1825 adoptivum
2734 1770 2858 1809 eum
2908 1762 3191 1809 veternare
3232 1756 3597 1819 contendunt,
3626 1770 3753 1810 eum

491 1842 541 1898 et
568 1844 896 1909 remittetur,
925 1859 1100 1916 neque
1132 1846 1185 1901 in
1209 1845 1546 1904 hocsaeculo.
1577 1860 1751 1916 neque
1778 1845 1831 1900 in
1864 1844 2064 1900 futuro.

492 1935 2063 1959 ~——————————_._—_——_L_——-I-

492 2103 862 2197 Disputatio
899 2118 1220 2181 Benedicti
1250 2119 1447 2181 levita
1468 2120 1765 2182 adversus
1801 2121 2069 2184 Felicia‘

999 2210 1143 2258 nam
1175 2199 1572 2277 impietatem.

1007 2296 1024 2356 (
1033 2295 1167 2359 Apud
1191 2294 1371 2357 Baluz,
1399 2298 1544 2362 ibid.)

561 2397 620 2454 in
648 2400 872 2455 exordio
886 2399 1165 2457 nubeculae
1178 2403 1609 2460 testimoan
1631 2406 1908 2464 catholicae
1923 2407 2065 2475 ﬁdei,

492 2497 616 2547 eum
643 2492 904 2548 adversus
925 2493 1168 2551 infelices
1198 2495 1501 2554 Feiicianos
1526 2500 1870 2556 exhortarem
1886 2501 2066 2557 divul-

489 2589 610 2642 hum
636 2586 914 2643 alumnum
928 2589 1158 2647 viriliter
1169 2593 1673 2657 eontrairerrecolo
1703 2611 1786 2650 me
1802 2595 1872 2651 ab
1892 2596 2069 2652 Evan-

489 2677 633 2749 gelia
658 2676 883 2735 Joannis
902 2682 1199 2749 exordisse,
1225 2683 1524 2740 istiusmodi
1558 2693 1849 2742 atiestante
1877 2706 1890 2741 :
1937 2686 2066 2742 Hinc

491 2778 668 2823 autem
704 2771 899 2841 scripta
928 2782 1049 2827 sunt
1073 2779 1131 2827 Μ
1154 2775 1378 2829 credatis
1398 2778 1519 2847 quia
1547 2776 1703 2833 Iesus
1727 2789 1801 2833 est
1827 2778 2065 2835 Christus

488 2859 664 2916 Filius
691 2861 809 2926 Dei,
846 2871 895 2917 et
932 2872 988 2918 ut
1018 2863 1282 2919 credentes
1308 2867 1461 2921 (vitam
1499 2859 1732 2923 habeatis
1774 2869 1830 2923 in
1861 2868 2066 2924 nomine

484 2953 671 3022 ipsius.
739 2953 832 3008 liie
868 2954 1087 3024 inquam
1117 2954 1207 3024 qui
1231 2957 1299 3011 ab
1328 2956 1521 3028 angelo
1555 2960 1835 3014 nuntiatus
1881 2968 1985 3025 est,
2010 2964 2065 3015 et

486 3046 683 3098 numen
731 3043 805 3098 iiii
858 3044 1168 3114 impositum
1199 3054 1280 3101 est
1307 3045 1483 3114 Iesus,
1515 3049 1798 3103 nuntiante
1834 3050 2064 3105 archan-

483 3131 611 3201 geio
638 3133 831 3204 virgini
867 3152 881 3189 :
916 3133 1103 3192 Paries
1132 3136 1350 3203 Filium,
1401 3148 1451 3193 et
1481 3141 1689 3195 vocabis
1714 3158 1913 3196 momen
1948 3143 2061 3213 ejus

482 3218 688 3307 [eum
741 3223 838 3276 Hic
883 3222 1064 3295 itaque
1110 3224 1269 3283 Iesus
1318 3237 1478 3283 natus
1530 3244 1598 3284 ex
1636 3231 1849 3300 virgine
1894 3232 2061 3290 Maria

483 3309 653 3367 Fihus
675 3322 757 3367 est
782 3313 899 3380 Dei,
928 3315 1069 3371 sicut
1099 3325 1327 3372 testatur
1352 3318 1454 3374 istc
1480 3321 1836 3392 evangelista,
1863 3332 1922 3379 ut
1945 3334 2063 3379 orn-

482 3409 580 3460 hes
601 3403 656 3463 in
685 3405 788 3462 hac
815 3405 919 3464 title
963 3407 1187 3466 ﬁdentes
1230 3411 1398 3467 vitam
1426 3415 1635 3483 possint
1678 3410 1878 3472 habere
1907 3425 2064 3472 teter-

479 3504 608 3550 nam
630 3494 685 3551 in
715 3496 932 3554 nomine
960 3498 1149 3570 ipsius.
1205 3499 1312 3558 Sed
1361 3504 1488 3573 quid
1531 3505 1597 3559 ad
1623 3506 1738 3561 haec
1757 3502 2059 3576 perviCacia

481 3578 882 3644 Peliciandrttm
928 3590 1259 3647 infaustuum
1327 3594 1530 3664 peterit
1582 3594 1833 3652 m‘utiiare
1867 3638 1882 3661 ,
1932 3598 2058 3652 dum

476 3677 584 3733 iste
629 3678 961 3751 evangelista
1016 3682 1245 3739 dilectus
1266 3692 1321 3739 et
1354 3700 1385 3739 a
1415 3678 1527 3742 Deo
1557 3686 1763 3742 eiectus
1785 3689 1925 3743 hanc
1955 3689 2059 3743 sibi

472 3778 600 3824 esse
624 3771 965 3826 occasionem
989 3768 1257 3828 scribendi
1302 3774 1650 3846 Evangclium
1681 3777 1881 3831 dixerit
1931 3778 2059 3846 quia

469 3855 738 3916 iesusest
764 3861 1013 3919 Christus
1034 3862 1203 3920 Filius
1237 3865 1352 3929 Dei,
1386 3874 1523 3922 etut
1561 3866 1844 3922 credentes
1892 3868 2058 3922 vitam

476 3959 736 4005 auersum
764 3950 1000 4007 habeant
1021 3953 1073 4008 in
1106 3953 1327 4010 nomine
1343 3956 1512 4025 ipsius
1531 3957 1557 4011 ἳ
1592 3956 1706 4012 Nisi
1734 3957 1872 4013 forte
1898 3967 1958 4013 ut
1982 3957 2062 4013 fa-

476 4047 697 4096 teantur
722 4056 781 4096 se
805 4057 1078 4111 nunquam
1114 4043 1396 4099 habituros
1421 4046 1583 4100 vitam
1610 4056 1891 4112 internum,
1931 4048 2058 4117 quia

475 4145 583 4184 non
613 4131 841 4186 credunt
885 4130 1081 4185 Filium
1102 4148 1223 4187 esse
1248 4132 1339 4188 ἰ)ιοί
1368 4133 1657 4190 Dominum
1696 4143 1941 4191 nostrum
1976 4135 2061 4192 Jen-

472 4235 596 4275 sum
616 4219 893 4275 Christum
933 4231 1119 4276 verum
1164 4232 1217 4277 et
1239 4225 1550 4294 propﬁum,
1596 4228 1690 4283 sed
1721 4230 1905 4285 nescio
1950 4238 2058 4298 qua

470 4311 844 4368 deminutione
867 4313 1049 4368 [ictum
1069 4320 1126 4368 et
1153 4315 1479 4386 adoptivum.
1514 4318 1729 4376 Siccine
1754 4321 1942 4377 dicunt
1971 4336 2058 4376 asa-

2175 1846 2433 1903 Domiuus
2461 1847 2603 1902 hanc
2630 1844 2756 1901 ﬁdei
2775 1844 3169 1901 confessionem
3195 1846 3470 1909 sanciens,
3492 1847 3568 1902 ob
3614 1845 3756 1901 hanc

2171 1936 2392 1992 Petrum
2421 1935 2833 2000 heatiiieaverit,
2865 1950 3033 2005 super
3054 1934 3203 1990 hanc
3242 1934 3550 1989 Ecclesium
3597 1948 3752 1988 suam

2171 2026 2547 2082 stabiliendam
2593 2025 2911 2097 praedixerit
2946 2024 3175 2083 dicens:
3214 2024 3417 2079 Beatus
3462 2042 3520 2080 es
3570 2023 3752 2079 Sit-os

2170 2116 2425 2187 Burjona,
2456 2116 2582 2187 quia
2614 2130 2737 2169 caro
2768 2124 2817 2170 et
2849 2116 3065 2186 sanguis
3093 2131 3197 2168 non
3233 2114 3482 2169 reuelauit
3517 2114 3637 2177 tibi,
3659 2115 3752 2167 sed

2172 2204 2335 2262 Pater
2355 2222 2500 2260 meus
2525 2245 2541 2268 ,
2564 2205 2655 2277 qui
2682 2215 2757 2259 est
2794 2205 2850 2259 in
2878 2204 3040 2261 stetis.
3077 2204 3144 2259 Et
3185 2221 3280 2275 ego
3319 2204 3417 2258 tibi
3474 2205 3593 2258 dico
3620 2205 3749 2274 quia

2167 2309 2224 2353 tu
2267 2315 2320 2352 es
2348 2297 2561 2365 Petrus,
2594 2309 2641 2353 et
2684 2314 2839 2368 super
2881 2298 3018 2352 hanc
3067 2308 3268 2368 petram
3316 2298 3593 2366 aediﬁcabo
3643 2296 3751 2351 Ec-

2167 2389 2379 2444 desiam
2417 2405 2607 2453 meum,
2643 2398 2693 2442 et
2740 2398 2906 2459 porta:
2946 2387 3101 2457 inferi
3127 2404 3231 2442 non
3250 2388 3610 2459 praecidant
3656 2388 3750 2441 ad-

2165 2496 2343 2535 versus
2384 2496 2522 2534 eam.
2575 2478 2648 2535 Ut
2693 2494 2823 2549 ergo
2855 2477 3148 2533 secundum
3187 2477 3458 2533 Danielem
3511 2479 3749 2549 prophe-

2167 2584 2277 2629 tam
2300 2574 2598 2630 adducatur
2603 2572 2813 2644 iustitia
2836 2572 3162 2642 sempiterna
3183 2580 3240 2626 et
3264 2580 3498 2642 ungatur
3523 2578 3747 2626 sanans

2164 2674 2477 2722 sanctorum
2501 2663 2718 2735 impleta
2750 2664 2853 2719 hac
2876 2663 3183 2734 prophetia,
3217 2662 3324 2718 ista
3351 2671 3440 2717 est
3466 2678 3600 2718 vera
3626 2662 3747 2717 ﬁdei

2164 2766 2462 2830 pret-again
2482 2755 2753 2813 confessio
2778 2756 2950 2822 uncti,
2985 2755 3039 2810 id
3067 2764 3153 2811 est
3192 2754 3393 2811 Christi
3445 2755 3574 2810 Filii
3630 2755 3747 2821 fici.

2163 2866 2272 2906 non
2297 2849 2555 2921 adoptivi,
2578 2849 2673 2905 sed
2699 2848 2904 2920 proprii
2932 2863 2949 2914 ;
2985 2847 3072 2903 cui
3113 2846 3333 2917 proprio
3357 2845 3497 2902 Filio
3516 2862 3627 2902 non
3655 2861 3748 2917 pe-

2163 2943 2336 3014 percit
2364 2941 2527 2997 Deus.

2236 3032 2447 3101 Quanta
2462 3048 2592 3103 ergo
2613 3032 2890 3088 temeritas
2902 3033 3096 3088 horum
3122 3031 3621 3103 antiphrasinorum
3639 3032 3749 3086 ha:-

2165 3128 2478 3191 reticorum,
2505 3126 2755 3181 videlicet
2802 3125 3221 3191 Feiicianorum,
3245 3126 3369 3195 quia
3418 3123 3746 3189 infelicium,

2162 3225 2351 3272 contra
2383 3225 2587 3271 tantam
2616 3217 2942 3272 soliditatem
2972 3232 3001 3271 a
3032 3216 3256 3271 Domino
3306 3218 3744 3270 commendatae:

2161 3321 2488 3377 suorumque
2511 3307 2875 3377 apostolorum
2903 3308 3240 3378 dogmatibus
3257 3306 3601 3377 propalatam
3622 3323 3745 3376 pora

2162 3410 2246 3457 tas
2272 3400 2464 3455 mortis
2489 3412 2610 3454 sese
2637 3398 2885 3471 ingerere
2910 3398 3173 3454 Ecciesiaa
3204 3397 3298 3452 Dei
3320 3397 3613 3452 nitentium
3643 3413 3742 3452 nec

2160 3491 2565 3562 praeraientium
2593 3491 2607 3545 !
2642 3490 2687 3548 0
2714 3506 2855 3547 caeca
2910 3492 3189 3546 temeritas
3234 3488 3532 3543 inferorum
3556 3498 3741 3559 porta-

2158 3600 2278 3639 rum
2302 3585 2491 3639 harum
2512 3578 2966 3653 perstrepentiu'm
3003 3581 3229 3638 confuso
3256 3580 3492 3635 stridore
3542 3580 3737 3634 adver-

2159 3692 2253 3732 sus
2299 3674 2586 3730 Dominum
2644 3684 2698 3730 et
2725 3675 2983 3730 adversus
3030 3673 3305 3729 Christum
3350 3671 3506 3741 eius!
3554 3670 3605 3727 Ο
3649 3687 3738 3725 ca-

2157 3772 2283 3828 nina
2334 3769 2502 3826 furies
2548 3769 2738 3825 rabido
2782 3783 2878 3824 ore
2913 3766 3191 3823 Christum
3226 3762 3423 3821 Filium
3472 3766 3567 3821 Dei
3625 3765 3734 3819 viri

2157 3831 2478 3918 oiulatra‘ntis
2510 3862 2805 3916 secundum
2846 3860 3270 3930 assumptionetn
3312 3872 3417 3913 non
3461 3873 3586 3913 esse
3612 3874 3733 3912 eum

2158 3952 2253 4009 Dei
2272 3952 2523 4007 virtutem
2550 3959 2606 4007 et
2628 3951 2721 4005 Dei
2737 3951 3059 4020 sapientiam
3074 3951 3407 4015 mentientis,
3422 3964 3546 4005 cum
3563 3950 3736 4019 ipsum

2157 4058 2352 4100 nomen
2378 4042 2579 4097 Christi
2607 4041 2896 4097 secundum
2921 4049 3276 4110 assumptum,
3326 4041 3374 4093 si
3418 4040 3500 4092 fas
3524 4047 3612 4093 est
3657 4039 3737 4092 rii-

2157 4148 2299 4197 cere,
2355 4142 2412 4188 et
2440 4149 2544 4188 non
2589 4132 2885 4188 secundum
2925 4139 3307 4191 assumentem,
3353 4139 3436 4185 est
3484 4131 3731 4184 dictum!

2156 4227 2357 4283 Verum
2382 4226 2636 4296 quoniam
2663 4223 2915 4279 Christus
2940 4224 3012 4278 ab
3032 4223 3286 4278 unctione
3324 4232 3407 4276 est
3443 4224 3646 4285 dictus,
3681 4233 3736 4277 et

2156 4327 2351 4375 tinctus
2376 4319 2428 4372 in
2461 4317 2825 4386 assumptione
2850 4322 3035 4369 uestro
3047 4314 3328 4384 participio
3352 4315 3404 4366 in
3424 4324 3737 4368 assumente

400 4461 417 4475 ,
469 4404 836 4474 Sumptionem
867 4413 924 4461 et
969 4406 1313 4476 adoptionem
1370 4418 1533 4464 nnttm
1580 4427 1731 4479 esse;
1772 4423 1826 4469 et
1871 4413 2057 4471 Iesum
2084 4436 2135 4496 ι)
2159 4413 2347 4479 verbo,
2377 4411 2516 4465 sient
2554 4410 2811 4479 scriptum
2841 4417 2966 4462 est:
3003 4405 3162 4460 Unxit
3199 4417 3248 4461 te
3286 4406 3423 4460 Deus
3459 4418 3584 4460 tuus
3624 4412 3735 4461 olea

465 4495 770 4560 Christum,
819 4496 1113 4551 secundum
1158 4498 1299 4566 quod
1329 4498 1489 4552 homo
1517 4508 1601 4554 est
1631 4535 1645 4563 ς
1702 4511 1925 4572 propter
1959 4518 2043 4560 as-

471 4586 831 4655 sumptioncm
849 4587 1199 4643 humanitatis
1218 4602 1435 4643 necesse
1450 4588 1563 4646 ﬂeri
1581 4590 1886 4662 adoptivum
1901 4608 2043 4663 esse,

465 4682 577 4732 ’non
602 4678 902 4747 proprium.
960 4677 1029 4733 Et
1075 4680 1204 4749 quid
1239 4679 1402 4736 faciet
1449 4682 1635 4739 insana
1668 4684 1769 4740 ista
1793 4689 2042 4754 procacia

464 4769 729 4822 adversus
755 4766 921 4824 totius
936 4768 1124 4823 salutis
1146 4770 1600 4840 dispensationem
1625 4775 1697 4830 ita
1719 4779 1963 4847 garriens
1987 4787 2047 4834 ut

465 4858 725 4921 virtutem
753 4858 848 4914 Dei
897 4860 1041 4916 dicat
1064 4876 1170 4917 non
1201 4878 1322 4917 esse
1350 4865 1620 4934 propriam
1645 4875 1701 4920 et
1723 4869 2044 4938 sapientiam

462 4949 585 5022 ejus
622 4958 832 5005 asserat
860 4950 1203 5021 adoptivam?
1248 4940 1382 5007 Nam
1419 4953 1695 5010 Christum
1724 4956 1909 5022 Deum,
1940 4960 2050 5013 vir-

461 5042 637 5099 tutem
662 5049 717 5096 et
738 5041 833 5097 Dei
853 5042 1171 5112 sapientiam
1188 5043 1606 5115 esseApostolus
1635 5047 1788 5103 testis
1809 5054 1893 5102 est
1911 5066 1922 5103 :
1947 5045 2046 5104 Cui

463 5132 709 5203 (proprio
733 5131 891 5205 Filio)
920 5144 1022 5186 non
1043 5134 1267 5203 pepercit
1296 5133 1455 5200 Deus,
1505 5132 1595 5190 sed
1619 5152 1714 5208 pro
1742 5137 1888 5193 nobis
1935 5149 2046 5194 om-

462 5223 621 5277 nibus
655 5223 877 5278 tradidit
921 5221 1092 5277 illum.
1137 5222 1476 5281 lniiciatores
1521 5235 1703 5281 tamen
1742 5236 1905 5283 tanta:
1955 5243 2047 5283 tie-'-

2147 4504 2343 4564 ltetitite
2365 4515 2473 4573 pra:
2502 4498 2840 4570 participibus
2866 4497 2990 4550 tuis.
3026 4495 3146 4550 Prte
3187 4496 3542 4566 participibus
3571 4497 3735 4567 igitur

2147 4595 2485 4657 Christicolis
2511 4635 2525 4659 ,
2570 4592 2778 4647 scilicet
2830 4590 3059 4653 cunctis,
3093 4597 3285 4643 unctus
3312 4597 3398 4641 est
3456 4587 3731 4647 Christus,

2149 4691 2203 4746 in
2248 4703 2356 4759 quo
2397 4692 2483 4741 est
2538 4696 2725 4738 eorum
2777 4680 3047 4750 particeps
3088 4678 3250 4731 homo
3300 4676 3535 4731 Verbum
3606 4691 3735 4731 caro

2151 4782 2384 4839 factum:
2436 4778 2561 4849 quia
2607 4774 2751 4845 quod
2783 4774 2857 4828 illi
2910 4773 3197 4842 adoptione
3242 4778 3571 4839 acceperunt
3611 4769 3733 4824 Filii

2148 4891 2269 4931 esse
2281 4874 2378 4928 Dei
2400 4868 2828 4926 Christianitatis
2857 4866 3079 4919 obtentu
3107 4863 3420 4918 chrismatis
3452 4864 3732 4925 unctione,

2148 4954 2203 5019 id
2225 4962 2478 5019 Christus
2526 4959 2766 5029 possidet
2818 4957 3152 5027 proprietate
3179 4953 3426 5015 virtutis;
3456 4953 3737 5007 nihilomi-

2147 5058 2249 5107 hus
2299 5059 2360 5105 ut
2410 5049 2480 5105 sit
2531 5048 2782 5119 proprius
2808 5046 2899 5100 Dei
2924 5045 3231 5116 unigenitus
3256 5043 3459 5105 Filius,
3508 5042 3579 5095 de
3610 5041 3735 5110 Spi~

2142 5136 2255 5195 t‘itu
2282 5147 2474 5195 sancto
2497 5149 2563 5193 ex
2597 5136 2762 5190 Maria
2796 5136 3004 5205 virgine
3057 5135 3370 5196 theotocon,
3403 5132 3454 5185 id
3501 5138 3591 5185 est
3637 5132 3734 5185 Dei

2146 5233 2408 5305 genitrice
2445 5229 2659 5300 virgine
2687 5236 2980 5295 conceptus
3027 5235 3082 5279 et
3132 5233 3314 5288 natus,
3337 5240 3444 5278 non
3472 5223 3603 5287 dno,
3640 5224 3732 5277 sei

464 5314 617 5397 ritati
654 5314 887 5385 pellaces
937 5329 1001 5369 ac
1045 5325 1235 5371 contra
1264 5325 1501 5372 econtra
1538 5318 1724 5373 aiunt:
1772 5317 2039 5375 Virtutem
2142 5334 2321 5380 unus:
2354 5322 2480 5393 quia
2508 5332 2616 5376 non
2670 5319 2777 5375 duo
2816 5325 2944 5372 sunt
2978 5314 3119 5380 Filii,
3155 5330 3299 5369 unus
3348 5313 3635 5384 proprius,
3676 5322 3735 5366 et

462 5401 561 5462 Dei
594 5416 649 5463 et
675 5409 994 5481 sapientiam
1024 5409 1313 5480 Apostolus
1339 5408 1613 5467 Christum
1644 5414 1937 5469 secundum
1959 5431 2041 5470 as-
2145 5416 2283 5470 aiter
2319 5414 2620 5484 adoptivus,
2673 5410 2768 5466 sed
2795 5424 2934 5463 unus
2955 5407 3096 5462 idem
3117 5405 3369 5476 proprius
3416 5404 3734 5475 unigenitus

459 5501 791 5567 uomentem,
848 5507 904 5556 et
929 5516 1034 5556 non
1066 5501 1358 5557 secundum
1386 5512 1719 5573 assumptum
1749 5545 1763 5570 ,
1801 5522 2039 5577 pronuu-
2145 5508 2241 5564 Dei
2264 5507 2451 5562 Filius.
2489 5504 2689 5559 Etideo
2721 5499 3093 5572 aitApostolus
3118 5497 3337 5568 proprio
3360 5494 3500 5551 Filio
3514 5509 3626 5550 non
3645 5510 3733 5565 po

460 5584 585 5641 tiat.
642 5589 774 5646 Nam
824 5596 1119 5650 secundum
1170 5603 1533 5652 assumentem
1556 5595 1807 5652 Christus
1832 5597 1925 5654 Dei
1957 5606 2041 5653 est
2143 5599 2404 5671 percisse,
2428 5596 2682 5668 quoniam
2712 5593 2801 5647 ubi
2822 5593 2956 5647 venit
2985 5588 3250 5661 pl'enitudo
3275 5589 3550 5660 temporis,
3582 5588 3725 5642 sicut

459 5677 1120 5752 \irtteS'ctDcisapicntia;
1150 5687 1444 5743 secundum
1461 5695 1640 5745 autem
1667 5698 2036 5761 assumptum:
2139 5691 2280 5747 idem
2310 5692 2422 5760 ipse
2452 5690 2547 5755 ait,
2570 5688 2709 5741 misit
2728 5686 2864 5741 Deus
2896 5682 3091 5739 Filium
3113 5699 3266 5738 suum
3280 5682 3480 5753 factum
3506 5697 3573 5736 ea:
3598 5695 3717 5733 om
