4014 6186
354 276 484 344 ttat

1623 278 2003 340 OPESCULA.
2043 284 2284 342 OPUSC.
2325 286 2388 341 ll.

3458 286 3592 350 14οἂ

344 405 496 470 (iere,
526 406 724 475 factum
779 401 876 456 sub
922 401 1052 472 lege.
1084 394 1235 467 Quod
1272 407 1453 453 autem
1489 399 1560 451 sit
1588 396 1915 467 unigenitus,
1947 396 1998 454 Α
2023 406 2070 449 et
2098 413 2286 453 manus
2330 407 2522 454 nostra
2568 408 2920 457 tractarerunt
2963 401 3027 457 de
3067 404 3214 460 verba
3243 405 3378 469 rita',
3413 417 3463 460 et
3488 409 3590 463 vim

342 509 504 551 saera
528 493 813 562 Scriptura
841 506 949 546 non
970 498 1131 556 tacet,
1158 492 1254 546 sed
1290 489 1620 545 creberrime
1658 488 1911 547 inculcat.

344 587 501 646 (inde
524 597 609 643 est
633 587 762 641 illud
788 604 802 639 :
833 584 1075 641 Vidimus
1103 584 1328 656 gloriam
1359 584 1496 654 ejus,
1521 582 1745 653 gloriam
1762 582 1915 653 quasi

342 676 597 747 unigeniti
629 692 663 729 a
692 674 875 730 Patre.

410 766 550 834 Quid
577 767 646 822 ad
689 766 806 821 haec
831 765 979 820 favet
1019 767 1392 820 nunc'vesana
1424 765 1704 821 temeritas
1729 762 1914 820 dicon-

339 858 474 913 tium
517 857 945 927 assumptiouem
975 864 1033 911 et
1077 856 1422 926 adoptionem
1469 870 1637 910 unum
1685 870 1828 920 esse,
1859 863 1915 909 et

336 952 467 1006 ideo
482 949 759 1006 Christum
781 948 1079 1006 secundum
1107 949 1379 1004 hominem
1424 955 1758 1019 assumptum
1794 963 1915 1006 esse

337 1044 502 1100 etiam
531 1042 866 1112 adoptivum,
894 1056 1019 1097 eum
1043 1041 1179 1096 nihil
1207 1041 1401 1095 horum
1425 1041 1820 1096 convincantur
1857 1040 1912 1093 in

336 1134 609 1191 Christum
637 1133 865 1202 reperiri
904 1132 1104 1201 posse?
1148 1132 1377 1187 Prorsus
1418 1146 1518 1185 nec
1544 1130 1910 1200 adeptionem,

335 1226 462 1296 quia
482 1225 759 1295 proprium
778 1238 901 1277 eum
920 1223 1079 1278 docet
1102 1222 1391 1293 Apostolus
1416 1236 1538 1276 esse
1563 1220 1758 1274 Filium
1781 1219 1908 1285 Dei;

334 1330 510 1385 neque
530 1314 974 1383 assumptionem,
1000 1314 1126 1382 quia
1148 1314 1280 1369 dicit
1297 1312 1507 1367 misisse
1527 1312 1693 1366 Deum
1715 1311 1908 1365 Filium

340 1420 498 1461 suum
545 1405 748 1459 factum
793 1420 858 1459 ex
906 1405 1171 1460 muliere:
1203 1404 1462 1473 quoniam
1505 1404 1734 1458 Verbum
1781 1418 1910 1457 caro

331 1495 537 1551 factum
562 1503 662 1560 est,
702 1511 810 1549 non
835 1496 1130 1565 assumpsit
1153 1509 1408 1558 carnem;
1442 1494 1535 1549 sed
1560 1494 1796 1547 Verbum
1824 1510 1911 1549 ca-

330 1598 394 1638 ro
419 1583 648 1649 factum,
678 1583 825 1638 Deus
863 1583 1026 1637 homo
1053 1582 1231 1637 factus
1259 1589 1361 1646 est,
1392 1581 1562 1636 Filius
1595 1581 1689 1636 Dei
1731 1581 1909 1636 factus

328 1686 395 1727 ex
425 1673 687 1727 muliere:
720 1673 978 1742 quoniam
1004 1688 1112 1727 non
1140 1673 1292 1742 prius
1331 1671 1506 1727 factus
1545 1686 1709 1733 caro,
1731 1673 1907 1727 denuo

2016 488 2352 557 manifestata
2378 499 2472 554 est,
2521 500 2569 543 et
2597 492 2822 546 uidimus
2849 503 2897 546 et
2922 504 3174 550 testamur
3212 507 3259 550 et
3305 501 3589 553 annuntio-‘-

2017 595 2132 632 mns
2159 579 2300 633 vobis
2324 580 2486 633 vitam
2511 590 2759 635 a'teruant
2806 600 2924 653 qua:
2960 594 3071 638 erat
3100 587 3240 655 apud
3292 583 3507 641 Patrem
3542 593 3591 641 ct

2015 670 2256 739 apparuit
2290 671 2455 725 nobis.
2508 671 2749 743 Denique
2777 675 2919 730 hanc
2957 676 3118 730 vitam
3151 687 3408 733 aeternam
3450 678 3592 751 apud

2016 759 2231 815 Patrem
2283 763 2351 818 ab
2405 763 2580 829 initio,
2632 781 2792 834 quam
2840 768 2943 822 sibi
2976 771 3289 839 apparuisse
3338 780 3587 838 testatur,

2016 852 2120 907 nisi
2150 852 2383 909 Verbum
2411 871 2540 911 caro
2565 856 2736 923 ﬁeret,
2776 875 2951 928 neque
2986 863 3225 928 vidisset,
3258 881 3432 934 neque
3477 885 3592 923 ma-

2014 946 2172 1000 nibus
2192 956 2603 1004 contrectasset.
2637 949 2742 1005 Sed
2768 960 2827 1005 ut
2859 954 3093 1008 Verbum
3125 971 3252 1011 caro
3295 959 3465 1023 tierct,
3513 971 3592 1015 te-

2013 1045 2192 1091 stante
2215 1040 2404 1094 codetn
2431 1041 2764 1109 evangelista
2794 1058 2808 1096 :
2841 1042 2931 1097 Sic
2957 1043 3100 1098 Deus
3127 1046 3310 1102 dilexit
3338 1051 3588 1104 mundum

2013 1136 2069 1178 ut
2098 1126 2144 1179 [ν
2148 1129 2294 1182 ilium
2322 1146 2476 1184 suum
2492 1131 2813 1200 unigenitum
2840 1133 3024 1198 daret;
3051 1146 3105 1188 ut
3135 1139 3301 1192 euntis
3324 1140 3410 1209 qui
3430 1143 3591 1194 credit

2010 1219 2064 1272 in
2086 1218 2257 1288 ipsum
2297 1235 2401 1274 non
2438 1229 2633 1291 pereat,
2673 1222 2763 1276 sed
2798 1224 2984 1277 habeat
3021 1226 3175 1279 ritum
3222 1238 3493 1283 a'ternam.
3524 1231 3592 1284 Et

2012 1318 2294 1380 propterea
2326 1311 2719 1379 quia-Verbum
2750 1329 2881 1368 caro
2920 1313 3122 1369 factum
3148 1326 3250 1382 est,
3298 1326 3354 1372 et
3399 1320 3589 1391 unige-

2011 1400 2159 1455 nitus
2187 1401 2280 1455 Dei
2311 1410 2367 1456 et
2400 1402 2511 1457 vita
2541 1411 2744 1458 azterna
2769 1414 2875 1470 est,
2906 1405 3026 1460 ideo
3044 1421 3151 1460 non
3177 1417 3259 1461 est
3287 1408 3588 1479 adoptivus,

2012 1490 2106 1545 sed
2151 1491 2448 1545 secundum
2482 1492 2813 1565 .Apostolum
2862 1497 3139 1565 proprius,
3187 1506 3243 1551 et
3297 1499 3592 1554 secundum

2010 1581 2396 1651 evangelistam
2423 1584 2733 1654 unigenitus
2762 1585 2857 1639 Dei
2885 1586 3071 1642 Filius.
3100 1586 3169 1640 Et
3191 1587 3311 1642 ideo
3336 1587 3594 1657 Apostolo

2009 1685 2117 1725 non
2158 1672 2331 1726 solum
2376 1681 2436 1727 ut
2482 1672 2752 1729 sufficeret
2798 1675 2998 1740 dicere,
3052 1673 3277 1745 Propria
3328 1674 3467 1730 Filio
3494 1696 3590 1732 suo

318 1775 411 1822 ‘est
439 1774 748 1835 assumptus
793 1781 824 1820 a
869 1766 1083 1830 Verbo;
1139 1765 1233 1820 sed
1270 1765 1645 1835 pnct'enicndo
1670 1762 1905 1819 Verbum
1935 1757 1982 1816 Β
2011 1780 2113 1817 non
2139 1766 2361 1834 pepercit
2389 1764 2554 1831 Deus,
2596 1766 2688 1821 sed
2717 1768 2880 1825 etiam
2911 1768 2988 1821 ait
3014 1786 3026 1821 :
3069 1766 3182 1821 Nos
3204 1781 3376 1822 autem
3403 1769 3592 1836 pradi-

327 1872 519 1922 carne,
552 1857 788 1911 Verbum
836 1872 966 1911 caro
1020 1854 1223 1910 factum
1269 1863 1370 1910 est.
1428 1855 1572 1909 Idem
1625 1870 1732 1909 non
1784 1870 1908 1910 cum

325 1957 715 2018 esset-pauper,
748 1949 898 2002 dives
950 1947 1125 2001 factus
1168 1957 1271 2011 est,
1297 1948 1391 2002 sed
1416 1963 1533 2000 cunt
1576 1956 1705 2000 esset
1745 1946 1907 2010 dit-es,

324 2054 526 2110 panper
559 2038 729 2106 fartus
757 2046 881 2102 est;
929 2040 1056 2106 quia
1113 2053 1231 2091 cum
1284 2047 1414 2090 esset
1469 2037 1525 2090 in
1568 2037 1739 2105 forma
1786 2034 1903 2098 Dei,

323 2148 428 2185 non
457 2131 697 2200 rapinam
725 2128 1011 2182 arbitratus
1050 2138 1124 2181 est
1152 2143 1261 2181 esse
1287 2142 1342 2180 se
1370 2125 1623 2197 aequalem
1647 2124 1779 2190 Deo,
1816 2123 1906 2178 sed

324 2223 654 2293 cernetipsum
709 2220 1012 2283 eainanivit,
1064 2219 1289 2289 formam
1334 2219 1469 2273 servi
1523 2218 1805 2288 accipiens,
1849 2217 1906 2270 in

322 2313 668 2369 similitudine
693 2312 963 2366 hominum
1004 2309 1198 2379 factus,
1247 2308 1430 2363 habitu
1472 2316 1550 2362 est
1586 2308 1822 2361 inventus
1849 2315 1907 2360 ut

322 2404 505 2459 homo.
553 2404 699 2458 idem
728 2404 865 2473 ipse,
915 2402 1032 2469 ipse
1079 2400 1333 2462 Verbum,
1390 2415 1518 2454 cum
1567 2399 1719 2452 dives
1761 2406 1907 2452 esset

322 2498 382 2552 in
420 2496 593 2551 forma
636 2493 756 2559 Dei,
793 2492 1020 2564 mqualis
1066 2492 1197 2557 Deo,
1226 2505 1434 2561 pauper
1465 2488 1641 2545 factus
1670 2498 1773 2554 est,
1804 2505 1903 2544 ex-

322 2586 613 2643 inaniendo
647 2601 729 2650 se,
751 2585 988 2640 Verbum
1012 2597 1142 2637 caro
1166 2582 1367 2647 flendo,
1401 2580 1570 2636 Filius
1592 2580 1687 2636 Dei
1733 2579 1907 2635 factus

326 2694 396 2733 ex
425 2677 671 2742 muliere,
694 2691 801 2729 non
824 2679 1157 2741 assumptus,
1186 2680 1248 2726 ut
1281 2670 1582 2741 blasphemi
1617 2671 1785 2735 aiunt,
1812 2669 1907 2724 ad-

319 2770 563 2838 optione.
597 2767 749 2822 Unus
786 2765 932 2819 idem
962 2764 1077 2832 ipse
1107 2761 1200 2832 qui
1244 2762 1541 2828 descendit,
1570 2777 1677 2816 non
1704 2769 1763 2815 ut
1800 2760 1900 2814 ho-

316 2858 522 2913 minem
549 2862 869 2917 assumeret,
898 2852 991 2923 qui
1014 2853 1244 2908 necdum
1270 2863 1395 2907 crat
1421 2850 1705 2916 formatus,
1730 2850 1823 2904 sed
1849 2858 1910 2904 ut

321 2955 484 3008 homo
506 2950 660 3006 ﬁeret
696 2950 1033 3003 incarnatus.
1084 2946 1230 3001 idem
1276 2946 1390 3015 ipse
1417 2952 1501 3000 est
1545 2944 1635 3013 qui
1662 2943 1909 2999 ascendit

2009 1871 2190 1908 camus
2217 1855 2482 1909 Christum
2507 1857 2837 1923 cruci/imum,
2886 1858 3029 1911 Juda
3046 1859 3090 1912 is
3109 1858 3318 1928 quidem
3358 1859 3586 1912 scanda-

2007 1942 2136 2007 lum,
2166 1943 2401 2013 gentibus
2453 1955 2626 1999 autem
2672 1945 2971 2008 stultitiam,
3001 1947 3126 2017 ipsis
3178 1956 3351 2001 autem
3396 1940 3591 2001 vocatis

2006 2034 2213 2089 Judwis
2255 2045 2302 2090 et
2337 2035 2536 2090 Gra'cis
2584 2035 2851 2091 Christum
2902 2038 2994 2092 Dei
3037 2041 3272 2093 virtutem
3307 2049 3354 2092 et
3384 2039 3481 2093 Dei
3507 2057 3592 2091 su-

2006 2125 2274 2195 pientiam.

2074 2233 2212 2321 Cum
2260 2234 2427 2306 igitur
2472 2234 2749 2290 Christum
2805 2236 3123 2291 crucifixum
3164 2252 3229 2292 ex
3278 2235 3594 2291 infirmitate

2005 2334 2214 2391 nostra,
2243 2327 2498 2381 virtutem
2529 2337 2707 2383 autem
2739 2344 2805 2382 ex
2831 2329 3030 2382 virtute
3055 2344 3170 2391 sua,
3197 2329 3442 2382 eumdem
3467 2344 3594 2381 crn-

2006 2414 2228 2469 ciﬁxum
2276 2415 2423 2470 dicat
2470 2417 2757 2486 Apostolus
2785 2417 3061 2472 Christum
3107 2418 3199 2472 Dei
3247 2418 3501 2473 virtutem
3532 2425 3587 2469 et

2006 2507 2102 2562 Dei
2161 2507 2503 2576 sapientiam,
2558 2508 2681 2576 quis
2725 2507 2911 2562 infami
2964 2509 3142 2579 elogio
3190 2507 3463 2563 Christum
3498 2509 3591 2562 Dei

2004 2602 2263 2656 virtutem
2293 2610 2348 2655 et
2376 2600 2472 2655 Dei
2507 2602 2830 2672 sapientiam
2856 2604 3154 2657 secundum
3177 2603 3451 2657 hominem
3475 2618 3595 2656 cru-

2004 2692 2229 2749 ciﬁxum
2261 2692 2570 2762 adoptivum
2607 2691 2801 2746 audeat
2826 2692 3027 2756 dicere,
3060 2693 3165 2746 nisi
3193 2701 3372 2746 mente
3401 2693 3592 2746 insana

2006 2783 2254 2852 negando
2278 2782 2580 2847 Christum,
2627 2790 2682 2837 et
2725 2798 2824 2837 suo
2872 2783 3151 2838 mendacio
3199 2783 3592 2837 Antichristum

2006 2890 2066 2931 se
2094 2873 2520 2943 comprobante?
2553 2875 2621 2929 Et
2665 2875 2786 2946 quis
2832 2882 2915 2930 est
2946 2876 3200 2936 mendax,
3229 2883 3365 2930 teste
3386 2875 3594 2930 Joanne

2007 2966 2284 3038 apostolo,
2332 2966 2438 3021 nisi
2488 2966 2581 3037 qui
2640 2975 2800 3036 negat
2845 2966 3098 3036 quoniam
3142 2965 3302 3021 Jcsus
3350 2983 3457 3021 non
3508 2975 3594 3020 est

322 3058 486 3112 super
505 3056 694 3096 omnes
722 3038 914 3103 eteius,
950 3046 1010 3092 ut
1054 3037 1303 3107 impleret
1330 3035 1533 3090 omnia.
1591 3034 1896 3089 Secundum

2013 3034 2298 3116 Christus?
2322 3058 2389 3112 Et
2412 3034 2608 3113 hic‘est
2651 3034 3016 3112 Antichristns
3047 3057 3138 3126 qui
3170 3064 3329 3127 negat
3373 3056 3587 3111 Patrem

314 3134 463 3203 quod
493 3147 748 3202 magnum
783 3130 887 3184 hoc
914 3143 1035 3183 esse
1057 3127 1278 3197 pietatis
1312 3134 1711 3181 sacramentum
1754 3124 1902 3195 Apo-

318 3225 491 3280 stolus
540 3225 737 3281 docet:
801 3223 955 3289 Quod
1001 3222 1395 3293 manifestatum
1448 3231 1546 3286 est,
1596 3220 1791 3290 inqttit,
1843 3219 1900 3274 in

316 3333 500 3381 carne,
535 3315 891 3386 justiﬁcatum
930 3323 1005 3368 est
1047 3314 1103 3368 in
1145 3314 1353 3384 spiritu,
1391 3313 1636 3384 apparuit
1679 3308 1898 3380 angelis,

2003 3161 2059 3206 et
2085 3150 2300 3204 Filium.
2342 3145 2532 3202 Omnis
2559 3147 2700 3201 enim
2732 3147 2823 3216 qui
2869 3154 3030 3217 negat
3076 3145 3293 3210 Filium,
3344 3160 3448 3200 nee
3493 3143 3596 3198 Pa-

2001 3248 2139 3295 trem
2170 3240 2357 3294 habet.
2393 3237 2519 3301 Sed,
2554 3238 2697 3292 sicut
2720 3238 2887 3293 isdem
2922 3237 3000 3291 ait
3026 3237 3215 3300 Filius,
3263 3237 3352 3306 qui
3377 3253 3477 3289 non
3504 3237 3600 3289 Iw-

2000 3331 2240 3397 nori/icat
2290 3326 2491 3381 Filium
2564 3344 2665 3380 non
2715 3325 3027 3393 honori/ient
3055 3322 3292 3389 Patrem,
3334 3327 3423 3395 qui
3452 3326 3594 3379 misit

318 3406 662 3478 prtedicatttm
716 3414 792 3459 est
844 3405 900 3459 in
957 3403 1212 3475 gentibus,
1271 3403 1525 3457 creditum
1566 3409 1643 3454 est
1696 3400 1751 3452 in
1803 3399 1901 3453 hoc
1997 3418 2168 3474 iam".

321 3500 541 3567 mundo,
580 3508 905 3569 assumptum
951 3506 1028 3551 est
1067 3498 1125 3549 in
1162 3495 1351 3565 gloria.
1406 3493 1520 3548 Hoc
1568 3491 1708 3545 idem
1755 3488 1901 3560 quod

327 3591 729 3648 manifestatum
769 3596 856 3643 est
898 3588 952 3641 in
981 3599 1166 3650 carne,
1208 3583 1562 3652 iustificatam
1605 3582 1767 3636 estin
1795 3582 1904 3653 spi-

326 3688 454 3751 ritu,
506 3686 633 3755 quia
685 3682 900 3736 dicente
947 3677 1271 3746 archangelo
1318 3678 1383 3731 de
1418 3675 1659 3745 ejusdem
1709 3674 1802 3729 Dei
1848 3681 1906 3728 et

328 3776 542 3834 Domini
570 3772 869 3845 genitzice:
926 3770 1080 3836 Quod
1106 3772 1243 3824 enim
1290 3770 1344 3823 in
1386 3785 1447 3823 ea
1492 3777 1673 3822 natum
1700 3776 1798 3831 est,
1840 3767 1907 3819 de

332 3869 534 3940 Spiritu
576 3873 758 3919 sancto
795 3873 889 3918 est.
931 3862 1008 3917 Ac
1031 3862 1114 3918 sic
1141 3869 1202 3915 ut
1231 3861 1666 3915 instaurarentur
1689 3872 1810 3927 qua:
1852 3858 1908 3911 in

334 3959 490 4016 cretis
518 3966 574 4013 et
619 3954 822 4027 quaein
865 3953 1029 4008 sertis
1076 3958 1203 4007 sunt
1248 3952 1304 4005 in
1354 3951 1491 4020 ipso,
1541 3949 1789 4017 apparuit
1813 3962 1909 4002 an-

331 4052 486 4126 gelis,
513 4050 861 4120 praedicatum
898 4052 983 4100 est
1030 4044 1083 4098 in
1128 4043 1400 4115 gentibus,
1443 4048 1778 4110 assumptum
1826 4045 1911 4092 est

328 4140 611 4210 ingloria,
661 4146 721 4192 ut
767 4137 837 4191 sit
883 4135 1150 4190 mediator
1198 4133 1293 4190 Dei
1340 4140 1397 4187 et
1438 4131 1716 4187 hominum
1755 4128 1913 4184 Jesus

330 4232 579 4287 Christus
604 4249 616 4283 :
646 4229 768 4299 quia
791 4228 882 4297 qui
904 4226 1074 4291 Deus,
1106 4224 1247 4279 idem
1279 4230 1362 4278 est
1386 4223 1548 4277 homo
1570 4237 1584 4287 ;
1606 4227 1672 4274 et
1695 4220 1787 4289 qui
1816 4220 1913 4273 lto-

331 4337 438 4385 mo,
469 4320 611 4375 idem
639 4319 753 4388 ipse
780 4325 862 4372 cst
899 4315 1061 4371 Deus.
1772 4333 1775 4337 -

2072 3509 2336 3575 Quocirca
2364 3512 2569 3576 quanta
2607 3506 2679 3559 sit
2723 3504 2988 3559 etecitatis
3035 3503 3281 3573 obreptio
3308 3504 3429 3573 quis
3482 3520 3589 3559 non

2001 3601 2186 3656 videat
2211 3596 2707 3667 blasphemantium
2750 3594 3024 3650 Chris'tum
3066 3594 3398 3663 adoptivum,
3433 3611 3592 3663 quem

2005 3699 2158 3745 tanta
2180 3689 2390 3743 unitate
2419 3684 2702 3756 cognoscit
2741 3686 2963 3740 unicum
3009 3683 3289 3753 proprium
3319 3692 3374 3736 et
3404 3698 3592 3737 verum

2004 3781 2099 3836 Dei
2126 3779 2460 3849 unigenitum
2478 3776 2701 3841 Filium,
2725 3777 2778 3831 in
2802 3784 3032 3844 utraque
3058 3782 3250 3828 natura
3273 3772 3593 3844 perfecerat,

2006 3870 2175 3924 tantis
2200 3868 2409 3923 idoneis
2437 3866 2759 3922 testimoniis
2782 3864 3124 3936 propalatum
3142 3865 3165 3917 ?
3182 3864 3282 3930 Qui
3315 3867 3360 3919 si
3390 3863 3598 3934 adopti-

2009 3978 2108 4015 vus
2132 3961 2341 4025 fuisset,
2374 3958 2532 4014 fictus
2565 3966 2622 4012 et
2651 3973 2759 4012 non
2785 3957 2991 4011 veritas
3016 3963 3181 4011 esset.
3228 3955 3298 4010 Et
3320 3956 3595 4026 quomodo

2013 4051 2214 4105 veritas
2258 4050 2325 4106 de
2354 4058 2500 4105 terra
2527 4056 2647 4104 orta
2682 4056 2787 4115 est,
2817 4056 2872 4102 et
2916 4048 3034 4116 ipse
3059 4046 3126 4101 de
3173 4060 3234 4101 se
3273 4044 3444 4102 dicit:
3478 4044 3593 4116 Ego

2011 4160 2129 4197 sum
2165 4144 2267 4205 ria,
2316 4143 2529 4205 veritas,
2584 4149 2633 4194 et
2690 4140 2819 4204 vita,
2869 4138 2917 4192 si
2968 4136 3252 4208 adoptivus
3292 4143 3350 4192 et
3397 4149 3504 4189 non
3541 4134 3598 4189 in

2012 4235 2245 4289 veritate
2293 4234 2386 4289 Dei
2422 4232 2592 4288 Filius
2616 4233 2745 4287 est?
2789 4230 2925 4286 Nam
2956 4238 3094 4285 teste
3140 4228 3348 4286 Joanne
3397 4228 3600 4283 scimus

2015 4327 2267 4397 quoniam
2317 4325 2488 4381 Filius
2517 4324 2612 4380 Dei
2639 4324 2790 4379 venit
2816 4331 2873 4378 et
2899 4322 3050 4378 dedit
3085 4322 3242 4376 nobis
3292 4335 3511 4375 sensum
3541 4325 3602 4372 ut

404 4434 482 4489 Ex
536 4442 728 4488 natura
765 4446 894 4503 ergo
945 4438 1178 4498 utraque
1228 4442 1334 4481 una
1362 4426 1611 4481 Christus
1660 4438 1909 4494 persona.
1941 4431 2411 4490 Dcognoscamns
2437 4422 2625 4475 verum
2682 4416 2852 4469 Deum
2900 4420 2957 4466 et
2989 4412 3160 4466 simus
3204 4410 3256 4464 in
3285 4424 3415 4463 vero
3461 4407 3601 4462 Filio

334 4528 411 4583 De
440 4526 556 4596 ipso
584 4521 876 4579 ostendens
901 4520 1043 4576 idem
1072 4520 1248 4590 ipsum
1289 4517 1420 4574 dicit
1447 4517 1585 4570 idem
1617 4515 1729 4585 ipse
1756 4531 1768 4565 :
1805 4512 1913 4565 Νι-

334 4634 418 4672 mo
465 4614 697 4671 ascendit
744 4614 800 4668 in
826 4611 1011 4667 cwlum
1061 4611 1164 4664 nisi
1208 4611 1297 4681 qui
1335 4606 1599 4662 descendit
1655 4605 1719 4657 de
1762 4603 1909 4668 ctrlo,

326 4707 477 4778 .ﬁlius
529 4704 754 4759 hominis
798 4701 888 4775 qui
933 4712 1008 4757 est
1058 4700 1113 4755 in
1149 4700 1294 4754 caelo.
1347 4699 1401 4751 In
1450 4705 1592 4750 terra
1639 4704 1759 4750 erat
1788 4704 1915 4748 tunc

337 4795 595 4866 temporis
621 4793 896 4848 Iocalitate
921 4793 1063 4846 inter
1091 4790 1337 4845 homines
1370 4788 1529 4842 homo
1556 4803 1570 4851 ;
1600 4794 1651 4839 et
1682 4786 1735 4839 in
1776 4785 1914 4839 cudo

335 4904 396 4944 se
421 4902 541 4943 esse
569 4886 782 4942 dicebat
808 4884 1003 4939 Filium
1034 4882 1271 4937 hominis
1295 4898 1310 4944 ;
1362 4880 1488 4950 quia
1517 4877 1609 4948 qui
1653 4877 1794 4932 ﬁlius
1820 4878 1917 4930 ho-

336 4978 500 5035 minis
527 4985 645 5033 erat
679 4974 972 5039 localitate,
1021 4973 1161 5028 idem
1208 4971 1375 5025 Filius
1408 4979 1526 5024 erat
1570 4958 1662 5022 Dei
1691 4969 1916 5021 immen-

336 5072 518 5128 sitate.
569 5069 800 5139 Propter
848 5068 990 5137 quod
1019 5066 1181 5121 dicit:
1219 5064 1279 5119 Si
1302 5078 1422 5133 ergo
1474 5061 1703 5116 videritis
1743 5059 1913 5128 filium

334 5161 565 5218 nominis
595 5159 956 5214 ascendentem
997 5157 1084 5211 ubi
1107 5165 1218 5211 erat
1245 5155 1391 5223 prius
1414 5153 1439 5205 ?
1470 5151 1640 5218 Quem
1667 5166 1765 5220 pro
1792 5159 1913 5204 tan—

336 5262 394 5307 ta
424 5249 650 5306 unitatis
687 5248 1013 5319 proprietate
1040 5260 1168 5299 vere
1189 5243 1383 5298 Filium
1411 5241 1505 5295 Dei
1531 5238 1766 5295 Joannes
1787 5255 1916 5310 apo-

333 5341 509 5399 stolus
528 5347 583 5394 et
599 5338 943 5407 evangelista,
971 5334 1251 5391 confessus
1272 5341 1354 5388 est
1371 5331 1665 5393 hominem,
1693 5339 1751 5384 ut
1770 5344 1918 5384 eum-

333 5433 465 5486 deut
489 5431 581 5500 qui
606 5432 675 5485 ab
700 5429 853 5483 initio
877 5428 986 5481 vita
1013 5435 1216 5481 aeterna
1243 5430 1326 5478 est
1355 5423 1493 5492 apud
1516 5421 1755 5484 Patrem,
1795 5436 1917 5473 ver-

338 5522 471 5578 bum
493 5536 552 5576 se
574 5516 927 5588 corporaliter
948 5524 1002 5572 et
1025 5515 1225 5570 vidisse
1252 5521 1307 5568 et
1333 5519 1697 5567 contrectasse
1722 5511 1917 5580 praedi-

343 5612 552 5670 cavcrit
600 5610 821 5665 dicens:
874 5607 1026 5671 Quod
1070 5606 1169 5678 fuit
1211 5605 1273 5657 (λιι
1317 5604 1487 5667 initio,
1527 5602 1666 5673 quod
1712 5602 1915 5655 audiri-

338 5725 480 5768 ηαδ.
512 5704 649 5772 quod
682 5702 895 5756 tx'diimzs
938 5700 1099 5755 oculis
1132 5699 1335 5759 nostris,
1369 5698 1506 5769 quer!
1536 5695 1911 5767 gerant-imus,

2013 4511 2128 4581 ejus
2150 4512 2277 4568 Jesu
2305 4513 2543 4567 Christo.
2580 4511 2678 4564 Hic
2716 4516 2800 4564 est
2832 4522 2996 4561 verus
3036 4505 3178 4560 Deus
3203 4511 3260 4558 et
3300 4504 3411 4557 vita
3437 4511 3597 4556 inter-

2014 4620 2104 4657 na.
2137 4603 2290 4670 Quod
2318 4603 2363 4657 si
2408 4600 2692 4669 adoptivus
2737 4604 2901 4660 esset,
2934 4609 3034 4649 nec
3068 4608 3230 4648 verus
3280 4592 3375 4646 Dei
3426 4590 3599 4645 Filius

2013 4696 2161 4749 Patri
2212 4695 2323 4749 Deo
2349 4709 2500 4758 vero,
2535 4705 2712 4760 neque
2756 4689 2900 4744 Deus
2945 4702 3108 4741 verus
3152 4694 3208 4740 ct
3239 4685 3347 4738 vita
3398 4692 3600 4738 :eterna

2014 4787 2292 4850 existeret,
2321 4786 2412 4856 qui
2443 4799 2572 4839 vere
2600 4792 2685 4838 est
2710 4783 2911 4843 veritas
2941 4783 3006 4835 de
3030 4792 3171 4835 terra
3194 4786 3314 4833 orta
3338 4775 3603 4831 veniendo

2016 4886 2076 4931 ut
2103 4879 2264 4932 homo
2294 4878 2466 4942 ﬂeret,
2516 4884 2571 4932 et
2618 4874 2846 4944 proinde
2882 4872 3193 4927 hominibus
3239 4869 3350 4930 via,
3377 4867 3599 4928 veritas,

2015 4979 2071 5023 et
2095 4968 2226 5022 vita.
2278 4964 2453 5020 Verus
2481 4972 2567 5019 est
2619 4964 2804 5034 igitur,
2858 4977 2964 5015 non
3002 4959 3304 5028 adoptivus,
3352 4955 3602 5026 preprius

2015 5060 2190 5115 Filius
2214 5058 2306 5113 Dei
2330 5057 2592 5111 Dominus
2614 5053 2774 5109 Jesus
2793 5052 3062 5114 Christus,
3087 5049 3179 5120 qui
3200 5048 3266 5102 de
3287 5062 3346 5102 se
3368 5046 3485 5115 ipso
3507 5059 3604 5097 oze-

2016 5167 2083 5206 eo
2118 5158 2247 5203 nato
2273 5148 2599 5213 si’qexorsus
2635 5151 2720 5198 est
2748 5142 2895 5210 loqui
2923 5160 2933 5193 :
2986 5139 3064 5193 Tu
3104 5138 3273 5192 credis
3302 5138 3357 5189 in
3398 5134 3602 5187 Filium

2017 5240 2157 5294 Dei?
2181 5239 2249 5293 Et
2276 5237 2398 5291 ille:
2424 5234 2555 5300 Quis
2576 5243 2676 5296 est,
2700 5232 2940 5294 Domine,
2966 5238 3020 5281 ut
3042 5227 3252 5282 credam
3278 5226 3332 5278 in
3354 5241 3469 5277 eum
3490 5224 3514 5276 .9
3536 5222 3604 5275 Et

2016 5329 2276 5384 Dominus
2296 5327 2380 5381 ei:
2414 5325 2481 5379 Et
2504 5322 2680 5378 vidisti
2699 5337 2838 5385 eum,
2861 5329 2908 5374 et
2928 5318 3018 5388 qui
3035 5317 3263 5386 loquitur
3285 5324 3474 5377 tecum,
3494 5313 3602 5381 ipse

2016 5429 2090 5472 est
2114 5432 2132 5469 :
2172 5417 2226 5472 id
2271 5424 2379 5480 est,
2413 5429 2576 5485 quem
2611 5411 2792 5467 vidisti
2825 5425 3009 5473 carne,
3065 5407 3156 5478 qui
3208 5404 3472 5474 alloquor,
3500 5419 3601 5473 ego

2018 5510 2131 5580 ipse
2144 5507 2311 5563 Filius
2326 5508 2419 5562 Dei
2434 5522 2574 5562 sum.
2597 5503 2852 5572 Alioquin
2875 5501 3000 5571 quia
3018 5498 3299 5554 divinitate
3317 5494 3601 5550 invisibiiis

2017 5613 2122 5667 est,
2150 5602 2433 5656 videbatur
2458 5600 2618 5652 homo
2647 5605 2702 5650 et
2723 5593 3058 5662 loqucbatur.
3090 5590 3257 5657 Quem
3285 5588 3447 5641 etiam
3472 5602 3598 5655 pm-

2015 5696 2065 5749 t-i
2090 5695 2201 5748 iens
2235 5690 2477 5747 adsumit
2513 5688 2707 5741 Fiiixtn
2741 5685 2854 5749 Dei,
2906 5683 2955 5737 izt
2990 5698 3094 5751 quo
3124 5702 3181 5738 se
3225 5679 3354 5733 dixit
3407 5675 3591 5732 γὶλίἒμὲ-
