4014 6186
504 288 643 346 14υὸ

1512 284 1570 337 S.
1615 274 1968 339 BEMSDICTI
2010 283 2303 339 ABDATIS
2339 286 2752 341 ANIANENSIS

3621 282 3766 347 ιω

488 404 599 462 lem
634 415 689 461 et
715 406 1020 476 loquentem
1049 401 1243 457 Filium
1291 416 1410 455 esse
1438 398 1553 455 Dei.
1597 398 1735 454 lline
1778 406 1863 454 est
1906 398 2071 453 etiam
2101 399 2151 459 Α
2174 398 2366 471 hacne)
2411 415 2534 455 cum
2588 401 2808 467 diceret,
2842 401 3017 458 Existi
3062 419 3117 457 tn
3171 403 3395 460 salutem
3432 407 3619 477 populi
3662 412 3770 479 sui,

494 496 637 565 quod
683 494 954 565 apostolus
984 491 1181 547 Paulus
1233 491 1529 545 secundum
1574 489 1848 544 hominem
1892 503 1956 543 ex
1985 502 2070 541 se-

495 589 641 642 mine
670 586 837 641 David
886 584 1044 640 docet
1092 598 1214 639 eum
1245 597 1364 638 esse
1417 582 1611 638 Filium
1662 580 1776 635 Dei.
1819 579 1973 635 Unde
2015 585 2071 632 et

492 679 929 750 praedestinatum
986 674 1382 731 commemorat
1442 671 1731 728 secundum
1794 668 2067 723 hominem

492 784 616 823 eum
644 781 807 837 quem
833 766 1089 836 prtedicat
1108 764 1301 819 Filium
1331 762 1451 841 Dei,
1482 763 1729 817 scribens
1771 760 1883 814 ita:
1917 756 2068 811 Pau-

490 856 572 910 lus
598 872 773 911 servus
811 854 940 910 Iesu
981 852 1201 919 ‘Christi,
1254 863 1463 907 vocatus
1503 850 1791 922 apostolus,
1831 865 2070 920 segrega-

489 957 573 1002 tus
595 948 650 1001 in
676 945 939 1017 evangelio
978 943 1094 1010 Dei,
1133 943 1271 1015 quod
1320 953 1440 997 ante
1472 942 1783 1013 promiserat
1830 955 1923 1011 per
1949 955 2068 1008 pro-

486 1038 669 1108 phetas
687 1054 810 1091 suos
839 1037 893 1090 in
915 1034 1203 1105 Scripturis
1231 1035 1425 1088 sanctis
1453 1034 1517 1087 de
1552 1031 1694 1085 Filio
1720 1047 1837 1096 suo,
1868 1030 1957 1101 qui
1986 1029 2070 1099 fa-

487 1136 601 1181 ctus
632 1135 706 1181 est
748 1126 795 1180 ei
836 1141 900 1180 ea:
935 1125 1127 1179 semine
1168 1124 1337 1178 David
1371 1124 1655 1177 secundum
1700 1138 1931 1187 carnem,
1979 1121 2068 1191 qui

487 1218 890 1289 prwdestinatus
933 1226 1007 1271 est
1055 1214 1226 1270 Filius
1267 1215 1363 1270 Dei
1406 1216 1461 1269 in
1490 1216 1695 1269 virtute.
1747 1212 1883 1267 Nam
1925 1210 2068 1281 quod

400 1376 419 1388 Χ
486 1309 919 1380 praedestinatum
967 1318 1256 1376 antequam
1307 1308 1377 1362 sit
1432 1307 1484 1361 in
1536 1312 1597 1360 re
1644 1305 2061 1375 przeordinatur.

485 1400 749 1455 Divinitas
793 1416 923 1455 vero
970 1400 1347 1469 praedestinari
1401 1399 1627 1467 nequit,
1680 1397 1807 1467 quia
1870 1395 2070 1465 sempi-

486 1500 638 1547 terna
662 1507 784 1548 esse
811 1492 1163 1563 dignoscitur.
1197 1485 1616 1546 Prtedestinaius
1660 1498 1746 1544 est
1772 1496 1951 1543 autem
1979 1486 2068 1540 Fi-

484 1579 590 1635 lius
617 1580 712 1636 Dei
741 1581 795 1635 in
848 1581 1072 1645 virtute,
1120 1595 1225 1635 non
1269 1580 1574 1644 divinitate,
1629 1579 1724 1633 sed
1771 1576 2065 1632 secundum

482 1671 626 1741 quod
661 1671 838 1726 factus
894 1678 977 1725 est
1024 1684 1087 1724 ex
1131 1671 1340 1726 semine
1382 1668 1552 1724 David
1600 1668 1893 1724 secundum
1937 1678 2064 1722 car-

2170 491 2224 544 in
2249 491 2469 544 salutem
2499 508 2616 545 cum
2643 490 2852 546 Christo
2875 502 2967 548 tuo
2996 531 3012 547 .
3050 535 3064 549 .
3110 533 3124 546 .
3159 534 3174 548 .
3210 533 3225 549 .
3259 536 3273 550 .
3306 535 3322 549 .
3354 498 3594 554 essionis
3622 498 3769 558 illius

2166 579 2382 637 deitatis
2399 581 2515 650 ejus
2538 582 2934 639 confessionem
2951 585 3182 657 eleganti
3203 586 3553 657 professione
3577 592 3772 647 subin-

2168 670 2290 724 tulit
2314 670 2528 726 dicens:
2556 671 2669 742 Ego
2696 683 2869 727 autem
2898 675 2952 728 in
2978 674 3202 730 Domino
3227 678 3488 747 gaudebo,
3514 689 3564 733 et
3582 683 3767 736 exsut-

2166 760 2286 814 tabo
2306 762 2360 814 in
2389 760 2497 815 Deo
2522 760 2651 816 Iesu
2690 779 2825 817 meo.
2870 763 3009 818 Deus
3041 764 3294 820 Dominus
3320 766 3589 836 fortitudo
3621 787 3759 826 mea.

2166 852 2246 907 Ac
2270 867 2370 923 per
2422 853 2527 907 hoc
2564 853 2713 923 quia,
2756 863 2919 925 prout
2966 865 3075 923 est,
3126 859 3496 914 essentialiter
3522 863 3763 931 promul-

2166 949 2324 1011 gatur
2376 941 2520 1000 Deus
2569 959 2599 998 a
2652 946 2931 1015 prophetis
2978 955 3034 1001 et
3089 949 3294 1003 sanctis
3356 951 3653 1019 apostolis,
3706 959 3759 1008 et

2164 1033 2392 1102 proinde
2420 1049 2687 1105 nusquam
2710 1045 2796 1091 est
2821 1037 3161 1095 solummodo
3185 1042 3491 1106 vocativus,
3522 1044 3660 1113 quia
3680 1046 3758 1099 di.

2165 1121 2242 1175 cit
2284 1120 2491 1177 Isaias:
2551 1123 2623 1178 Et
2670 1126 2941 1180 vocabitur
2982 1144 3167 1183 nomen
3216 1131 3335 1199 ejus
3396 1133 3752 1197 admirabilis,

2166 1211 2518 1275 consiliarius,
2559 1212 2722 1279 Deus,
2746 1214 2824 1269 ita
2850 1230 2950 1270 nec
2971 1217 3135 1271 etiam
3163 1218 3455 1288 adoptione
3485 1220 3639 1276 ﬁlius
3666 1237 3756 1277 vo-

2166 1300 2396 1366 cativus,
2422 1301 2553 1356 licet
2580 1303 2779 1358 dixerit
2817 1305 3144 1375 archangelo
3184 1310 3555 1380 evangelicus,
3600 1310 3753 1377 Quod

2166 1393 2304 1447 enim
2340 1409 2406 1447 ea:
2433 1402 2485 1447 te
2528 1404 2773 1450 nascetur
2813 1407 3075 1465 sanctum,
3105 1400 3376 1454 vocabitur
3400 1401 3582 1457 Filius
3633 1404 3750 1468 Dei,

2165 1482 2259 1537 sed
2279 1483 2551 1553 proprius,
2572 1485 2787 1552 unicus,
2813 1488 3123 1558 unigenitus
3146 1490 3240 1544 Dei
3256 1491 3450 1557 Filius,
3483 1495 3635 1549 sicut
3671 1512 3757 1550 su-

2163 1585 2263 1641 pra
2293 1587 2359 1626 ex
2389 1572 2607 1643 eloquio
2632 1590 2788 1630 sacro
2814 1577 3013 1633 invicta
3052 1581 3375 1637 auctoritate
3402 1584 3750 1652 protulimus.

2237 1663 2487 1720 Attamen
2502 1668 2793 1736 pramotati
2820 1667 2915 1724 lilii
2941 1670 3260 1738 perditionis
3284 1675 3351 1727 ad
3383 1674 3502 1729 hzec
3523 1684 3582 1729 et
3623 1676 3750 1732 reli-

482 1740 627 1827 nem,
677 1762 969 1816 secundum
1011 1761 1154 1830 quod
1181 1768 1338 1815 antea
1380 1759 1520 1816 Deus
1547 1758 1710 1813 Pater
1734 1758 2058 1829 promiserat
2086 1740 2133 1799 Β
2160 1769 2265 1823 qua
2294 1755 2492 1812 dehinc
2534 1766 2730 1813 cuneta
2776 1758 3018 1824 absurdi,
3058 1761 3186 1830 quia
3235 1777 3337 1817 nec
3378 1762 3603 1820 Christo
3642 1781 3742 1822 nec

479 1861 576 1920 per
606 1851 895 1921 prophetas
938 1866 1066 1907 suos
1115 1849 1169 1904 in
1221 1848 1519 1918 Scripturis
1563 1848 1765 1903 sanctis
1815 1847 1882 1901 de
1922 1844 2061 1901 Ftlio

480 1958 596 2005 suo,
629 1945 719 2013 qui
766 1944 940 1998 factus
983 1953 1066 1999 est
1100 1943 1150 1999 ei
1193 1957 1257 1998 ex
1302 1941 1508 1999 semine
1550 1940 1717 1995 David
1766 1939 2060 1994 secundum

480 2050 719 2099 carnem,
747 2036 1040 2090 secundum
1081 2034 1223 2103 quod
1273 2042 1430 2088 antea
1476 2034 1617 2087 Deus
1659 2032 1822 2085 Pater
1860 2029 2063 2100 promi-

477 2132 625 2177 serat
669 2139 766 2192 per
810 2125 1100 2193 prephetas
1147 2138 1272 2177 suos
1316 2124 1367 2177 in
1418 2122 1713 2193 Scripturis
1764 2121 1965 2175 sanctis
1992 2121 2061 2174 de

478 2213 615 2267 Filio
655 2228 775 2278 suo,
814 2227 974 2282 quem
1010 2211 1291 2267 constituit
1336 2212 1606 2265 hmredem
1658 2210 2057 2274 universorum,

474 2316 572 2371 per
595 2316 753 2371 quem
779 2301 906 2356 fecit
931 2308 989 2354 et
1005 2300 1219 2355 saecula.
1250 2300 1589 2369 Quapropter
1616 2300 1668 2354 in
1694 2300 1894 2353 virtute
1920 2313 2059 2367 prav-

470 2393 777 2447 ‘destinatus
823 2401 905 2446 est
956 2392 1124 2446 Filius
1152 2392 1268 2456 Dei,
1306 2393 1561 2446 nimirum
1606 2392 1659 2446 in
1703 2408 1810 2462 qua
1857 2393 2058 2448 virtute

468 2482 726 2538 Christus
756 2482 847 2537 Dei
875 2490 956 2537 est
984 2483 1152 2536 virtus
1176 2491 1230 2537 et
1273 2482 1368 2537 Dei
1396 2484 1681 2553 sapientia,
1714 2484 1856 2538 Deus
1894 2484 2058 2539 homo

470 2575 672 2641 factus,
720 2584 775 2632 et
822 2577 982 2631 homo
1038 2576 1091 2630 in
1140 2575 1307 2631 Deum
1361 2577 1707 2643 (laril‘teatus,
1763 2576 2056 2631 secundum

473 2668 616 2738 quod
639 2668 752 2737 ipse
772 2668 994 2737 protulit
1016 2668 1232 2722 dicens:
1257 2666 1504 2737 Clariﬁea
1521 2685 1621 2733 me,
1640 2677 1696 2721 tu
1720 2666 1898 2733 Pater,
1915 2667 2057 2738 apud

468 2760 796 2829 temetipsum
841 2759 1080 2813 claritate
1123 2776 1281 2829 quam
1327 2760 1486 2815 habui
1528 2762 1675 2831 prius
1710 2777 1865 2830 quam
1902 2777 2056 2814 mun-

471 2848 572 2902 dus
599 2858 730 2903 esset
775 2849 913 2919 apud
950 2858 1018 2904 te.
1056 2850 1132 2903 De
1174 2865 1279 2920 qua
1326 2852 1515 2907 deitica
1571 2852 1816 2907 claritate
1862 2867 2056 2907 secun-

2159 1844 2303 1900 illius
2332 1854 2459 1901 sunt
2481 1847 2829 1917 evangelistis
2853 1858 2909 1904 et
2940 1851 3195 1921 apostolis
3233 1853 3737 1926 prophetarumque

2159 1936 2395 1991 oraculis
2416 1936 2641 2002 creduli,
2671 1954 2770 2009 pro
2791 1953 2857 1993 eo
2879 1942 3023 2009 quod
3052 1956 3160 1996 non
3204 1942 3454 1998 habendo
3499 1948 3748 2002 testimo-

2159 2026 2310 2079 nium
2340 2026 2434 2081 Dei
2463 2026 2515 2080 in
2553 2042 2634 2094 se,
2661 2043 2767 2083 non
2793 2030 3022 2083 credunt
3063 2030 3119 2083 in
3168 2030 3306 2084 Filio
3353 2032 3471 2097 Dei,
3520 2035 3745 2088 menda-

2158 2130 2276 2171 cem
2308 2116 2513 2171 faciunt
2537 2133 2685 2183 eum,
2710 2119 2968 2188 quoniam
3008 2135 3116 2174 non
3158 2121 3387 2175 credunt
3412 2122 3466 2175 in
3494 2124 3739 2178 testimo-

2156 2207 2249 2261 nio
2277 2222 2385 2276 quo
2416 2207 2734 2264 testiﬁcatus
2778 2217 2864 2265 est
2907 2210 3050 2266 Deus
3093 2211 3160 2267 de
3187 2211 3325 2267 Filio
3354 2227 3494 2271 suo:
3538 2214 3638 2267 Hic
3659 2225 3737 2270 est

2158 2295 2334 2353 Filius
2379 2315 2523 2353 meus
2550 2298 2798 2365 dilectus,
2829 2302 2885 2356 in
2912 2318 3014 2372 quo
3058 2295 3185 2357 mihi
3212 2303 3503 2374 complet-ui
3524 2320 3545 2357 :
3567 2305 3734 2374 ipsum

2156 2388 2372 2454 audite;
2393 2405 2493 2444 nec
2525 2391 2689 2445 etiam
2717 2391 2856 2447 Filio
2881 2393 3059 2448 veraci
3082 2409 3333 2450 veracem
3356 2397 3640 2452 veritatem
3667 2398 3733 2452 de

2159 2494 2223 2534 se
2249 2480 2366 2548 ipso
2394 2480 2596 2536 dicenti
2627 2499 2639 2535 :
2672 2480 2732 2537 Si
2758 2500 2844 2538 vos
2881 2481 3055 2540 Filius
3083 2484 3401 2551 liberaverit,
3432 2505 3545 2543 vere
3585 2490 3734 2543 liberi

2153 2572 2320 2635 eritis,
2343 2581 2390 2625 et
2404 2574 2726 2641 cognoscetis
2753 2575 3044 2641 veritatem,
3067 2587 3115 2631 et
3136 2580 3328 2632 veritas
3357 2578 3595 2634 liberabit
3629 2598 3732 2635 ros.

2153 2661 2340 2732 Neque
2384 2665 2529 2718 enim
2553 2665 2696 2719 aliud
2739 2680 2936 2721 nomen
2960 2667 3027 2722 d‘e
3054 2668 3156 2723 sub
3185 2670 3345 2734 coelo,
3394 2679 3534 2725 teste
3582 2672 3737 2726 beato

2154 2754 2318 2809 Petro
2362 2756 2622 2824 apostolo,
2676 2757 2729 2811 in
2779 2773 2886 2826 quo
2937 2767 3184 2828 oporteat
3228 2761 3497 2815 hominem
3526 2764 3734 2817 salvum

2154 2843 2274 2897 ﬁeri
2300 2844 2402 2899 nisi
2426 2845 2479 2898 in
2515 2846 2727 2902 nomine
2753 2847 2966 2902 Domini
2990 2849 3164 2903 nostri
3192 2848 3320 2905 Jesu
3340 2850 3565 2906 Christi.
3599 2852 3732 2908 Pro-

474 2938 600 2994 dum
636 2955 853 2995 carnem
882 2940 1002 2995 Filii
1031 2942 1126 2996 Dei
1167 2956 1483 3012 responsum
1523 2951 1607 2997 est
1647 2944 1724 2997 illi
1752 2958 1784 2998 a
1815 2943 1925 2999 Deo
1950 2942 2052 2998 Pa-
2148 2946 2271 3007 pler
2294 2937 2433 3007 quod
2463 2946 2518 2993 et
2554 2939 3025 3010 psalmigrapbus:
3060 2939 3186 2995 Fiat
3226 2959 3413 2997 manus
3439 2954 3531 2998 tua
3560 2961 3718 3013 super

412 3092 417 3105 ι
468 3041 597 3088 tre:
652 3033 718 3087 Et
767 3033 1073 3102 elari/icavi,
1131 3044 1177 3089 et
1223 3036 1413 3089 iterum
1464 3034 1784 3103 clariﬁcabo.
1838 3036 1915 3091 De
1942 3050 2048 3106 qua
2085 3098 2118 3106 κ
2151 3027 2316 3080 virum
2338 3028 2693 3084 dextertetute
2713 3039 2763 3083 et
2786 3047 2943 3101 super
2962 3031 3133 3099 ﬁlium
3177 3034 3402 3088 hominis
3426 3053 3579 3106 quem
3606 3054 3733 3091 cou-

473 3124 640 3177 etiam
670 3123 838 3176 isdem
867 3098 957 3191 qui
1002 3139 1187 3193 supra,
1214 3126 1281 3180 de
1304 3141 1412 3194 quo
1437 3098 1637 3179 dictum
1663 3134 1765 3181 est.
1803 3124 1907 3180 Vas
1946 3098 2051 3183 ele-
2076 3098 2120 3158 Ο
2150 3117 2377 3185 ﬁrmasti
2410 3119 2527 3184 tibi,
2549 3130 2719 3174 etnon
2746 3098 3065 3177 discedinws
3088 3140 3120 3177 a
3147 3135 3213 3178 te.
3240 3098 3527 3181 Enimvero
3554 3136 3734 3183 extor-

469 3215 655 3268 ctionis
685 3223 760 3267 est
797 3215 945 3280 mihi,
987 3224 1046 3268 ut
1084 3226 1249 3287 portet
1298 3233 1483 3272 nomen
1523 3234 1692 3271 meum
1725 3234 1899 3273 coram
1925 3236 2049 3290 gen-

2150 3223 2238 3262 res
2259 3207 2328 3261 ab
2356 3209 2458 3263 hac
2483 3208 2751 3265 tutissima
2777 3211 3029 3278 veritate,
3052 3214 3176 3281 quia
3198 3230 3297 3268 nec
3315 3214 3423 3269 Deo
3441 3215 3594 3269 Patri
3618 3232 3734 3271 cre-

468 3304 606 3358 tibus
632 3313 680 3358 et
725 3304 927 3374 regibus
974 3314 1022 3360 et
1067 3305 1194 3375 ﬁliis
1241 3306 1432 3373 Israel,
1462 3308 1535 3362 ila
1586 3307 1907 3364 luculentius
1928 3308 2049 3365 luce
2149 3298 2285 3353 dum
2320 3314 2492 3368 neque
2524 3299 2662 3354 Filio
2696 3300 2831 3370 θὶίιδν
2875 3317 2975 3356 nec
3019 3303 3181 3357 “iam
3222 3302 3310 3357 “ni
3347 3304 3728 3376 Wlogowm

466 3393 797 3464 deprompsit
843 3394 1026 3450 dicens
1049 3413 1062 3448 :
1089 3394 1344 3465 Optabam
1384 3412 1476 3467 ego
1501 3397 1779 3451 anathema
1816 3414 1925 3454 esse
1953 3414 2048 3469 pro
2147 3386 2431 3442 Οδτίείυηι
2445 3389 2541 3443 Dei
2562 3388 2757 3443 Filium
2778 3389 2831 3443 ίη
2851 3405 3016 3445 Came
3033 3393 3624 3456 νεηίεεθνωδιὶπθεωω
3644 3404 3730 3451 θῦε

468 3484 721 3554 fratribus
747 3486 894 3551 meis,
929 3486 1017 3555 qui
1056 3494 1185 3541 sunt
1229 3486 1502 3553 lsraelitm,
1546 3504 1612 3542 ea:
1651 3489 1839 3560 quibus
1872 3500 2046 3560 patres

2149 3492 2241 3533 eos
2260 3478 2624 3536 Antichristos
2650 3495 2790 3545 esse,
2821 3482 3032 3538 dicente
3056 3482 3289 3539 Joanne:
3332 3484 3440 3550 Qui
3471 3502 3573 3540 non
3595 3503 3723 3540 cou-

455 3582 516 3629 "et
561 3576 773 3646 adeptio
822 3585 871 3630 et
919 3575 1200 3647 legislatio,
1254 3587 1301 3630 et
1350 3594 1415 3631 ex
1453 3579 1640 3649 quibus
1687 3578 1926 3635 Christus
1966 3598 2049 3636 se-

468 3665 697 3720 cundum
727 3682 954 3728 carnem,
1004 3667 1095 3737 qui
1129 3677 1201 3721 est
1244 3683 1401 3738 super
1445 3667 1620 3723 omnia
1663 3669 1803 3725 Deus
1832 3671 2044 3727 benedi-

466 3769 578 3815 ctus
617 3762 673 3815 in
706 3760 920 3815 swcula.
974 3762 1113 3817 Ecce
1143 3763 1235 3832 qui
1275 3762 1568 3818 secundum
1625 3779 1843 3820 carnem
1883 3782 2045 3837 super

468 3851 646 3904 omnia
678 3850 818 3906 Deus
844 3850 1164 3907 benedictus
1188 3853 1242 3907 in
1281 3854 1475 3908 szecnla
1518 3855 1860 3925 praedicatur,
1907 3872 2044 3911 nun—

454 3938 593 4007 'quid
617 3953 724 3994 non
745 3954 775 3992 a
802 3941 1078 4010 prophetis
1098 3940 1150 3995 in
1174 3941 1472 4011 Scripturis
1495 3944 1697 4000 sanctis
1715 3944 1876 4000 simili
1901 3944 2041 4002 fastu

455 4030 878 4100 praeconizatur,
905 4031 1057 4102 juxta
1087 4033 1231 4102 quod
1253 4034 1605 4104 prophetatus
1621 4038 2041 4105 praedestinatus

456 4130 550 4177 'est
573 4121 745 4177 Filius
780 4123 873 4177 Dei
898 4123 949 4177 in
976 4124 1217 4178 virtute?
1246 4124 1446 4195 Utique
1474 4127 1565 4195 qui
1590 4127 1656 4182 de
1677 4126 1893 4184 Christo
1917 4144 2042 4199 pro-

456 4209 737 4283 phetando
759 4211 1023 4280 praedixit,
1071 4211 1348 4281 Speciosus
1385 4214 1555 4282 {arma
1584 4232 1694 4287 pne
1723 4217 1851 4287 ﬁliis
1875 4219 2042 4275 hami-

456 4314 613 4367 num,
646 4308 702 4356 et
724 4309 941 4366 caetera,
972 4301 1039 4356 de
1059 4317 1124 4357 eo
1145 4312 1462 4372 prosecutus
1483 4305 1713 4373 adjecit:
1741 4308 1903 4365 Sedes
1923 4321 2036 4378 tua,

462 4388 626 4457 Deus,
656 4392 710 4446 in
730 4390 978 4446 strculum
1008 4391 1205 4446 steculi.
1238 4393 1304 4446 Et
1325 4394 1415 4463 qui
1447 4395 1525 4448 ait
1553 4413 1566 4449 :
1599 4396 1905 4454 Benedictus
1946 4405 2036 4472 qui

456 4494 705 4539 venturus
751 4485 805 4538 in
837 4484 1041 4539 nomine
1086 4483 1316 4551 Domini,
1366 4486 1551 4542 subter
1597 4489 1760 4543 etiam
1792 4492 1970 4547 intulit
2016 4513 2028 4549 :

462 4577 602 4631 Deus
634 4577 884 4631 Dominus
926 4588 973 4631 et
1025 4576 1200 4631 illuxit
1248 4579 1412 4633 nobis.
1473 4581 1539 4635 Et
1584 4582 1750 4637 lsaias
1780 4598 1899 4637 cum
1953 4587 2033 4640 di-

462 4673 644 4721 ceret:
678 4663 890 4730 Roratc,
918 4666 1051 4730 caeli,
1074 4667 1312 4737 desuper,
1340 4678 1385 4722 et
1414 4671 1571 4725 nubes
1595 4671 1775 4741 pluunt
1788 4674 2031 4743 justum;

462 4758 733 4825 aperiatur
779 4766 939 4822 terra,
972 4767 1019 4810 et
1067 4759 1315 4827 genuine!
1347 4757 1690 4825 Salvatorem,
1739 4776 1784 4817 et
1822 4765 2032 4834 justitia

452 4846 667 4897 'oriatur
709 4845 884 4911 simul,
933 4862 1024 4916 ego
1056 4846 1309 4901 Dominus
1346 4853 1515 4904 creari
1542 4869 1679 4915 eum,
1716 4865 2033 4922 prosccutus

450 4945 654 4989 '(‘zetera
686 4937 751 4990 de
787 4935 903 5005 ejus
931 4937 1348 5006 magniﬁcentia,
1373 4940 1425 4993 in
1451 4942 1792 4998 conclusione
1820 4946 1896 4999 sic
1918 4948 2027 5001 ait:

463 5023 688 5077 Tantum
716 5026 769 5078 in
799 5034 847 5077 te
872 5035 966 5090 est,
992 5026 1152 5091 Deus,
1189 5038 1236 5082 et
1286 5047 1387 5083 non
1424 5041 1500 5085 est
1531 5033 1721 5105 absque
1744 5044 1817 5099 te,
1848 5036 1984 5092 Deus
2011 5057 2031 5105 ;

461 5133 574 5170 vere
607 5126 661 5169 tu
713 5133 766 5169 es
808 5116 946 5171 Deus
996 5119 1353 5186 absconditus,
1393 5122 1532 5177 Deus
1561 5124 1729 5179 Israel
1777 5128 2027 5185 salvator.

448 5202 722 5260 Ieremias
751 5220 991 5275 quoque:
1033 5207 1136 5272 Qui
1176 5209 1389 5278 perfecit
1422 5221 1613 5266 terram
1638 5216 1691 5267 in
1719 5217 2029 5286 sempiterno

459 5306 704 5366 tempore,
763 5298 844 5351 hic
880 5299 1018 5353 Deus
1067 5311 1242 5354 noster
1286 5314 1383 5366 est,
1421 5312 1469 5357 et
1528 5323 1629 5360 non
1685 5309 2031 5363 a'stimabitnr

458 5385 594 5439 alius
640 5387 709 5440 ad
754 5386 922 5440 illum.
985 5387 1084 5442 llic
1130 5390 1391 5445 adiuvenit
1442 5409 1644 5448 omnem
1691 5397 1824 5449 riam
1873 5399 2031 5452 disci-

457 5478 632 5545 plima,
672 5490 718 5533 et
760 5480 903 5534 dedit
933 5480 1077 5535 illam
1116 5483 1280 5537 Iacob
1325 5501 1484 5555 puero
1525 5502 1620 5541 suo
1650 5496 1698 5541 et
1746 5487 1917 5543 Israel
1942 5490 2024 5542 di-

446 5562 587 5619 dccto
624 5583 737 5620 suo.
786 5568 910 5624 Post
953 5570 1062 5625 ha'c
1099 5590 1255 5643 super
1298 5585 1488 5629 terram
1526 5578 1659 5631 risus
1704 5588 1800 5642 est,
1838 5590 1884 5631 rt
1909 5596 2024 5633 cum

448 5654 750 5711 acuminibus
802 5674 1131 5718 conversatus
1159 5674 1253 5718 est.
1308 5666 1382 5721 De
1420 5683 1526 5737 quo
1575 5668 1857 5739 (pmpheta
1914 5672 2020 5723 lla-

2144 3566 2322 3634 ﬁtetur
2337 3566 2520 3623 Iesum
2548 3568 2813 3624 Christum
2837 3572 3117 3627 venientem
3140 3575 3194 3628 in
3219 3591 3399 3643 carne,
3430 3576 3512 3629 hic
3538 3588 3616 3630 est
3642 3594 3725 3631 se-

2138 3657 2333 3712 ductor
2357 3668 2405 3713 et
2436 3659 2812 3715 Antichristus.
2857 3660 2925 3716 Et
2969 3663 3130 3718 item:
3172 3662 3357 3718 Omnis
3392 3665 3603 3735 spiritus
3629 3666 3723 3736 qui

2144 3752 2423 3821 conﬁtetur
2437 3752 2619 3808 Iesum
2638 3753 2907 3811 Christum
2928 3757 2981 3811 in
3004 3775 3160 3812 carne
3181 3760 3395 3825 venisse,
3408 3777 3471 3815 ex
3491 3759 3599 3814 Deo
3619 3771 3717 3816 est.

2143 3840 2213 3896 Et
2245 3844 2413 3897 omnis
2442 3844 2659 3913 spiritus
2683 3847 2777 3915 qui
2807 3845 2955 3901 solvit
2974 3846 3260 3914 Iesum,ea:
3274 3847 3386 3904 Deo
3417 3867 3520 3905 non
3541 3860 3647 3916 est;
3667 3860 3720 3907 et

2140 3932 2225 3987 hic
2249 3942 2326 3988 est
2359 3933 2728 4001 Antichristus,
2772 3936 2912 4005 quod
2952 3938 3173 3992 audistis
3217 3939 3466 4010 quoniam
3499 3942 3628 3995 venit
3669 3950 3717 3995 et

2140 4028 2357 4082 nuncin
2376 4027 2571 4082 mundo
2598 4037 2693 4082 est.
2733 4027 2865 4094 Quis
2891 4036 2974 4084 est
3000 4038 3180 4084 autem
3220 4028 3314 4098 qui
3348 4029 3508 4083 solvit
3535 4028 3717 4085 Iesum

2139 4118 2244 4173 nisi
2270 4119 2363 4188 qui
2392 4119 2523 4175 dicit
2546 4122 2824 4191 proprium
2848 4137 2972 4176 eum
2992 4137 3115 4178 esse
3139 4121 3335 4177 Filium
3360 4118 3454 4177 Dei
3476 4137 3543 4176 ex
3583 4122 3719 4175 divi-

2134 4208 2330 4276 nitate,
2371 4211 2681 4281 adoptivum
2707 4219 2886 4268 autem
2928 4229 3051 4269 esse
3096 4229 3162 4269 ex
3190 4229 3377 4278 carne,
3420 4213 3719 4268 dissolvens

2138 4316 2301 4355 unam
2328 4317 2614 4371 personam
2638 4305 2797 4361 unius
2821 4302 2950 4360 Jesu
2973 4304 3175 4361 Christi
3199 4304 3294 4358 Dei
3320 4304 3373 4359 in
3408 4304 3545 4360 duas
3584 4304 3720 4359 ﬁlio-

2140 4407 2260 4446 rum
2282 4408 2544 4462 personas
2564 4394 2659 4450 Dei
2700 4396 2935 4450 hominis
2959 4411 3080 4450 cum
3122 4395 3394 4459 Nestorio,
3426 4411 3549 4449 cum
3583 4396 3717 4451 dua-

2139 4498 2255 4536 rum
2279 4493 2594 4539 naturarum
2618 4485 2915 4541 substantia
2939 4486 3128 4540 situna
3144 4487 3195 4539 in
3216 4483 3433 4540 Christo
3451 4501 3709 4555 persona;

2135 4575 2389 4642 quoniam
2413 4575 2511 4630 Dei
2529 4576 2696 4631 Filius
2721 4578 2773 4632 in
2797 4577 3129 4648 proprietate
3153 4592 3397 4648 personae
3417 4586 3473 4630 et
3496 4576 3615 4630 Filii
3640 4576 3715 4631 di-

2133 4663 2337 4731 gnitate
2377 4666 2634 4719 adunavit
2676 4667 2780 4721 sibi
2820 4667 3088 4720 hominem
3116 4674 3173 4719 ut
3210 4673 3356 4720 esset
3396 4682 3537 4720 unus
3558 4665 3714 4720 Chri-

2133 4760 2250 4805 stus
2276 4761 2329 4806 ct
2362 4769 2501 4807 unus
2544 4756 2686 4810 Dens
2725 4763 2781 4809 et
2819 4771 2958 4809 tinus
2996 4756 3088 4810 Dei
3131 4754 3296 4809 Filius
3339 4766 3483 4809 totus
3517 4757 3570 4809 in
3599 4757 3711 4810 suis

2131 4852 2185 4895 et
2214 4851 2354 4897 tutus
2395 4844 2446 4897 in
2470 4845 2692 4907 nostris,
2733 4844 3003 4912 perlectus
3044 4845 3095 4897 in
3124 4845 3426 4908 divinitate,
3458 4854 3511 4897 et
3535 4845 3715 4913 perfe-

2133 4938 2251 4985 ctus
2298 4931 2351 4986 in
2399 4931 2752 4997 humanitate,
2804 4935 2995 4987 unicus
3048 4934 3353 5005 unigenitus
3395 4934 3488 4988 Dei
3516 4935 3709 4989 Filius.

2132 5019 2418 5086 Quodcum
2442 5021 2622 5076 multis
2648 5023 2852 5077 idoneis
2879 5009 3193 5078 testimoniis
3218 5039 3375 5093 supra
3401 5025 3706 5085 retulimus,

2130 5120 2184 5163 et
2204 5112 2443 5164 omnium
2466 5112 2923 5181 prtedecessorum
2967 5112 3185 5167 Patrum
3234 5113 3457 5167 traditio
3496 5114 3707 5182 pridem

2124 5198 2393 5254 catholico
2414 5201 2660 5269 dogmate
2707 5202 3095 5271 comprobavit,
3137 5210 3191 5255 et
3219 5201 3558 5272 synodalium
3586 5217 3709 5254 san-

2128 5292 2364 5345 ctionnm
2387 5299 2501 5345 rata
2526 5291 2945 5362 inconvulsaque
2981 5291 3245 5346 sententia
3283 5291 3550 5353 deﬁnivit,
3576 5308 3710 5360 quo-

2128 5395 2245 5433 rum
2262 5380 2460 5434 illibata
2474 5379 2607 5435 ﬁdes
2622 5381 2725 5434 ista
2742 5381 3019 5451 singulari,
3037 5381 3344 5449 recipiendo
3364 5379 3705 5450 unigenitum

2126 5470 2316 5523 Filium
2341 5471 2434 5524 Dei
2465 5470 2515 5523 in
2541 5486 2707 5526 carne
2728 5472 2956 5532 venisse,
2997 5470 3145 5524 dedit
3183 5469 3263 5524 eis
3288 5477 3615 5540 potestatem
3641 5469 3705 5522 li-

2125 5559 2224 5613 lios
2247 5560 2338 5613 Dei
2360 5560 2495 5621 lieri,
2517 5568 2575 5613 ut
2600 5560 2788 5616 fierent
2809 5561 2931 5615 Filii
2954 5561 3044 5615 Dei
3072 5560 3382 5629 adoptione,
3405 5560 3700 5614 secundum

2125 5650 2266 5718 quod
2291 5648 2498 5702 Domini
2529 5649 2621 5703 Dei
2659 5651 2954 5720 assumptio
2992 5659 3197 5712 nostra,
3226 5658 3278 5701 ct
3321 5650 3498 5703 sancti
3531 5649 3696 5703 Israel
