4014 6186
414 256 547 327 ltus

1651 256 2035 328 arescent.
2078 256 2319 330 orasc.
2360 260 2423 331 ii.

3527 275 3663 340 Ποῦ

407 385 550 454 regis
570 382 760 437 nostri.
782 381 895 450 ipse
916 388 1093 435 autem
1120 368 1253 436 dixit
1271 383 1564 451 assumptio
1584 390 1976 462 nostraz........
2010 381 2057 439 Α
2085 399 2248 454 super
2269 397 2475 457 gentes,
2498 389 2640 445 Deus
2665 391 2815 447 sedet
2834 408 2996 464 super
3014 394 3195 449 sedem
3218 404 3459 450 sanctam
3483 411 3661 462 suam,

406 470 673 540 refugium
703 470 844 525 istud
885 469 1064 525 factus
1090 479 1175 523 est
1213 469 1389 535 nobis,
1415 471 1545 540 quia
1584 470 1820 526 Verbum
1854 485 1985 526 caro

404 561 608 619 factum
648 570 750 625 est,
797 562 976 617 flendo
1014 561 1159 631 quod
1202 576 1308 617 non
1346 569 1483 625 erat,
1534 574 1641 615 non
1687 561 1985 615 amittendo

404 654 546 723 quod
570 662 707 718 erat,
733 651 908 708 ﬂendo
930 652 1072 707 Deus
1092 652 1253 709 homo
1291 668 1357 707 ex
1378 653 1723 722 proprietatis
1748 651 1991 706 essentia-

401 745 714 815 tmigenitus
740 743 913 799 Filius
947 744 1042 798 Dei
1066 752 1252 799 nostra
1274 745 1571 811 assumptio
1610 751 1665 797 et
1693 742 1980 813 refugium,

404 846 465 891 ut
500 852 568 892 ex
609 836 710 891 hac
738 836 1076 905 piemtudine
1104 836 1291 906 gratiae
1340 836 1532 889 tierent
1568 834 1816 889 homines
1863 834 1982 889 Filii

403 928 498 985 Dei
522 927 826 996 adoptione.
853 927 963 991 Ille,
997 927 1122 995 quia
1162 926 1311 995 prius
1352 940 1514 995 quam
1553 934 1765 979 montes
1790 924 1984 982 fierent

403 1029 458 1075 et
480 1018 811 1074 formaretur
832 1028 979 1069 terra
998 1022 1056 1070 et
1077 1015 1247 1079 orbis,
1273 1029 1305 1068 a
1345 1013 1543 1069 saeculo
1565 1021 1623 1069 et
1647 1014 1702 1068 in
1727 1013 1983 1069 sacculum

403 1108 545 1164 Deus
569 1116 670 1171 est,
694 1117 748 1162 et
768 1122 832 1160 cx
868 1113 1108 1175 uempore
1153 1106 1314 1159 homo
1356 1103 1553 1169 factus,
1594 1104 1895 1172 assumptio
1930 1111 1986 1159 ct

403 1196 667 1268 refugium
701 1204 940 1249 nostrum
966 1202 1087 1259 est;
1129 1189 1225 1258 iiii,
1267 1193 1393 1263 quia
1434 1193 1549 1263 Ego
1599 1193 1732 1256 dixi,
1774 1194 1872 1257 ait,
1909 1194 1985 1248 dii

402 1290 524 1342 estis
545 1297 591 1341 et
628 1286 728 1355 ﬁlii
754 1286 959 1339 Ea‘t‘clsi
994 1302 1195 1348 omnes,
1223 1292 1488 1353 quotquot
1527 1285 1879 1339 crediderunt
1923 1285 1980 1338 in

404 1393 548 1441 eum,
590 1377 737 1431 dedit
767 1377 847 1429 eis
881 1385 1201 1445 potestatem
1249 1375 1387 1431 filios
1426 1377 1519 1431 Dei
1567 1375 1706 1431 fieri.
1751 1375 1985 1432 Proinde

404 1469 685 1523 universos
708 1469 956 1521 admonet
984 1466 1271 1535 Apostolus
1298 1467 1517 1521 dicens:
1554 1465 1732 1521 Videte
1772 1485 1834 1521 ne
1869 1466 1984 1538 quis

402 1574 494 1612 vos
514 1557 740 1627 decipiat
762 1574 853 1627 per
880 1556 1261 1626 pliilosOpliiam
1290 1567 1336 1611 ct
1377 1558 1584 1611 inanem
1614 1556 1882 1627 fallaciam
1904 1574 1986 1611 se-

404 1651 632 1704 cundum
660 1649 989 1703 traditionem
1019 1648 1288 1702 hominum
1307 1659 1354 1702 et
1381 1665 1486 1703 non
1505 1650 1790 1703 secundum
1831 1647 1985 1703 Chri-

403 1751 541 1793 stum
560 1753 585 1791 -:
607 1741 730 1811 quia
750 1740 810 1793 in
837 1740 946 1809 ipso
990 1739 1191 1793 habitat
1211 1740 1379 1793 omnis
1398 1738 1665 1810 plenitudo
1694 1739 1982 1793 divinitatis

398 1828 765 1899 corporaliter,
793 1840 839 1883 et
870 1830 993 1884 estis
1022 1830 1077 1883 in
1105 1827 1197 1883 illo
1222 1828 1420 1899 repleti.
1450 1828 1563 1884 Non
1596 1830 1732 1884 dixit
1771 1829 1986 1900 spirita—

406 1922 545 1985 liter,
583 1922 678 1977 sed
712 1920 1074 1991 corporaliter,
1124 1930 1184 1975 ut
1229 1936 1414 1975 veram
1454 1920 1816 1991 intelligamus
1862 1919 1990 1974 sub-

406 2012 660 2066 stantiam
683 2011 883 2075 carnis,
912 2010 1004 2065 ubi
1028 2019 1111 2066 est
1138 2010 1414 2080 plenitudo
1434 2011 1749 2075 divinitatis,
1784 2010 1991 2065 halitu-

408 2102 486 2156 tio
509 2102 848 2172 corporalis:
879 2116 987 2170 qua
1017 2102 1201 2171 utique
1244 2102 1410 2157 etiam
1461 2109 1573 2156 tota
1620 2101 1860 2169 repletur
1898 2100 1992 2155 Ec-

407 2194 594 2259 clesia,
621 2209 740 2263 qua:
771 2194 1042 2248 inhterens
1067 2193 1231 2263 capiti
1264 2208 1463 2263 corpus
1485 2200 1571 2248 est
1598 2192 1799 2247 Christi
1824 2209 1839 2257 ;
1866 2206 1992 2261 pro-

405 2296 530 2357 pter
550 2286 696 2354 quod
720 2286 933 2340 Domini
955 2285 1252 2353 assumptio
1289 2292 1499 2350 nostra,
1528 2292 1586 2339 et
1610 2284 1781 2338 sancti
1824 2282 1992 2338 Israel

404 2378 557 2447 regis
589 2377 784 2440 nostri,
810 2386 869 2431 ut
905 2377 997 2445 qui
1043 2377 1251 2431 habitat
1293 2377 1349 2431 in
1393 2376 1660 2443 adjutorio
1704 2374 1989 2438 Altissimi,

408 2468 466 2521 in
510 2467 850 2536 protectione
905 2466 1008 2519 hac
1050 2465 1259 2519 Domini
1308 2475 1709 2520 commoretur:
1741 2463 1994 2518 videlicet

409 2566 471 2611 ut
508 2572 637 2611 vera
683 2557 803 2610 ﬁdei
842 2556 1182 2611 confessione
1210 2556 1352 2611 dicat
1399 2556 1664 2611 Domino:
1714 2552 1995 2625 Susceptor

408 2663 554 2702 meus
600 2663 652 2700 es
703 2655 760 2699 tu
825 2656 874 2700 et
926 2645 1184 2717 refugium
1229 2663 1421 2711 meum,
1456 2646 1596 2701 Deus
1650 2662 1817 2701 meus.
1874 2644 1991 2703 Non

416 2737 813 2806 nuncupativus
861 2737 1023 2803 Deus,
1077 2734 1181 2793 non
1232 2740 1514 2808 adoptivus
1560 2750 1616 2794 et
1663 2739 1850 2802 falsus,
1897 2740 1991 2793 sed

409 2830 706 2884 secundum
747 2828 906 2886 odﬁié
954 2833 1249 2902 assumptio
1290 2841 1472 2889 nostra
1503 2842 1556 2887 et
1601 2834 1773 2888 sancti
1828 2832 1993 2888 lsrael

411 2920 554 2990 regis
606 2922 796 2986 nostri,
849 2930 1128 2992 susceptor
1181 2932 1236 2977 et
1286 2924 1553 2995 refugium
1597 2925 1738 2979 Deus
1784 2933 1867 2979 est
1895 2942 1993 2979 no-

406 3020 543 3077 ster,
576 3014 869 3066 secundum
907 3013 960 3067 id
988 3012 1127 3083 quod
1152 3014 1294 3070 Deus
1328 3023 1431 3081 est,
1459 3015 1762 3070 essentialis
1791 3028 1988 3070 secun-
2014 3052 2061 3120 C

411 3105 540 3159 dum
564 3105 708 3173 quod
733 3120 926 3159 nomen
955 3113 1039 3160 est
1086 3105 1224 3174 ejus,
1254 3108 1328 3161 ita
1358 3115 1413 3162 et
1448 3106 1565 3162 laus
1592 3107 1730 3176 ejus,
1777 3108 1990 3163 dicente

407 3186 680 3266 Propheta
706 3211 722 3250 :
751 3195 1045 3251 Secundum
1088 3206 1273 3252 nomen
1298 3208 1465 3264 tuum,
1488 3199 1652 3265 Deus,
1695 3201 1771 3255 sic
1797 3210 1846 3254 et
1872 3199 1991 3253 laus

406 3294 504 3341 ‘tua
549 3286 603 3340 in
641 3285 772 3354 lines
814 3295 987 3339 teme.
1033 3285 1174 3340 Nam
1215 3297 1264 3341 et
1307 3287 1416 3357 ipse
1464 3288 1601 3342 Deus
1638 3304 1780 3342 meus
1825 3296 1873 3340 et
1906 3302 1995 3340 sa-

411 3369 602 3431 lutaris
631 3392 798 3442 meus,
839 3386 1106 3447 susceptor
1148 3393 1310 3445 meus,
1340 3395 1442 3432 non
1480 3379 1718 3433 movebar
1744 3378 1990 3447 amplius,

411 3470 534 3538 quia
561 3471 670 3538 ipse
698 3469 837 3523 Deus
863 3486 1009 3524 meus
1039 3479 1086 3523 et
1110 3470 1342 3523 salvator
1381 3485 1551 3533 meus,
1582 3469 1800 3538 adjutor
1821 3485 1989 3535 meus,

411 3575 516 3611 non
539 3559 821 3627 emigrabo.
849 3558 906 3612 in
948 3558 1061 3612 Deo
1085 3573 1215 3626 ergo
1258 3556 1483 3612 salutari
1511 3573 1633 3613 meo
1664 3557 1839 3628 gloria
1869 3573 1992 3613 mea

406 3647 557 3704 ‘Deus
604 3651 787 3703 auxilii
831 3648 935 3703 mei
963 3656 1017 3702 et
1043 3662 1167 3716 spes
1211 3663 1331 3704 mea
1355 3650 1410 3703 in
1458 3650 1569 3704 Deo
1608 3657 1713 3714 est,
1741 3650 1994 3718 quivere

412 3740 558 3795 Dens
584 3748 669 3794 est
696 3755 762 3793 ex
793 3739 1001 3794 duabus
1026 3741 1347 3796 substantiis
1378 3742 1689 3812 unigenitus
1707 3742 1804 3796 Dei
1834 3739 1994 3796 Jesus

399 3827 660 3886 'Christus
676 3830 841 3886 Filius
860 3829 973 3894 Dei,
1000 3846 1030 3885 a
1044 3846 1150 3900 quo
1169 3847 1276 3886 non
1288 3833 1550 3888 movebor
1569 3833 1862 3897 dubietate,
1887 3844 1994 3888 non

402 3921 691 3990 ‘einigrabo
743 3920 966 3975 alterius
1021 3920 1091 3974 ad
1136 3920 1446 3983 culturam,
1504 3922 1761 3991 quoniam
1822 3921 1992 3978 Deum

404 4011 597 4066 nescio
625 4012 790 4066 alium
823 4018 1022 4081 praeter
1050 4022 1196 4067 eum.
1215 4004 1341 4083 Ipse
1362 4012 1454 4082 qui
1484 4019 1578 4069 est
1604 4012 1769 4081 Deus,
1806 4022 1862 4070 et
1887 4025 1994 4070 non

412 4102 767 4157 testimahitur
789 4102 926 4156 alius
947 4102 1014 4156 ad
1043 4101 1213 4157 illum.

486 4188 629 4245 Sane
671 4190 797 4259 quia
845 4190 986 4245 idem
1028 4191 1169 4245 Deus
1211 4189 1465 4247 salutaris
1491 4202 1775 4264 susceptor
1819 4200 1989 4255 meus.
2032 4240 2037 4245 .

405 4288 572 4350 ’quem
610 4280 759 4351 virgo
809 4282 1055 4351 eonccpit
1100 4289 1154 4336 et
1202 4284 1432 4351 peperit,
1485 4282 1800 4349 Emanuhcl,
1852 4286 1994 4355 quod

2084 478 2340 545 quoniam
2380 482 2577 551 quippe
2607 484 2964 540 cssentialiter
2992 492 3047 540 ct
3077 502 3234 542 verus
3260 496 3341 541 est
3386 487 3527 542 Deus
3556 489 3662 543 Do-

2083 568 2264 623 minus
2297 569 2455 627 Jesus
2484 574 2751 639 Christus,
2791 577 2884 646 qui
2914 578 3154 633 ascendit
3182 578 3235 632 in
3270 580 3466 634 ccelum
3496 589 3552 635 ct
3577 599 3667 636 se-

2083 660 2175 714 dct
2195 677 2224 713 a
2256 661 2462 718 dextris
2488 664 2604 729 Dei,
2637 666 2775 721 sicut
2815 667 3251 722 doctissimorum
3281 668 3497 724 Patrum
3529 687 3655 725 san—

2083 758 2185 805 ctas
2212 750 2668 810 Chalcedonensis
2712 756 2901 827 synodi
2936 766 3166 812 testatur
3210 760 3523 815 auctoritas.
3572 762 3664 816 Ait

2083 842 2258 895 enim:
2282 860 2300 893 ‹
2332 842 2507 897 Unum
2522 844 2877 915 eamdemque
2898 846 3091 901 Filium
3113 848 3394 904 Dominum
3419 859 3661 906 nostrum

2082 927 2265 985 Jesum
2288 930 2565 987 Christum
2588 934 2833 989 confiteri
2855 950 3216 993 consonanter
3237 953 3424 995 omnes
3445 940 3667 996 instruis

2085 1038 2207 1076 mur
2231 1030 2284 1077 ct
2323 1023 2599 1091 docemur,
2641 1026 2937 1093 perfectum
2976 1030 3223 1084 eumdem
3265 1032 3318 1085 in
3364 1032 3663 1095 divinitate,

2084 1124 2137 1168 et
2161 1114 2461 1182 perfectum
2491 1117 2739 1171 eumdem
2770 1116 2823 1171 in
2865 1133 3047 1179 carne,
3079 1117 3246 1174 Deum
3276 1121 3539 1175 veraciter
3569 1123 3664 1176 ho-

2086 1205 2392 1274 minemque
2422 1207 2670 1261 eumdem
2710 1208 2884 1277 ipsum
2913 1210 3183 1264 veraciter
3204 1226 3271 1265 ex
3292 1212 3472 1265 anima
3498 1214 3664 1265 ratio-

2085 1295 2192 1349 nali
2227 1301 2283 1349 et
2303 1310 2548 1365 corpore,
2575 1299 2877 1363 omousion,
2902 1300 2954 1355 id
2987 1310 3071 1355 cst
3108 1303 3268 1356 unius
3288 1304 3536 1358 essentia:
3565 1304 3666 1357 Pa-

2086 1386 2187 1439 tris
2212 1388 2505 1441 secundum
2529 1388 2882 1452 divinitatem,
2917 1397 2970 1444 ct
2996 1391 3312 1446 homousiou
3335 1393 3488 1448 nobis
3517 1408 3669 1447 eum-

2086 1478 2208 1532 dem
2242 1479 2416 1549 ipsum
2458 1481 2751 1535 secundum
2782 1481 3196 1546 humanitatem,
3224 1499 3320 1551 per
3363 1483 3543 1537 omnia
3574 1500 3671 1538 no-

2084 1569 2169 1624 bis
2196 1570 2400 1639 absque
2445 1571 2781 1627 solummodo
2829 1573 3037 1642 peccati
3069 1572 3364 1627 colluvionc
3412 1573 3667 1637 similem,

2087 1664 2212 1711 ante
2238 1657 2433 1713 sa‘cula
2454 1659 2671 1727 quidem
2690 1660 2755 1715 de
2779 1659 2937 1714 Patre
2960 1666 3139 1714 natum
3164 1662 3456 1716 secundum
3476 1661 3672 1717 divini-

2094 1755 2282 1813 tatem,
2314 1749 2368 1803 in
2397 1749 2708 1805 novissimis
2735 1760 2915 1805 autem
2964 1752 3155 1806 diebUs
3200 1751 3448 1809 eumdem
3492 1752 3665 1821 ipsum

2089 1846 2313 1907 propter
2367 1853 2462 1892 nos
2491 1847 2547 1893 et
2579 1848 2801 1908 propter
2827 1850 3066 1895 nostram
3114 1840 3342 1896 salutem
3389 1857 3450 1897 ex
3504 1840 3669 1896 Maria

2092 1929 2303 1998 virgine
2335 1929 2620 1983 theotocon
2646 1931 2698 1984 id
2725 1941 2810 1986 est
2834 1931 2927 1987 Dei
2959 1934 3219 2002 genitrice
3249 1933 3543 1988 secundum
3569 1934 3670 1987 lm-

2090 2017 2429 2081 manitatcm,
2459 2034 2622 2070 unum
2663 2019 3021 2089 eumdemquc
3046 2021 3323 2075 Christum
3352 2022 3544 2076 Filium
3576 2023 3668 2075 Dei

2092 2105 2260 2160 Deum
2304 2109 2640 2177 unigenitum
2695 2110 2749 2162 in
2806 2111 3014 2165 duabus
3056 2111 3284 2173 naturis,
3339 2112 3455 2164 s'ne
3484 2110 3673 2165 confu—

2091 2195 2264 2259 sione,
2297 2197 2413 2251 sine
2441 2198 2814 2262 conversione,
2853 2198 2971 2254 sine
2996 2198 3278 2263 divisione,
3310 2199 3428 2253 sine
3455 2214 3671 2268 separa-

2091 2287 2239 2342 tione
2286 2289 2636 2353 nosccndum,
2685 2305 2949 2359 nusquam
2997 2301 3316 2345 naturarum
3360 2290 3661 2345 differentia

2090 2390 2190 2444 per
2216 2381 2477 2431 unitatem
2513 2378 2724 2446 penitus
2760 2387 3112 2444 commutata,
3150 2378 3320 2449 magis
3347 2387 3529 2434 autem
3566 2379 3676 2434 sal:-

2091 2479 2158 2518 va
2184 2464 2521 2534 proprietate
2564 2467 2843 2535 utriusque
2873 2477 3076 2521 natura:
3110 2478 3166 2522 et
3205 2468 3258 2521 in
3288 2484 3448 2522 unam
3477 2484 3675 2524 cocun-

2093 2560 2147 2608 te
2173 2567 2482 2623 personam,
2512 2572 2610 2610 nec
2647 2556 2703 2611 in
2743 2557 2875 2610 duas
2904 2557 3134 2611 divisum
3159 2558 3526 2628 partitumque
3551 2574 3673 2629 per-

2093 2660 2273 2711 sonas,
2306 2663 2469 2703 unum
2513 2648 2867 2716 eamdemque
2911 2647 3107 2702 Filium
3136 2648 3469 2718 unigenitum
3500 2649 3668 2704 Deum

2091 2754 2278 2794 verum
2304 2738 2488 2795 Jesum
2512 2738 2786 2794 Christum
2814 2740 3099 2795 Dominum
3128 2741 3467 2796 conﬁtemur.
3492 2760 3510 2794 ι
3541 2741 3666 2798 Hcce

2091 2838 2175 2886 est
2200 2839 2390 2885 sancta
2419 2830 2569 2895 fides,
2600 2830 2854 2885 inviolata
2881 2832 3101 2897 veritas,
3132 2832 3503 2912 amplectenda
3528 2849 3665 2902 pra:-

2093 2924 2313 2988 dicatio,
2344 2939 2507 2993 quam
2535 2924 2731 2980 merito
2775 2939 2872 2993 per
2908 2924 3167 2995 Spiritum
3199 2934 3446 2981 sanctum
3474 2940 3668 2980 conve-

2094 3016 2305 3070 nienter
2327 3014 2552 3070 etl‘usam
2579 3030 2677 3086 per
2719 3023 2887 3070 totum
2932 3017 3189 3071 mundum
3218 3014 3483 3071 catholica
3510 3013 3673 3070 conti-

2094 3114 2237 3162 tetur
2262 3106 2519 3161 Ecclesia.

2163 3199 2432 3254 Caeterum
2469 3198 2597 3269 quia
2636 3200 2897 3269 scriptum
2938 3205 3023 3254 est
3055 3215 3068 3251 :
3104 3198 3285 3253 Nolite
3318 3196 3661 3269 multiplicari

2094 3290 2238 3361 loqui
2265 3289 2512 3344 sublimia
2537 3289 2844 3359 gloriantes,
2871 3290 3118 3360 quoniam
3147 3289 3287 3343 Deus
3326 3290 3667 3344 scientiarum

2092 3378 2376 3441 Dominus,
2413 3387 2463 3430 et
2498 3379 2599 3445 ipsi
2626 3388 2997 3447 properantur
3031 3378 3392 3446 cogitationes,
3425 3379 3671 3446 quamvis

2093 3468 2263 3523 multa
2303 3468 2712 3539 suppeditentur
2750 3466 2908 3521 fateri
2951 3469 3017 3522 de
3051 3469 3153 3523 hac
3195 3468 3465 3522 individua
3491 3468 3583 3523 Dei
3613 3475 3669 3523 et

2093 3558 2330 3614 hominis
2370 3573 2433 3612 ex
2463 3557 2673 3612 duabus
2710 3556 3029 3611 substantiis
3060 3572 3166 3610 una
3195 3557 3414 3611 deitatis
3443 3571 3670 3625 persona

2092 3648 2355 3718 unigeniti
2375 3645 2499 3702 Filii
2520 3646 2917 3713 Dei,credcnda
2940 3656 3067 3702 sunt
3084 3646 3192 3701 ista
3213 3662 3317 3701 non
3346 3646 3483 3701 ultra
3504 3661 3669 3714 quam

2093 3753 2285 3808 sapere
2311 3738 2595 3807 quisquam
2622 3745 2678 3792 et
2701 3737 3000 3808 intelligere
3022 3745 3207 3808 potest
3243 3738 3500 3793 cociendo
3550 3737 3668 3810 (sic)

2094 3828 2434 3900 astipulanda
2459 3847 2472 3881 :
2500 3828 2642 3884 sicut
2671 3843 2770 3884 nec
2794 3829 3017 3883 omnino
3042 3828 3310 3898 quomodo
3338 3828 3482 3883 Deus
3508 3828 3671 3883 Pater

2092 3921 2263 3975 Deum
2297 3919 2545 3991 genuerit
2569 3917 2763 3973 Filium
2798 3933 2813 3971 :
2841 3919 2986 3987 quod
3014 3926 3070 3973 et
3106 3918 3282 3989 angeli
3313 3919 3580 3983 nesciunt,
3610 3929 3670 3973 et

2083 4010 2372 4081 prophetis
2390 4008 2743 4064 estinscium.
2768 4006 2920 4063 Unde
2941 4007 3072 4063 illud
3091 4017 3177 4063 est
3195 4009 3395 4062 dictum
3416 4026 3430 4062 :
3448 4007 3673 4063 Genera-

2093 4104 2285 4157 tionem
2309 4100 2424 4170 ejus
2450 4101 2566 4170 quis
2593 4099 2895 4153 enarrabili
2920 4098 3090 4165 Quam
3112 4108 3378 4155 secretam
3405 4100 3670 4170 originem

2094 4206 2218 4247 cum
2242 4190 2464 4260 proprio
2488 4188 2636 4243 Filio
2662 4187 2821 4243 novit
2850 4188 2964 4258 ipse
2993 4188 3139 4244 solus
3163 4189 3253 4258 qui
3286 4191 3489 4260 genuit,
3509 4186 3665 4257 juxta

2093 4283 2236 4353 quod
2272 4280 2511 4350 ejusdem
2550 4280 2857 4352 un‘igenitus
2894 4280 3025 4335 dicit
3059 4299 3071 4334 :
3104 4279 3269 4335 Nemo
3301 4282 3436 4335 norit
3466 4280 3667 4335 Filium

412 4372 828 4440 interpretatum
856 4372 1052 4426 dicitur
1082 4366 1371 4427 Nobiscum
1400 4374 1558 4437 Deus,
1601 4384 1659 4429 ut
1686 4377 1757 4431 sit
1800 4377 1984 4431 Domi-
2012 4390 2064 4448 D
2094 4374 2196 4429 nisi
2218 4370 2402 4437 Pater,
2429 4381 2478 4426 et
2511 4370 2726 4425 Patrem
2768 4387 2916 4425 nemo
2956 4372 3094 4425 norit
3130 4372 3231 4424 nisi
3267 4370 3466 4436 Filius,
3499 4381 3546 4426 et
3582 4368 3668 4427 cad

414 4477 518 4514 mrs
562 4461 820 4514 virtutum
866 4462 1146 4516 nobiscum
1196 4473 1479 4533 susceptor
1520 4476 1708 4520 noster
1734 4466 1875 4520 Deus
1899 4462 1990 4520 Ja-

404 4552 536 4617 cob,
575 4552 822 4605 hortatur
845 4550 1066 4607 dicens:
1115 4550 1308 4606 Vacate
1343 4565 1389 4606 et
1411 4554 1579 4607 videte
1614 4554 1861 4623 quoniam
1901 4570 1994 4624 ego

416 4661 532 4698 sum
560 4643 720 4708 Deus,
765 4630 909 4699 Deus
958 4646 1176 4714 inquam
1208 4647 1293 4699 cui
1342 4647 1507 4700 etiam
1561 4649 1774 4702 cadenti
1823 4658 1997 4704 morte

416 4738 593 4791 carnis
619 4739 930 4806 prophetice
957 4739 1200 4792 canitur:
1243 4738 1432 4807 Surge,
1470 4739 1629 4803 Deus,
1666 4742 1853 4811 judico
1892 4752 1996 4794 ter-

418 4841 546 4885 r.:m,
599 4827 844 4895 quoniam
874 4834 930 4879 tu
979 4827 1308 4881 Inereditabis
1346 4829 1400 4881 in
1448 4830 1683 4882 onmibus
1730 4831 1987 4899 gentibus,

404 4917 595 4984 'quicq.
639 4917 883 4970 ascendit
916 4917 1055 4971 Deus
1102 4918 1152 4970 in
1185 4917 1504 4987 juhilationc
1543 4930 1599 4975 et
1627 4920 1889 4977 Dominus
1934 4924 1987 4976 in

406 5012 547 5061 ‘voce
599 5006 774 5072 tubae;
812 5007 1105 5062 secundum
1157 5011 1299 5077 quod
1335 5018 1386 5062 et
1424 5010 1583 5065 dicit:
1628 5010 1847 5064 Psallite
1880 5011 1988 5064 Deo

416 5098 504 5163 qui
549 5097 781 5149 ascendit
824 5113 979 5165 super
1000 5097 1183 5149 cazlum
1214 5098 1326 5150 caeli
1355 5098 1423 5152 ad
1464 5100 1732 5153 orientem.
1765 5100 1992 5170 Ρνονερισ

418 5190 559 5257 quod
589 5188 761 5258 inquit
786 5189 1070 5242 Psalmista
1099 5207 1113 5242 :
1154 5188 1376 5244 Psallite
1417 5191 1523 5244 Deo
1559 5203 1759 5259 nostra,
1786 5194 1991 5264 psallite

416 5285 527 5354 regi
556 5298 750 5351 nostro,
781 5285 1026 5355 quoniam
1070 5299 1161 5336 rea:
1187 5284 1353 5336 omnis
1380 5294 1555 5348 terra',
1590 5284 1750 5351 Dens,
1792 5285 1998 5356 psallite

416 5381 689 5445 sapienter.

492 5468 605 5520 Non
647 5482 774 5533 ergo
818 5466 1065 5533 insipide,
1114 5466 1207 5519 sed
1238 5505 1251 5518 .
1303 5504 1316 5517 .
1357 5505 1371 5518 .
1416 5504 1429 5519 .
1462 5503 1475 5517 .
1510 5507 1521 5521 .
1562 5506 1575 5519 .
1614 5505 1626 5519 .
1670 5472 1783 5541 ταδ’
1819 5468 1998 5522 omnis

408 5567 579 5610 iterm
625 5554 786 5618 Deus,
817 5556 908 5623 qui
940 5556 1215 5609 descendit
1250 5563 1304 5609 et
1332 5555 1571 5609 ascendit
1610 5574 1693 5611 me
1718 5559 1872 5611 iiator
1903 5557 1995 5612 Dei

409 5654 473 5701 Ἥ
532 5645 804 5697 luminum
854 5645 1013 5697 homo
1048 5645 1300 5700 Christus
1336 5645 1513 5709 Jesus,
1571 5649 1806 5716 regnat“
1853 5649 1998 5703 lien:

2086 4466 2307 4519 voluerit
2336 4462 2506 4517 Filius
2546 4462 2788 4516 revelare.
2808 4463 2936 4526 Sed,
2970 4472 3029 4516 ut
3056 4463 3294 4518 breviter
3320 4464 3517 4529 dicam,
3555 4462 3668 4519 suf-

2092 4559 2203 4611 ﬁcit
2235 4572 2333 4611 nos
2362 4556 2503 4610 scire
2532 4554 2656 4622 quia
2684 4554 2774 4607 lux
2803 4554 2987 4622 genuit
3014 4553 3374 4623 splendorem,
3402 4556 3660 4624 propheta

2096 4655 2327 4702 testante
2361 4663 2374 4702 :
2411 4643 2477 4697 In
2512 4643 2874 4712 splendoribus
2920 4653 3219 4698 sanctorum
3265 4661 3330 4700 ea:
3369 4656 3514 4699 utero
3550 4630 3669 4700 ante

2096 4737 2372 4806 luciferum
2415 4735 2567 4805 genui
2616 4743 2683 4787 te.
2737 4733 2936 4789 Lucem
2990 4744 3168 4788 autem
3220 4735 3376 4789 istaut
3424 4736 3565 4789 absit
3611 4746 3669 4789 ut

2096 4828 2383 4896 quisquam
2412 4824 2709 4878 arbitretur
2736 4838 3073 4892 corpoream,
3114 4825 3207 4878 sed
3248 4824 3421 4878 lucem
3458 4825 3669 4893 sapien-

2098 4921 2186 4974 tiae
2211 4933 2413 4977 veram,
2447 4932 2565 4984 qua:
2595 4916 2862 4969 illuminat
2888 4927 3105 4970 omnem
3141 4915 3412 4968 hominem
3443 4915 3665 4968 venien-

2098 5020 2206 5065 tem
2239 5012 2290 5064 in
2324 5008 2582 5062 mundum
2609 5024 2621 5059 :
2650 5007 2704 5061 in
2732 5022 2839 5075 quo
2866 5007 3071 5061 lumine
3102 5008 3325 5060 obtentu
3354 5006 3475 5061 fidei
3506 5007 3667 5061 credo

2097 5101 2329 5169 idipsum
2374 5096 2543 5151 visuri
2593 5097 2796 5150 erimus
2835 5096 3038 5161 lumen,
3084 5098 3373 5151 secundum
3418 5095 3559 5166 quod
3609 5106 3668 5151 et

2096 5192 2409 5263 psultiiicus
2430 5198 2580 5243 vates
2603 5203 2759 5242 sacro
2781 5188 3337 5258 cano.......quoniam
3359 5186 3498 5257 apud
3521 5196 3569 5240 te
3591 5195 3667 5240 est

2101 5283 2217 5350 fons
2249 5283 2387 5343 ritre,
2416 5276 2611 5346 adjecit
2638 5287 2686 5331 et
2721 5278 2776 5330 in
2813 5277 3007 5331 lumine
3038 5286 3129 5329 tuo
3161 5276 3442 5330 videbimus
3470 5274 3663 5328 lumen.

2097 5371 2373 5425 l..ter<lum
2407 5370 2757 5439 quoadusque
2791 5369 2892 5423 iste
2928 5368 3204 5424 illucescat
3238 5367 3354 5421 dies
3394 5374 3449 5421 et
3480 5365 3667 5421 lucifer

2102 5464 2308 5516 oriatur
2345 5461 2398 5514 in
2431 5460 2685 5515 cordibus
2718 5459 2938 5519 nostris,
2984 5467 3164 5528 spreta
3202 5457 3419 5513 infanda
3454 5456 3667 5511 lucreti-

2101 5568 2288 5609 corum
2331 5560 2658 5612 commenta,
2692 5549 3002 5603 firmissime
3042 5556 3288 5603 teneatur
3321 5545 3433 5616 spei
3474 5556 3666 5600 nostra

2102 5647 2267 5699 suilli
2322 5643 2539 5705 veritas,
2588 5640 2736 5694 verbi
2782 5641 3057 5694 incnrnati
3111 5642 3288 5694 unitas
3339 5657 3402 5693 ex
3455 5639 3663 5693 dualms
