4014 6186
436 277 572 341 HO?

1449 284 1508 339 S.
1545 277 1908 339 BENEDICTI
1947 277 2240 340 ABBATiS
2278 278 2689 341 ANIANENSlS

3540 293 3683 354 ηυε

433 404 752 462 substantiis
776 404 938 459 unius
964 418 1205 474 persona:
1226 402 1350 458 Filii
1385 403 1481 457 Dei
1510 402 1614 456 vivi
1640 400 1766 456 Jesu
1801 400 1999 455 Christi
2028 403 2077 459 Α
2175 399 2280 453 Nec
2306 399 2538 454 Vrrbum
2563 401 2725 471 igitur
2746 401 2799 455 in
2823 412 3062 467 carnem,
3088 414 3187 459 nec
3208 420 3338 461 caro
3363 406 3419 462 in
3442 409 3682 466 Verbum

432 496 642 553 Domini
695 497 893 559 nostri;
931 503 990 548 nt
1016 494 1246 565 cognitis
1290 502 1496 547 natura:
1521 494 1802 560 utriusque
1831 492 1998 544 docu-

429 586 651 649 mentis,
683 594 738 638 et
778 585 1001 638 verbum
1041 584 1093 637 in
1129 582 1347 638 Christo
1380 583 1598 637 homine
1631 590 1687 636 et
1723 581 1997 635 Christum

430 674 702 729 hominem
734 673 1020 727 adoremus
1046 674 1097 727 in
1124 674 1316 727 verbo:
1344 673 1597 742 quoniam
1628 671 2000 741 promulgante

428 763 587 819 beato
615 763 793 817 Leone
833 778 993 833 papa,
1025 763 1091 826 si,
1130 771 1292 833 prout
1323 762 1613 832 Apostolus
1651 762 1744 825 ait,
1775 760 1865 829 qui
1906 760 2000 814 ad-

426 852 599 909 haeret
623 855 764 915 Deo,
802 871 939 908 unus
974 856 1198 924 spiritus
1225 862 1335 918 est,
1368 855 1535 909 multo
1568 854 1736 923 magis
1765 852 1997 906 Verbum

427 959 556 1000 caro
584 942 781 997 factum
819 959 958 998 unus
985 953 1068 997 est
1090 944 1356 1008 Christus,
1383 946 1469 997 ul-i
1502 944 1633 998 nihil
1665 954 1748 999 est
1776 943 1999 997 alterius

427 1044 637 1091 natura:
667 1035 808 1103 quod
838 1049 940 1088 non
973 1035 1041 1088 sit
1071 1035 1351 1101 utriusque
1380 1032 1689 1103 subiiciens.

498 1127 612 1181 Non
662 1144 790 1200 ergo
845 1129 1184 1183 inﬁrmemur
1233 1131 1287 1183 in
1333 1129 1558 1185 consilio
1611 1127 1997 1184 misericordia:

425 1216 542 1281 Dei,
581 1234 700 1286 qttze
732 1234 829 1274 nos
864 1227 920 1273 et
959 1219 1276 1274 innocentiae
1322 1220 1579 1275 reformet
1608 1230 1663 1274 et
1703 1220 1843 1273 vitaz.
1883 1219 1994 1273 Nec

425 1307 549 1374 quia
593 1307 646 1360 in
676 1306 953 1363 Salvatore
990 1317 1179 1364 nostro
1215 1309 1495 1364 manifesta
1538 1310 1880 1379 agnoscimus
1907 1325 1997 1379 ge-

425 1396 568 1450 mina
608 1398 757 1467 signa
805 1408 1038 1459 naturre,
1082 1407 1175 1453 aut
1219 1400 1271 1453 in
1316 1400 1481 1469 gloria
1524 1401 1614 1454 Dei
1664 1402 1729 1455 de
1771 1401 1996 1455 veritate

426 1488 629 1551 carnis,
671 1497 765 1542 aut
798 1489 853 1543 in
893 1490 1195 1545 humilitate
1224 1492 1460 1546 hominis
1491 1493 1555 1547 de
1589 1493 1789 1547 deitate
1822 1491 1993 1560 maje-

425 1576 581 1629 statis
613 1576 882 1632 ullatenus
914 1578 1222 1633 dubitemus
1261 1599 1274 1633 :
1312 1581 1437 1649 quia
1474 1582 1611 1636 idem
1641 1584 1802 1640 homo
1828 1591 1910 1637 est
1939 1583 1992 1637 in

424 1664 597 1721 forma
631 1668 723 1721 Dei
759 1670 847 1737 qui
880 1669 1108 1723 formam
1140 1672 1341 1739 recepit
1369 1672 1532 1736 servi,
1563 1674 1703 1728 idem
1734 1682 1788 1727 et
1814 1673 1994 1729 incon-

2102 498 2306 544 mutata
2341 499 2453 554 est;
2486 491 2581 545 sed
2610 498 2898 561 utrumque
2928 492 2982 545 in
3011 508 3118 546 uno
3143 506 3346 562 manet,
3374 505 3431 551 et
3452 513 3593 554 unus
3626 499 3687 554 iu

2100 586 2333 647 utroque
2376 587 2480 644 est,
2525 594 2629 633 non
2673 580 2988 636 diversitate
3034 582 3257 648 divisus,
3292 602 3400 641 non
3438 588 3687 656 permix-

2102 668 2243 722 tione
2271 668 2544 724 conl'usns.
2589 669 2704 724 Non
2738 671 2877 726 alius
2904 687 2970 725 ex
3002 671 3182 738 Patre,
3209 673 3347 729 alius
3373 691 3441 730 ex
3472 686 3684 744 matre;

2101 757 2362 811 scd'idem
2391 758 2531 813 alter
2551 774 2621 813 ex
2646 760 2805 815 Patre
2834 769 2958 815 ante
2986 777 3145 817 omne
3168 765 3513 836 principium,
3543 769 3691 825 alter

2099 847 2167 901 de
2204 856 2375 904 matre
2415 850 2468 904 in
2498 850 2602 905 ﬁne
2639 852 2992 917 surculorum;
3033 863 3092 908 ut
3124 865 3268 910 esset
3295 859 3687 916 mediator.Dei

2098 943 2153 989 et
2184 937 2460 992 hominum
2492 940 2654 994 homo
2678 939 2929 997 Christus
2952 942 3131 1009 Iesus,
3176 945 3232 999 in
3268 961 3378 1015 quo
3406 948 3690 1006 habitaret

2096 1026 2373 1095 plemtudo
2404 1029 2704 1086 divinitatis
2735 1032 3107 1102 corporaliter.
3141 1036 3333 1091 Totum
3362 1039 3533 1109 igitur
3562 1057 3683 1095 cor-

2094 1136 2196 1191 pus
2230 1123 2413 1193 implet
2453 1133 2563 1179 tota
2597 1126 2881 1190 divinitas;
2914 1136 2969 1182 et
2994 1129 3134 1182 sicut
3174 1129 3306 1184 nihil
3344 1134 3497 1186 deest
3533 1133 3684 1188 illius

2098 1212 2361 1280 majestati
2402 1213 2552 1282 cujus
2600 1215 2934 1270 habitatione
2986 1218 3235 1288 impletur
3278 1221 3685 1287 halitarulum,

2096 1303 2175 1358 sic
2212 1304 2344 1358 nihil
2383 1314 2467 1361 est
2505 1306 2748 1375 corporis
2787 1309 2929 1376 quod
2969 1323 3075 1362 non
3117 1325 3214 1364 suo
3252 1311 3560 1369 habitatore
3601 1316 3681 1369 sit

2095 1390 2344 1460 plemnn,
2378 1393 2430 1446 in
2465 1408 2571 1462 quo
2603 1403 2656 1448 et
2686 1409 2783 1447 nos
2813 1408 2998 1449 sumus
3033 1397 3243 1465 repleti.
3287 1399 3439 1465 Quod
3486 1412 3679 1456 autem

2095 1480 2298 1535 dictum
2324 1491 2431 1548 est,
2463 1482 2528 1535 Et
2558 1484 2680 1536 estis
2717 1485 2770 1536 in
2799 1483 2891 1537 illo
2929 1484 3126 1555 repleti,
3162 1497 3343 1543 nostra
3380 1492 3571 1561 utique
3596 1502 3686 1548 est

2097 1572 2401 1641 signiﬁcata
2449 1582 2673 1640 natura;
2712 1576 2779 1628 ad
2816 1590 2951 1644 quos
2987 1577 3074 1629 illa
3118 1578 3344 1648 repletio
3377 1597 3482 1635 non
3511 1586 3687 1652 perti-

2096 1669 2273 1724 neret,
2298 1662 2400 1714 nisi
2426 1662 2517 1716 Dei
2544 1661 2775 1715 Verbum
2802 1664 2972 1717 nostri
2994 1664 3095 1719 sibi
3119 1668 3331 1736 generis
3355 1677 3410 1723 et
3436 1671 3685 1727 animam

422 1769 619 1824 porcus
662 1770 885 1812 manens
929 1766 985 1812 et
1023 1773 1221 1828 corpus
1267 1774 1569 1823 assumens,
1614 1761 1752 1815 idem
1798 1762 1852 1816 in
1900 1777 1995 1817 sua

2100 1758 2155 1804 et
2178 1765 2373 1820 corpus
2400 1752 2711 1815 invenisset,
2745 1768 2867 1823 quae
2892 1754 2964 1808 ita
2997 1754 3049 1809 in
3079 1758 3285 1813 unitate
3309 1772 3687 1816 convenerunt

426 1848 623 1902 virtute
663 1848 1009 1914 inviolabilis,
1052 1858 1107 1904 et
1144 1849 1200 1903 in
1244 1859 1426 1904 nostra
1469 1850 1781 1905 inﬁrmitate
1822 1851 1999 1921 passi-

423 1936 565 2002 bilis,
600 1938 739 1993 idem
774 1955 804 1993 a
829 1948 1056 2009 paterno
1094 1941 1353 1995 indivisus
1378 1941 1591 2006 throno,
1622 1942 1769 1995 etab
1820 1942 2002 2012 impiis

424 2027 715 2083 cruciﬁxus
752 2030 803 2084 in
841 2030 1002 2100 ligno.
1039 2030 1183 2085 Idem
1219 2041 1303 2085 est
1338 2046 1498 2101 super
1525 2032 1786 2086 caelorum
1820 2031 2004 2086 altitu-

426 2119 580 2173 dines
604 2120 778 2174 victor
805 2122 996 2175 mortis
1025 2122 1338 2183 ascendens,
1368 2133 1423 2175 et
1452 2137 1622 2190 usque
1652 2123 1717 2176 ad
1748 2137 2002 2178 consum-

421 2209 715 2263 mationem
763 2211 945 2266 smeuli
993 2212 1299 2266 universam
1338 2211 1631 2267 Ecclesium
1680 2227 1786 2266 non
1838 2213 2003 2268 relin-

422 2315 614 2368 quens.
655 2301 800 2356 idem
836 2312 1110 2373 postremo
1136 2312 1217 2358 est
1255 2305 1345 2374 qui
1382 2305 1436 2357 in
1464 2304 1650 2359 eadem
1680 2320 1784 2373 qua
1815 2320 2002 2360 ascen-

423 2392 503 2444 dit
543 2406 707 2446 carne
735 2402 1011 2455 vxnt‘urus,
1042 2395 1185 2448 sicut
1217 2392 1479 2461 judicium
1517 2394 1771 2448 sustinuit
1812 2393 2003 2465 impio-

422 2497 563 2546 rum,
595 2484 668 2537 ita
695 2482 1033 2550 iudicaturus
1059 2495 1141 2539 est
1171 2486 1235 2539 de
1266 2485 1507 2539 omnium
1549 2485 1762 2539 actione
1801 2493 2003 2540 morta-

424 2573 576 2627 lium.
629 2574 797 2638 Unde,
860 2589 926 2628 ne
973 2575 1218 2645 pluribus
1263 2576 1586 2630 testimoniis
1633 2576 1997 2641 immoremur,

418 2674 588 2719 unum
627 2667 822 2720 sufﬁcit
858 2682 921 2722 ex
950 2668 1242 2737 Evangelio
1276 2668 1420 2723 beati
1460 2666 1681 2723 Joannis
1717 2668 1999 2735 adhibere,

419 2756 568 2819 quod
602 2756 715 2824 ipse
741 2756 998 2812 Dominus
1046 2767 1231 2812 noster
1279 2760 1380 2813 hoc
1431 2758 1561 2812 dicit
1593 2774 1607 2811 :
1646 2758 1809 2811 Amen
1850 2773 2000 2814 amen

424 2846 543 2899 dico
568 2847 729 2911 vobis,
752 2848 875 2918 quia
905 2849 1035 2902 venit
1060 2850 1191 2902 liora
1217 2858 1265 2902 et
1294 2864 1430 2902 nunc
1464 2858 1539 2902 est
1569 2850 1778 2919 quando
1804 2850 2001 2904 mortui

420 2931 636 2984 audient
659 2949 833 2986 vocem
860 2931 987 2987 Filii
1009 2933 1125 2999 Dei,
1154 2944 1199 2987 et
1223 2935 1311 3004 qui
1337 2935 1598 2988 audierint
1632 2936 1819 2992 vivent.
1852 2932 2000 2990 Sicut

421 3019 556 3072 enim
584 3016 743 3073 Pater
760 3020 910 3074 habet
937 3023 1101 3075 citam
1131 3023 1182 3074 in
1207 3023 1498 3092 semetipso,
1521 3024 1597 3076 sic
1618 3023 1760 3077 dedit
1781 3032 1831 3076 et
1854 3021 1995 3080 Filio

422 3112 581 3165 vitam
607 3112 797 3165 habere
832 3113 888 3165 in
912 3114 1204 3179 semetipso,
1232 3125 1279 3167 et
1310 3123 1615 3184 potestatem
1646 3113 1788 3168 dedit
1822 3115 1871 3169 ei
1900 3113 1996 3184 ju-

422 3201 620 3253 ’dicium
650 3201 842 3268 facere,
878 3200 1003 3271 quia
1025 3202 1168 3269 ﬁlius
1201 3204 1424 3256 hominis
1454 3212 1549 3256 est.
1596 3203 1736 3274 Ergo
1765 3205 1865 3260 sub
1890 3220 1997 3259 una

421 3290 709 3354 sententia,
739 3292 863 3360 quia
895 3290 1064 3345 Filius
1094 3292 1185 3347 Dei
1218 3302 1317 3354 est,
1352 3302 1517 3363 atque
1552 3295 1677 3364 quia
1716 3295 1863 3351 ﬁlius
1893 3296 1993 3351 ho-

422 3380 585 3434 n.iuis
621 3389 726 3445 est,
766 3389 989 3452 apparet
1020 3383 1468 3451 quemadmodum
1504 3383 1777 3441 Christum
1813 3387 1997 3445 Domi-

417 3485 549 3523 num
580 3469 634 3523 in
665 3471 869 3525 unitate
894 3484 1137 3542 persona:
1159 3473 1378 3528 credere
1404 3475 1723 3542 debeamus;
1751 3477 1845 3548 qui
1873 3492 1995 3532 cum

416 3561 492 3614 sit
521 3560 687 3616 Filius
712 3561 803 3618 Dei
827 3574 928 3632 per
953 3578 1112 3633 quem
1142 3563 1267 3617 lacti
1298 3580 1505 3631 sumus,
1534 3567 1695 3622 etiam
1725 3566 1867 3623 ﬁlius
1894 3568 1995 3623 ho-

416 3649 585 3704 minis
622 3665 719 3719 per
754 3652 1175 3721 assumptionem
1215 3652 1391 3708 factus
1424 3663 1508 3710 est
1537 3658 1739 3722 carnis,
1776 3665 1839 3711 ut
1873 3672 1993 3712 mo-

421 3749 653 3805 reretur,
683 3742 818 3796 sicut
856 3741 931 3795 ait
958 3742 1269 3811 Apostolus,
1297 3754 1520 3814 propter
1551 3746 1747 3803 delicta
1785 3759 1993 3815 nostra,

422 3840 476 3883 rt
510 3841 816 3902 resurgeret
841 3840 1063 3902 propter
1081 3830 1520 3901 justiﬁcutionem
1561 3845 1824 3902 nostram,
1856 3853 1996 3894 unus

416 3921 670 3990 idemque
694 3924 835 3977 Deus
870 3923 1033 3977 homo
1064 3931 1119 3977 et
1144 3924 1305 3977 homo
1329 3924 1488 3991 Deus,
1517 3924 1685 3981 Filius
1708 3926 1824 3993 Dei,
1853 3926 1995 3983 ﬁlius

424 4013 688 4080 hominis;
722 4025 775 4070 et
812 4016 954 4073 ﬁlius
991 4019 1243 4083 homins,
1282 4019 1448 4075 Filius
1477 4022 1594 4076 Dei.
1619 4022 1820 4077 Verum
1861 4036 1996 4092 quo-

421 4103 568 4155 niam
598 4105 811 4158 nonnisi
840 4120 907 4160 ex
937 4115 1163 4175 utroque
1194 4108 1484 4162 salvamur.
1524 4110 1670 4165 Talis
1703 4111 1847 4165 enim
1878 4119 1996 4167 erat

423 4190 700 4246 hominum
733 4208 762 4245 a
798 4195 988 4262 primis
1023 4197 1181 4249 ductu
1219 4197 1552 4265 genitoribus
1590 4213 1752 4253 causa
1792 4210 1995 4254 morta-

417 4284 552 4336 lium
599 4292 657 4337 ut
695 4285 941 4356 originali
982 4296 1203 4355 peccato
1252 4296 1567 4344 transeunte
1611 4306 1707 4360 per
1749 4300 1995 4361 posteros

424 4372 600 4431 nullus
644 4391 858 4447 pmnam
908 4378 1269 4433 damnationis
1317 4380 1568 4433 evaderet
1612 4381 1715 4436 nisi
1756 4382 1990 4437 Verbum

422 4485 550 4523 raro
578 4469 728 4525 ﬁeret
771 4478 825 4527 et
851 4470 1120 4525 habitaret
1152 4471 1204 4525 in
1232 4469 1405 4524 nobis.
1457 4470 1564 4525 Nec
1587 4471 1730 4524 enim
1756 4472 1992 4527 Verbum

425 4568 518 4611 aut
554 4558 604 4611 in
635 4574 854 4613 carnem
885 4568 978 4614 aut
1008 4559 1058 4613 in
1089 4560 1323 4613 animam
1364 4559 1544 4628 aliqua
1573 4558 1655 4613 sui
1686 4568 1837 4629 parte
1864 4574 1993 4615 eon—

427 4663 638 4703 versum
667 4656 770 4713 est,
800 4664 920 4704 cum
955 4649 1181 4717 simplex
1212 4657 1267 4703 et
1307 4647 1762 4704 incommutabilis
1796 4658 1991 4705 natura

421 4740 640 4794 deitatis
664 4746 770 4794 tota
794 4741 848 4794 in
875 4718 974 4795 sui:
995 4740 1067 4794 sit
1093 4755 1304 4810 semper
1329 4742 1584 4804 essentia,
1614 4756 1716 4796 nec
1736 4741 1989 4797 damnum

424 4834 506 4888 sui
542 4834 808 4904 recipiens
841 4849 940 4889 nec
968 4840 1336 4902 augmentum.
1368 4832 1436 4886 Et
1460 4832 1540 4887 sic
1566 4841 1986 4902 assumptam....

582 4927 877 4999 glorLﬁcata
898 4927 951 4980 in
977 4925 1308 4995 gloriﬁcante
1326 4933 1657 4995 permaneat.
1682 4924 1791 4979 Cur
1810 4933 1987 4979 autem

424 5019 801 5074 inconveniens
850 5025 944 5071 aut
989 5015 1316 5086 impossibile
1360 5015 1606 5069 videatur
1650 5024 1709 5069 ut
1752 5014 1985 5069 Verbum

422 5127 551 5165 raro
587 5118 750 5179 atque
788 5110 967 5163 anima
1005 5124 1142 5163 unus
1168 5106 1327 5162 Jesus
1355 5104 1602 5161 Christus
1636 5114 1689 5160 et
1721 5122 1858 5160 unus
1894 5107 1986 5160 Dei

425 5201 765 5269 hominisque
800 5202 869 5255 sit
900 5200 1087 5266 Filius,
1125 5201 1169 5255 si
1207 5216 1335 5258 caro
1371 5208 1428 5254 et
1452 5200 1651 5264 anima,
1680 5215 1798 5267 qua:
1831 5199 1991 5254 dissi-

418 5292 626 5346 milium
671 5302 984 5347 naturarum
1029 5301 1171 5356 sunt,
1219 5306 1379 5345 unam
1432 5290 1632 5345 faciant
1674 5292 1834 5343 etiam
1870 5291 1987 5343 sine

424 5382 580 5434 Ve'bi
612 5383 982 5437 incarnatione
1007 5398 1312 5450 personam,
1338 5397 1456 5435 cum
1488 5380 1655 5434 multo
1685 5379 1893 5433 facilius
1921 5380 1993 5431 sit

421 5480 472 5520 ιν·
509 5472 643 5525 hanc
674 5476 931 5527 unitatem
964 5473 1046 5525 sui
1076 5481 1237 5540 atque
1264 5472 1496 5525 hominis
1526 5470 1744 5523 deitatis
1774 5476 1992 5539 praestet

420 5563 657 5621 potestas
683 5572 843 5622 quam
879 5565 937 5607 ut
969 5572 1085 5610 eam
1117 5558 1168 5609 in
1201 5555 1516 5611 substantiis
1554 5556 1793 5609 obtineat
1823 5555 1988 5609 solius

422 5639 771 5693 lttttuatzitutis
811 5644 1107 5695 inﬁrmitas.

2017 4437 2069 4496 D

2102 1848 2160 1894 ut
2185 1855 2286 1895 nec
2310 1843 2703 1911 separationem
2728 1844 2936 1913 possint
2960 1846 3155 1901 habere
3179 1864 3280 1903 nec
3305 1850 3488 1915 ﬁnem,
3516 1868 3684 1909 verus

2100 1928 2263 1983 homo
2276 1944 2402 1984 vero
2422 1930 2601 1985 unitas
2614 1929 2740 1995 Deo,
2759 1947 2860 1987 nec
2873 1936 3166 1990 secundum
3190 1938 3515 1995 existentem
3530 1943 3685 2011 prius

2101 2020 2336 2075 animam
2381 2022 2641 2078 deductus
2688 2038 2720 2079 e
2759 2025 2937 2091 caelis,
2979 2042 3078 2081 nec
3124 2031 3420 2085 secundum
3443 2048 3669 2087 carnem

2101 2125 2317 2169 creatus
2349 2129 2417 2169 ex
2458 2116 2647 2181 nihilo,
2679 2117 2923 2171 eamdem
2954 2134 3147 2190 gerens
3192 2122 3250 2176 in
3280 2123 3444 2178 Verbi
3475 2126 3680 2182 deitate

2100 2218 2387 2274 personam
2432 2217 2492 2259 ut
2538 2206 2741 2262 veritas
2783 2207 3125 2265 aﬂ‘ectionum
3164 2213 3265 2267 sub
3306 2216 3676 2272 moderamine

2099 2292 2320 2348 deitatis
2357 2303 2501 2350 esset
2534 2304 2593 2351 et
2630 2298 2857 2365 mentis,
2884 2307 2941 2354 et
2975 2308 3167 2356 tenens
3199 2317 3541 2359 communem
3580 2323 3680 2361 no-

2100 2383 2308 2439 biscum
2352 2385 2406 2439 in
2444 2400 2673 2455 corpore
2718 2388 3008 2459 animaque
3058 2399 3330 2448 naturam.
3378 2393 3495 2449 Non
3525 2398 3673 2451 enim

2100 2482 2247 2529 esset
2293 2474 2387 2529 Dei
2435 2475 2820 2547 hominumque
2883 2478 3148 2536 mediator
3194 2482 3300 2537 nisi
3344 2483 3481 2538 idem
3535 2485 3678 2539 Deus

2099 2566 2352 2637 idemque
2391 2568 2555 2623 homo
2600 2568 2655 2622 in
2701 2577 2933 2639 utroque
2969 2580 3025 2626 et
3059 2588 3200 2629 unus
3229 2582 3374 2629 esset
3406 2583 3463 2629 et
3491 2591 3675 2630 verus.

2100 2653 2178 2711 De
2205 2671 2314 2725 quo
2347 2672 2457 2712 uno
2484 2673 2722 2727 veroque
2758 2660 2916 2715 docet
2955 2661 3151 2718 beatus
3191 2664 3465 2733 apostolus
3484 2665 3679 2721 Petrus

2099 2760 2353 2817 magnum
2390 2762 2510 2803 esse
2543 2749 2763 2818 pietatis
2815 2749 3215 2806 sacramentum
3243 2770 3256 2804 :
3283 2752 3433 2818 Quod
3456 2754 3675 2824 manife-

2099 2848 2299 2894 statum
2321 2849 2423 2907 est,
2450 2841 2645 2910 inquit,
2665 2842 2721 2895 in
2742 2858 2919 2907 carne,
2933 2843 3283 2912 justiﬁcatum
3303 2855 3376 2898 est
3394 2846 3449 2898 in
3469 2846 3680 2914 spiritu,

2097 2931 2343 3003 apparuit
2382 2930 2603 3002 angelis,
2642 2932 2987 3003 prcdicatum
3017 2943 3092 2987 est
3123 2934 3382 3004 gentibus,
3419 2936 3677 2989 creditum

2099 3032 2174 3078 est
2199 3024 2256 3079 in
2273 3024 2374 3078 hoc
2396 3025 2610 3089 mundo,
2638 3033 2963 3094 assumptum
2985 3026 3135 3079 estin
3156 3024 3345 3095 gloria.
3378 3026 3510 3079 Item
3536 3028 3677 3080 unde

2099 3128 2260 3184 supra
2296 3124 2517 3170 sanctus
2555 3113 2791 3168 Hilarius
2828 3114 2885 3167 in
2925 3112 3121 3169 divinis
3154 3114 3495 3182 dogmatibus
3542 3115 3673 3168 insi-

2093 3206 2274 3276 gniter
2327 3206 2660 3260 orthodoxus
2711 3204 2785 3259 ita
2834 3214 2917 3261 est
2969 3220 3165 3261 orsus:
3197 3224 3215 3257 ι
3244 3205 3376 3259 Cum
3430 3206 3670 3261 Verbum

2097 3294 2240 3350 Deus
2268 3294 2322 3348 in
2342 3302 2682 3349 sacramento
2711 3301 2919 3347 natura:
2946 3308 3057 3348 suae
3082 3308 3300 3348 manens
3324 3293 3486 3347 homo
3513 3303 3678 3348 natus

2097 3386 2187 3447 sit,
2224 3393 2382 3439 natus
2414 3390 2592 3438 autem
2623 3391 2707 3437 est
2744 3396 2851 3436 non
2884 3389 2943 3436 ut
2970 3390 3117 3437 esset
3152 3382 3305 3448 alius,
3336 3383 3431 3436 sed
3459 3391 3521 3437 ut
3550 3392 3676 3438 ante

2097 3473 2372 3528 hominem
2404 3474 2546 3528 Deus
2581 3471 2879 3543 suscipiens
2900 3471 3169 3527 hominem
3199 3473 3358 3528 homo
3382 3472 3525 3528 Deus
3553 3488 3676 3542 pos-

2096 3560 2171 3616 sit
2194 3560 2440 3632 intelligi.
2478 3560 2612 3615 Nam
2638 3562 2910 3632 quomodo
2935 3560 3095 3617 Jesus
3115 3561 3366 3618 Christus
3390 3564 3483 3617 Dei
3506 3564 3674 3619 Filius

2096 3661 2256 3707 natus
2293 3667 2359 3706 ex
2393 3651 2558 3707 Maria
2593 3660 2699 3715 est,
2733 3652 2838 3706 nisi
2869 3651 3013 3721 quoi
3046 3650 3273 3705 verbum
3313 3666 3443 3706 caro
3471 3652 3670 3707 factum

2096 3752 2204 3808 est,
2231 3743 2436 3799 scilicet
2456 3744 2600 3813 quo-.l
2622 3742 2790 3796 Filius
2813 3742 2930 3805 Dei,
2957 3756 3078 3795 cum
3109 3740 3165 3795 in
3192 3740 3367 3795 lorma
3389 3743 3482 3796 Dei
3504 3751 3670 3806 esset,

2098 3832 2332 3888 formam
2362 3834 2506 3888 servi
2536 3833 2778 3902 accepit?
2814 3852 2832 3884 ι
2869 3830 3003 3886 Cum
3037 3845 3166 3901 ergo
3192 3831 3452 3887 Dominus
3477 3842 3531 3887 et
3566 3834 3667 3886 sat.

2093 3932 2252 3979 vator
2296 3933 2481 3980 noster
2516 3923 2676 3979 Iesus
2701 3923 2949 3979 Christus
2989 3934 3046 3979 et
3087 3933 3247 3978 natus
3292 3932 3352 3978 et
3392 3939 3584 3993 passus
3620 3936 3672 3977 et

2094 4025 2342 4073 mortuus
2377 4026 2434 4072 et
2474 4018 2717 4089 sepultus
2754 4020 2826 4074 sit
2863 4028 2917 4075 et
2952 4020 3335 4084 resurrexerit,
3364 4033 3472 4072 non
3500 4026 3673 4087 potest

2095 4105 2150 4160 in
2180 4106 2263 4160 his
2290 4117 2751 4163 sacramentorum
2797 4109 3202 4164 diversitatibus
3231 4108 3299 4161 ab
3337 4122 3396 4162 se
3422 4108 3672 4161 dividens

2094 4210 2215 4252 esse
2241 4212 2310 4251 ne
2336 4196 2587 4252 Christus
2615 4197 2705 4263 sit,
2749 4212 2874 4252 cum
2916 4214 3025 4252 non
3069 4196 3208 4251 alius
3234 4195 3483 4250 Christus
3507 4211 3667 4265 quam

2093 4289 2186 4357 qui
2220 4288 2276 4343 in
2300 4288 2476 4344 forma
2504 4288 2598 4342 Dei
2627 4298 2744 4343 erat
2775 4289 3000 4344 formam
3047 4289 3190 4343 servi
3221 4288 3451 4357 accepit,
3495 4302 3669 4356 neque

2094 4381 2232 4434 alius
2258 4395 2424 4449 quam
2457 4381 2552 4449 qui
2592 4392 2751 4435 natus
2787 4389 2870 4436 est
2903 4389 3151 4437 mortuus
3184 4388 3287 4445 est,
3322 4394 3492 4448 neque
3530 4380 3667 4432 alius

2095 4486 2257 4542 quam
2287 4470 2377 4541 qui
2408 4479 2652 4526 mortuus
2677 4479 2756 4525 est
2799 4472 3120 4536 resurrexit,
3144 4485 3320 4539 neque
3342 4470 3480 4525 alius
3504 4485 3663 4539 quam

2093 4560 2184 4632 qui
2214 4560 2509 4614 resurrexit
2533 4560 2605 4614 sit
2635 4561 2687 4614 in
2716 4559 2892 4626 cmlis,
2921 4561 2974 4614 in
3004 4560 3157 4616 cmlis
3181 4567 3361 4613 autem
3392 4574 3499 4613 non
3531 4559 3665 4612 alius

2093 4652 2165 4706 sit
2189 4667 2347 4721 quam
2374 4652 2465 4719 qui
2492 4650 2774 4705 descendit
2796 4651 2863 4706 de
2890 4651 3060 4706 caelis.
3081 4651 3253 4705 Homo
3278 4652 3462 4719 itaque
3482 4651 3660 4703 Domi-

2093 4758 2196 4796 nus
2220 4740 2380 4797 Jesus
2407 4740 2654 4797 Christus
2684 4742 2991 4811 unigenitus
3021 4742 3184 4805 Deus,
3225 4756 3323 4810 per
3350 4755 3569 4795 carnem
3610 4751 3665 4794 et
3708 4777 3729 4793 μ

2092 4831 2318 4884 verbum
2357 4838 2415 4882 ut
2443 4830 2675 4884 hominis
2728 4829 2870 4883 ﬁlius
2907 4828 2981 4883 ita
3009 4838 3065 4883 et
3091 4829 3183 4883 Dei
3212 4829 3397 4883 Filius.
3437 4830 3574 4882 Audi
3610 4831 3661 4881 in

2096 4919 2200 4975 hoc
2222 4918 2530 4988 apostolica:
2556 4918 2815 4972 doctrina:
2836 4917 3121 4981 eruditam,
3147 4933 3253 4971 non
3276 4919 3458 4973 carnis
3481 4934 3663 4977 sensu,

2094 5011 2187 5066 sed
2216 5012 2357 5065 dono
2389 5009 2650 5079 Spiritus,
2689 5007 2870 5072 ﬁdem,
2890 5024 3011 5064 cum
3030 5007 3232 5064 Graecis
3262 5008 3583 5079 sapientiam
3609 5019 3666 5062 et

2091 5099 2291 5156 Iudaeis
2309 5101 2459 5170 signa
2476 5099 2778 5169 petentibus
2798 5098 3058 5167 loquitur:
3086 5099 3197 5153 Nos
3213 5109 3384 5152 autem
3407 5099 3663 5169 prafdim-

2094 5209 2210 5245 mus
2232 5189 2411 5245 Jesum
2444 5189 2707 5243 Christum
2735 5198 2782 5242 et
2807 5189 2944 5243 hunc
2964 5190 3294 5257 cruciﬁxum.
3315 5188 3522 5242 luds-is
3551 5208 3599 5258 qr
3624 5191 3666 5239 Ξ-

2093 5281 2209 5335 dem
2235 5277 2565 5342 scandalum,
2580 5277 2815 5347 gentibus
2835 5293 3005 5332 autem
3025 5277 3322 5342 stultitiam,
3343 5278 3472 5346 ipsis
3490 5287 3665 5331 autem

2096 5370 2288 5425 roratis
2309 5368 2512 5421 Juda'is
2541 5377 2588 5420 et
2605 5364 2644 5418 (ἶ
2654 5367 2798 5420 mrcis
2812 5366 2845 5419 J
2850 5383 2991 5421 esum
3014 5367 3275 5421 Christum
3298 5368 3400 5420 Dei
3424 5369 3667 5422 virtutem

2092 5470 2142 5515 ct
2165 5460 2257 5513 Dei
2296 5459 2625 5527 sapientiam.
2682 5456 2929 5525 Nunquid
2959 5458 3162 5511 divisus
3191 5466 3274 5512 est
3299 5456 3585 5526 Christus,
3608 5466 3668 5512 nt

2093 5550 2230 5604 alius
2267 5544 2337 5602 sit
2382 5547 2674 5603 cruciﬁxus
2715 5558 2768 5601 ct
2805 5548 2942 5602 alius
2976 5548 3224 5604 Christus
3262 5548 3437 5601 virtus
3482 5562 3537 5601 et
3582 5564 3668 5603 sa-

2092 5639 2289 5708 pirnt'ta
2321 5636 2446 5689 Uri?
2484 5637 2547 5688 iit
2588 5653 2711 5689 cum
2746 5638 2881 5691 idem
2920 5654 3057 5691 unus
3096 5646 3252 5702 atque
3280 5655 3422 5689 unus
3448 5638 3544 5697 sit,
3579 5640 3665 5692 «tc-
