4014 6186
461 245 483 299 i
491 244 595 301 ιθθ

1689 244 2075 306 OPUSCULA.
2116 248 2360 306 OPUSC.
2400 249 2461 304 ll.

3559 265 3694 321 N10

451 359 720 414 sccndens
752 367 808 414 et
851 359 1178 425 ascendens,
1245 376 1383 414 unus
1418 375 1632 430 quoque
1671 362 1827 415 nobis
1865 359 2021 417 Iasus
2049 366 2097 424 Α
2124 378 2227 416 nus
2272 363 2544 420 Feliciauo
2590 378 2864 436 exponens
2886 368 3111 440 Ariano,
3155 373 3298 431 inter
3346 385 3540 433 cetera
3585 382 3690 435 ait:

450 448 701 505 Christus
728 450 798 504 sit
824 449 913 503 Dei
946 449 1112 504 Filius
1145 459 1199 504 et
1227 451 1461 505 hominis
1491 451 1650 513 ﬁlius,
1695 460 1751 505 et
1782 449 2016 504 Verbum

457 536 595 592 Deus
614 546 667 592 et
689 538 848 591 homo
874 552 1019 599 caro.
1042 548 1096 593 et
1116 555 1306 609 passus
1329 548 1383 593 et
1408 548 1654 593 mortuus
1678 548 1733 593 et
1757 540 2016 609 sepultus,

453 634 507 681 et
543 641 825 696 resurgens
864 627 914 680 in
952 628 1147 681 eadem
1189 636 1460 698 receptus,
1507 628 1701 683 sedens
1746 643 1778 682 a
1812 629 2019 683 dextris

452 719 564 783 Dei,
595 719 799 775 habens
829 722 878 774 iu
905 737 961 775 se
989 739 1093 775 uno
1122 723 1417 791 eodemque
1442 738 1539 793 per
1564 722 2017 791 dispensationem

450 819 611 880 atque
646 820 889 864 naturam
935 814 984 864 in
1015 813 1104 865 Dei
1142 814 1309 867 forma
1339 823 1394 867 et
1425 813 1479 867 in
1516 813 1690 867 forma
1729 814 1870 868 servi
1901 814 2018 867 sine

450 903 627 972 aliqua
656 906 993 973 separatione
1021 906 1163 974 quod
1190 907 1350 960 homo
1375 915 1477 971 est,
1509 917 1565 961 et
1589 906 1852 961 divisione
1876 905 2018 976 quod

452 993 593 1047 Deus
618 1003 719 1058 est,
748 1008 851 1046 non
881 995 1189 1064 ambiguum
1227 996 1280 1049 in
1308 1010 1416 1064 quo
1446 1003 1786 1051 sacramento
1813 1005 1869 1050 et
1893 1011 2019 1066 pas-

452 1099 544 1138 sus
572 1093 654 1137 est
688 1093 742 1138 et
766 1084 989 1138 viveret.
1022 1085 1087 1138 Et
1114 1101 1234 1139 cum
1265 1087 1316 1139 in
1348 1087 1536 1141 eodem
1561 1094 1705 1141 esset
1732 1086 2020 1141 inﬁrmitas

452 1176 518 1229 ad
554 1175 859 1245 passionem
899 1184 950 1229 et
992 1176 1060 1230 ad
1101 1177 1268 1231 vitam
1291 1178 1385 1231 Dei
1416 1177 1611 1242 virtus,
1637 1192 1744 1232 non
1774 1177 1912 1232 alius
1944 1177 2017 1231 ita

450 1266 653 1319 divisus
684 1281 712 1318 a
743 1281 801 1319 se
829 1273 972 1320 esset
997 1267 1091 1335 qui
1115 1274 1171 1321 et
1192 1275 1469 1337 pateretur
1494 1276 1548 1322 et
1573 1269 1798 1322 viveret.
1821 1266 2021 1323 Passus

449 1360 530 1405 cst
559 1352 699 1409 enim
731 1351 1037 1421 unigenitus
1064 1353 1202 1409 Deus
1231 1370 1349 1423 qua:
1373 1355 1617 1410 homines
1641 1356 1749 1425 pati
1774 1364 2017 1425 possunt,

450 1439 587 1492 sicut
607 1438 739 1493 dicit
760 1440 1048 1509 Apostolus
1073 1458 1085 1494 :
1114 1439 1250 1506 Quia
1278 1443 1324 1496 si
1357 1442 1623 1513 confessus
1653 1443 1816 1513 fueris
1844 1444 1901 1499 in
1930 1460 2020 1497 ore

449 1538 538 1579 tuo
569 1527 847 1582 Dominum
876 1529 1075 1593 Iesum,
1108 1540 1156 1583 et
1185 1532 1240 1585 in
1271 1539 1426 1585 corde
1460 1541 1548 1585 tuo
1577 1533 1859 1587 credideris
1881 1534 2020 1604 quod

449 1615 589 1669 Deus
611 1616 758 1671 illum
780 1620 1020 1672 excitavit
1046 1637 1078 1673 a
1101 1622 1338 1684 mortuis,
1363 1621 1537 1676 salvus
1562 1623 1691 1687 eris,
1715 1624 1903 1691 salvus.
1920 1625 2020 1678 uti-

2125 469 2144 503 ι
2181 452 2296 509 Non
2333 455 2469 510 alius
2505 456 2665 511 homo
2705 474 2934 530 corpus,
2969 462 3108 519 alius
3148 467 3377 525 animus.
3432 470 3692 540 Quamvis

2117 541 2263 597 aliud
2292 544 2528 608 animus,
2563 547 2710 601 aliud
2736 564 2952 619 corpus,
2984 568 3124 608 unus
3154 562 3330 612 tamen
3362 570 3523 629 atque
3552 563 3691 617 idem

2120 632 2284 688 homo
2330 642 2387 688 et
2430 650 2627 705 corpus
2672 637 2898 693 docetur
2946 653 3002 696 et
3046 644 3277 700 animus.
3333 647 3543 705 Rursus
3585 666 3694 707 non

2120 736 2285 777 unum
2339 730 2500 790 atque
2547 723 2779 793 idipsum
2831 742 3026 798 corpus
3081 732 3307 788 docetur
3349 745 3404 791 et
3460 741 3692 806 animus,

2119 810 2245 879 quia
2287 826 2353 865 ex
2393 820 2626 884 utroque
2666 817 2830 871 homo
2864 817 3039 875 factus
3078 831 3162 876 est
3194 840 3351 879 unus.
3394 825 3509 881 Non
3548 831 3691 882 enim

2119 897 2233 951 haec
2274 906 2369 952 aut
2408 901 2738 958 substantias
2786 905 3120 963 confundunt
3157 910 3210 966 in
3253 914 3512 970 unitatem
3560 934 3685 987 per-

2120 999 2286 1052 sonat,
2326 996 2420 1040 aut
2448 1003 2732 1057 personam
2781 994 3057 1061 geminant
3095 998 3408 1057 diversitate
3446 1008 3693 1061 substan-

2120 1074 2226 1139 tia},
2251 1076 2684 1147 quandoquidem
2709 1096 2848 1136 unus
2872 1096 2939 1137 ex
2968 1084 3053 1139 his
3077 1086 3240 1143 homo
3261 1095 3502 1148 noscitur
3528 1098 3692 1151 exsti-

2119 1164 2268 1218 tisse.
2298 1164 2413 1220 Non
2443 1168 2673 1236 perdunt
2699 1173 2950 1241 propria;
2984 1176 3078 1230 sed
3103 1178 3227 1245 quia
3260 1180 3312 1232 in
3340 1197 3505 1236 unum
3535 1194 3693 1253 atque

2121 1252 2559 1325 inseparabiliter
2585 1262 2933 1328 conveniunt,
2968 1279 3036 1319 ex
3061 1270 3297 1336 propriis
3332 1273 3587 1326 vident-ur
3614 1275 3694 1327 fa-

2119 1349 2206 1393 cta
2243 1343 2566 1398 communia.
2594 1344 2835 1415 Allicitur
2872 1350 2926 1404 in
2963 1368 3191 1423 corpore
3226 1373 3381 1413 mens
3419 1360 3695 1420 dolor-ibus

2119 1431 2383 1501 corporis,
2435 1433 2697 1506 fatigatur
2750 1453 2947 1509 corpus
3000 1445 3417 1514 cogitationibus
3464 1454 3691 1519 mentis;

2119 1527 2175 1577 et
2202 1535 2368 1577 unum
2399 1531 2580 1609 tamen
2612 1526 2801 1583 horum
2830 1534 3110 1601 proprium
3146 1545 3231 1592 est
3269 1541 3531 1609 corporis,
3558 1545 3695 1600 alte-

2124 1622 2243 1661 rum
2284 1611 2499 1666 mentis.
2529 1603 2659 1682 Quae
2685 1616 2811 1672 dum
2852 1621 2944 1673 uni
2972 1622 3180 1677 homini
3218 1628 3535 1695 acciderint,
3568 1647 3694 1688 eor-

448 1726 551 1778 qm
590 1711 860 1765 credendo
898 1722 952 1766 οι
989 1713 1294 1769 conmendo
1325 1715 1610 1771 Dominum
1638 1715 1823 1772 Iesum
1860 1733 1929 1774 ex
1957 1734 2015 1773 se
2044 1707 2090 1766 Β
2116 1698 2263 1790 poris
2292 1715 2577 1757 commune
2601 1705 2854 1763 videntur
2878 1720 2933 1764 et
2964 1713 3182 1770 mentis.
3211 1713 3304 1771 Sic
3336 1727 3458 1787 post
3480 1731 3691 1790 partum

447 1802 563 1869 ipso
590 1814 644 1857 et
672 1804 805 1857 muri
834 1813 885 1858 et
918 1820 1194 1874 resurgere
1220 1806 1478 1875 potuisse.
1513 1808 1623 1862 Nec
1646 1809 1811 1875 enim,
1833 1811 1879 1865 si
1909 1826 2014 1865 non

446 1891 607 1948 homo
633 1903 797 1959 esset,
832 1895 965 1948 mori
998 1897 1278 1965 potuisset,
1308 1910 1507 1968 neque,
1530 1899 1574 1953 si
1599 1915 1705 1954 non
1734 1900 1898 1966 Deus,
1932 1917 2014 1957 re-

447 1993 705 2054 surgeret.
755 1986 904 2041 Unus
944 1987 1212 2057 idemque,
1243 1989 1343 2043 etsi
1371 1989 1661 2045 cruciﬁxus
1693 2005 1761 2046 ex
1790 1991 2017 2070 inﬁrmi-

450 2083 577 2140 tate,
606 2075 695 2130 sed
723 2077 858 2131 vivit
886 2093 950 2132 ex
978 2079 1177 2133 virtute
1201 2078 1315 2133 Dei.
1349 2079 1502 2147 Quod
1537 2080 1788 2135 salutaris
1825 2082 2013 2153 dogma

447 2163 801 2235 salutarisque
829 2167 1097 2222 confessio
1126 2168 1489 2224 misericordia
1518 2170 1611 2224 Dei
1640 2170 1832 2227 melior
1856 2187 2018 2240 super

444 2254 609 2317 vitas,
635 2257 817 2324 quidni
852 2259 1085 2316 salutare
1112 2261 1284 2315 vultus
1312 2262 1416 2316 mei
1446 2270 1499 2315 et
1523 2261 1663 2317 Deus
1687 2278 1857 2327 meus,
1890 2264 2016 2319 licet

446 2346 721 2416 prpprium
748 2356 1025 2418 syntagma
1055 2361 1305 2419 exposcat
1331 2353 1764 2410 testiﬁcationem
1790 2358 2015 2410 authen-

449 2435 676 2489 ticorum
714 2436 1083 2506 multiplicem,
1116 2438 1422 2510 Stephanus
1448 2450 1625 2499 tamen
1648 2445 1930 2515 episc0pus
1955 2446 2008 2502 in

447 2525 702 2593 encycliis
739 2527 806 2579 ad
834 2525 1066 2580 Leonem
1097 2529 1395 2598 principem
1427 2530 1620 2586 exinde
1647 2533 1887 2588 scribens
1916 2534 2017 2589 mi-

447 2613 686 2667 rabiliter
714 2615 843 2669 dicit
869 2632 882 2671 :
913 2634 930 2665 ι
960 2615 1179 2672 lndutus
1203 2618 1471 2673 estFilius
1495 2619 1728 2674 tunicam
1753 2622 2013 2690 corporis,

448 2703 548 2756 hoc
573 2712 672 2768 est,
698 2705 961 2774 integrum
988 2705 1281 2771 hominem,
1305 2709 1370 2763 de
1395 2718 1580 2763 sancta
1600 2710 1826 2782 virgine,
1852 2729 2014 2782 quam

447 2802 667 2848 sanctus
712 2794 946 2865 Spiritus
995 2797 1183 2850 texuit.
1248 2797 1601 2853 Inell‘abiliter
1647 2801 1701 2855 in
1745 2800 2011 2871 ingressu,

447 2880 876 2939 inenarrabiliter
911 2884 964 2940 in
1000 2899 1240 2954 egressu,
1288 2885 1902 2954 incomprehensibiliter
1931 2889 2014 2942 in-

447 2986 662 3038 gressus
690 2981 772 3027 est
799 2973 1105 3039 invisibilis,
1134 2989 1384 3045 egressus
1414 2983 1497 3030 est
1524 2976 1766 3033 visibilis.
1793 2979 2008 3050 ingres-

2115 1786 2337 1867 virg‘nis
2383 1806 2488 1847 non
2536 1793 2672 1850 alius
2703 1796 2797 1851 Dei
2829 1807 2883 1853 et
2926 1800 3064 1857 alius
3110 1786 3365 1872 hominis,
3415 1811 3507 1864 sed
3542 1813 3699 1869 idem

2115 1874 2364 1932 Christus
2399 1888 2455 1933 et
2488 1880 2582 1935 Dei
2623 1892 2677 1936 ct
2716 1885 2948 1943 hominis
2976 1890 3146 1949 Filius
3188 1893 3310 1949 fuit.
3360 1897 3426 1952 Et
3464 1900 3603 1955 sicut
3636 1903 3690 1956 in

2115 1979 2223 2022 uno
2258 1966 2476 2024 homine
2507 1970 2651 2026 aliud
2680 1975 2915 2042 animus,
2948 1979 3097 2036 aliud
3120 1997 3340 2054 corpus,
3373 1988 3453 2042 sic
3491 1991 3544 2044 in
3580 2008 3692 2047 ine-

2116 2052 2322 2111 diatore
2350 2056 2443 2111 Dei
2475 2067 2531 2113 et
2569 2060 2846 2118 hominum
2886 2065 3032 2123 aliud
3066 2069 3161 2124 Dei
3199 2052 3391 2141 Filius,
3427 2077 3571 2133 aliud
3599 2082 3694 2135 ho-

2116 2145 2277 2200 minis
2318 2146 2436 2201 l‘uit.
2476 2149 2625 2205 Unus
2663 2161 2838 2209 tamen
2870 2171 2939 2211 ex
2972 2165 3202 2231 utroque
3229 2161 3479 2222 Christus
3504 2167 3691 2225 Domi-

2113 2248 2216 2289 nus
2242 2237 2471 2292 exstitit.
2501 2239 2659 2295 Aliud
2690 2242 2910 2313 inquam
2939 2262 3038 2316 pro
3076 2250 3399 2311 discretione
3427 2259 3679 2315 substan-

2115 2322 2225 2389 tiae,
2269 2340 2377 2380 non
2418 2327 2556 2383 alius
2593 2345 2690 2398 pro
2737 2333 2934 2390 divinae
2981 2340 3310 2409 proprietate
3359 2360 3622 2415 personat.
3664 2371 3683 2403 ι

2115 2411 2182 2466 Et
2210 2413 2357 2471 velut
2396 2418 2646 2485 superius
2685 2421 2919 2478 diximus
2947 2428 3090 2494 quod
3130 2446 3197 2483 ex
3234 2411 3409 2489 anima
3441 2438 3689 2494 rationali

2115 2510 2171 2556 et
2196 2517 2360 2559 carne
2387 2521 2526 2561 unus
2552 2508 2611 2560 ﬁt
2632 2509 2814 2576 homo,
2837 2514 2999 2567 unius
3019 2515 3198 2574 Patris
3227 2523 3416 2579 unicus
3440 2530 3691 2598 proprius

2115 2597 2171 2644 et
2206 2606 2368 2648 verus
2409 2595 2716 2666 unigmitus
2758 2599 2854 2657 Dei
2898 2603 3099 2671 Filius,
3154 2608 3226 2664 ita
3254 2612 3398 2669 Deus
3439 2625 3494 2671 et
3527 2595 3690 2674 homo

2117 2696 2254 2735 unus
2282 2690 2365 2737 est
2398 2682 2667 2753 Christus,
2695 2704 2760 2744 ex
2802 2698 2915 2746 toto
2943 2697 3192 2765 proprius
3219 2708 3276 2756 et
3304 2718 3463 2758 verus
3503 2707 3692 2778 unige~

2116 2771 2262 2826 nitus
2297 2773 2392 2829 Dei
2432 2774 2620 2832 Filius.
2660 2778 2919 2851 Proprius
2960 2786 3249 2855 siquidem,
3288 2795 3432 2861 quod
3469 2771 3690 2867 pi'o,rio

2114 2862 2252 2955 Pilio
2293 2881 2391 2921 suo
2429 2884 2536 2923 non
2574 2874 2819 2942 pepercit
2856 2875 3031 2955 Deus._
3061 2879 3377 2952 Unigenitus
3414 2862 3485 2941 eti
3507 2862 3687 2955 verus,

2108 2947 2263 3021 juxta
2292 2956 2436 3023 quod
2461 2967 2545 3012 est
2570 2967 2789 3016 sanctus
2815 2951 3144 3036 evangelista
3169 2947 3450 3028 confessus
3477 2992 3490 3028 :
3519 2975 3584 3030 Et
3618 2947 3691 3035 ri;

446 3075 538 3114 sus
566 3071 648 3115 est
672 3061 767 3115 Dei
797 3063 1053 3127 Verbum,
1085 3079 1335 3134 egressus
1364 3065 1505 3120 idem
1527 3076 1609 3122 est
1634 3069 1815 3124 homo.
1846 3069 2013 3124 Para-

2114 3041 2288 3097 dimus
2306 3046 2529 3114 gloriam
2564 3048 2697 3116 eius,
2721 3050 2943 3121 gloriam
2969 3058 3124 3124 quasi
3159 3060 3411 3129 μηδέ]εηίιὴ
3442 3080 3475 3117 a
3503 3064 3684 3131 Patre,

446 3149 679 3220 digmate
713 3153 974 3222 siquidem
1008 3155 1110 3208 isto
1149 3156 1286 3210 idem
1321 3164 1405 3211 est
1428 3168 1623 3214 exutus
1648 3160 1741 3230 qui
1769 3170 1822 3216 et
1863 3162 2013 3215 indu-

448 3249 552 3303 tus,
592 3242 798 3298 scilicet
831 3244 921 3311 qui
955 3243 1155 3314 absque
1181 3247 1397 3300 homine
1424 3246 1518 3302 Dei
1544 3247 1734 3314 Filius,
1765 3251 1928 3303 etiam
1958 3259 2013 3305 et

444 3346 566 3384 eum
608 3331 825 3388 homine
872 3350 1010 3390 unus
1049 3335 1297 3406 idemque
1336 3337 1525 3394 Filius.
1573 3338 1689 3395 Non
1728 3340 1865 3394 alius
1920 3343 2014 3395 ad-

444 3420 743 3489 optivus,et
768 3422 903 3478 alius
919 3426 1165 3493 proprius
1194 3426 1286 3477 Dei
1314 3416 1507 3488 Filius;
1544 3426 1635 3480 sed
1664 3428 1802 3481 idem
1827 3431 1917 3498 qui
1944 3446 2011 3486 cx

444 3509 556 3565 Deo
586 3520 669 3565 est
712 3513 872 3576 Deus,
909 3514 1049 3567 idem
1099 3514 1153 3567 in
1197 3515 1411 3568 homine
1442 3515 1536 3572 Dei
1585 3526 1669 3571 est
1709 3520 2013 3589 unigenitus

442 3598 642 3664 Filius;
677 3601 930 3669 quoniam
973 3602 1015 3655 si
1046 3611 1100 3655 et
1134 3602 1318 3656 habitu
1350 3612 1433 3658 est
1462 3605 1709 3661 inventus
1741 3616 1799 3661 ut
1828 3610 2007 3675 homo,

443 3703 553 3742 non
577 3696 661 3743 est
683 3689 866 3743 habitu
895 3690 1236 3757 immutatus;
1274 3692 1397 3747 licet
1429 3688 1643 3750 habitus
1673 3697 1744 3751 sit
1772 3698 1845 3753 illi
1875 3702 2013 3769 apti-

447 3776 656 3839 ﬁcatus,
683 3791 789 3830 non
814 3777 922 3831 ullo
952 3779 1109 3832 modo
1135 3794 1165 3834 a
1186 3780 1435 3849 .‘optatus.
1462 3782 1658 3838 Verum
1681 3786 1771 3854 qui
1797 3787 2012 3844 habitus

445 3878 551 3917 non
586 3872 668 3918 est
704 3863 951 3920 habentis
992 3881 1235 3935 personae
1260 3884 1512 3940 persona,
1545 3873 1638 3927 sed
1669 3875 2010 3944 participatio

445 3965 651 4010 natura:
678 3958 1013 4026 persistcndo
1039 3967 1249 4013 natura.
1286 3960 1361 4016 Ac
1392 3977 1487 4032 per
1513 3963 1615 4019 hoc
1648 3968 1891 4024 consulte
1915 3969 2008 4023 Dei

445 4038 612 4097 Filius
650 4045 896 4103 habendo
930 4047 1193 4114 habitum,
1232 4048 1420 4105 habitu
1461 4051 1707 4110 inventus
1742 4063 1802 4109 ut
1826 4057 2005 4122 homo,

447 4134 584 4187 idem
631 4136 742 4208 ipse
785 4146 961 4192 manet
999 4138 1225 4194 naturali
1260 4141 1587 4209 preprietate
1629 4144 1876 4201 habendo
1915 4149 2010 4203 lia-

444 4222 577 4285 bito,
609 4224 720 4293 ipsa
757 4226 838 4279 sui
867 4228 1081 4281 deitatis
1107 4230 1441 4297 persistenth
1471 4230 1862 4303 singularitatis
1885 4251 2010 4307 per-

445 4328 603 4377 sona,
637 4317 889 4383 quoniam
930 4333 1156 4390 persona
1196 4317 1515 4389 ingeminata
1561 4323 1775 4391 propria
1820 4341 1914 4379 sua
1951 4328 2005 4382 in

2110 3132 2320 3206 plenum
2340 3138 2526 3209 gratiw
2574 3150 2621 3194 et
2658 3143 2912 3199 veritatis.
2961 3147 3172 3218 Quique
3200 3152 3455 3210 nimirum
3483 3157 3549 3212 dc
3580 3166 3687 3212 teu-

2113 3225 2296 3296 rigena
2336 3228 2544 3299 virgine
2575 3241 2754 3298 natus,
2796 3237 2996 3292 veritas
3026 3240 3092 3293 de
3128 3248 3272 3296 terra
3311 3254 3431 3301 orta
3464 3258 3565 3314 cst,
3601 3251 3684 3304 id.

2111 3315 2256 3369 circo
2282 3318 2484 3373 veritas
2512 3321 2771 3391 unigeniti
2798 3333 2852 3379 et
2877 3328 3214 3385 mendacium
3242 3334 3683 3402 adoptivi..,......

2110 3406 2355 3460 veritatis
2401 3418 2588 3463 careat
2634 3414 2973 3469 mendacium
3022 3419 3344 3488 adoptionis,
3389 3434 3445 3479 et
3483 3431 3683 3484 veritas

2112 3496 2375 3565 unigeniti
2442 3499 2694 3557 excludat
2755 3504 2979 3563 alterius
3020 3509 3364 3579 adoptionem
3393 3518 3676 3573 mendacii.

2110 3588 2286 3659 ipsum
2324 3608 2453 3648 vero
2495 3602 2551 3651 et
2582 3597 2914 3666 unigenitum
2951 3600 3283 3659 declaratum
3314 3615 3371 3661 et
3399 3612 3683 3667 veritatem

2110 3682 2312 3737 scimus
2333 3682 2538 3740 Joanne
2572 3689 2815 3756 apostolo
2859 3698 3153 3748 attestante
3178 3712 3190 3746 :
3219 3694 3482 3760 Quoniam
3506 3698 3681 3756 Filius

2109 3769 2208 3825 Dei
2240 3773 2396 3836 venit,
2419 3785 2468 3829 et
2493 3775 2636 3828 dedit
2667 3776 2814 3831 nobis
2846 3795 3078 3845 sensum,
3104 3791 3158 3835 ut
3191 3799 3564 3853 cognoscamus
3595 3806 3684 3844 uc-

2110 3877 2227 3914 rum
2260 3860 2445 3927 Deum,
2479 3873 2526 3917 et
2554 3867 2716 3921 simus
2746 3869 2801 3922 in
2836 3887 2954 3925 raro
2983 3870 3122 3926 Filio
3153 3875 3267 3945 ejus
3298 3877 3426 3932 Jesu
3452 3878 3680 3938 Christo.

2110 3950 2213 4007 Hic
2234 3962 2310 4007 est
2341 3970 2489 4009 verus
2513 3955 2652 4012 Deus
2677 3969 2726 4011 et
2756 3961 2858 4014 rita
2888 3972 3101 4017 (eterna.
3130 3965 3437 4037 Eademque
3462 3981 3683 4039 pra-tera

2109 4056 2173 4094 ea
2227 4043 2459 4100 veritate
2501 4047 2567 4099 de
2618 4057 2786 4102 semet
2834 4049 2886 4103 in
2922 4048 3144 4108 Joannis
3179 4055 3471 4125 Evangelio
3505 4062 3684 4131 pralo-

2110 4140 2309 4199 quente
2347 4135 2489 4201 quod
2518 4135 2588 4189 sit
2616 4137 2821 4192 veritas
2865 4140 3175 4210 unigenitus
3217 4144 3331 4213 ipse
3355 4164 3366 4201 :
3395 4147 3508 4218 Ego
3537 4166 3677 4215 sum,

2111 4224 2380 4293 inquiens,
2410 4228 2490 4281 ria
2518 4238 2566 4282 et
2598 4231 2785 4284 veritas
2820 4242 2865 4285 et
2892 4234 3019 4287 vita.
3054 4234 3400 4306 Unigenitum
3432 4256 3490 4296 se
3517 4244 3679 4297 etiam

2112 4315 2348 4381 latendo,
2380 4332 2503 4373 cum
2531 4319 2664 4375 dicit
2690 4338 2702 4375 :
2731 4318 2819 4374 Sic
2842 4321 2985 4377 Deus
3007 4324 3189 4378 dilexit
3227 4328 3478 4382 mundum
3503 4340 3559 4383 ut
3580 4329 3682 4385 Fi—

446 4402 661 4456 homine
689 4404 862 4469 venit,
894 4405 1110 4460 deitatis
1138 4420 1386 4479 persona.
1424 4407 1648 4479 Propter
1666 4390 1816 4479 quod
1844 4412 2004 4467 dicit:

2113 4405 2240 4461 lium
2275 4425 2428 4463 suum
2458 4411 2778 4479 unigenitum
2811 4413 2981 4478 daret,
3016 4425 3073 4468 ut
3108 4419 3276 4472 omnis
3305 4421 3395 4489 qui
3427 4422 3589 4476 credit
3627 4425 3682 4487 in

447 4491 556 4559 Ego
587 4494 701 4546 rem'
740 4494 794 4548 in
824 4496 1029 4549 nomine
1054 4493 1231 4549 Patris
1269 4498 1387 4549 mei.
1422 4495 1625 4552 Nomen
1660 4500 1801 4553 enim
1831 4499 2009 4557 Patris

445 4594 726 4647 personam
758 4585 1013 4652 perstruit
1039 4584 1157 4638 Filii
1192 4604 1203 4638 :
1237 4586 1359 4654 quia
1398 4587 1609 4642 nonnisi
1637 4588 1883 4645 habendo
1920 4589 2010 4647 Fi-

389 4699 399 4708 -
448 4668 573 4721 lium
597 4680 872 4738 paternam
903 4672 1038 4742 gerit
1066 4688 1369 4741 personam.
1396 4662 1503 4744 Qui
1533 4690 1662 4745 ergo
1699 4676 1753 4731 in
1791 4679 2009 4737 nomine

380 4780 396 4837 ί
445 4757 619 4814 Patris
663 4761 831 4825 venit,
881 4763 1225 4817 nihilominus
1250 4764 1415 4820 Filius
1461 4767 1576 4837 ejus
1624 4767 1741 4823 fuit.
1790 4769 1854 4823 Et
1888 4770 2009 4826 ideo

447 4864 550 4902 non
605 4849 710 4905 duo
759 4862 1024 4907 venerunt
1063 4854 1158 4909 ﬁlii
1209 4871 1367 4910 verus
1414 4865 1467 4909 et
1508 4857 1702 4923 falsus,
1744 4869 1837 4913 aut
1872 4876 2012 4933 unus

443 4939 639 5006 partim
681 4942 950 5011 proprius,
984 4945 1178 5015 partim
1218 4945 1380 4999 etiam
1411 4947 1714 5015 adoptivus,
1753 4951 1847 5004 sed
1874 4966 2011 5005 unus

443 5029 599 5086 Jesus
626 5032 871 5090 Christus
904 5052 970 5090 ex
1008 5046 1121 5090 toto
1161 5035 1471 5091 benedictus
1513 5039 1602 5107 qui
1647 5040 1793 5094 venit
1831 5041 1882 5093 in
1916 5055 2014 5097 no—

446 5120 589 5175 mine
616 5121 847 5177 Domini.
897 5123 1032 5190 Quia
1073 5125 1163 5194 qui
1209 5126 1261 5178 in
1298 5126 1562 5199 principio
1604 5137 1722 5185 erat
1750 5128 2008 5196 Verbum,

446 5208 583 5261 idem
624 5210 857 5265 Verbum
906 5228 1035 5267 caro
1075 5214 1272 5267 factum
1322 5222 1436 5279 est,
1485 5215 1818 5282 individuus;
1871 5234 2010 5273 unus

445 5300 692 5368 proprius
724 5311 778 5355 et
808 5316 966 5357 vertis
1012 5304 1320 5373 unigenitus
1346 5304 1437 5358 Dei
1468 5305 1653 5360 Filius.
1694 5307 1760 5360 Et
1788 5308 1834 5362 si
1865 5309 2010 5363 aliud

445 5393 607 5455 atque
642 5388 782 5443 aliud
811 5406 876 5444 ex
912 5393 1286 5449 convenientia
1328 5404 1662 5459 naturarum,
1696 5411 1800 5449 non
1830 5405 2008 5453 tamen

442 5485 528 5528 est
564 5476 719 5541 alius,
746 5479 839 5532 sed
878 5496 1014 5533 unus
1057 5481 1301 5551 idemque
1334 5499 1400 5536 ex
1440 5493 1551 5537 toto
1581 5487 1887 5556 unigenitus
1911 5486 2007 5543 Dei

445 5564 628 5618 Filius.
669 5587 685 5615 ›
732 5566 882 5633 Quod
922 5571 1173 5639 congruis
1214 5572 1471 5643 exrinplis
1511 5586 1727 5628 sanctus
1755 5576 2008 5647 Augusti-

2110 4496 2259 4551 illum
2283 4515 2383 4553 non
2404 4510 2600 4570 pereat,
2623 4501 2715 4554 sed
2739 4503 2927 4557 habeat
2950 4504 3109 4559 vitam
3139 4518 3408 4564 cateruam.
3437 4512 3515 4566 Ac
3538 4513 3679 4575 ideo,

2112 4595 2248 4645 teste
2280 4590 2466 4645 eodem
2500 4591 2793 4660 unigenito,
2822 4594 2914 4661 qui
2946 4596 3118 4650 credit
3155 4597 3209 4655 in
3247 4614 3369 4653 eum
3405 4616 3511 4656 non
3537 4600 3684 4670 judis-

2112 4689 2294 4744 catur;
2338 4681 2429 4748 qui
2468 4695 2595 4735 vero
2623 4697 2726 4736 non
2764 4684 2956 4749 credit,
2984 4684 3093 4754 jam
3117 4687 3391 4756 judicatus
3421 4700 3524 4758 est,
3554 4694 3681 4762 quia

2115 4782 2221 4822 non
2258 4770 2428 4823 credit
2456 4769 2508 4822 in
2537 4770 2753 4825 nomine
2780 4773 3039 4844 unigeniti
3066 4775 3187 4831 Filii
3218 4776 3335 4835 Dei.

2183 4858 2445 4926 Quocirca
2480 4876 2586 4914 non
2618 4862 2893 4917 immerito
2920 4866 3159 4922 haeretici
3180 4867 3494 4936 iudicantur
3539 4872 3684 4929 Feli-

2109 4950 2273 5014 ciani,
2300 4951 2390 5019 qui
2439 4966 2469 5007 a
2512 4960 2662 5008 tanta
2694 4955 2954 5021 unigeniti
2983 4958 3215 5015 veritate
3241 4960 3527 5019 dissentire
3555 4982 3683 5036 pro-

2109 5037 2326 5094 bantur.
2371 5038 2535 5094 Nobis
2578 5055 2709 5106 sane
2751 5042 3052 5100 istiusmodi
3092 5049 3428 5106 credulitatis
3463 5054 3517 5107 in
3552 5070 3681 5111 con-

2109 5122 2344 5183 fessione
2376 5128 2534 5183 unius
2557 5127 2653 5183 Dei
2688 5137 2743 5185 et
2777 5131 3015 5189 hominis
3047 5136 3308 5207 unigeniti
3336 5139 3430 5194 ﬁlii
3468 5142 3562 5197 Dei
3592 5158 3680 5199 so-

2109 5213 2381 5270 lummodo
2409 5233 2512 5271 una
2544 5218 2596 5272 in
2624 5209 2850 5276 veritate
2877 5238 3105 5292 persona
3136 5235 3443 5283 sanctorum
3458 5226 3678 5288 Patrum

2111 5314 2167 5359 et
2201 5305 2297 5360 Dei
2343 5309 2579 5364 oraculis
2618 5313 2986 5383 promulgata,
3018 5331 3125 5385 qua
3173 5320 3471 5387 capacitate
3520 5339 3679 5379 nemo

2108 5404 2287 5465 potest
2313 5398 2489 5452 dicere
2518 5399 2777 5456 Dominus
2801 5402 2958 5458 Iesus
2995 5406 3100 5461 nisi
3139 5408 3193 5461 in
3224 5406 3425 5478 Spiritu
3464 5422 3676 5479 sancto,

2109 5499 2218 5555 quo
2242 5488 2404 5541 corde
2435 5489 2675 5543 creditur
2700 5491 2767 5545 ad
2789 5490 3082 5559 justitiam,
3113 5511 3206 5551 ore
3236 5497 3502 5555 confessio
3528 5499 3588 5555 ﬁt
3621 5502 3675 5558 in

2110 5576 2304 5644 salute,
2335 5577 2579 5635 suﬁicere
2605 5580 2898 5647 credimus,
2927 5583 3134 5639 dicente
3157 5584 3421 5658 Apostolo
3450 5628 3463 5644 .
3492 5588 3673 5660 Siqui-
