4014 6186
369 278 497 329 lati

1389 258 1448 313 S.
1489 253 1848 311 BENEDICTI
1887 251 2177 307 ABBATIS
2217 245 2625 304 ANIAHENSlS

3486 244 3630 298 liii

364 386 482 439 dem
504 389 624 435 sunt
647 378 722 432 dii
745 375 893 430 multi
915 384 961 428 et
983 372 1181 427 domini
1201 370 1374 424 multi.
1412 368 1577 424 Nobis
1601 378 1775 423 autem
1797 383 1933 421 unus
1964 368 2011 428 Α
2038 363 2247 418 tissima
2295 359 2580 432 prudentia
2630 352 2938 423 asscquenti
2992 353 3156 407 divini
3217 356 3465 410 muneris
3510 368 3599 410 est
3619 399 3635 421 ,

365 472 509 530 Deus
540 470 719 532 Pater,
754 484 818 521 ea:
852 481 954 537 quo
992 464 1195 527 omnia,
1237 472 1287 517 et
1332 479 1424 516 nos
1465 463 1519 517 in
1559 463 1691 533 ipso,
1725 470 1772 513 et
1803 476 1937 513 unus

368 564 623 618 Dominus
641 559 803 613 Jesus
825 555 1088 619 Christus,
1120 570 1210 624 per
1234 570 1384 625 quem
1414 554 1609 615 omnia,
1642 560 1689 603 et
1726 566 1819 604 nos
1849 565 1942 619 per

369 656 557 725 ipsum.
584 651 751 720 Igitur
777 648 901 717 quia
929 662 1069 700 unus
1094 653 1183 699 est
1208 645 1466 699 Dominus
1493 642 1649 697 Jesus
1671 634 1939 704 Christus,

372 744 689 799 dualitatem
727 754 835 793 non
871 737 1080 805 recipit.
1118 736 1291 791 Unum
1328 734 1470 789 enim
1504 734 1668 788 dividi
1705 748 1813 786 non
1848 745 1945 802 po—

376 840 496 887 test.
542 829 832 883 Deleantur
857 842 987 897 ergo
1032 842 1063 879 a
1094 840 1191 879 suo
1218 838 1404 877 errore
1432 824 1523 892 qui
1549 822 1860 876 dualitatcm
1890 820 1944 873 in

373 924 591 977 Christo
613 922 714 976 nisi
740 929 865 975 sunt
886 918 1251 981 introducere,
1266 915 1543 985 proprium
1566 928 1688 967 cum
1705 911 1948 965 dicentes

375 1030 494 1070 csse
522 1012 715 1067 Filium
748 1011 837 1065 Dei
871 1010 1171 1068 divinitate,
1206 1014 1262 1061 et
1290 1006 1601 1075 adoptivum
1647 1018 1711 1057 ex
1758 1016 1947 1065 carne,

377 1120 521 1169 cum,
555 1104 695 1158 sicut
718 1103 829 1172 jam
862 1101 996 1160 dixi,
1022 1108 1078 1154 et
1104 1105 1474 1167 competenter
1501 1097 1697 1150 iterum
1728 1095 1953 1149 iterum-

358 1208 482 1264 'que
510 1193 784 1249 inculcare
821 1206 927 1245 non
955 1190 1122 1260 piget,
1153 1204 1251 1242 ceu
1293 1201 1360 1241 ex
1395 1186 1573 1239 anima
1620 1180 1869 1238 rationali
1899 1188 1954 1236 et

379 1301 546 1344 carne
574 1300 712 1339 unus
739 1290 823 1339 est
848 1283 1012 1336 homo
1037 1280 1198 1335 unius
1225 1278 1486 1351 genitoris
1513 1277 1763 1347 proprius
1792 1274 1950 1338 ﬁlius,

381 1376 458 1433 ita
486 1382 543 1429 et
577 1374 719 1429 Deus
764 1374 930 1427 homo
978 1386 1119 1427 unus
1165 1378 1235 1425 stt
1261 1366 1534 1433 Christus,
1587 1366 1748 1421 unius
1776 1364 1957 1421 Patris

383 1464 634 1539 proprius
670 1462 997 1533 unigenitus,
1028 1475 1193 1515 verus
1220 1459 1312 1514 Dei
1353 1457 1541 1512 Filius.
1590 1455 1686 1511 Ille
1714 1471 1779 1511 ex
1810 1468 1959 1509 mare

384 1566 442 1617 et
485 1557 689 1613 femina
736 1562 947 1615 tantmn
991 1552 1330 1626 originaliter
1376 1550 1542 1606 solus.
1597 1548 1860 1603 Dominus
1894 1547 1961 1602 de

386 1649 593 1719 Spiritu
620 1657 808 1701 sancto
838 1661 903 1700 ex
934 1643 1101 1704 Maria
1127 1642 1339 1714 virgine
1367 1640 1715 1712 singulariter
1736 1637 1881 1697 Deus
1907 1647 1962 1693 et

2039 455 2193 525 cujus
2225 453 2503 506 moderatu
2536 446 2819 517 singulari,
2848 460 2913 499 ex
2958 460 3064 514 quo
3091 446 3270 499 resisti
3316 447 3537 510 nititur,
3568 465 3637 502 ex

2042 553 2172 599 tunc
2218 542 2364 597 omni
2411 540 2569 594 modo
2614 536 2853 591 exordiri
2903 537 2984 590 ira
3029 536 3169 589 illius
3218 539 3640 606 comprobatur,

2043 650 2149 688 non
2178 632 2472 686 divinitatis
2493 627 2851 698 perturbatio,
2882 627 2973 680 sed
2994 626 3136 693 justo
3162 626 3419 681 renitenti
3455 628 3643 681 redhi-

2041 724 2196 787 bitio,
2227 723 2379 791 juxta
2424 720 2566 789 quod
2602 718 2839 771 dicitur:
2872 716 2949 769 Tn
2988 726 3184 780 autem,
3220 716 3446 771 Domine
3478 719 3647 771 virtu—

2045 825 2179 879 tum,
2206 829 2321 867 cum
2350 811 2730 882 tranqaiilitate
2749 811 2985 879 judicas.
3011 810 3086 863 Ac
3121 824 3217 877 per
3243 811 3347 863 hoc
3374 818 3428 863 te
3453 823 3644 877 quaeso

2046 907 2189 961 bene
2231 903 2425 957 indolis
2455 916 2521 955 ne
2548 901 2664 970 ipse
2694 901 2772 953 ira
2814 897 3066 954 cfiiciaris
3107 899 3199 952 Dei
3231 900 3524 952 renitentia
3567 898 3645 959 ei.

2048 996 2143 1049 sed
2176 1004 2238 1048 ut
2264 1001 2391 1045 ante
2421 991 2600 1044 omnia
2647 990 3047 1042 animadvertas
3081 988 3469 1057 propheticum
3504 988 3639 1042 illud

2049 1093 2345 1146 memento,
2375 1081 2467 1151 qui
2506 1096 2629 1135 cum
2659 1080 2862 1135 diceret
2898 1078 3029 1144 Deo,
3082 1077 3158 1131 Tu
3185 1078 3438 1132 terribilis
3469 1094 3547 1135 es.
3596 1089 3646 1131 et

2050 1180 2168 1249 quis
2214 1176 2408 1229 resistit
2445 1173 2587 1228 tibi?
2625 1172 2768 1226 illico
2810 1171 3078 1240 subjecit:
3118 1171 3199 1225 Ea:
3234 1180 3361 1224 tunc
3402 1172 3490 1223 ira
3529 1180 3652 1225 tua.

2053 1270 2259 1339 Nempe
2289 1268 2415 1337 quia
2448 1281 2515 1320 ex
2541 1282 2606 1320 eo
2635 1272 2718 1320 est
2744 1264 2824 1318 ira
2867 1263 2964 1318 Dei
3008 1279 3073 1318 ex
3101 1278 3351 1333 quo......
3382 1263 3651 1316 resistere

2053 1362 2151 1417 illi.
2198 1359 2464 1428 Exspecta
2508 1356 2673 1426 igitur
2713 1354 3212 1408 Dominum.........
3246 1367 3277 1405 a
3307 1352 3485 1406 latere
3529 1360 3647 1413 tuo,

2056 1459 2112 1506 et
2149 1449 2414 1505 custodiet
2442 1446 2632 1517 pedem
2664 1453 2814 1499 tuum
2846 1459 2915 1498 ne
2945 1443 3203 1512 capiaris.
3234 1440 3353 1496 Non
3382 1443 3534 1497 enim
3562 1451 3653 1495 est

2057 1541 2294 1598 hominis
2324 1539 2409 1592 via
2450 1536 2567 1607 ejus
2610 1549 2784 1606 neque
2827 1533 2928 1589 viri
2969 1543 3027 1595 ut
3074 1533 3311 1588 ambulet
3349 1543 3405 1588 et
3444 1533 3655 1602 dirigat

2062 1645 2283 1704 gressus
2316 1643 2475 1694 suos;
2524 1628 2617 1682 sed
2664 1642 2694 1680 a
2744 1622 2971 1681 Domino
3000 1640 3222 1695 gressus
3248 1624 3491 1681 hominis
3521 1622 3655 1677 diri-

391 1716 553 1799 homo
590 1737 843 1799 Christus
879 1743 985 1801 est,
1031 1733 1361 1798 individuus,
1404 1747 1562 1787 unus.
1605 1728 1754 1788 Unus
1785 1731 1965 1801 itaque
1991 1721 2038 1781 B
2067 1732 2283 1797 guutur,
2315 1732 2369 1777 et
2395 1722 2538 1777 viam
2559 1719 2675 1789 ejus
2704 1719 2865 1775 volet.
2895 1718 3039 1775 Cede
3061 1733 3189 1790 ergo
3218 1718 3487 1773 voluntati
3521 1716 3646 1780 Dei,

389 1830 670 1892 Dominus,
710 1842 816 1883 una
852 1825 1003 1891 ﬁdes,
1032 1840 1200 1883 unum
1245 1825 1535 1895 baptisma,
1564 1839 1705 1879 unus
1739 1824 1883 1879 Deus
1915 1831 1972 1878 et

390 1920 554 1975 Pater
587 1918 848 1981 omnium,
880 1915 973 1985 qui
1004 1930 1166 1985 super
1201 1930 1389 1970 omnes
1418 1924 1472 1969 et
1499 1930 1597 1985 per
1624 1914 1804 1969 omnia
1833 1922 1887 1968 et
1918 1914 1970 1967 in

393 2009 643 2063 omnibus
673 2006 846 2061 nobis.
886 2005 988 2077 Ipsi
1017 2006 1186 2075 gloria
1222 2020 1286 2059 ex
1317 2006 1419 2059 hoc
1450 2020 1593 2060 nunc
1642 2006 1697 2061 in
1728 2005 1973 2060 Ecclesia

395 2110 449 2155 et
487 2100 541 2152 in
570 2099 784 2152 Christo
812 2096 939 2152 Jesu
989 2111 1085 2167 per
1126 2112 1316 2151 clunes
1364 2086 1744 2168 generationes
1789 2097 1973 2154 saeculi

397 2189 737 2245 satculorum.
778 2193 970 2242 Amen.

927 2517 1087 2579 (Apud
1115 2516 1293 2571 lluluL,
1329 2516 1468 2578 ibid.)

477 2621 794 2678 Benedictus
820 2618 1126 2674 Guarnario
1156 2617 1264 2671 ﬁlio
1291 2617 1538 2671 salutem.

476 2714 581 2770 Fili
630 2713 721 2775 mi,
750 2710 968 2774 exauzli,
996 2725 1114 2774 oro,
1142 2722 1331 2763 vocem
1361 2708 1603 2777 parentis
1626 2716 1747 2779 post
1774 2717 1981 2781 tergum

407 2806 650 2889 pignoris
679 2802 977 2858 exorantis.
1022 2802 1133 2855 lmo
1174 2811 1233 2854 ut
1264 2809 1527 2869 acceptos,
1572 2801 1822 2868 obsecro,
1867 2816 1987 2871 qua:

408 2899 575 2954 etiam
603 2896 877 2966 deprome.
909 2891 1235 2956 l-‘ascinatio,
1270 2899 1593 2959 praeacutas,
1620 2906 1773 2960 mque
1802 2901 1860 2947 ut
1890 2909 1987 2947 nu-

406 2987 635 3059 gacitas,
682 2999 816 3039 vana
866 2981 1230 3051 impudentia,
1280 2981 1405 3051 quia
1440 2990 1566 3036 sunt
1598 2982 1766 3049 fatua,
1804 2998 1872 3037 ne
1908 2984 1990 3038 fa-

2066 1819 2267 1875 volenti
2314 1828 2482 1883 tuam,
2526 1816 2801 1885 sequendo
2844 1830 3020 1881 suam,
3049 1824 3112 1869 ut
3142 1816 3391 1879 non'tua,
3438 1812 3537 1867 sed
3568 1828 3659 1866 se-

2070 1912 2304 1969 cundum
2346 1908 2486 1977 quod
2527 1916 2739 1976 tempus
2774 1906 3079 1969 dictaverit,
3125 1914 3408 1975 exspectes
3452 1913 3516 1957 ut
3559 1903 3660 1957 ﬁat

2069 2004 2319 2059 voluntas
2348 1998 2697 2054 immutabilis
2741 2014 2860 2053 sua.
2895 1997 3166 2052 Cmterum
3204 1997 3470 2050 voluntati
3515 1996 3652 2064 ejus,

2071 2113 2196 2153 cum
2237 2098 2308 2152 sit
2356 2094 2732 2159 immutabilis,
2765 2093 2886 2162 quis
2930 2090 3169 2145 resistit?
3197 2088 3371 2156 Quam
3404 2090 3656 2142 immuta-

2074 2187 2337 2241 bilitatem
2384 2193 2441 2240 ut
2477 2185 2657 2240 verbis
2691 2184 2911 2238 disertis
2943 2182 3033 2236 imi
3070 2181 3300 2251 eloquar
3349 2178 3655 2249 Augustini,

2076 2276 2128 2331 in
2156 2283 2362 2331 tantum
2399 2275 2524 2330 licet
2560 2273 2834 2327 mutabilis
2860 2271 3043 2325 videre
3078 2269 3284 2340 poteris
3312 2269 3365 2322 in
3389 2278 3657 2338 quantum

2076 2366 2131 2420 in
2159 2380 2221 2420 ea
2249 2365 2383 2421 nihil
2416 2364 2672 2421 mutabile
2701 2361 3110 2432 contemplabis,
3142 2376 3243 2416 nec
3272 2360 3403 2415 locis
3432 2368 3487 2411 et
3522 2367 3662 2412 tem~

2076 2456 2319 2529 poribus,
2370 2457 2511 2511 sicut
2557 2470 2805 2525 corpora,
2853 2468 2956 2507 nec
3004 2452 3176 2506 solum
3229 2449 3563 2519 temporibus
3610 2457 3665 2501 et

2079 2547 2234 2618 quasi
2266 2546 2420 2612 locis,
2456 2547 2593 2603 sicut
2624 2546 2910 2617 spirituum
2939 2552 3247 2599 nostrorum
3278 2540 3663 2611 cog’tationes,

2081 2653 2183 2693 nec
2212 2638 2341 2693 solis
2368 2638 2697 2708 temporibus
2724 2652 2788 2690 ex
2821 2634 2964 2689 nulla
2999 2634 3084 2689 vel
3112 2632 3345 2703 imagine
3381 2632 3661 2695 locorum,

2084 2725 2224 2780 sicut
2266 2726 2509 2794 qucedam
2557 2732 2864 2781 nostrarum
2903 2722 3160 2776 mentium
3192 2719 3665 2775 ratiocinationes.

2085 2814 2319 2870 Omnino
2346 2815 2488 2868 enim
2533 2813 2627 2867 Dei
2670 2811 2931 2875 essentia,
2978 2826 3096 2880 qua:
3126 2810 3259 2863 nihil
3290 2809 3451 2863 habet
3485 2815 3671 2861 muta~

2085 2904 2214 2969 bile,
2248 2919 2347 2957 nec
2385 2903 2438 2956 in
2466 2901 2849 2964 mternilatcm,
2898 2915 2995 2954 nec
3037 2900 3089 2955 in
3134 2899 3437 2959 veritatem,
3466 2912 3569 2950 nec
3615 2896 3671 2948 in

2090 2994 2438 3047 voluntatem.
2469 2991 2600 3057 Quia
2650 2991 2720 3044 ihi
2771 3000 2854 3044 est
2905 2989 3125 3051 veritas,
3172 2999 3374 3041 mtcrna
3405 2987 3671 3041 Charitas.

410 3078 642 3139 cessitus
673 3076 1027 3130 fascinatione
1073 3074 1324 3129 eucharis
1368 3074 1563 3144 linguai
1604 3076 1989 3145 parasitorum,
2018 3075 2063 3136 C
2096 3085 2164 3140 Et
2203 3100 2330 3139 vera
2364 3084 2433 3137 ibi
2472 3092 2553 3137 est
2585 3083 2844 3146 Charitas,
2886 3097 3015 3135 imm
3049 3081 3343 3134 mmmims.
3393 3079 3459 3131 Et
3502 3080 3675 3131 etiam

413 3182 507 3231 tua
534 3172 762 3238 abroges
787 3170 900 3238 ipsa
920 3167 1064 3235 jura,
1090 3182 1220 3222 cave
1247 3182 1312 3221 ne
1339 3169 1555 3236 quando
1578 3169 1836 3223 aviditate
1861 3184 1996 3239 pra:-

414 3277 645 3337 propera
670 3261 886 3316 abdices
907 3275 971 3314 ea
990 3260 1132 3329 ipse:
1153 3259 1404 3328 quoniam
1424 3258 1514 3328 qui
1539 3259 1593 3313 in
1614 3259 1880 3330 principio
1893 3260 1997 3314 bte-

418 3352 655 3417 reditare
681 3348 919 3413 festinat,
951 3348 1006 3403 in
1031 3348 1326 3405 novissimo
1361 3347 1739 3404 benedictione
1765 3348 1992 3404 carebit.

417 3444 613 3500 Omnia
656 3442 801 3497 enim
837 3449 1048 3511 tempus
1097 3439 1326 3506 habent;
1373 3439 1502 3495 licet
1549 3442 1595 3496 is
1626 3443 1717 3510 qui
1763 3442 1999 3497 instituit

420 3542 663 3604 tempora
700 3538 915 3585 maneat
957 3537 1110 3585 extra
1156 3537 1420 3599 tempora,
1468 3537 1523 3584 et
1564 3545 1898 3600 quamunque
1944 3532 1998 3586 in

421 3623 538 3692 ejus
566 3620 868 3677 teternitate
888 3628 1111 3684 interna,
1145 3633 1173 3671 a
1204 3634 1309 3688 quo
1338 3618 1467 3687 quia
1496 3619 1848 3674 moderantur
1881 3619 2001 3673 uni-

422 3728 582 3769 versa
615 3720 855 3781 tempora
881 3708 1135 3764 omnibus
1159 3708 1465 3774 mobilibus,
1496 3710 1612 3779 ejus
1640 3709 1891 3763 mobilior
1918 3717 2001 3765 cst

424 3802 720 3874 sapientia,
764 3800 963 3856 dicitur
1009 3799 1083 3853 illi
1120 3813 1135 3851 :
1175 3797 1366 3854 Omnia
1416 3798 1471 3854 in
1515 3800 1770 3870 sapientia
1810 3800 2000 3869 fecisti.

418 3893 634 3962 Quique
664 3889 927 3961 sapientia
957 3888 1086 3955 fecit
1131 3897 1346 3952 cuncta,
1376 3878 1604 3958 putasne
1650 3888 1702 3943 in
1740 3888 2002 3957 sapientia

429 3984 668 4055 disponit
694 3982 789 4037 ea?
816 3980 1067 4055 Nunquid
1088 3995 1196 4034 non
1221 3979 1485 4051 sapientia
1510 3979 1775 4044 clamitat,
1798 3991 1852 4033 et
1883 3996 2006 4049 pru-

431 4076 612 4132 dentia
656 4076 749 4129 dat
793 4085 982 4126 vocem
1036 4070 1234 4135 suam?
1275 4069 1387 4139 Ego
1442 4069 1697 4141 sapientia
1732 4069 1908 4123 habito
1950 4071 2007 4124 in

430 4165 670 4229 consilio,
701 4172 749 4216 et
771 4161 989 4217 eruditis
1011 4161 1260 4223 intersum
1290 4161 1710 4229 cogitationibus,
1740 4161 1923 4215 ludens
1954 4163 2008 4215 in

434 4253 556 4320 orbe
597 4262 879 4317 terrarum,
906 4258 953 4303 et
981 4248 1181 4307 delicia:
1214 4264 1339 4307 mea:
1380 4265 1489 4302 esse
1525 4265 1642 4302 cum
1685 4250 1812 4320 [iliis
1841 4251 2010 4304 homi—

437 4363 581 4414 num.
621 4344 881 4411 Quocirca
930 4343 1159 4398 observa
1204 4356 1272 4394 ne
1317 4339 1589 4408 insipienti
1637 4340 1821 4397 favore
1857 4359 1885 4397 a
1919 4360 2008 4398 sa-

436 4440 639 4525 pientia
679 4436 975 4515 desipiscas
1017 4450 1028 4485 :
1067 4429 1548 4513 quoniatndivitize
1581 4431 1770 4488 salutis
1799 4432 2014 4502 sapien—
2038 4422 2089 4482 D

441 4520 514 4597 tia
542 4537 597 4583 et
622 4526 867 4589 scientia,
896 4540 960 4581 ac
987 4525 1148 4577 timor
1170 4521 1381 4575 Domini
1414 4520 1527 4590 ipsa
1560 4522 1847 4579 thesaurus
1875 4522 2011 4591 ejus.

441 4618 717 4687 Sapientia
765 4621 945 4668 autem
991 4621 1075 4667 est
1112 4611 1391 4671 hominum
1442 4611 1638 4682 pietas,
1689 4614 1943 4668 recedere
1984 4629 2015 4671 a

443 4708 585 4776 malo
622 4703 993 4775 intelligentia.
1024 4701 1204 4763 Pietas
1238 4715 1303 4755 ex
1336 4699 1595 4771 religione
1625 4703 1827 4767 divina,
1860 4703 2017 4759 intel-

444 4794 661 4867 ligentia
692 4808 756 4847 ex
783 4789 1034 4846 rationali
1061 4787 1369 4863 prudentia,
1394 4792 1690 4853 secundum
1717 4793 1859 4861 quod
1889 4794 2018 4849 illud

444 4898 528 4943 est
558 4884 904 4954 Evangelium
936 4896 1001 4935 ex
1044 4880 1303 4949 religione
1336 4880 1652 4949 simplicitas
1689 4883 2016 4950 Columbina,

428 4987 503 5033 et
543 4992 608 5030 ex
654 4972 1003 5043 intelligentia
1050 4970 1334 5041 prudentia
1379 4971 1705 5039 serpentina.
1739 4971 2018 5041 Siquidem

448 5065 767 5136 simplicitas
796 5078 826 5116 a
855 5060 1113 5130 singulari
1139 5059 1402 5129 sapientia
1432 5058 1596 5113 diota.
1618 5061 1868 5130 Alioquin
1897 5065 2050 5124 situs
2106 5064 2271 5120 'tione
2307 5065 2465 5133 hujus
2512 5067 2764 5121 novitatis
2804 5066 3049 5120 habendo
3095 5066 3255 5121 ﬁdem
3309 5067 3400 5134 qui
3448 5075 3708 5134 operatur

450 5158 684 5233 plicitas,
723 5156 848 5224 quia
894 5149 1121 5206 stultitia
1163 5157 1247 5203 est
1282 5149 1608 5217 deputanda,
1656 5152 1940 5220 prudentia
1991 5168 2020 5205 a

454 5264 615 5320 porro
658 5245 919 5309 videntia,
968 5241 1023 5297 id
1067 5249 1169 5306 est,
1214 5257 1244 5294 a
1283 5241 1442 5310 longe
1477 5250 1600 5294 ante
1637 5242 2021 5310 conspicientia

453 5350 789 5406 quaecunque
826 5332 1116 5388 venientia.
1146 5330 1345 5400 Utique
1372 5331 1690 5401 simplicitas
1736 5332 2026 5402 singulari-

458 5425 601 5487 tatis,
632 5426 759 5494 quia
804 5422 947 5477 Deus
987 5421 1256 5476 excedens
1298 5420 1479 5474 omnia
1512 5429 1616 5487 est,
1648 5421 1738 5491 qui
1770 5433 2028 5492 operatur

459 5513 514 5568 in
544 5514 698 5569 nobis
723 5521 779 5568 et
806 5512 941 5568 velle
979 5520 1036 5565 et
1073 5509 1336 5582 perﬁcere
1376 5525 1474 5580 per
1514 5510 1656 5565 bona
1704 5511 1980 5566 voluntate
2010 5530 2023 5565 :

452 5602 757 5659 cedendum
785 5602 1082 5664 istiusmodi
1119 5600 1419 5664 intellectus
1447 5601 1723 5673 sapientia:
1750 5621 1761 5656 :
1796 5604 2029 5674 prudcm

2096 3176 2168 3232 ibi
2210 3191 2239 3230 c
2270 3174 2610 3237 tzcternitas,
2641 3174 2805 3228 chara
2837 3172 3058 3226 veritas.
3090 3170 3186 3225 Ubi
3216 3170 3257 3223 si
3286 3170 3460 3222 cordis
3506 3167 3678 3221 oculo

2096 3273 2148 3320 te
2177 3264 2448 3330 deﬁxeris,
2480 3264 2749 3333 terrigeno
2781 3271 2962 3333 spreto
2988 3275 3206 3331 angore,
3238 3268 3354 3314 rato
3383 3260 3675 3314 ineonvulo

2096 3371 2264 3425 soque
2292 3354 2472 3409 divino
2502 3354 2721 3409 numine
2748 3360 3079 3424 compertus,
3111 3361 3165 3407 et
3193 3353 3279 3408 his
3310 3352 3682 3421 temporaneis

2097 3454 2151 3500 et
2200 3444 2529 3515 perennibus
2579 3444 2826 3498 beaberis
2896 3439 3252 3496 ineffabilibus
3312 3440 3536 3493 muniis.
3591 3438 3678 3493 Uti

2101 3552 2233 3592 sane
2262 3536 2459 3591 exinde
2492 3534 2695 3591 foedere
2728 3533 2847 3589 ﬁdei
2876 3533 3181 3599 fcedereris,
3210 3530 3441 3588 ferinam
3468 3529 3593 3584 ﬁdei
3621 3539 3675 3583 te

2101 3634 2424 3696 exposcente
2450 3625 2681 3694 deccpsi,
2709 3636 2815 3693 qua
2848 3631 2899 3678 te
2930 3624 3208 3691 indeptum
3247 3622 3500 3690 omnique
3526 3633 3683 3673 erro-

2102 3717 2180 3771 ris
2207 3717 2423 3784 dempta
2456 3712 2818 3779 deformitate,
2852 3728 2957 3766 una
2986 3713 3266 3766 nobiscum
3295 3710 3543 3765 novando
3585 3723 3682 3762 no-

2102 3807 2221 3860 vale
2248 3806 2440 3875 spiritu
2470 3804 2666 3857 mentis
2695 3812 2818 3867 tum,
2847 3802 2973 3857 licet
3015 3808 3199 3857 noster
3238 3800 3402 3855 homo
3442 3799 3685 3854 exterior

2102 3905 2502 3968 csrrmnpatur,
2526 3896 2620 3951 sed
2660 3895 2885 3950 interior
2918 3903 3230 3951 renovatur.
3258 3891 3523 3961 Quodque
3550 3891 3682 3942 bea-

2105 3999 2193 4049 tus
2233 3989 2432 4043 Paulus
2470 3985 2747 4058 apostolus
2786 3986 3076 4042 sanciendo
3120 4001 3243 4039 cum
3272 3982 3681 4054 promulgat-et:

2106 4079 2446 4134 Renovnmini
2476 4078 2663 4147 spiritu
2711 4077 2898 4132 mentis
2930 4086 3132 4140 vestrm,
3159 4085 3207 4130 et
3247 4075 3451 4128 induite
3496 4091 3685 4147 norum

2109 4168 2367 4223 hominem
2408 4168 2495 4237 qui
2537 4166 2820 4223 secundum
2852 4164 3019 4218 Deam
3056 4175 3261 4219 creatas
3289 4174 3396 4226 est;
3441 4163 3578 4216 alias
3607 4142 3693 4215 in:

2111 4259 2330 4314 calcans
2361 4257 2618 4327 liquidius
2646 4276 2657 4310 :
2691 4257 2951 4311 [fauentes
2978 4274 3086 4322 vos,
3116 4258 3223 4321 ait,
3261 4265 3478 4309 veterem
3525 4255 3695 4308 homi-

2114 4367 2228 4404 nem
2255 4365 2372 4405 cum
2402 4348 2601 4402 actibus
2630 4348 2765 4417 ejus,
2808 4346 3012 4419 induite
3047 4363 3240 4402 novum
3276 4347 3368 4419 qui
3412 4355 3693 4399 renovatur

2116 4443 2169 4495 in
2196 4441 2458 4512 agnitione
2488 4438 2584 4492 Dei
2609 4437 2895 4492 secundum
2936 4439 3216 4507 imaginem
3242 4437 3354 4507 ejus
3374 4437 3467 4506 qui
3502 4435 3691 4488 crearit

2117 4546 2254 4584 eam.
2288 4528 2519 4600 Repulso
2545 4543 2674 4599 ergo
2702 4527 2991 4584 veterrima
3010 4526 3325 4597 cupiditatis
3344 4525 3691 4588 homunculo,

2119 4616 2315 4674 dehinc
2371 4631 2592 4685 compos
2626 4615 2985 4673 instrumento
3015 4624 3348 4686 perstructo,
3389 4611 3695 4684 exepundo

2121 4714 2194 4771 te,
2224 4705 2317 4770 ﬁli,
2344 4704 2598 4775 elllagito,
2633 4705 2685 4759 in
2717 4705 2955 4760 novitate
2982 4707 3107 4760 vita:
3135 4704 3414 4761 ambulare
3444 4704 3694 4775 Satagito.

2123 4794 2189 4847 Et
2212 4794 2339 4863 quia
2362 4794 2571 4850 dicente
2590 4793 2847 4864 Apostolo
2871 4795 3089 4848 credere
3111 4803 3327 4865 oportet
3351 4795 3699 4851 accedentem

2122 4886 2191 4939 ad
2227 4885 2415 4950 Deum,
2440 4895 2496 4939 et
2525 4884 2785 4939 accedere
2826 4894 2909 4939 est
2937 4885 3147 4949 audire,
3174 4885 3431 4955 quoniam
3475 4882 3613 4939 ﬁdes
3634 4899 3703 4939 ex

2124 4977 2327 5037 auditu,
2359 4976 2575 5033 auditus
2612 4984 2791 5030 autem
2821 4991 2918 5046 per
2946 4977 3169 5030 verbum
3212 4976 3435 5038 Christi,
3468 4991 3706 5030 conven-

2124 5171 2222 5224 pcr
2272 5155 2636 5220 dilectionem,
2668 5170 2764 5225 age
2798 5153 2911 5223 jam
2956 5171 3100 5209 nunc
3150 5156 3217 5209 de
3259 5155 3606 5224 compendio,
3648 5165 3709 5208 ut

2127 5246 2193 5299 ad
2236 5245 2353 5313 ejus
2378 5247 2690 5300 commercii
2734 5255 2978 5301 transeas
3005 5247 3287 5301 visionem.
3330 5246 3447 5301 Non
3478 5247 3626 5301 enim
3656 5246 3709 5305 in

2132 5334 2246 5388 solo
2266 5349 2431 5403 opere
2460 5335 2736 5395 virtutum,
2765 5343 2857 5388 aut
2884 5335 2937 5389 in
2972 5334 3082 5390 sola
3108 5335 3452 5390 observantia
3488 5336 3713 5391 manda-

2134 5433 2332 5489 torum,
2370 5425 2464 5478 sed
2502 5433 2775 5481 asserente
2818 5426 2981 5479 etiam
3024 5426 3181 5481 beato
3219 5441 3357 5496 papa
3404 5434 3612 5489 Leone,
3658 5444 3709 5482 in

2135 5516 2351 5575 tramite
2378 5516 2501 5573 ﬁdei
2538 5525 2764 5588 angusta
2796 5523 2851 5571 et
2879 5517 3045 5572 ardua
3080 5526 3165 5572 est
3188 5518 3276 5571 via
3304 5532 3425 5588 qurc
3454 5518 3609 5572 ducit
3647 5518 3714 5572 ad

2139 5608 2319 5671 vitam,
2367 5618 2420 5663 et
2460 5609 2638 5680 magni
2682 5607 2883 5663 laboris
2928 5618 3011 5664 est
3054 5608 3341 5680 magnique
3378 5608 3715 5663 discriminis
