4014 6186
352 311 490 365 ηἰδ

346 511 609 573 falsitates
645 522 742 578 per
777 519 938 559 unam
978 516 1163 557 sanam
1201 498 1499 553 doctrinam
1537 497 1740 549 semitre
1784 490 1921 546 inof-

339 601 515 656 fensis
552 596 823 668 gressibus
869 593 1168 658 ambulare,
1209 600 1263 645 et
1309 604 1432 644 cum
1469 586 1703 654 undique
1742 600 1800 638 se
1840 583 1920 636 la-

345 691 473 764 quei
497 703 743 744 errorum
769 693 1063 757 opponant,
1088 699 1247 739 omne
1275 679 1568 750 periculum
1595 675 1925 747 deceptionis

346 786 595 841 evadere.
641 782 772 849 Quis
799 789 1143 835 autem.......
1174 775 1275 831 nisi
1319 773 1410 843 qui
1449 771 1655 843 Spiritu
1696 769 1791 822 Dei
1836 767 1927 821 do-

348 884 502 929 cetur
527 873 755 944 regitur,
783 869 998 924 dicente
1027 865 1315 938 Apostolo:
1347 863 1457 916 Nos
1486 871 1657 914 autem
1690 876 1791 912 non
1822 857 1927 927 spi—

348 969 506 1020 ritum
536 964 717 1019 mundi
745 963 1060 1032 accepimus,
1090 958 1179 1012 sed
1211 954 1461 1026 Spiritum
1483 952 1572 1023 qui
1597 968 1660 1005 ea:
1691 948 1798 1005 Deo
1828 957 1922 1013 est,

350 1070 403 1116 ut
438 1058 664 1112 sciamus
699 1071 814 1128 qua:
849 1071 880 1107 a
921 1052 1025 1105 Deo
1061 1050 1255 1103 donata
1296 1054 1417 1100 sunt
1467 1043 1634 1107 nobis,
1684 1041 1928 1095 Canente

348 1150 513 1202 etiam
543 1144 710 1203 David
750 1163 764 1198 :
797 1143 992 1197 Beatus
1019 1156 1171 1212 quem
1201 1148 1255 1191 tu
1288 1134 1561 1199 erudieris,
1606 1130 1849 1194 Domine,
1879 1139 1928 1183 et

349 1238 415 1310 de
454 1235 562 1306 lege
608 1245 699 1288 tua
733 1228 975 1287 docueris
1021 1245 1163 1284 eum.
1205 1226 1494 1280 Enimvero
1543 1238 1669 1275 vere
1718 1221 1926 1285 beatus,

350 1336 573 1383 eatenus
603 1327 743 1380 bene
789 1331 1000 1387 auctus,
1036 1321 1164 1391 quia
1193 1317 1496 1373 eruditione
1543 1314 1933 1383 ir‘reprebensi-

351 1417 476 1472 bilis
516 1414 650 1486 legis
698 1413 795 1469 Dei
835 1410 975 1467 docti
1029 1409 1310 1481 fulgebunt
1342 1406 1483 1461 sicut
1526 1402 1785 1477 splendor
1838 1399 1932 1455 ﬁr-

351 1510 646 1576 mamenti,
689 1518 744 1565 et
784 1508 875 1579 qui
919 1507 986 1562 ad
1030 1505 1297 1576 justitiam
1346 1502 1605 1559 erudiunt
1646 1497 1931 1571 plurimos,

353 1603 509 1675 quasi
545 1600 713 1657 stella:
756 1601 815 1654 in
857 1606 1150 1670 perpetuas
1205 1594 1556 1649 teternitates.
1612 1589 1725 1644 Hac
1773 1587 1937 1657 igitur

354 1696 543 1752 doctus
579 1692 844 1757 doctrina,
873 1689 1230 1760 plurimorum
1263 1684 1332 1740 ad
1353 1682 1621 1755 justitiam
1667 1679 1929 1741 eruditor,

356 1788 654 1859 fulgoratus
693 1785 798 1839 hoc
830 1781 1038 1853 fulgore
1062 1792 1221 1849 sacro
1257 1775 1312 1831 in
1342 1782 1629 1851 perpetuas
1656 1769 1930 1825 teternita-
1963 1760 2007 1819 Β

354 1892 441 1939 tes
467 1880 663 1935 valeto.

428 1990 573 2046 Neve
620 1988 801 2056 aliquo
843 1981 1092 2055 fatigeris
1133 1995 1167 2037 a
1205 1974 1581 2049 superstitioso
1619 1977 1938 2043 argumento

357 2080 531 2137 inscio
556 2078 620 2132 de
657 2076 761 2130 ﬁde
804 2072 1135 2146 apocrypha,
1172 2068 1309 2124 scito
1354 2064 1602 2135 professa
1644 2059 1832 2115 Graeco
1872 2058 1934 2112 ﬁ-

363 2172 626 2225 demesse
656 2169 761 2222 hoc
787 2166 964 2228 modo,
1005 2177 1112 2218 una
1144 2160 1283 2224 usia,
1322 2174 1385 2213 ac
1412 2157 1459 2212 si
1500 2156 1667 2218 dicat,
1712 2168 1816 2207 una
1850 2167 1941 2206 na-

361 2273 483 2320 tura
508 2262 591 2317 vel
625 2259 884 2323 essentia,
930 2266 1041 2311 tres
1073 2255 1412 2326 bypostases,
1445 2248 1590 2319 quod
1637 2250 1858 2300 resonat
1885 2244 1939 2297 in

363 2353 615 2411 Latinum
642 2350 725 2405 vel
754 2358 862 2404 tres
886 2362 1152 2416 personas
1177 2344 1256 2398 vel
1288 2351 1398 2396 tres
1423 2337 1777 2395 substantias.
1806 2334 1941 2388 Nam

364 2446 630 2503 Latinitas
672 2441 889 2513 proprie
920 2455 1026 2495 non
1058 2435 1188 2493 dicit
1214 2436 1281 2489 de
1317 2434 1432 2488 Deo
1469 2432 1573 2486 nisi
1619 2425 1939 2483 essentiam.

369 2537 736 2592 Substantiam
764 2546 892 2586 vero
928 2545 1036 2587 non
1082 2526 1316 2599 proprie,
1357 2523 1453 2578 sed
1480 2519 1804 2592 pronuntiat
1850 2518 1946 2571 ab-

372 2628 522 2681 usive
555 2642 567 2678 :
607 2623 863 2694 quoniam
889 2635 1016 2678 vera
1041 2615 1345 2672 substantia
1384 2611 1528 2683 apud
1562 2609 1780 2665 Grzecos
1816 2622 1946 2677 per-

372 2735 505 2773 sona
545 2715 878 2785 intelligitur,
908 2726 1016 2765 non
1046 2716 1261 2763 natura.
1307 2703 1459 2759 Unde
1494 2700 1635 2771 apud
1661 2698 1950 2753 modernos

376 2805 747 2867 scholasticos,
791 2800 1025 2858 maxime
1052 2795 1191 2867 apud
1235 2793 1449 2857 Scotos,
1483 2790 1584 2844 iste
1609 2787 1950 2858 syllogismus

377 2895 691 2957 delusiouis,
720 2900 778 2946 ut
807 2892 992 2946 dicunt
1028 2886 1357 2947 trinitatem,
1386 2882 1526 2935 sicut
1556 2890 1946 2948 personarum,

378 2989 447 3041 ita
479 2996 599 3041 θέεις
628 2980 1073 3042 substantiarum,
1109 2983 1375 3046 quatenus
1415 2972 1463 3025 si
1501 2967 1800 3025 assenserit
1834 2965 1952 3018 ille-

372 3086 497 3143 ctus
542 3075 751 3131 auditor
809 3070 1103 3125 trinitatem
1150 3066 1313 3136 trium
1360 3076 1480 3117 esse
1526 3056 1950 3115 substantiarum

379 3168 583 3230 Deum,
624 3163 787 3219 trimn
830 3161 1118 3229 derogetur
1164 3155 1340 3210 cultor
1386 3153 1639 3215 deorum;
1685 3148 1731 3202 si
1768 3153 1949 3201 autem

382 3255 654 3317 abnuerit,
682 3264 1036 3323 personarum
1063 3247 1359 3314 denegator
1398 3241 1674 3310 culpetur;
1707 3234 1953 3303 culpetur

379 3351 599 3417 propter
634 3342 831 3396 ilioma
861 3338 1126 3401 Graecum,
1161 3334 1449 3402 derogetur
1486 3334 1706 3398 propter
1745 3335 1953 3376 sermo-

384 3409 506 3491 nem
533 3431 799 3488 Latinum.
833 3427 939 3483 Sed
982 3426 1098 3481 btet:
1127 3423 1192 3479 de
1230 3421 1332 3475 ﬁde
1358 3430 1414 3475 et
1438 3416 1614 3473 omnis
1642 3409 1954 3467 calliditatis

383 3527 622 3585 versutia
662 3523 1006 3594 simplicitate
1030 3518 1153 3573 ﬁdei
1189 3511 1468 3569 catholicae
1492 3516 1576 3564 est
1602 3507 1836 3577 puritate
1865 3503 1950 3558 vi-

385 3619 569 3683 tanda,
600 3632 706 3671 non
740 3612 981 3682 captiosa
1013 3603 1387 3672 interiectione
1422 3600 1752 3668 linguarum,
1783 3609 1957 3649 sczeva

389 3713 713 3784 impactione
741 3702 1133 3774 interpolanda.
1174 3697 1343 3754 Porro
1387 3700 1563 3747 autem
1597 3691 1730 3744 ﬁdes
1769 3688 1959 3742 catho—

389 3777 493 3860 lica
523 3804 636 3856 hate
675 3807 776 3861 cst,
813 3804 873 3849 ut
898 3808 1062 3847 unum
1099 3789 1269 3845 Deum
1312 3786 1366 3839 in
1394 3782 1639 3839 trinitate
1664 3787 1720 3833 et
1748 3777 1963 3831 trinita-

390 3908 501 3951 tem
536 3893 591 3945 in
619 3889 824 3943 unitate
848 3896 1190 3943 veneremur,
1218 3890 1394 3944 neque
1430 3866 1821 3928 confundentes
1843 3881 1963 3935 per-

391 3998 581 4042 sonas,
636 3992 807 4048 neque
869 3971 1227 4029 substantiam
1294 3972 1629 4034 separantes.
1695 3951 1961 4024 Quoniam

391 4075 589 4145 quippe
624 4070 728 4127 alia
764 4076 845 4123 est
876 4078 1105 4136 persona
1148 4059 1344 4122 Patris,
1388 4056 1490 4109 alia
1536 4053 1681 4116 Filii,
1707 4051 1809 4104 alia
1840 4048 1965 4118 Spi-

395 4137 540 4221 ritus
576 4161 766 4218 sancti.
810 4157 916 4213 Sed
952 4153 1131 4211 Patris
1175 4159 1230 4206 et
1263 4146 1383 4207 Filii
1418 4156 1474 4202 et
1514 4142 1748 4213 Spiritus
1792 4137 1966 4195 sancti

396 4270 503 4309 una
527 4260 611 4309 est
639 4249 915 4311 divinitas,
933 4243 1153 4316 aequalis
1179 4239 1364 4313 gloria,
1392 4243 1657 4292 coteterna
1687 4232 1965 4302 majestas.

398 4347 516 4403 Non
546 4355 837 4403 ,βαθεῖαι-κω
878 4338 1207 4408 nzajestates,
1233 4347 1339 4387 non
1370 4327 1606 4398 aequales
1630 4324 1833 4397 gloriae,
1858 4337 1964 4376 non

1575 287 1958 345 OPUSCL'LA.
2000 282 2241 341 OP‘CSC.
2284 282 2371 337 iV.

335 428 489 479 inter
535 419 724 475 dubias
765 414 1135 486 imperitorum
1183 408 1464 478 opiniones
1506 412 1558 459 et
1601 401 1921 459 verisimiles
1953 405 1995 464 Α

3459 277 3596 332 HM

3352 402 3586 413 m

2730 481 2873 553 IV.

2025 606 2345 695 Confessio
2400 608 2543 685 [ὶίῖιηί
2592 610 2910 670 Benedicti
2944 609 3171 695 leviter,
3212 608 3325 666 etsi
3387 623 3602 695 pecca-

2106 682 2763 775 Ψῖίεηιξοξιζηιηφιαγη
2798 688 3066 775 erronei,
3125 695 3325 747 tamen
3387 682 3605 763 {cedere

2107 764 2228 822 isto
2264 764 2411 843 ﬁdei
2444 764 2810 827 inexhausta
2841 766 3078 846 ﬁdenti.

2557 887 2720 949 (Apud
2746 888 2926 950 Baluz.,
2953 887 3095 952 ibid.)

2096 985 2369 1041 Conﬁteor
2401 988 2514 1051 tibi,
2546 987 2770 1041 Dom'ne
2797 997 2979 1042 sancte
3025 988 3189 1042 Pater
3229 987 3595 1057 omnipotens,

2027 1086 2226 1132 aeterne
2270 1078 2432 1143 Deus,
2478 1094 2574 1147 per
2621 1077 2955 1148 unigenitum
2994 1085 3144 1131 tuum
3190 1078 3473 1132 Dominum
3504 1092 3605 1131 no-

2018 1175 2200 1223 .strum
2227 1167 2412 1223 Iesum
2440 1166 2736 1231 Christum,
2777 1168 2831 1220 in
2859 1167 3058 1221 virtute
3091 1178 3145 1221 et
3181 1167 3321 1221 dono
3348 1175 3403 1220 et
3436 1165 3610 1236 gratia

2033 1260 2268 1330 Spiritus
2296 1260 2395 1326 tui,
2434 1274 2557 1314 eum
2588 1260 2781 1313 timore
2816 1266 2873 1313 et
2919 1270 3152 1314 tremore
3177 1266 3232 1312 et
3266 1257 3461 1328 gaudio
3487 1271 3611 1327 gra-

2034 1351 2253 1417 tiarum,
2278 1366 2415 1422 opus
2441 1351 2763 1420 depromens
2792 1364 2859 1404 ex
2888 1350 3069 1404 cordis
3093 1349 3391 1413 devotione,
3421 1348 3473 1403 in
3502 1347 3613 1401 oris

2034 1443 2345 1498 resultando
2398 1442 2756 1513 professione.
2803 1440 3020 1497 Gratias
3068 1456 3199 1512 ago,
3243 1440 3337 1495 sed
3382 1455 3449 1494 ex
3497 1447 3611 1492 toto

2027 1536 2221 1601 corde,
2254 1543 2367 1591 tota
2411 1536 2611 1599 anima,
2660 1542 2878 1604 totaque
2922 1535 3139 1599 virtute,
3178 1535 3443 1605 justitiam
3491 1533 3613 1588 ﬁdei

2035 1626 2176 1683 dono
2206 1626 2446 1681 muneris
2478 1626 2551 1681 tui
2578 1627 2867 1691 credendo,
2896 1641 2989 1681 ore
3020 1628 3072 1680 in
3104 1626 3293 1683 salutis
3317 1624 3613 1681 confessio-

2037 1729 2159 1771 nem
2204 1715 2510 1784 pronunlio.
2552 1713 2768 1771 Gratias
2816 1731 2944 1787 ago;
2991 1715 3084 1770 sed
3119 1717 3344 1771 obsecro
3375 1717 3445 1770 sit
3477 1715 3606 1778 tibi,

2033 1819 2068 1860 0
2103 1803 2352 1869 Domine.
2384 1804 2711 1860 sacriﬁcium
2756 1807 3087 1876 acceptabile
3120 1805 3387 1865 confessio
3433 1806 3611 1861 nomi-

2036 1897 2121 1949 nis
2143 1895 2240 1959 tui,
2267 1897 2562 1953 secundum
2598 1894 2737 1963 quod
2770 1896 2865 1950 tibi
2897 1896 3124 1951 debetur
3150 1898 3445 1967 gratiarum
3476 1899 3616 1951 actio

2032 1997 2091 2041 et
2122 2002 2233 2041 vox
2268 1986 2441 2039 laudis
2474 1986 2525 2039 in
2557 1986 2839 2042 Trinitatis
2869 1988 3070 2041 unitate
3105 1998 3159 2042 et
3192 1989 3412 2042 unitatis
3442 1989 3619 2042 Trini-

2038 2092 2168 2147 tate,
2193 2082 2284 2136 uni
2316 2080 2427 2135 Deo
2461 2095 2590 2134 vero
2613 2087 2668 2135 et
2694 2079 2840 2145 vivo,
2864 2080 3159 2135 visibilium
3187 2082 3428 2135 omnium
3458 2088 3513 2134 et
3546 2081 3622 2134 in-

2038 2171 2327 2228 vi-ibilium
2372 2170 2638 2235 creatori,
2673 2177 2727 2224 et
2776 2180 3142 2226 recreatarum
3179 2187 3359 2226 rerum
3400 2187 3619 2226 recrea-

2038 2268 2164 2331 tori,
2207 2282 2310 2321 non
2355 2280 2421 2318 cx
2468 2262 2930 2330 necessitate,sed
2962 2278 3029 2317 ex
3077 2271 3166 2316 tua
3207 2263 3623 2332 omnipotentis-

2041 2360 2176 2413 sima
2221 2356 2558 2426 benignitate
2617 2369 2951 2425 quaecunque
2996 2352 3207 2424 agenti,
3255 2354 3378 2422 quia
3422 2353 3622 2408 nullius

2042 2449 2237 2517 eguisti
2286 2461 2622 2527 quascunque
2667 2444 2880 2519 fecisti,
2927 2445 3176 2514 quodque
3226 2444 3321 2498 tibi
3363 2442 3627 2498 conﬁteor

2043 2544 2309 2596 bonorum
2336 2555 2577 2594 meorum
2604 2554 2710 2593 non
2746 2537 3027 2607 indigenti,
3070 2537 3292 2590 immoto
3325 2535 3377 2589 in
3420 2543 3471 2590 te
3510 2551 3623 2589 ma-

2047 2631 2216 2695 nenti,
2248 2640 2301 2685 et
2331 2645 2449 2700 qum
2482 2637 2767 2683 moventur
2796 2612 3055 2690 moventi,
3082 2626 3205 2696 quia
3230 2626 3283 2680 in
3319 2634 3372 2681 te
3398 2625 3628 2679 vivimus

2047 2730 2100 2775 et
2132 2730 2408 2774 meremur
2441 2728 2493 2773 ct
2525 2733 2730 2773 sumus.
2772 2716 2850 2771 Tu
2898 2723 3079 2770 autem
3121 2715 3260 2768 idem
3295 2714 3407 2784 ipse
3449 2712 3529 2779 es,
3573 2722 3629 2767 et

2050 2812 2173 2864 anni
2217 2809 2292 2863 tui
2326 2826 2432 2863 non
2465 2809 2739 2863 deﬁcient.
2771 2809 2875 2862 Sed
2909 2807 3034 2876 quia
3068 2805 3157 2859 lilii
3192 2819 3470 2859 servorum
3509 2812 3627 2857 luo-

2051 2912 2170 2955 rum
2198 2898 2519 2953 habitabant
2550 2897 2643 2962 ibi,
2673 2906 2728 2951 ct
2756 2912 2937 2951 semen
2964 2910 3149 2950 eorum
3179 2893 3232 2947 in
3264 2893 3517 2948 sazculum
3547 2892 3629 2947 di-

2052 2990 2276 3061 rigetur,
2322 2989 2442 3052 bos,
2488 2989 2729 3057 inquam,
2757 2986 3074 3041 reternitatis
3117 2994 3289 3039 annos
3316 2985 3369 3037 in
3401 2984 3631 3053 idipsum

1979 3096 2023 3157 ρ
2056 3080 2226 3135 lucem
2254 3087 2400 3135 tuam
2425 3078 2875 3143 inaccessibilem,
2901 3093 2933 3132 o
2963 3076 3207 3155 Domine,
3241 3072 3409 3130 habiti
3440 3074 3632 3128 directi

2056 3170 2110 3223 in
2149 3168 2402 3224 smculum
2451 3167 2553 3222 ﬁde
2586 3176 2741 3221 tenus
2771 3181 2932 3230 nunc,
2967 3174 3093 3219 tunc
3130 3172 3308 3218 autem
3344 3163 3520 3232 specie
3563 3171 3636 3216 tea

2053 3273 2156 3312 nus
2198 3259 2499 3313 aztcrnitate
2530 3256 2773 3322 fruendo,
2814 3264 2872 3310 ut
2899 3256 3005 3310 sint
3036 3255 3134 3323 ipsi
3177 3255 3385 3316 :nterni,
3434 3254 3634 3308 idcirco

2053 3348 2283 3415 posuisti
2332 3346 2587 3401 szeculum
2631 3354 2876 3399 nostrum
2919 3344 2973 3396 in
3017 3344 3407 3398 illuminatione
3459 3344 3639 3398 vultus

2056 3433 2154 3487 tui.
2187 3433 2302 3486 Meo
2341 3448 2471 3501 ergo
2496 3447 2640 3487 nunc
2669 3431 2865 3486 saeculo
2907 3432 3241 3486 illuminatus
3267 3430 3370 3487 ﬁde
3410 3431 3515 3486 isto
3543 3442 3635 3487 tuo

2059 3521 2282 3583 lumine,
2311 3520 2452 3589 apud
2491 3535 2650 3587 quem
2679 3534 2786 3574 non
2816 3526 2899 3573 est
2936 3520 3314 3573 transmutatio
3350 3536 3449 3575 nec
3486 3520 3639 3577 vicis-

2058 3611 2307 3669 situlinis
2349 3611 2710 3677 obumbratio,
2747 3610 3010 3665 conﬁteor
3044 3618 3097 3663 et
3124 3625 3223 3681 ego
3269 3611 3513 3665 eamdem
3555 3612 3639 3666 in-

2061 3703 2623 3766 commutabilitatem,
2654 3701 2871 3755 Patrem
2915 3711 2967 3754 te
3004 3699 3172 3755 Deum
3217 3700 3639 3770 omnipotentem

2063 3804 2118 3850 et
2150 3796 2345 3850 Filium
2377 3800 2432 3847 et
2471 3790 2735 3860 Spiritum
2768 3798 3015 3845 sanctum
3053 3790 3214 3846 unius
3239 3805 3358 3846 esse
3394 3791 3643 3845 substan-

2065 3887 2153 3940 tiae
2172 3891 2283 3946 aut,
2315 3883 2461 3952 quod
2486 3881 2688 3936 certius
2717 3880 2822 3935 diei
2850 3886 3048 3950 potest,
3073 3870 3340 3943 essentim,
3379 3882 3644 3951 ejusdem-

2065 3990 2171 4046 que
2195 3973 2481 4043 potestatis
2500 3981 2555 4026 et
2579 3970 3045 4041 sempiternitatis,
3069 3986 3236 4025 unum
3262 3986 3448 4025 verum
3475 3971 3642 4025 Deum

2067 4062 2413 4127 invisibilem,
2446 4060 2930 4130 incorruptibilem,
2968 4060 3350 4125 immortalem,
3394 4060 3647 4114 immuta-

2067 4154 2250 4217 bilem,
2282 4160 2477 4208 natura
2522 4149 2884 4220 simplicitatis
2933 4149 3309 4219 incorporeum
3331 4190 3344 4214 ,
3374 4149 3647 4204 immensi.

2070 4253 2180 4300 tate
2222 4243 2673 4313 incomprehensa
2703 4239 3250 4310 incircumscriptum,
3286 4239 3483 4305 ubique
3510 4255 3647 4309 prae-

2072 4344 2304 4400 sentem,
2332 4344 2386 4390 et
2411 4333 2593 4389 omnia
2623 4331 3002 4396 excedentem,
3044 4330 3410 4398 incontiguum
3451 4336 3506 4382 et
3533 4343 3648 4381 om-

401 4437 541 4493 trina
566 4434 757 4495 deitas,
785 4438 878 4484 aut
904 4426 1094 4497 triplex
1126 4423 1401 4485 divinitas,
1433 4419 1487 4475 id
1514 4425 1619 4481 est,
1647 4429 1842 4478 unum;
1872 4411 1951 4467 set

2071 4429 2160 4482 nia
2200 4426 2596 4489 continentem,
2648 4420 2930 4491 majestate
2974 4419 3247 4475 individua
3289 4419 3341 4471 in
3388 4426 3646 4475 arternum

398 4541 505 4582 una
541 4530 625 4578 est
668 4520 953 4583 divinitas,
989 4529 1094 4570 una
1145 4513 1335 4575 deitas,
1375 4507 1599 4579 aequalis
1644 4503 1837 4575 gloria,
1881 4515 1971 4555 co-

401 4627 599 4672 :eterna
637 4609 911 4678 majestas.
950 4604 1246 4661 Idemidem
1288 4615 1389 4656 nec
1410 4599 1574 4655 etiam
1604 4595 1779 4648 trinus
1803 4592 1970 4654 Deus,

402 4705 496 4761 sed
522 4701 760 4757 Trinitas
789 4699 932 4752 Deus
958 4704 1043 4750 est
1063 4706 1222 4748 unus.
1250 4690 1400 4747 Unus
1427 4701 1560 4743 sane
1582 4685 1692 4740 isto
1721 4683 1899 4747 modo,
1921 4688 1977 4737 et

404 4799 547 4853 Deus
574 4800 628 4848 et
661 4789 921 4847 Dominus
950 4799 1089 4841 unus
1120 4791 1175 4837 et
1198 4780 1437 4850 spiritus.
1482 4777 1551 4837 Et
1588 4776 1705 4830 haec
1750 4788 1855 4828 una
1893 4779 1980 4826 est

405 4884 670 4943 catholica
717 4881 872 4944 ﬁdes,
903 4892 1008 4948 qua
1051 4884 1100 4930 te
1143 4870 1465 4929 foederatum
1513 4865 1633 4920 ﬁdei
1684 4863 1893 4919 unitate
1922 4869 1977 4917 et

407 4990 551 5035 nunc
573 4983 626 5030 et
660 4973 715 5029 in
748 4980 1008 5026 aeternum
1045 4973 1173 5035 opto
1198 4961 1395 5015 valere.
1430 4955 1643 5019 Valeas,
1674 4955 1857 5025 vigeas
1886 4967 1981 5022 per

408 5068 604 5126 smcula
644 5072 839 5121 cuncta
874 5060 1132 5121 beandos,
1166 5055 1242 5110 uti
1288 5051 1663 5118 ﬁdei-pensum
1707 5044 1860 5112 cujus
1901 5051 1985 5097 est

410 5169 598 5210 cernes
638 5153 846 5222 ipsum,
886 5164 1080 5205 munus
1116 5144 1494 5200 inexhaustum
1533 5134 1843 5193 contuendo
1888 5147 1985 5202 per

411 5245 604 5302 smeula
652 5243 924 5307 divinum,
952 5238 1256 5294 saturitate
1295 5247 1422 5287 rasa
1471 5237 1557 5286 sat
1621 5224 1987 5297 eonspicaudo

414 5340 606 5399 Deum.

2073 4531 2131 4576 et
2173 4519 2315 4574 ultra
2356 4524 2700 4589 regnantem,
2748 4514 3018 4567 viventem
3066 4510 3266 4575 vitam,
3300 4509 3464 4562 vitam
3497 4524 3526 4561 a
3572 4508 3651 4563 vi-

2072 4619 2252 4672 Vente,
2285 4606 2678 4664 viviﬁcatorem
2704 4601 3026 4665 viventium,
3049 4613 3214 4653 unum
3257 4597 3311 4652 in
3341 4597 3566 4661 duobus,
3597 4602 3653 4659 et

2075 4710 2331 4770 utrosque
2356 4699 2411 4753 in
2442 4697 2697 4764 idipsum,
2727 4693 2944 4747 Patrem
2985 4691 3038 4747 in
3069 4689 3229 4755 Filio,
3256 4687 3556 4756 Filiumque
3595 4688 3651 4751 in

2076 4792 2258 4854 Patre,
2282 4790 2335 4842 in
2374 4795 2563 4843 sancto
2595 4784 2821 4855 Spiritu.
2854 4782 3020 4855 Igitur
3058 4796 3181 4839 cum
3208 4778 3542 4852 professione
3568 4793 3655 4830 or.

2080 4881 2315 4935 thodoxa
2345 4876 2716 4945 theologorum
2746 4872 3008 4928 conﬁteor
3036 4871 3108 4925 ita
3138 4879 3209 4936 te,
3240 4870 3485 4931 Domine,
3532 4867 3650 4920 Τνίε

2080 4971 2326 5034 nitatem,
2359 4968 2413 5021 in
2441 4966 2598 5020 Patre
2629 4964 2913 5026 unitatem,
2941 4961 2992 5015 in
3022 4959 3157 5013 Filio
3179 4957 3564 5028 aequalitatem,
3598 4955 3652 5016 in

2083 5059 2288 5130 Spiritu
2330 5064 2517 5112 sancto
2541 5053 2764 5108 unitatis
2805 5049 3234 5120 aequalitalisque
3279 5044 3652 5107 concordiam,

2084 5161 2140 5206 et
2172 5151 2274 5204 tria
2313 5149 2431 5202 hmo
2462 5161 2650 5209 unum,
2693 5141 2874 5197 omnia
2913 5147 3134 5209 propter
3163 5136 3397 5199 Patrem,
3429 5132 3656 5202 aequalia

2087 5245 2265 5299 omnia
2294 5248 2515 5311 propter
2550 5235 2767 5311 Filium,
2794 5244 3035 5286 connexa
3076 5226 3256 5282 omnia
3288 5232 3506 5294 propter
3538 5221 3660 5290 Spi-

2088 5333 2253 5389 ritum
2278 5305 2548 5384 sanetum.
2574 5323 2662 5377 Sis
2689 5305 2792 5376 ista
2812 5317 3047 5373 Trinitas
3074 5323 3131 5370 tu
3160 5314 3327 5368 isdem
3354 5309 3657 5371 ineliabilis,

2090 5422 2315 5477 Domine
2358 5418 2503 5471 Deus
2531 5414 2771 5469 existens
2814 5408 2993 5464 divina
3034 5413 3243 5468 natura,
3286 5402 3378 5455 lux
3418 5400 3576 5464 lucis,
3607 5405 3662 5452 et

2092 5515 2212 5568 fons
2235 5510 2473 5571 luminis,
2502 5504 2723 5575 spiritus
2754 5500 2911 5563 lucis,
2939 5497 3227 5568 spirituum
3253 5494 3491 5547 omnium
3521 5507 3664 5545 sum-

2095 5618 2233 5669 mus,
2258 5618 2286 5655 a
2315 5609 2367 5655 te
2392 5614 2489 5669 per
2518 5605 2788 5657 naturam,
2816 5605 2914 5661 per
2939 5586 3296 5643 substantiam
3343 5582 3660 5651 majestatis,

2096 5692 2394 5764 potestatis,
2420 5698 2579 5758 atque
2605 5683 2845 5750 virtutis,
2873 5680 2939 5735 ab
2964 5685 3166 5735 aeterno
3191 5678 3242 5729 in
3265 5680 3523 5730 teter-imm
3549 5669 3664 5724 sine
