  <div class='ocr_page' id='page_1' title='image "/cluster/home/n/w/nwhite01/storage/ocr_20150623/103/hvd.32044054759691/709.png"; bbox 0 0 4014 6186; ppageno 0'>
   <div class='ocr_carea' id='block_1_1' title="bbox 366 312 500 369">
    <p class='ocr_par' dir='ltr' id='par_1_1' title="bbox 366 312 500 369">
     <span class='ocr_line' id='line_1_1' title="bbox 366 312 500 369; baseline -0.03 0"><span class='ocrx_word' id='word_1_1' title='bbox 366 312 500 369; x_wconf 72' lang='grc' dir='ltr'><strong>Ηἔὸ</strong></span> 
     </span>
    </p>
   </div>
   <div class='ocr_carea' id='block_1_2' title="bbox 1383 289 2611 356">
    <p class='ocr_par' dir='ltr' id='par_1_2' title="bbox 1383 289 2611 356">
     <span class='ocr_line' id='line_1_2' title="bbox 1383 289 2611 356; baseline -0.008 0"><span class='ocrx_word' id='word_1_2' title='bbox 1383 301 1442 356; x_wconf 84' lang='lat' dir='ltr'><strong>S.</strong></span> <span class='ocrx_word' id='word_1_3' title='bbox 1473 298 1837 355; x_wconf 71' lang='lat' dir='ltr'><strong>BENEDlCTl</strong></span> <span class='ocrx_word' id='word_1_4' title='bbox 1874 293 2164 351; x_wconf 78' lang='lat' dir='ltr'><strong>ABBATIS</strong></span> <span class='ocrx_word' id='word_1_5' title='bbox 2201 289 2611 349; x_wconf 65' lang='lat' dir='ltr'><strong>ANIANENSIS</strong></span> 
     </span>
    </p>
   </div>
   <div class='ocr_carea' id='block_1_3' title="bbox 3472 288 3622 343">
    <p class='ocr_par' dir='ltr' id='par_1_3' title="bbox 3472 288 3622 343">
     <span class='ocr_line' id='line_1_3' title="bbox 3472 288 3622 343; baseline 0.007 -1"><span class='ocrx_word' id='word_1_6' title='bbox 3472 288 3622 343; x_wconf 56' lang='lat' dir='ltr'><strong>{iis</strong></span> 
     </span>
    </p>
   </div>
   <div class='ocr_carea' id='block_1_4' title="bbox 358 394 3629 479">
    <p class='ocr_par' dir='ltr' id='par_1_4' title="bbox 358 394 3629 479">
     <span class='ocr_line' id='line_1_4' title="bbox 358 394 3629 479; baseline -0.009 0"><span class='ocrx_word' id='word_1_7' title='bbox 358 424 588 479; x_wconf 88' lang='lat' dir='ltr'><strong>termino</strong></span> <span class='ocrx_word' id='word_1_8' title='bbox 616 418 875 475; x_wconf 86' lang='lat' dir='ltr'><strong>intlnitus.</strong></span> <span class='ocrx_word' id='word_1_9' title='bbox 901 414 1143 469; x_wconf 83' lang='lat' dir='ltr'><strong>infinitas</strong></span> <span class='ocrx_word' id='word_1_10' title='bbox 1163 411 1482 467; x_wconf 70' lang='lat' dir='ltr'><strong>mtcrnitatis</strong></span> <span class='ocrx_word' id='word_1_11' title='bbox 1508 411 1560 465; x_wconf 92' lang='lat' dir='ltr'><strong>in</strong></span> <span class='ocrx_word' id='word_1_12' title='bbox 1591 409 1774 473; x_wconf 92' lang='lat' dir='ltr'><strong>Patre,</strong></span> <span class='ocrx_word' id='word_1_13' title='bbox 1804 422 1928 477; x_wconf 86' lang='lat' dir='ltr'><strong>spe-</strong></span> <span class='ocrx_word' id='word_1_14' title='bbox 1957 413 2007 472; x_wconf 70' lang='grc' dir='ltr'><strong>Α</strong></span> <span class='ocrx_word' id='word_1_15' title='bbox 2033 403 2207 457; x_wconf 88' lang='lat' dir='ltr'><strong>ferum</strong></span> <span class='ocrx_word' id='word_1_16' title='bbox 2252 401 2484 472; x_wconf 84' lang='lat' dir='ltr'><strong>genitus,</strong></span> <span class='ocrx_word' id='word_1_17' title='bbox 2526 399 2684 467; x_wconf 81' lang='lat' dir='ltr'><strong>eique</strong></span> <span class='ocrx_word' id='word_1_18' title='bbox 2712 397 2912 453; x_wconf 85' lang='lat' dir='ltr'><strong>dicitur</strong></span> <span class='ocrx_word' id='word_1_19' title='bbox 2938 417 2950 451; x_wconf 89' lang='lat'><strong>:</strong></span> <span class='ocrx_word' id='word_1_20' title='bbox 2979 397 3152 452; x_wconf 78' lang='lat' dir='ltr'><strong>Hodie</strong></span> <span class='ocrx_word' id='word_1_21' title='bbox 3176 397 3338 466; x_wconf 80' lang='lat' dir='ltr'><strong>genui</strong></span> <span class='ocrx_word' id='word_1_22' title='bbox 3366 406 3437 449; x_wconf 84' lang='lat' dir='ltr'><strong>te.</strong></span> <span class='ocrx_word' id='word_1_23' title='bbox 3481 394 3629 452; x_wconf 76' lang='lat' dir='ltr'><strong>Hinc</strong></span> 
     </span>
    </p>
   </div>
   <div class='ocr_carea' id='block_1_5' title="bbox 356 497 1928 579">
    <p class='ocr_par' dir='ltr' id='par_1_5' title="bbox 356 497 1928 579">
     <span class='ocr_line' id='line_1_5' title="bbox 356 497 1928 579; baseline -0.011 -11"><span class='ocrx_word' id='word_1_24' title='bbox 356 513 469 568; x_wconf 89' lang='lat' dir='ltr'><strong>cies</strong></span> <span class='ocrx_word' id='word_1_25' title='bbox 512 513 564 566; x_wconf 89' lang='lat' dir='ltr'><strong>in</strong></span> <span class='ocrx_word' id='word_1_26' title='bbox 596 509 847 579; x_wconf 81' lang='lat' dir='ltr'><strong>imagine,</strong></span> <span class='ocrx_word' id='word_1_27' title='bbox 892 520 1022 560; x_wconf 87' lang='lat' dir='ltr'><strong>usus</strong></span> <span class='ocrx_word' id='word_1_28' title='bbox 1052 505 1104 558; x_wconf 91' lang='lat' dir='ltr'><strong>in</strong></span> <span class='ocrx_word' id='word_1_29' title='bbox 1136 517 1379 558; x_wconf 89' lang='lat' dir='ltr'><strong>munere.</strong></span> <span class='ocrx_word' id='word_1_30' title='bbox 1411 499 1739 570; x_wconf 86' lang='lat' dir='ltr'><strong>Sempiterni</strong></span> <span class='ocrx_word' id='word_1_31' title='bbox 1775 497 1928 568; x_wconf 85' lang='lat' dir='ltr'><strong>geni-</strong></span> 
     </span>
    </p>
   </div>
   <div class='ocr_carea' id='block_1_6' title="bbox 358 591 1929 668">
    <p class='ocr_par' dir='ltr' id='par_1_6' title="bbox 358 591 1929 668">
     <span class='ocr_line' id='line_1_6' title="bbox 358 591 1929 668; baseline -0.01 -13"><span class='ocrx_word' id='word_1_32' title='bbox 358 603 492 655; x_wconf 90' lang='lat' dir='ltr'><strong>toris</strong></span> <span class='ocrx_word' id='word_1_33' title='bbox 515 600 726 668; x_wconf 79' lang='lat' dir='ltr'><strong>genitus</strong></span> <span class='ocrx_word' id='word_1_34' title='bbox 767 596 1144 663; x_wconf 88' lang='lat' dir='ltr'><strong>sempiternus,</strong></span> <span class='ocrx_word' id='word_1_35' title='bbox 1173 602 1228 647; x_wconf 89' lang='lat' dir='ltr'><strong>et</strong></span> <span class='ocrx_word' id='word_1_36' title='bbox 1269 591 1736 659; x_wconf 87' lang='lat' dir='ltr'><strong>consempiternus</strong></span> <span class='ocrx_word' id='word_1_37' title='bbox 1778 596 1929 641; x_wconf 88' lang='lat' dir='ltr'><strong>utro-</strong></span> 
     </span>
    </p>
   </div>
   <div class='ocr_carea' id='block_1_7' title="bbox 359 677 1934 759">
    <p class='ocr_par' dir='ltr' id='par_1_7' title="bbox 359 677 1934 759">
     <span class='ocr_line' id='line_1_7' title="bbox 359 677 1934 759; baseline -0.01 -12"><span class='ocrx_word' id='word_1_38' title='bbox 359 706 587 759; x_wconf 77' lang='lat' dir='ltr'><strong>rumque</strong></span> <span class='ocrx_word' id='word_1_39' title='bbox 617 688 912 758; x_wconf 76' lang='lat' dir='ltr'><strong>procelens</strong></span> <span class='ocrx_word' id='word_1_40' title='bbox 952 687 1019 739; x_wconf 84' lang='lat' dir='ltr'><strong>ab</strong></span> <span class='ocrx_word' id='word_1_41' title='bbox 1061 685 1305 753; x_wconf 87' lang='lat' dir='ltr'><strong>utrisque</strong></span> <span class='ocrx_word' id='word_1_42' title='bbox 1339 682 1571 751; x_wconf 78' lang='lat' dir='ltr'><strong>Spiritus</strong></span> <span class='ocrx_word' id='word_1_43' title='bbox 1596 688 1833 734; x_wconf 89' lang='lat' dir='ltr'><strong>sanctus.</strong></span> <span class='ocrx_word' id='word_1_44' title='bbox 1867 677 1934 731; x_wconf 83' lang='lat' dir='ltr'><strong>Et</strong></span> 
     </span>
    </p>
   </div>
   <div class='ocr_carea' id='block_1_8' title="bbox 362 768 1930 845">
    <p class='ocr_par' dir='ltr' id='par_1_8' title="bbox 362 768 1930 845">
     <span class='ocr_line' id='line_1_8' title="bbox 362 768 1930 845; baseline -0.009 -11"><span class='ocrx_word' id='word_1_45' title='bbox 362 782 414 835; x_wconf 75' lang='lat' dir='ltr'><strong>izl</strong></span> <span class='ocrx_word' id='word_1_46' title='bbox 446 788 611 833; x_wconf 86' lang='lat' dir='ltr'><strong>totum</strong></span> <span class='ocrx_word' id='word_1_47' title='bbox 634 787 716 831; x_wconf 90' lang='lat' dir='ltr'><strong>est</strong></span> <span class='ocrx_word' id='word_1_48' title='bbox 754 776 1024 845; x_wconf 83' lang='lat' dir='ltr'><strong>simplum,</strong></span> <span class='ocrx_word' id='word_1_49' title='bbox 1059 782 1225 827; x_wconf 88' lang='lat' dir='ltr'><strong>totum</strong></span> <span class='ocrx_word' id='word_1_50' title='bbox 1255 773 1489 834; x_wconf 72' lang='lat' dir='ltr'><strong>trinitas,</strong></span> <span class='ocrx_word' id='word_1_51' title='bbox 1520 779 1688 824; x_wconf 88' lang='lat' dir='ltr'><strong>totum</strong></span> <span class='ocrx_word' id='word_1_52' title='bbox 1731 768 1930 830; x_wconf 90' lang='lat' dir='ltr'><strong>unitas,</strong></span> 
     </span>
    </p>
   </div>
   <div class='ocr_carea' id='block_1_9' title="bbox 364 856 1932 923">
    <p class='ocr_par' dir='ltr' id='par_1_9' title="bbox 364 856 1932 923">
     <span class='ocr_line' id='line_1_9' title="bbox 364 856 1932 923; baseline -0.009 0"><span class='ocrx_word' id='word_1_53' title='bbox 364 880 534 923; x_wconf 85' lang='lat' dir='ltr'><strong>totum</strong></span> <span class='ocrx_word' id='word_1_54' title='bbox 577 867 874 921; x_wconf 88' lang='lat' dir='ltr'><strong>omousion.</strong></span> <span class='ocrx_word' id='word_1_55' title='bbox 922 864 1070 919; x_wconf 83' lang='lat' dir='ltr'><strong>Unus</strong></span> <span class='ocrx_word' id='word_1_56' title='bbox 1101 863 1242 917; x_wconf 77' lang='lat' dir='ltr'><strong>Deus</strong></span> <span class='ocrx_word' id='word_1_57' title='bbox 1285 861 1443 915; x_wconf 86' lang='lat' dir='ltr'><strong>Pater</strong></span> <span class='ocrx_word' id='word_1_58' title='bbox 1475 859 1633 915; x_wconf 77' lang='lat' dir='ltr'><strong>Verbi</strong></span> <span class='ocrx_word' id='word_1_59' title='bbox 1679 856 1932 919; x_wconf 76' lang='lat' dir='ltr'><strong>viventis,</strong></span> 
     </span>
    </p>
   </div>
   <div class='ocr_carea' id='block_1_10' title="bbox 364 950 1935 1030">
    <p class='ocr_par' dir='ltr' id='par_1_10' title="bbox 364 950 1935 1030">
     <span class='ocr_line' id='line_1_10' title="bbox 364 950 1935 1030; baseline -0.008 -16"><span class='ocrx_word' id='word_1_60' title='bbox 364 959 639 1030; x_wconf 65' lang='lat' dir='ltr'><strong>sapientiae</strong></span> <span class='ocrx_word' id='word_1_61' title='bbox 664 957 1025 1019; x_wconf 73' lang='lat' dir='ltr'><strong>subsistentia,</strong></span> <span class='ocrx_word' id='word_1_62' title='bbox 1048 964 1103 1009; x_wconf 87' lang='lat' dir='ltr'><strong>et</strong></span> <span class='ocrx_word' id='word_1_63' title='bbox 1129 954 1345 1008; x_wconf 78' lang='lat' dir='ltr'><strong>virtutis</strong></span> <span class='ocrx_word' id='word_1_64' title='bbox 1368 962 1469 1007; x_wconf 74' lang='lat' dir='ltr'><strong>tua:</strong></span> <span class='ocrx_word' id='word_1_65' title='bbox 1490 961 1545 1005; x_wconf 90' lang='lat' dir='ltr'><strong>et</strong></span> <span class='ocrx_word' id='word_1_66' title='bbox 1575 951 1780 1020; x_wconf 63' lang='lat' dir='ltr'><strong>figurat.</strong></span> <span class='ocrx_word' id='word_1_67' title='bbox 1811 950 1935 1004; x_wconf 83' lang='lat' dir='ltr'><strong>Per—</strong></span> 
     </span>
    </p>
   </div>
   <div class='ocr_carea' id='block_1_11' title="bbox 366 1037 1937 1117">
    <p class='ocr_par' dir='ltr' id='par_1_11' title="bbox 366 1037 1937 1117">
     <span class='ocr_line' id='line_1_11' title="bbox 366 1037 1937 1117; baseline -0.008 -14"><span class='ocrx_word' id='word_1_68' title='bbox 366 1049 538 1104; x_wconf 86' lang='lat' dir='ltr'><strong>fectus</strong></span> <span class='ocrx_word' id='word_1_69' title='bbox 572 1046 795 1117; x_wconf 79' lang='lat' dir='ltr'><strong>perfecti</strong></span> <span class='ocrx_word' id='word_1_70' title='bbox 844 1045 1074 1115; x_wconf 79' lang='lat' dir='ltr'><strong>genitor,</strong></span> <span class='ocrx_word' id='word_1_71' title='bbox 1106 1043 1265 1098; x_wconf 78' lang='lat' dir='ltr'><strong>Pater</strong></span> <span class='ocrx_word' id='word_1_72' title='bbox 1295 1042 1414 1096; x_wconf 81' lang='lat' dir='ltr'><strong>Filii</strong></span> <span class='ocrx_word' id='word_1_73' title='bbox 1460 1040 1745 1111; x_wconf 76' lang='lat' dir='ltr'><strong>unigeniti.</strong></span> <span class='ocrx_word' id='word_1_74' title='bbox 1783 1037 1937 1093; x_wconf 88' lang='lat' dir='ltr'><strong>Unus</strong></span> 
     </span>
    </p>
   </div>
   <div class='ocr_carea' id='block_1_12' title="bbox 368 1128 1935 1199">
    <p class='ocr_par' dir='ltr' id='par_1_12' title="bbox 368 1128 1935 1199">
     <span class='ocr_line' id='line_1_12' title="bbox 368 1128 1935 1199; baseline -0.008 -5"><span class='ocrx_word' id='word_1_75' title='bbox 368 1138 622 1195; x_wconf 76' lang='lat' dir='ltr'><strong>Dominus</strong></span> <span class='ocrx_word' id='word_1_76' title='bbox 649 1136 792 1190; x_wconf 87' lang='lat' dir='ltr'><strong>solus</strong></span> <span class='ocrx_word' id='word_1_77' title='bbox 819 1150 883 1189; x_wconf 77' lang='lat' dir='ltr'><strong>ex</strong></span> <span class='ocrx_word' id='word_1_78' title='bbox 913 1135 1025 1188; x_wconf 88' lang='lat' dir='ltr'><strong>solo</strong></span> <span class='ocrx_word' id='word_1_79' title='bbox 1060 1136 1185 1197; x_wconf 81' lang='lat' dir='ltr'><strong>Deo,</strong></span> <span class='ocrx_word' id='word_1_80' title='bbox 1217 1132 1384 1199; x_wconf 77' lang='lat' dir='ltr'><strong>figura</strong></span> <span class='ocrx_word' id='word_1_81' title='bbox 1413 1142 1466 1185; x_wconf 89' lang='lat' dir='ltr'><strong>et</strong></span> <span class='ocrx_word' id='word_1_82' title='bbox 1496 1132 1672 1199; x_wconf 81' lang='lat' dir='ltr'><strong>imago</strong></span> <span class='ocrx_word' id='word_1_83' title='bbox 1698 1128 1935 1190; x_wconf 79' lang='lat' dir='ltr'><strong>deitatis,</strong></span> 
     </span>
    </p>
   </div>
   <div class='ocr_carea' id='block_1_13' title="bbox 364 1219 1934 1294">
    <p class='ocr_par' dir='ltr' id='par_1_13' title="bbox 364 1219 1934 1294">
     <span class='ocr_line' id='line_1_13' title="bbox 364 1219 1934 1294; baseline -0.006 -13"><span class='ocrx_word' id='word_1_84' title='bbox 364 1229 588 1282; x_wconf 90' lang='lat' dir='ltr'><strong>verbum</strong></span> <span class='ocrx_word' id='word_1_85' title='bbox 619 1237 925 1293; x_wconf 74' lang='lat' dir='ltr'><strong>penetrans,</strong></span> <span class='ocrx_word' id='word_1_86' title='bbox 952 1224 1207 1294; x_wconf 76' lang='lat' dir='ltr'><strong>sapientia</strong></span> <span class='ocrx_word' id='word_1_87' title='bbox 1243 1222 1704 1291; x_wconf 69' lang='lat' dir='ltr'><strong>comprehenderis</strong></span> <span class='ocrx_word' id='word_1_88' title='bbox 1732 1219 1934 1282; x_wconf 88' lang='lat' dir='ltr'><strong>omnia,</strong></span> 
     </span>
    </p>
   </div>
   <div class='ocr_carea' id='block_1_14' title="bbox 366 1309 1935 1383">
    <p class='ocr_par' dir='ltr' id='par_1_14' title="bbox 366 1309 1935 1383">
     <span class='ocr_line' id='line_1_14' title="bbox 366 1309 1935 1383; baseline -0.007 -11"><span class='ocrx_word' id='word_1_89' title='bbox 366 1327 423 1373; x_wconf 85' lang='lat' dir='ltr'><strong>et</strong></span> <span class='ocrx_word' id='word_1_90' title='bbox 449 1317 618 1369; x_wconf 88' lang='lat' dir='ltr'><strong>virtus</strong></span> <span class='ocrx_word' id='word_1_91' title='bbox 650 1330 751 1383; x_wconf 91' lang='lat' dir='ltr'><strong>qua</strong></span> <span class='ocrx_word' id='word_1_92' title='bbox 784 1321 890 1366; x_wconf 89' lang='lat' dir='ltr'><strong>tota</strong></span> <span class='ocrx_word' id='word_1_93' title='bbox 919 1321 1168 1366; x_wconf 77' lang='lat' dir='ltr'><strong>creatura</strong></span> <span class='ocrx_word' id='word_1_94' title='bbox 1212 1311 1326 1365; x_wconf 64' lang='lat' dir='ltr'><strong>fieri</strong></span> <span class='ocrx_word' id='word_1_95' title='bbox 1357 1310 1549 1380; x_wconf 88' lang='lat' dir='ltr'><strong>potuit.</strong></span> <span class='ocrx_word' id='word_1_96' title='bbox 1579 1309 1747 1363; x_wconf 86' lang='lat' dir='ltr'><strong>Filius</strong></span> <span class='ocrx_word' id='word_1_97' title='bbox 1773 1322 1935 1362; x_wconf 84' lang='lat' dir='ltr'><strong>verus</strong></span> 
     </span>
    </p>
   </div>
   <div class='ocr_carea' id='block_1_15' title="bbox 368 1396 1940 1469">
    <p class='ocr_par' dir='ltr' id='par_1_15' title="bbox 368 1396 1940 1469">
     <span class='ocr_line' id='line_1_15' title="bbox 368 1396 1940 1469; baseline -0.005 -11"><span class='ocrx_word' id='word_1_98' title='bbox 368 1405 506 1469; x_wconf 90' lang='lat' dir='ltr'><strong>veri,</strong></span> <span class='ocrx_word' id='word_1_99' title='bbox 532 1412 586 1458; x_wconf 89' lang='lat' dir='ltr'><strong>et</strong></span> <span class='ocrx_word' id='word_1_100' title='bbox 614 1401 898 1456; x_wconf 76' lang='lat' dir='ltr'><strong>invisibilis</strong></span> <span class='ocrx_word' id='word_1_101' title='bbox 926 1416 994 1454; x_wconf 75' lang='lat' dir='ltr'><strong>ex</strong></span> <span class='ocrx_word' id='word_1_102' title='bbox 1023 1400 1301 1464; x_wconf 78' lang='lat' dir='ltr'><strong>invisibili,</strong></span> <span class='ocrx_word' id='word_1_103' title='bbox 1331 1410 1386 1456; x_wconf 92' lang='lat' dir='ltr'><strong>et</strong></span> <span class='ocrx_word' id='word_1_104' title='bbox 1415 1396 1845 1467; x_wconf 84' lang='lat' dir='ltr'><strong>incorruptibilis</strong></span> <span class='ocrx_word' id='word_1_105' title='bbox 1870 1411 1940 1450; x_wconf 80' lang='lat' dir='ltr'><strong>ex</strong></span> 
     </span>
    </p>
   </div>
   <div class='ocr_carea' id='block_1_16' title="bbox 372 1487 1943 1563">
    <p class='ocr_par' dir='ltr' id='par_1_16' title="bbox 372 1487 1943 1563">
     <span class='ocr_line' id='line_1_16' title="bbox 372 1487 1943 1563; baseline -0.006 -13"><span class='ocrx_word' id='word_1_106' title='bbox 372 1491 761 1563; x_wconf 85' lang='lat' dir='ltr'><strong>incorruptibili</strong></span> <span class='ocrx_word' id='word_1_107' title='bbox 783 1531 797 1554; x_wconf 91' lang='lat'><strong>,</strong></span> <span class='ocrx_word' id='word_1_108' title='bbox 845 1498 897 1545; x_wconf 93' lang='lat' dir='ltr'><strong>et</strong></span> <span class='ocrx_word' id='word_1_109' title='bbox 926 1491 1281 1559; x_wconf 87' lang='lat' dir='ltr'><strong>sempiternus</strong></span> <span class='ocrx_word' id='word_1_110' title='bbox 1304 1504 1369 1543; x_wconf 82' lang='lat' dir='ltr'><strong>ex</strong></span> <span class='ocrx_word' id='word_1_111' title='bbox 1415 1488 1763 1557; x_wconf 85' lang='lat' dir='ltr'><strong>sempiterno.</strong></span> <span class='ocrx_word' id='word_1_112' title='bbox 1796 1487 1943 1542; x_wconf 82' lang='lat' dir='ltr'><strong>Unus</strong></span> 
     </span>
    </p>
   </div>
   <div class='ocr_carea' id='block_1_17' title="bbox 373 1576 1942 1655">
    <p class='ocr_par' dir='ltr' id='par_1_17' title="bbox 373 1576 1942 1655">
     <span class='ocr_line' id='line_1_17' title="bbox 373 1576 1942 1655; baseline -0.003 -20"><span class='ocrx_word' id='word_1_113' title='bbox 373 1583 607 1655; x_wconf 70' lang='lat' dir='ltr'><strong>Spiritus</strong></span> <span class='ocrx_word' id='word_1_114' title='bbox 637 1592 855 1636; x_wconf 86' lang='lat' dir='ltr'><strong>sanctus</strong></span> <span class='ocrx_word' id='word_1_115' title='bbox 882 1596 949 1635; x_wconf 79' lang='lat' dir='ltr'><strong>ex</strong></span> <span class='ocrx_word' id='word_1_116' title='bbox 978 1579 1090 1633; x_wconf 90' lang='lat' dir='ltr'><strong>Deo</strong></span> <span class='ocrx_word' id='word_1_117' title='bbox 1120 1579 1475 1637; x_wconf 86' lang='lat' dir='ltr'><strong>substantiam</strong></span> <span class='ocrx_word' id='word_1_118' title='bbox 1505 1577 1734 1641; x_wconf 82' lang='lat' dir='ltr'><strong>habens,</strong></span> <span class='ocrx_word' id='word_1_119' title='bbox 1766 1588 1817 1631; x_wconf 87' lang='lat' dir='ltr'><strong>et</strong></span> <span class='ocrx_word' id='word_1_120' title='bbox 1846 1576 1942 1645; x_wconf 82' lang='lat' dir='ltr'><strong>qui</strong></span> 
     </span>
    </p>
   </div>
   <div class='ocr_carea' id='block_1_18' title="bbox 373 1667 1941 1746">
    <p class='ocr_par' dir='ltr' id='par_1_18' title="bbox 373 1667 1941 1746">
     <span class='ocr_line' id='line_1_18' title="bbox 373 1667 1941 1746; baseline -0.006 -17"><span class='ocrx_word' id='word_1_121' title='bbox 373 1692 471 1746; x_wconf 75' lang='lat' dir='ltr'><strong>per</strong></span> <span class='ocrx_word' id='word_1_122' title='bbox 513 1675 707 1729; x_wconf 84' lang='lat' dir='ltr'><strong>Filium</strong></span> <span class='ocrx_word' id='word_1_123' title='bbox 750 1672 1018 1743; x_wconf 75' lang='lat' dir='ltr'><strong>apparuit,</strong></span> <span class='ocrx_word' id='word_1_124' title='bbox 1048 1669 1287 1741; x_wconf 88' lang='lat' dir='ltr'><strong>perfecta</strong></span> <span class='ocrx_word' id='word_1_125' title='bbox 1323 1671 1499 1740; x_wconf 82' lang='lat' dir='ltr'><strong>imago</strong></span> <span class='ocrx_word' id='word_1_126' title='bbox 1529 1668 1650 1723; x_wconf 85' lang='lat' dir='ltr'><strong>Filii</strong></span> <span class='ocrx_word' id='word_1_127' title='bbox 1695 1667 1941 1737; x_wconf 88' lang='lat' dir='ltr'><strong>perfecti,</strong></span> 
     </span>
    </p>
   </div>
   <div class='ocr_carea' id='block_1_19' title="bbox 2030 488 3633 563">
    <p class='ocr_par' dir='ltr' id='par_1_19' title="bbox 2030 488 3633 563">
     <span class='ocr_line' id='line_1_19' title="bbox 2030 488 3633 563; baseline -0.002 -16"><span class='ocrx_word' id='word_1_128' title='bbox 2030 494 2360 563; x_wconf 88' lang='lat' dir='ltr'><strong>sempiterna</strong></span> <span class='ocrx_word' id='word_1_129' title='bbox 2410 490 2664 545; x_wconf 88' lang='lat' dir='ltr'><strong>nativitas</strong></span> <span class='ocrx_word' id='word_1_130' title='bbox 2708 490 3036 546; x_wconf 83' lang='lat' dir='ltr'><strong>declaratur.</strong></span> <span class='ocrx_word' id='word_1_131' title='bbox 3086 488 3318 560; x_wconf 82' lang='lat' dir='ltr'><strong>Propter</strong></span> <span class='ocrx_word' id='word_1_132' title='bbox 3362 489 3512 559; x_wconf 81' lang='lat' dir='ltr'><strong>quod</strong></span> <span class='ocrx_word' id='word_1_133' title='bbox 3555 488 3633 543; x_wconf 85' lang='lat' dir='ltr'><strong>ab</strong></span> 
     </span>
    </p>
   </div>
   <div class='ocr_carea' id='block_1_20' title="bbox 2030 576 3634 653">
    <p class='ocr_par' dir='ltr' id='par_1_20' title="bbox 2030 576 3634 653">
     <span class='ocr_line' id='line_1_20' title="bbox 2030 576 3634 653; baseline -0.004 -16"><span class='ocrx_word' id='word_1_134' title='bbox 2030 581 2290 653; x_wconf 77' lang='lat' dir='ltr'><strong>Apostolo</strong></span> <span class='ocrx_word' id='word_1_135' title='bbox 2316 580 2515 635; x_wconf 84' lang='lat' dir='ltr'><strong>dicitur</strong></span> <span class='ocrx_word' id='word_1_136' title='bbox 2541 595 2555 633; x_wconf 90' lang='lat'><strong>:</strong></span> <span class='ocrx_word' id='word_1_137' title='bbox 2583 579 2704 634; x_wconf 84' lang='lat' dir='ltr'><strong>Non</strong></span> <span class='ocrx_word' id='word_1_138' title='bbox 2725 588 2800 633; x_wconf 80' lang='lat' dir='ltr'><strong>est</strong></span> <span class='ocrx_word' id='word_1_139' title='bbox 2828 581 2882 633; x_wconf 80' lang='lat' dir='ltr'><strong>in</strong></span> <span class='ocrx_word' id='word_1_140' title='bbox 2909 579 3001 633; x_wconf 78' lang='lat' dir='ltr'><strong>illo</strong></span> <span class='ocrx_word' id='word_1_141' title='bbox 3029 578 3123 632; x_wconf 78' lang='lat' dir='ltr'><strong>Est</strong></span> <span class='ocrx_word' id='word_1_142' title='bbox 3153 589 3199 631; x_wconf 85' lang='lat' dir='ltr'><strong>et</strong></span> <span class='ocrx_word' id='word_1_143' title='bbox 3229 576 3379 642; x_wconf 72' lang='lat' dir='ltr'><strong>Non,</strong></span> <span class='ocrx_word' id='word_1_144' title='bbox 3406 577 3501 631; x_wconf 74' lang='lat' dir='ltr'><strong>sed</strong></span> <span class='ocrx_word' id='word_1_145' title='bbox 3528 577 3634 632; x_wconf 75' lang='lat' dir='ltr'><strong>Est</strong></span> 
     </span>
    </p>
   </div>
   <div class='ocr_carea' id='block_1_21' title="bbox 2031 669 3633 741">
    <p class='ocr_par' dir='ltr' id='par_1_21' title="bbox 2031 669 3633 741">
     <span class='ocr_line' id='line_1_21' title="bbox 2031 669 3633 741; baseline -0.003 -15"><span class='ocrx_word' id='word_1_146' title='bbox 2031 673 2084 727; x_wconf 82' lang='lat' dir='ltr'><strong>in</strong></span> <span class='ocrx_word' id='word_1_147' title='bbox 2117 672 2206 726; x_wconf 79' lang='lat' dir='ltr'><strong>illo</strong></span> <span class='ocrx_word' id='word_1_148' title='bbox 2244 672 2362 741; x_wconf 77' lang='lat' dir='ltr'><strong>fuit.</strong></span> <span class='ocrx_word' id='word_1_149' title='bbox 2394 669 2502 725; x_wconf 90' lang='lat' dir='ltr'><strong>Sed</strong></span> <span class='ocrx_word' id='word_1_150' title='bbox 2541 679 2679 733; x_wconf 90' lang='lat' dir='ltr'><strong>esto,</strong></span> <span class='ocrx_word' id='word_1_151' title='bbox 2714 680 2935 726; x_wconf 86' lang='lat' dir='ltr'><strong>maneat</strong></span> <span class='ocrx_word' id='word_1_152' title='bbox 2973 674 3114 723; x_wconf 84' lang='lat' dir='ltr'><strong>sicut</strong></span> <span class='ocrx_word' id='word_1_153' title='bbox 3150 678 3265 733; x_wconf 88' lang='lat' dir='ltr'><strong>est,</strong></span> <span class='ocrx_word' id='word_1_154' title='bbox 3313 672 3633 737; x_wconf 69' lang='lat' dir='ltr'><strong>generatio—</strong></span> 
     </span>
    </p>
   </div>
   <div class='ocr_carea' id='block_1_22' title="bbox 2035 746 3630 831">
    <p class='ocr_par' dir='ltr' id='par_1_22' title="bbox 2035 746 3630 831">
     <span class='ocr_line' id='line_1_22' title="bbox 2035 746 3630 831; baseline -0.004 -12"><span class='ocrx_word' id='word_1_155' title='bbox 2035 778 2157 819; x_wconf 88' lang='lat' dir='ltr'><strong>nem</strong></span> <span class='ocrx_word' id='word_1_156' title='bbox 2182 761 2298 830; x_wconf 83' lang='lat' dir='ltr'><strong>ejus</strong></span> <span class='ocrx_word' id='word_1_157' title='bbox 2326 762 2445 831; x_wconf 83' lang='lat' dir='ltr'><strong>quis</strong></span> <span class='ocrx_word' id='word_1_158' title='bbox 2464 761 2776 816; x_wconf 84' lang='lat' dir='ltr'><strong>enarrabit?</strong></span> <span class='ocrx_word' id='word_1_159' title='bbox 2796 760 2926 826; x_wconf 86' lang='lat' dir='ltr'><strong>Quis</strong></span> <span class='ocrx_word' id='word_1_160' title='bbox 2956 746 3297 822; x_wconf 79' lang='lat' dir='ltr'><strong>nativitatem</strong></span> <span class='ocrx_word' id='word_1_161' title='bbox 3328 760 3478 813; x_wconf 73' lang='lat' dir='ltr'><strong>iliius</strong></span> <span class='ocrx_word' id='word_1_162' title='bbox 3500 776 3630 814; x_wconf 86' lang='lat' dir='ltr'><strong>cum</strong></span> 
     </span>
    </p>
   </div>
   <div class='ocr_carea' id='block_1_23' title="bbox 2035 838 3631 928">
    <p class='ocr_par' dir='ltr' id='par_1_23' title="bbox 2035 838 3631 928">
     <span class='ocr_line' id='line_1_23' title="bbox 2035 838 3631 928; baseline -0.002 -21"><span class='ocrx_word' id='word_1_163' title='bbox 2035 838 2379 928; x_wconf 88' lang='lat' dir='ltr'><strong>processione</strong></span> <span class='ocrx_word' id='word_1_164' title='bbox 2442 852 2775 922; x_wconf 82' lang='lat' dir='ltr'><strong>distinguere</strong></span> <span class='ocrx_word' id='word_1_165' title='bbox 2828 851 3007 911; x_wconf 77' lang='lat' dir='ltr'><strong>valeat</strong></span> <span class='ocrx_word' id='word_1_166' title='bbox 3057 867 3087 907; x_wconf 88' lang='lat' dir='ltr'><strong>a</strong></span> <span class='ocrx_word' id='word_1_167' title='bbox 3147 850 3387 923; x_wconf 70' lang='lat' dir='ltr'><strong>Spirizus</strong></span> <span class='ocrx_word' id='word_1_168' title='bbox 3447 850 3631 905; x_wconf 80' lang='lat' dir='ltr'><strong>sancti</strong></span> 
     </span>
    </p>
   </div>
   <div class='ocr_carea' id='block_1_24' title="bbox 2037 940 3631 1014">
    <p class='ocr_par' dir='ltr' id='par_1_24' title="bbox 2037 940 3631 1014">
     <span class='ocr_line' id='line_1_24' title="bbox 2037 940 3631 1014; baseline -0.003 -17"><span class='ocrx_word' id='word_1_169' title='bbox 2037 944 2379 1014; x_wconf 83' lang='lat' dir='ltr'><strong>processione</strong></span> <span class='ocrx_word' id='word_1_170' title='bbox 2420 943 2537 997; x_wconf 90' lang='lat' dir='ltr'><strong>sine</strong></span> <span class='ocrx_word' id='word_1_171' title='bbox 2579 942 2898 996; x_wconf 88' lang='lat' dir='ltr'><strong>nativitate?</strong></span> <span class='ocrx_word' id='word_1_172' title='bbox 2922 941 3055 1008; x_wconf 86' lang='lat' dir='ltr'><strong>Quis</strong></span> <span class='ocrx_word' id='word_1_173' title='bbox 3091 942 3231 995; x_wconf 88' lang='lat' dir='ltr'><strong>hanc</strong></span> <span class='ocrx_word' id='word_1_174' title='bbox 3260 940 3631 995; x_wconf 74' lang='lat' dir='ltr'><strong>differentiam</strong></span> 
     </span>
    </p>
   </div>
   <div class='ocr_carea' id='block_1_25' title="bbox 2039 1030 3635 1107">
    <p class='ocr_par' dir='ltr' id='par_1_25' title="bbox 2039 1030 3635 1107">
     <span class='ocr_line' id='line_1_25' title="bbox 2039 1030 3635 1107; baseline -0.001 -21"><span class='ocrx_word' id='word_1_175' title='bbox 2039 1033 2402 1107; x_wconf 86' lang='lat' dir='ltr'><strong>processionis</strong></span> <span class='ocrx_word' id='word_1_176' title='bbox 2434 1046 2533 1085; x_wconf 89' lang='lat' dir='ltr'><strong>nec</strong></span> <span class='ocrx_word' id='word_1_177' title='bbox 2565 1031 2805 1101; x_wconf 82' lang='lat' dir='ltr'><strong>genitam</strong></span> <span class='ocrx_word' id='word_1_178' title='bbox 2851 1046 2952 1085; x_wconf 89' lang='lat' dir='ltr'><strong>nec</strong></span> <span class='ocrx_word' id='word_1_179' title='bbox 2994 1030 3291 1101; x_wconf 81' lang='lat' dir='ltr'><strong>ingenitam</strong></span> <span class='ocrx_word' id='word_1_180' title='bbox 3328 1046 3360 1083; x_wconf 87' lang='lat' dir='ltr'><strong>a</strong></span> <span class='ocrx_word' id='word_1_181' title='bbox 3404 1046 3635 1098; x_wconf 73' lang='lat' dir='ltr'><strong>proces-</strong></span> 
     </span>
    </p>
   </div>
   <div class='ocr_carea' id='block_1_26' title="bbox 2039 1119 3631 1193">
    <p class='ocr_par' dir='ltr' id='par_1_26' title="bbox 2039 1119 3631 1193">
     <span class='ocr_line' id='line_1_26' title="bbox 2039 1119 3631 1193; baseline -0.002 -17"><span class='ocrx_word' id='word_1_182' title='bbox 2039 1123 2192 1176; x_wconf 85' lang='lat' dir='ltr'><strong>sione</strong></span> <span class='ocrx_word' id='word_1_183' title='bbox 2224 1122 2554 1191; x_wconf 80' lang='lat' dir='ltr'><strong>distinguere</strong></span> <span class='ocrx_word' id='word_1_184' title='bbox 2583 1128 2799 1190; x_wconf 88' lang='lat' dir='ltr'><strong>appetat</strong></span> <span class='ocrx_word' id='word_1_185' title='bbox 2828 1119 2948 1173; x_wconf 85' lang='lat' dir='ltr'><strong>Filii</strong></span> <span class='ocrx_word' id='word_1_186' title='bbox 2980 1120 3198 1190; x_wconf 78' lang='lat' dir='ltr'><strong>genita?</strong></span> <span class='ocrx_word' id='word_1_187' title='bbox 3242 1119 3376 1189; x_wconf 83' lang='lat' dir='ltr'><strong>Quis</strong></span> <span class='ocrx_word' id='word_1_188' title='bbox 3404 1119 3631 1193; x_wconf 76' lang='lat' dir='ltr'><strong>qualem</strong></span> 
     </span>
    </p>
   </div>
   <div class='ocr_carea' id='block_1_27' title="bbox 2042 1208 3629 1280">
    <p class='ocr_par' dir='ltr' id='par_1_27' title="bbox 2042 1208 3629 1280">
     <span class='ocr_line' id='line_1_27' title="bbox 2042 1208 3629 1280; baseline -0.002 -13"><span class='ocrx_word' id='word_1_189' title='bbox 2042 1215 2273 1275; x_wconf 84' lang='lat' dir='ltr'><strong>Patrem,</strong></span> <span class='ocrx_word' id='word_1_190' title='bbox 2321 1211 2477 1266; x_wconf 89' lang='lat' dir='ltr'><strong>talem</strong></span> <span class='ocrx_word' id='word_1_191' title='bbox 2512 1211 2727 1276; x_wconf 82' lang='lat' dir='ltr'><strong>Filium,</strong></span> <span class='ocrx_word' id='word_1_192' title='bbox 2759 1211 3031 1280; x_wconf 85' lang='lat' dir='ltr'><strong>talemque</strong></span> <span class='ocrx_word' id='word_1_193' title='bbox 3074 1208 3343 1280; x_wconf 86' lang='lat' dir='ltr'><strong>Spiritum</strong></span> <span class='ocrx_word' id='word_1_194' title='bbox 3371 1220 3629 1264; x_wconf 74' lang='lat' dir='ltr'><strong>sanctun</strong></span> 
     </span>
    </p>
   </div>
   <div class='ocr_carea' id='block_1_28' title="bbox 2040 1300 3627 1371">
    <p class='ocr_par' dir='ltr' id='par_1_28' title="bbox 2040 1300 3627 1371">
     <span class='ocr_line' id='line_1_28' title="bbox 2040 1300 3627 1371; baseline -0.004 -11"><span class='ocrx_word' id='word_1_195' title='bbox 2040 1306 2281 1370; x_wconf 75' lang='lat' dir='ltr'><strong>audiens,</strong></span> <span class='ocrx_word' id='word_1_196' title='bbox 2319 1304 2386 1358; x_wconf 85' lang='lat' dir='ltr'><strong>ad</strong></span> <span class='ocrx_word' id='word_1_197' title='bbox 2428 1302 2587 1356; x_wconf 88' lang='lat' dir='ltr'><strong>talem</strong></span> <span class='ocrx_word' id='word_1_198' title='bbox 2627 1312 2984 1371; x_wconf 88' lang='lat' dir='ltr'><strong>personarum</strong></span> <span class='ocrx_word' id='word_1_199' title='bbox 3016 1300 3377 1355; x_wconf 76' lang='lat' dir='ltr'><strong>differentiam</strong></span> <span class='ocrx_word' id='word_1_200' title='bbox 3410 1300 3627 1355; x_wconf 73' lang='lat' dir='ltr'><strong>unifor-</strong></span> 
     </span>
    </p>
   </div>
   <div class='ocr_carea' id='block_1_29' title="bbox 2044 1392 3633 1464">
    <p class='ocr_par' dir='ltr' id='par_1_29' title="bbox 2044 1392 3633 1464">
     <span class='ocr_line' id='line_1_29' title="bbox 2044 1392 3633 1464; baseline -0.001 -15"><span class='ocrx_word' id='word_1_201' title='bbox 2044 1410 2182 1449; x_wconf 86' lang='lat' dir='ltr'><strong>mcm</strong></span> <span class='ocrx_word' id='word_1_202' title='bbox 2225 1411 2290 1449; x_wconf 84' lang='lat' dir='ltr'><strong>ex</strong></span> <span class='ocrx_word' id='word_1_203' title='bbox 2350 1393 2578 1463; x_wconf 74' lang='lat' dir='ltr'><strong>Simplici</strong></span> <span class='ocrx_word' id='word_1_204' title='bbox 2629 1393 2867 1448; x_wconf 83' lang='lat' dir='ltr'><strong>essentia</strong></span> <span class='ocrx_word' id='word_1_205' title='bbox 2916 1392 3133 1449; x_wconf 88' lang='lat' dir='ltr'><strong>deitatis</strong></span> <span class='ocrx_word' id='word_1_206' title='bbox 3182 1394 3406 1464; x_wconf 67' lang='lat' dir='ltr'><strong>hujusce</strong></span> <span class='ocrx_word' id='word_1_207' title='bbox 3459 1395 3633 1448; x_wconf 80' lang='lat' dir='ltr'><strong>etiam</strong></span> 
     </span>
    </p>
   </div>
   <div class='ocr_carea' id='block_1_30' title="bbox 2043 1480 3635 1556">
    <p class='ocr_par' dir='ltr' id='par_1_30' title="bbox 2043 1480 3635 1556">
     <span class='ocr_line' id='line_1_30' title="bbox 2043 1480 3635 1556; baseline 0.001 -17"><span class='ocrx_word' id='word_1_208' title='bbox 2043 1480 2415 1556; x_wconf 76' lang='lat' dir='ltr'><strong>singularitate</strong></span> <span class='ocrx_word' id='word_1_209' title='bbox 2455 1484 2756 1554; x_wconf 86' lang='lat' dir='ltr'><strong>majestalis</strong></span> <span class='ocrx_word' id='word_1_210' title='bbox 2789 1501 2897 1539; x_wconf 91' lang='lat' dir='ltr'><strong>non</strong></span> <span class='ocrx_word' id='word_1_211' title='bbox 2936 1486 3283 1556; x_wconf 84' lang='lat' dir='ltr'><strong>Obstupescat</strong></span> <span class='ocrx_word' id='word_1_212' title='bbox 3322 1488 3635 1541; x_wconf 67' lang='lat' dir='ltr'><strong>attoaitns?</strong></span> 
     </span>
    </p>
   </div>
   <div class='ocr_carea' id='block_1_31' title="bbox 2044 1575 3639 1649">
    <p class='ocr_par' dir='ltr' id='par_1_31' title="bbox 2044 1575 3639 1649">
     <span class='ocr_line' id='line_1_31' title="bbox 2044 1575 3639 1649; baseline 0.003 -20"><span class='ocrx_word' id='word_1_213' title='bbox 2044 1575 2182 1644; x_wconf 83' lang='lat' dir='ltr'><strong>Quin</strong></span> <span class='ocrx_word' id='word_1_214' title='bbox 2222 1585 2482 1649; x_wconf 69' lang='lat' dir='ltr'><strong>pneterea</strong></span> <span class='ocrx_word' id='word_1_215' title='bbox 2521 1576 2792 1646; x_wconf 83' lang='lat' dir='ltr'><strong>quomodo</strong></span> <span class='ocrx_word' id='word_1_216' title='bbox 2838 1577 3016 1647; x_wconf 89' lang='lat' dir='ltr'><strong>capiat</strong></span> <span class='ocrx_word' id='word_1_217' title='bbox 3045 1578 3241 1648; x_wconf 88' lang='lat' dir='ltr'><strong>ubique</strong></span> <span class='ocrx_word' id='word_1_218' title='bbox 3268 1589 3465 1641; x_wconf 87' lang='lat' dir='ltr'><strong>totum,</strong></span> <span class='ocrx_word' id='word_1_219' title='bbox 3512 1580 3639 1634; x_wconf 76' lang='lat' dir='ltr'><strong>ubi-</strong></span> 
     </span>
    </p>
   </div>
   <div class='ocr_carea' id='block_1_32' title="bbox 2040 1666 3635 1741">
    <p class='ocr_par' dir='ltr' id='par_1_32' title="bbox 2040 1666 3635 1741">
     <span class='ocr_line' id='line_1_32' title="bbox 2040 1666 3635 1741; baseline 0.002 -22"><span class='ocrx_word' id='word_1_220' title='bbox 2040 1681 2150 1735; x_wconf 84' lang='lat' dir='ltr'><strong>que</strong></span> <span class='ocrx_word' id='word_1_221' title='bbox 2197 1674 2547 1734; x_wconf 74' lang='lat' dir='ltr'><strong>przesentcm.</strong></span> <span class='ocrx_word' id='word_1_222' title='bbox 2594 1674 2701 1721; x_wconf 76' lang='lat' dir='ltr'><strong>non</strong></span> <span class='ocrx_word' id='word_1_223' title='bbox 2751 1682 2849 1741; x_wconf 91' lang='lat' dir='ltr'><strong>per</strong></span> <span class='ocrx_word' id='word_1_224' title='bbox 2902 1676 3084 1735; x_wconf 85' lang='lat' dir='ltr'><strong>partes</strong></span> <span class='ocrx_word' id='word_1_225' title='bbox 3142 1666 3371 1722; x_wconf 82' lang='lat' dir='ltr'><strong>divisum</strong></span> <span class='ocrx_word' id='word_1_226' title='bbox 3420 1669 3635 1728; x_wconf 73' lang='lat' dir='ltr'><strong>viritim</strong></span> 
     </span>
    </p>
   </div>
   <div class='ocr_carea' id='block_1_33' title="bbox 372 1758 3641 1838">
    <p class='ocr_par' dir='ltr' id='par_1_33' title="bbox 372 1758 3641 1838">
     <span class='ocr_line' id='line_1_33' title="bbox 372 1758 3641 1838; baseline -0.003 -15"><span class='ocrx_word' id='word_1_227' title='bbox 372 1768 609 1838; x_wconf 81' lang='lat' dir='ltr'><strong>perfecta</strong></span> <span class='ocrx_word' id='word_1_228' title='bbox 635 1765 926 1823; x_wconf 86' lang='lat' dir='ltr'><strong>viventium</strong></span> <span class='ocrx_word' id='word_1_229' title='bbox 958 1780 1140 1827; x_wconf 87' lang='lat' dir='ltr'><strong>causa,</strong></span> <span class='ocrx_word' id='word_1_230' title='bbox 1168 1762 1428 1818; x_wconf 88' lang='lat' dir='ltr'><strong>sanctitas</strong></span> <span class='ocrx_word' id='word_1_231' title='bbox 1456 1761 1941 1817; x_wconf 76' lang='lat' dir='ltr'><strong>sanctiﬁcationem</strong></span> <span class='ocrx_word' id='word_1_232' title='bbox 1972 1770 2019 1830; x_wconf 77' lang='grc' dir='ltr'><strong>Β</strong></span> <span class='ocrx_word' id='word_1_233' title='bbox 2044 1772 2397 1828; x_wconf 87' lang='lat' dir='ltr'><strong>personarum</strong></span> <span class='ocrx_word' id='word_1_234' title='bbox 2434 1758 2783 1827; x_wconf 83' lang='lat' dir='ltr'><strong>proprietate,</strong></span> <span class='ocrx_word' id='word_1_235' title='bbox 2822 1758 2918 1812; x_wconf 88' lang='lat' dir='ltr'><strong>sed</strong></span> <span class='ocrx_word' id='word_1_236' title='bbox 2947 1767 3119 1813; x_wconf 87' lang='lat' dir='ltr'><strong>totum</strong></span> <span class='ocrx_word' id='word_1_237' title='bbox 3153 1759 3207 1813; x_wconf 91' lang='lat' dir='ltr'><strong>in</strong></span> <span class='ocrx_word' id='word_1_238' title='bbox 3239 1759 3497 1814; x_wconf 82' lang='lat' dir='ltr'><strong>omnibus</strong></span> <span class='ocrx_word' id='word_1_239' title='bbox 3523 1761 3641 1813; x_wconf 77' lang='lat' dir='ltr'><strong>vir-</strong></span> 
     </span>
    </p>
   </div>
   <div class='ocr_carea' id='block_1_34' title="bbox 371 1848 1938 1929">
    <p class='ocr_par' dir='ltr' id='par_1_34' title="bbox 371 1848 1938 1929">
     <span class='ocr_line' id='line_1_34' title="bbox 371 1848 1938 1929; baseline -0.006 -17"><span class='ocrx_word' id='word_1_240' title='bbox 371 1858 674 1929; x_wconf 68' lang='lat' dir='ltr'><strong>prmstalrix</strong></span> <span class='ocrx_word' id='word_1_241' title='bbox 701 1873 713 1913; x_wconf 93' lang='lat'><strong>:</strong></span> <span class='ocrx_word' id='word_1_242' title='bbox 744 1871 838 1925; x_wconf 90' lang='lat' dir='ltr'><strong>per</strong></span> <span class='ocrx_word' id='word_1_243' title='bbox 862 1870 1019 1925; x_wconf 83' lang='lat' dir='ltr'><strong>quem</strong></span> <span class='ocrx_word' id='word_1_244' title='bbox 1048 1853 1188 1909; x_wconf 88' lang='lat' dir='ltr'><strong>Deus</strong></span> <span class='ocrx_word' id='word_1_245' title='bbox 1222 1852 1369 1908; x_wconf 85' lang='lat' dir='ltr'><strong>solus</strong></span> <span class='ocrx_word' id='word_1_246' title='bbox 1401 1866 1561 1920; x_wconf 83' lang='lat' dir='ltr'><strong>super</strong></span> <span class='ocrx_word' id='word_1_247' title='bbox 1592 1849 1774 1909; x_wconf 85' lang='lat' dir='ltr'><strong>omnia</strong></span> <span class='ocrx_word' id='word_1_248' title='bbox 1799 1858 1856 1903; x_wconf 88' lang='lat' dir='ltr'><strong>et</strong></span> <span class='ocrx_word' id='word_1_249' title='bbox 1883 1848 1938 1907; x_wconf 89' lang='lat' dir='ltr'><strong>in</strong></span> 
     </span>
    </p>
   </div>
   <div class='ocr_carea' id='block_1_35' title="bbox 371 1940 1944 2019">
    <p class='ocr_par' dir='ltr' id='par_1_35' title="bbox 371 1940 1944 2019">
     <span class='ocr_line' id='line_1_35' title="bbox 371 1940 1944 2019; baseline -0.005 -18"><span class='ocrx_word' id='word_1_250' title='bbox 371 1949 621 2002; x_wconf 79' lang='lat' dir='ltr'><strong>omnibus</strong></span> <span class='ocrx_word' id='word_1_251' title='bbox 649 1948 1010 2019; x_wconf 80' lang='lat' dir='ltr'><strong>cognoscitur,</strong></span> <span class='ocrx_word' id='word_1_252' title='bbox 1039 1952 1094 1999; x_wconf 88' lang='lat' dir='ltr'><strong>et</strong></span> <span class='ocrx_word' id='word_1_253' title='bbox 1117 1944 1286 2003; x_wconf 82' lang='lat' dir='ltr'><strong>Filius</strong></span> <span class='ocrx_word' id='word_1_254' title='bbox 1310 1959 1406 2014; x_wconf 89' lang='lat' dir='ltr'><strong>per</strong></span> <span class='ocrx_word' id='word_1_255' title='bbox 1443 1943 1646 1998; x_wconf 86' lang='lat' dir='ltr'><strong>omnia.</strong></span> <span class='ocrx_word' id='word_1_256' title='bbox 1677 1941 1772 1997; x_wconf 87' lang='lat' dir='ltr'><strong>Est</strong></span> <span class='ocrx_word' id='word_1_257' title='bbox 1795 1940 1944 1994; x_wconf 89' lang='lat' dir='ltr'><strong>enim</strong></span> 
     </span>
    </p>
   </div>
   <div class='ocr_carea' id='block_1_36' title="bbox 373 2030 1947 2104">
    <p class='ocr_par' dir='ltr' id='par_1_36' title="bbox 373 2030 1947 2104">
     <span class='ocr_line' id='line_1_36' title="bbox 373 2030 1947 2104; baseline -0.004 -15"><span class='ocrx_word' id='word_1_258' title='bbox 373 2035 674 2090; x_wconf 87' lang='lat' dir='ltr'><strong>intellectus</strong></span> <span class='ocrx_word' id='word_1_259' title='bbox 698 2036 974 2104; x_wconf 64' lang='lat' dir='ltr'><strong>sapientiae</strong></span> <span class='ocrx_word' id='word_1_260' title='bbox 1001 2033 1238 2102; x_wconf 83' lang='lat' dir='ltr'><strong>Spiritus</strong></span> <span class='ocrx_word' id='word_1_261' title='bbox 1260 2041 1499 2096; x_wconf 80' lang='lat' dir='ltr'><strong>sanctus,</strong></span> <span class='ocrx_word' id='word_1_262' title='bbox 1524 2032 1737 2096; x_wconf 85' lang='lat' dir='ltr'><strong>unicus,</strong></span> <span class='ocrx_word' id='word_1_263' title='bbox 1764 2030 1947 2085; x_wconf 79' lang='lat' dir='ltr'><strong>multi-</strong></span> 
     </span>
    </p>
   </div>
   <div class='ocr_carea' id='block_1_37' title="bbox 372 2120 1948 2196">
    <p class='ocr_par' dir='ltr' id='par_1_37' title="bbox 372 2120 1948 2196">
     <span class='ocr_line' id='line_1_37' title="bbox 372 2120 1948 2196; baseline -0.004 -18"><span class='ocrx_word' id='word_1_264' title='bbox 372 2126 516 2196; x_wconf 77' lang='lat' dir='ltr'><strong>plex,</strong></span> <span class='ocrx_word' id='word_1_265' title='bbox 548 2125 780 2187; x_wconf 84' lang='lat' dir='ltr'><strong>subtilis,</strong></span> <span class='ocrx_word' id='word_1_266' title='bbox 809 2123 1039 2186; x_wconf 76' lang='lat' dir='ltr'><strong>mobilis,</strong></span> <span class='ocrx_word' id='word_1_267' title='bbox 1070 2122 1318 2185; x_wconf 85' lang='lat' dir='ltr'><strong>disertus,</strong></span> <span class='ocrx_word' id='word_1_268' title='bbox 1348 2120 1804 2189; x_wconf 87' lang='lat' dir='ltr'><strong>incoinquinatus,</strong></span> <span class='ocrx_word' id='word_1_269' title='bbox 1833 2132 1948 2175; x_wconf 86' lang='lat' dir='ltr'><strong>cer—</strong></span> 
     </span>
    </p>
   </div>
   <div class='ocr_carea' id='block_1_38' title="bbox 377 2206 1942 2279">
    <p class='ocr_par' dir='ltr' id='par_1_38' title="bbox 377 2206 1942 2279">
     <span class='ocr_line' id='line_1_38' title="bbox 377 2206 1942 2279; baseline -0.004 -12"><span class='ocrx_word' id='word_1_270' title='bbox 377 2226 482 2278; x_wconf 90' lang='lat' dir='ltr'><strong>tus,</strong></span> <span class='ocrx_word' id='word_1_271' title='bbox 512 2214 710 2276; x_wconf 86' lang='lat' dir='ltr'><strong>suavis.</strong></span> <span class='ocrx_word' id='word_1_272' title='bbox 737 2227 926 2266; x_wconf 82' lang='lat' dir='ltr'><strong>amans</strong></span> <span class='ocrx_word' id='word_1_273' title='bbox 951 2210 1169 2271; x_wconf 88' lang='lat' dir='ltr'><strong>bonum,</strong></span> <span class='ocrx_word' id='word_1_274' title='bbox 1193 2211 1287 2279; x_wconf 83' lang='lat' dir='ltr'><strong>qui</strong></span> <span class='ocrx_word' id='word_1_275' title='bbox 1316 2208 1449 2263; x_wconf 84' lang='lat' dir='ltr'><strong>nihil</strong></span> <span class='ocrx_word' id='word_1_276' title='bbox 1473 2216 1620 2262; x_wconf 88' lang='lat' dir='ltr'><strong>vetat</strong></span> <span class='ocrx_word' id='word_1_277' title='bbox 1648 2208 1786 2262; x_wconf 88' lang='lat' dir='ltr'><strong>bene</strong></span> <span class='ocrx_word' id='word_1_278' title='bbox 1806 2206 1942 2270; x_wconf 86' lang='lat' dir='ltr'><strong>fieri,</strong></span> 
     </span>
    </p>
   </div>
   <div class='ocr_carea' id='block_1_39' title="bbox 346 2288 1948 2374">
    <p class='ocr_par' dir='ltr' id='par_1_39' title="bbox 346 2288 1948 2374">
     <span class='ocr_line' id='line_1_39' title="bbox 346 2288 1948 2374; baseline -0.004 -15"><span class='ocrx_word' id='word_1_279' title='bbox 346 2288 661 2368; x_wconf 45' lang='lat' dir='ltr'><strong>-humanus,</strong></span> <span class='ocrx_word' id='word_1_280' title='bbox 700 2303 983 2374; x_wconf 84' lang='lat' dir='ltr'><strong>benignus,</strong></span> <span class='ocrx_word' id='word_1_281' title='bbox 1029 2301 1260 2366; x_wconf 67' lang='lat' dir='ltr'><strong>stabilis,</strong></span> <span class='ocrx_word' id='word_1_282' title='bbox 1304 2308 1503 2363; x_wconf 83' lang='lat' dir='ltr'><strong>certus.</strong></span> <span class='ocrx_word' id='word_1_283' title='bbox 1550 2314 1789 2364; x_wconf 86' lang='lat' dir='ltr'><strong>securus,</strong></span> <span class='ocrx_word' id='word_1_284' title='bbox 1832 2314 1948 2353; x_wconf 89' lang='lat' dir='ltr'><strong>om-</strong></span> 
     </span>
    </p>
   </div>
   <div class='ocr_carea' id='block_1_40' title="bbox 373 2388 1948 2460">
    <p class='ocr_par' dir='ltr' id='par_1_40' title="bbox 373 2388 1948 2460">
     <span class='ocr_line' id='line_1_40' title="bbox 373 2388 1948 2460; baseline -0.005 -10"><span class='ocrx_word' id='word_1_285' title='bbox 373 2412 495 2451; x_wconf 85' lang='lat' dir='ltr'><strong>nem</strong></span> <span class='ocrx_word' id='word_1_286' title='bbox 527 2395 731 2449; x_wconf 90' lang='lat' dir='ltr'><strong>habens</strong></span> <span class='ocrx_word' id='word_1_287' title='bbox 762 2393 1034 2456; x_wconf 88' lang='lat' dir='ltr'><strong>virtutem,</strong></span> <span class='ocrx_word' id='word_1_288' title='bbox 1062 2390 1243 2446; x_wconf 89' lang='lat' dir='ltr'><strong>omnia</strong></span> <span class='ocrx_word' id='word_1_289' title='bbox 1273 2391 1630 2460; x_wconf 87' lang='lat' dir='ltr'><strong>prospiciens,</strong></span> <span class='ocrx_word' id='word_1_290' title='bbox 1659 2397 1713 2444; x_wconf 91' lang='lat' dir='ltr'><strong>et</strong></span> <span class='ocrx_word' id='word_1_291' title='bbox 1738 2388 1828 2458; x_wconf 91' lang='lat' dir='ltr'><strong>qui</strong></span> <span class='ocrx_word' id='word_1_292' title='bbox 1856 2404 1948 2444; x_wconf 55' lang='lat' dir='ltr'><strong>eae</strong></span> 
     </span>
    </p>
   </div>
   <div class='ocr_carea' id='block_1_41' title="bbox 373 2477 1943 2557">
    <p class='ocr_par' dir='ltr' id='par_1_41' title="bbox 373 2477 1943 2557">
     <span class='ocr_line' id='line_1_41' title="bbox 373 2477 1943 2557; baseline -0.006 -17"><span class='ocrx_word' id='word_1_293' title='bbox 373 2488 487 2557; x_wconf 85' lang='lat' dir='ltr'><strong>piat</strong></span> <span class='ocrx_word' id='word_1_294' title='bbox 519 2499 706 2539; x_wconf 90' lang='lat' dir='ltr'><strong>omnes</strong></span> <span class='ocrx_word' id='word_1_295' title='bbox 747 2483 992 2555; x_wconf 85' lang='lat' dir='ltr'><strong>spiritus,</strong></span> <span class='ocrx_word' id='word_1_296' title='bbox 1026 2480 1393 2551; x_wconf 88' lang='lat' dir='ltr'><strong>intelligibilis,</strong></span> <span class='ocrx_word' id='word_1_297' title='bbox 1428 2478 1680 2543; x_wconf 86' lang='lat' dir='ltr'><strong>mundus,</strong></span> <span class='ocrx_word' id='word_1_298' title='bbox 1710 2477 1943 2532; x_wconf 84' lang='lat' dir='ltr'><strong>subtilis.</strong></span> 
     </span>
    </p>
   </div>
   <div class='ocr_carea' id='block_1_42' title="bbox 374 2566 1946 2645">
    <p class='ocr_par' dir='ltr' id='par_1_42' title="bbox 374 2566 1946 2645">
     <span class='ocr_line' id='line_1_42' title="bbox 374 2566 1946 2645; baseline -0.004 -14"><span class='ocrx_word' id='word_1_299' title='bbox 374 2575 647 2645; x_wconf 78' lang='lat' dir='ltr'><strong>Siquidem</strong></span> <span class='ocrx_word' id='word_1_300' title='bbox 678 2574 837 2645; x_wconf 82' lang='lat' dir='ltr'><strong>hujus</strong></span> <span class='ocrx_word' id='word_1_301' title='bbox 866 2570 1367 2627; x_wconf 81' lang='lat' dir='ltr'><strong>communicationis</strong></span> <span class='ocrx_word' id='word_1_302' title='bbox 1394 2570 1641 2640; x_wconf 80' lang='lat' dir='ltr'><strong>largitate</strong></span> <span class='ocrx_word' id='word_1_303' title='bbox 1683 2566 1946 2625; x_wconf 79' lang='lat' dir='ltr'><strong>confiteor</strong></span> 
     </span>
    </p>
   </div>
   <div class='ocr_carea' id='block_1_43' title="bbox 373 2659 1946 2734">
    <p class='ocr_par' dir='ltr' id='par_1_43' title="bbox 373 2659 1946 2734">
     <span class='ocr_line' id='line_1_43' title="bbox 373 2659 1946 2734; baseline -0.006 -15"><span class='ocrx_word' id='word_1_304' title='bbox 373 2663 679 2734; x_wconf 82' lang='lat' dir='ltr'><strong>singillatim</strong></span> <span class='ocrx_word' id='word_1_305' title='bbox 706 2676 1057 2732; x_wconf 77' lang='lat' dir='ltr'><strong>personarum</strong></span> <span class='ocrx_word' id='word_1_306' title='bbox 1087 2659 1471 2731; x_wconf 84' lang='lat' dir='ltr'><strong>proprietatem</strong></span> <span class='ocrx_word' id='word_1_307' title='bbox 1515 2666 1809 2720; x_wconf 83' lang='lat' dir='ltr'><strong>servatam,</strong></span> <span class='ocrx_word' id='word_1_308' title='bbox 1843 2668 1946 2711; x_wconf 85' lang='lat' dir='ltr'><strong>nec</strong></span> 
     </span>
    </p>
   </div>
   <div class='ocr_carea' id='block_1_44' title="bbox 375 2746 1948 2818">
    <p class='ocr_par' dir='ltr' id='par_1_44' title="bbox 375 2746 1948 2818">
     <span class='ocr_line' id='line_1_44' title="bbox 375 2746 1948 2818; baseline -0.008 -5"><span class='ocrx_word' id='word_1_309' title='bbox 375 2754 801 2813; x_wconf 55' lang='lat' dir='ltr'><strong>substantialiter</strong></span> <span class='ocrx_word' id='word_1_310' title='bbox 843 2752 1160 2807; x_wconf 88' lang='lat' dir='ltr'><strong>Trinitatem</strong></span> <span class='ocrx_word' id='word_1_311' title='bbox 1208 2750 1401 2813; x_wconf 80' lang='lat' dir='ltr'><strong>dividi,</strong></span> <span class='ocrx_word' id='word_1_312' title='bbox 1446 2763 1548 2804; x_wconf 86' lang='lat' dir='ltr'><strong>nee</strong></span> <span class='ocrx_word' id='word_1_313' title='bbox 1589 2746 1948 2818; x_wconf 83' lang='lat' dir='ltr'><strong>personaliter</strong></span> 
     </span>
    </p>
   </div>
   <div class='ocr_carea' id='block_1_45' title="bbox 376 2837 1947 2909">
    <p class='ocr_par' dir='ltr' id='par_1_45' title="bbox 376 2837 1947 2909">
     <span class='ocr_line' id='line_1_45' title="bbox 376 2837 1947 2909; baseline -0.006 -9"><span class='ocrx_word' id='word_1_314' title='bbox 376 2846 598 2906; x_wconf 90' lang='lat' dir='ltr'><strong>omnino</strong></span> <span class='ocrx_word' id='word_1_315' title='bbox 645 2842 918 2904; x_wconf 86' lang='lat' dir='ltr'><strong>confundi,</strong></span> <span class='ocrx_word' id='word_1_316' title='bbox 959 2844 1052 2898; x_wconf 88' lang='lat' dir='ltr'><strong>sed</strong></span> <span class='ocrx_word' id='word_1_317' title='bbox 1098 2841 1380 2896; x_wconf 89' lang='lat' dir='ltr'><strong>omousion</strong></span> <span class='ocrx_word' id='word_1_318' title='bbox 1418 2839 1734 2895; x_wconf 87' lang='lat' dir='ltr'><strong>Trinitatem</strong></span> <span class='ocrx_word' id='word_1_319' title='bbox 1776 2837 1947 2909; x_wconf 81' lang='lat' dir='ltr'><strong>magis</strong></span> 
     </span>
    </p>
   </div>
   <div class='ocr_carea' id='block_1_46' title="bbox 378 2929 1946 3010">
    <p class='ocr_par' dir='ltr' id='par_1_46' title="bbox 378 2929 1946 3010">
     <span class='ocr_line' id='line_1_46' title="bbox 378 2929 1946 3010; baseline -0.008 -16"><span class='ocrx_word' id='word_1_320' title='bbox 378 2939 656 3010; x_wconf 80' lang='lat' dir='ltr'><strong>magisque</strong></span> <span class='ocrx_word' id='word_1_321' title='bbox 683 2934 991 2992; x_wconf 81' lang='lat' dir='ltr'><strong>confitendo</strong></span> <span class='ocrx_word' id='word_1_322' title='bbox 1038 2934 1226 2999; x_wconf 89' lang='lat' dir='ltr'><strong>Deum,</strong></span> <span class='ocrx_word' id='word_1_323' title='bbox 1272 2949 1378 2988; x_wconf 90' lang='lat' dir='ltr'><strong>non</strong></span> <span class='ocrx_word' id='word_1_324' title='bbox 1419 2940 1596 2987; x_wconf 87' lang='lat' dir='ltr'><strong>autem</strong></span> <span class='ocrx_word' id='word_1_325' title='bbox 1638 2929 1946 2995; x_wconf 89' lang='lat' dir='ltr'><strong>omousion,</strong></span> 
     </span>
    </p>
   </div>
   <div class='ocr_carea' id='block_1_47' title="bbox 374 3019 1950 3101">
    <p class='ocr_par' dir='ltr' id='par_1_47' title="bbox 374 3019 1950 3101">
     <span class='ocr_line' id='line_1_47' title="bbox 374 3019 1950 3101; baseline -0.004 -17"><span class='ocrx_word' id='word_1_326' title='bbox 374 3031 541 3101; x_wconf 88' lang='lat' dir='ltr'><strong>quod,</strong></span> <span class='ocrx_word' id='word_1_327' title='bbox 568 3030 702 3099; x_wconf 86' lang='lat' dir='ltr'><strong>proh</strong></span> <span class='ocrx_word' id='word_1_328' title='bbox 727 3026 911 3082; x_wconf 88' lang='lat' dir='ltr'><strong>nefas!</strong></span> <span class='ocrx_word' id='word_1_329' title='bbox 958 3026 1196 3081; x_wconf 79' lang='lat' dir='ltr'><strong>haeretici</strong></span> <span class='ocrx_word' id='word_1_330' title='bbox 1226 3032 1506 3080; x_wconf 78' lang='lat' dir='ltr'><strong>exsecrate</strong></span> <span class='ocrx_word' id='word_1_331' title='bbox 1549 3023 1821 3078; x_wconf 76' lang='lat' dir='ltr'><strong>dixerunt.</strong></span> <span class='ocrx_word' id='word_1_332' title='bbox 1846 3019 1950 3077; x_wconf 81' lang='lat' dir='ltr'><strong>Sa-</strong></span> 
     </span>
    </p>
   </div>
   <div class='ocr_carea' id='block_1_48' title="bbox 2044 1852 3641 1925">
    <p class='ocr_par' dir='ltr' id='par_1_48' title="bbox 2044 1852 3641 1925">
     <span class='ocr_line' id='line_1_48' title="bbox 2044 1852 3641 1925; baseline -0.001 -17"><span class='ocrx_word' id='word_1_333' title='bbox 2044 1862 2158 1908; x_wconf 88' lang='lat' dir='ltr'><strong>tute</strong></span> <span class='ocrx_word' id='word_1_334' title='bbox 2179 1853 2323 1906; x_wconf 91' lang='lat' dir='ltr'><strong>omni</strong></span> <span class='ocrx_word' id='word_1_335' title='bbox 2354 1859 2571 1907; x_wconf 88' lang='lat' dir='ltr'><strong>tenente</strong></span> <span class='ocrx_word' id='word_1_336' title='bbox 2596 1852 2859 1918; x_wconf 89' lang='lat' dir='ltr'><strong>localiter,</strong></span> <span class='ocrx_word' id='word_1_337' title='bbox 2886 1854 2981 1907; x_wconf 90' lang='lat' dir='ltr'><strong>sed</strong></span> <span class='ocrx_word' id='word_1_338' title='bbox 3010 1853 3383 1925; x_wconf 85' lang='lat' dir='ltr'><strong>potentialiter</strong></span> <span class='ocrx_word' id='word_1_339' title='bbox 3414 1870 3519 1924; x_wconf 84' lang='lat' dir='ltr'><strong>per</strong></span> <span class='ocrx_word' id='word_1_340' title='bbox 3544 1869 3641 1907; x_wconf 71' lang='lat' dir='ltr'><strong>ex-</strong></span> 
     </span>
    </p>
   </div>
   <div class='ocr_carea' id='block_1_49' title="bbox 2042 1940 3635 2011">
    <p class='ocr_par' dir='ltr' id='par_1_49' title="bbox 2042 1940 3635 2011">
     <span class='ocr_line' id='line_1_49' title="bbox 2042 1940 3635 2011; baseline -0.001 -13"><span class='ocrx_word' id='word_1_341' title='bbox 2042 1943 2322 1998; x_wconf 82' lang='lat' dir='ltr'><strong>cellentem</strong></span> <span class='ocrx_word' id='word_1_342' title='bbox 2352 1942 2696 2010; x_wconf 63' lang='lat' dir='ltr'><strong>praesentiam</strong></span> <span class='ocrx_word' id='word_1_343' title='bbox 2725 1940 3061 2010; x_wconf 70' lang='lat' dir='ltr'><strong>maiestatis?</strong></span> <span class='ocrx_word' id='word_1_344' title='bbox 3089 1957 3196 2011; x_wconf 82' lang='lat' dir='ltr'><strong>qua</strong></span> <span class='ocrx_word' id='word_1_345' title='bbox 3229 1942 3357 1997; x_wconf 82' lang='lat' dir='ltr'><strong>licet</strong></span> <span class='ocrx_word' id='word_1_346' title='bbox 3399 1943 3477 1997; x_wconf 87' lang='lat' dir='ltr'><strong>sis</strong></span> <span class='ocrx_word' id='word_1_347' title='bbox 3512 1943 3635 1996; x_wconf 55' lang='lat' dir='ltr'><strong>ubi.</strong></span> 
     </span>
    </p>
   </div>
   <div class='ocr_carea' id='block_1_50' title="bbox 2043 2030 3625 2103">
    <p class='ocr_par' dir='ltr' id='par_1_50' title="bbox 2043 2030 3625 2103">
     <span class='ocr_line' id='line_1_50' title="bbox 2043 2030 3625 2103; baseline 0.002 -18"><span class='ocrx_word' id='word_1_348' title='bbox 2043 2046 2170 2102; x_wconf 84' lang='lat' dir='ltr'><strong>que,</strong></span> <span class='ocrx_word' id='word_1_349' title='bbox 2190 2032 2320 2086; x_wconf 80' lang='lat' dir='ltr'><strong>deos</strong></span> <span class='ocrx_word' id='word_1_350' title='bbox 2351 2040 2528 2087; x_wconf 88' lang='lat' dir='ltr'><strong>tamen</strong></span> <span class='ocrx_word' id='word_1_351' title='bbox 2556 2030 2913 2101; x_wconf 85' lang='lat' dir='ltr'><strong>plerumque:</strong></span> <span class='ocrx_word' id='word_1_352' title='bbox 2941 2033 3065 2102; x_wconf 84' lang='lat' dir='ltr'><strong>quia</strong></span> <span class='ocrx_word' id='word_1_353' title='bbox 3097 2032 3142 2086; x_wconf 81' lang='lat' dir='ltr'><strong>si</strong></span> <span class='ocrx_word' id='word_1_354' title='bbox 3170 2033 3485 2103; x_wconf 65' lang='lat' dir='ltr'><strong>prasentia,</strong></span> <span class='ocrx_word' id='word_1_355' title='bbox 3513 2049 3625 2088; x_wconf 86' lang='lat' dir='ltr'><strong>non</strong></span> 
     </span>
    </p>
   </div>
   <div class='ocr_carea' id='block_1_51' title="bbox 2046 2118 3633 2191">
    <p class='ocr_par' dir='ltr' id='par_1_51' title="bbox 2046 2118 3633 2191">
     <span class='ocr_line' id='line_1_51' title="bbox 2046 2118 3633 2191; baseline -0.001 -16"><span class='ocrx_word' id='word_1_356' title='bbox 2046 2130 2223 2176; x_wconf 79' lang='lat' dir='ltr'><strong>tamen</strong></span> <span class='ocrx_word' id='word_1_357' title='bbox 2246 2135 2307 2175; x_wconf 87' lang='lat' dir='ltr'><strong>es</strong></span> <span class='ocrx_word' id='word_1_358' title='bbox 2330 2120 2522 2191; x_wconf 82' lang='lat' dir='ltr'><strong>gratia.</strong></span> <span class='ocrx_word' id='word_1_359' title='bbox 2564 2118 2671 2175; x_wconf 82' lang='lat' dir='ltr'><strong>Sed</strong></span> <span class='ocrx_word' id='word_1_360' title='bbox 2702 2120 2746 2174; x_wconf 87' lang='lat' dir='ltr'><strong>si</strong></span> <span class='ocrx_word' id='word_1_361' title='bbox 2778 2135 2883 2174; x_wconf 90' lang='lat' dir='ltr'><strong>non</strong></span> <span class='ocrx_word' id='word_1_362' title='bbox 2912 2135 3198 2191; x_wconf 64' lang='lat' dir='ltr'><strong>trossumus</strong></span> <span class='ocrx_word' id='word_1_363' title='bbox 3224 2121 3494 2189; x_wconf 84' lang='lat' dir='ltr'><strong>capiendo</strong></span> <span class='ocrx_word' id='word_1_364' title='bbox 3526 2122 3633 2175; x_wconf 60' lang='lat' dir='ltr'><strong>dis.</strong></span> 
     </span>
    </p>
   </div>
   <div class='ocr_carea' id='block_1_52' title="bbox 2045 2210 3629 2280">
    <p class='ocr_par' dir='ltr' id='par_1_52' title="bbox 2045 2210 3629 2280">
     <span class='ocr_line' id='line_1_52' title="bbox 2045 2210 3629 2280; baseline -0.001 -14"><span class='ocrx_word' id='word_1_365' title='bbox 2045 2212 2312 2280; x_wconf 74' lang='lat' dir='ltr'><strong>tinguere,</strong></span> <span class='ocrx_word' id='word_1_366' title='bbox 2368 2225 2656 2280; x_wconf 85' lang='lat' dir='ltr'><strong>possumus</strong></span> <span class='ocrx_word' id='word_1_367' title='bbox 2700 2219 2752 2265; x_wconf 86' lang='lat' dir='ltr'><strong>te</strong></span> <span class='ocrx_word' id='word_1_368' title='bbox 2796 2211 3024 2265; x_wconf 84' lang='lat' dir='ltr'><strong>docente</strong></span> <span class='ocrx_word' id='word_1_369' title='bbox 3066 2210 3297 2266; x_wconf 72' lang='lat' dir='ltr'><strong>ﬁdeliter</strong></span> <span class='ocrx_word' id='word_1_370' title='bbox 3339 2210 3588 2266; x_wconf 79' lang='lat' dir='ltr'><strong>conﬁteri</strong></span> <span class='ocrx_word' id='word_1_371' title='bbox 3611 2252 3629 2275; x_wconf 89' lang='lat'><strong>,</strong></span> 
     </span>
    </p>
   </div>
   <div class='ocr_carea' id='block_1_53' title="bbox 2044 2301 3636 2358">
    <p class='ocr_par' dir='ltr' id='par_1_53' title="bbox 2044 2301 3636 2358">
     <span class='ocr_line' id='line_1_53' title="bbox 2044 2301 3636 2358; baseline -0.001 -1"><span class='ocrx_word' id='word_1_372' title='bbox 2044 2303 2218 2358; x_wconf 82' lang='lat' dir='ltr'><strong>donec</strong></span> <span class='ocrx_word' id='word_1_373' title='bbox 2251 2301 2536 2357; x_wconf 62' lang='lat' dir='ltr'><strong>illucescit</strong></span> <span class='ocrx_word' id='word_1_374' title='bbox 2572 2302 2688 2357; x_wconf 86' lang='lat' dir='ltr'><strong>dies</strong></span> <span class='ocrx_word' id='word_1_375' title='bbox 2726 2310 2781 2356; x_wconf 87' lang='lat' dir='ltr'><strong>et</strong></span> <span class='ocrx_word' id='word_1_376' title='bbox 2814 2302 3009 2357; x_wconf 79' lang='lat' dir='ltr'><strong>lucifer</strong></span> <span class='ocrx_word' id='word_1_377' title='bbox 3042 2302 3251 2357; x_wconf 81' lang='lat' dir='ltr'><strong>oriatur</strong></span> <span class='ocrx_word' id='word_1_378' title='bbox 3278 2303 3333 2356; x_wconf 87' lang='lat' dir='ltr'><strong>in</strong></span> <span class='ocrx_word' id='word_1_379' title='bbox 3374 2303 3636 2358; x_wconf 63' lang='lat' dir='ltr'><strong>cordibus</strong></span> 
     </span>
    </p>
   </div>
   <div class='ocr_carea' id='block_1_54' title="bbox 2045 2392 3632 2463">
    <p class='ocr_par' dir='ltr' id='par_1_54' title="bbox 2045 2392 3632 2463">
     <span class='ocr_line' id='line_1_54' title="bbox 2045 2392 3632 2463; baseline 0.001 -15"><span class='ocrx_word' id='word_1_380' title='bbox 2045 2393 2248 2448; x_wconf 79' lang='lat' dir='ltr'><strong>nostris</strong></span> <span class='ocrx_word' id='word_1_381' title='bbox 2282 2392 2422 2447; x_wconf 84' lang='lat' dir='ltr'><strong>idem</strong></span> <span class='ocrx_word' id='word_1_382' title='bbox 2456 2393 2764 2463; x_wconf 86' lang='lat' dir='ltr'><strong>unigenitus</strong></span> <span class='ocrx_word' id='word_1_383' title='bbox 2788 2392 2948 2449; x_wconf 68' lang='lat' dir='ltr'><strong>Iesus</strong></span> <span class='ocrx_word' id='word_1_384' title='bbox 2982 2393 3231 2449; x_wconf 82' lang='lat' dir='ltr'><strong>Christus</strong></span> <span class='ocrx_word' id='word_1_385' title='bbox 3258 2394 3427 2448; x_wconf 81' lang='lat' dir='ltr'><strong>Filius</strong></span> <span class='ocrx_word' id='word_1_386' title='bbox 3467 2403 3632 2462; x_wconf 85' lang='lat' dir='ltr'><strong>tuus;</strong></span> 
     </span>
    </p>
   </div>
   <div class='ocr_carea' id='block_1_55' title="bbox 2044 2482 3632 2551">
    <p class='ocr_par' dir='ltr' id='par_1_55' title="bbox 2044 2482 3632 2551">
     <span class='ocr_line' id='line_1_55' title="bbox 2044 2482 3632 2551; baseline -0.001 -14"><span class='ocrx_word' id='word_1_387' title='bbox 2044 2482 2137 2551; x_wconf 91' lang='lat' dir='ltr'><strong>qui</strong></span> <span class='ocrx_word' id='word_1_388' title='bbox 2177 2482 2319 2538; x_wconf 87' lang='lat' dir='ltr'><strong>sicut</strong></span> <span class='ocrx_word' id='word_1_389' title='bbox 2357 2486 2631 2538; x_wconf 82' lang='lat' dir='ltr'><strong>nascendo</strong></span> <span class='ocrx_word' id='word_1_390' title='bbox 2661 2484 2729 2540; x_wconf 86' lang='lat' dir='ltr'><strong>de</strong></span> <span class='ocrx_word' id='word_1_391' title='bbox 2768 2493 2823 2540; x_wconf 81' lang='lat' dir='ltr'><strong>te</strong></span> <span class='ocrx_word' id='word_1_392' title='bbox 2852 2499 2982 2540; x_wconf 78' lang='lat' dir='ltr'><strong>vero</strong></span> <span class='ocrx_word' id='word_1_393' title='bbox 3006 2485 3118 2540; x_wconf 87' lang='lat' dir='ltr'><strong>Deo</strong></span> <span class='ocrx_word' id='word_1_394' title='bbox 3158 2484 3299 2539; x_wconf 85' lang='lat' dir='ltr'><strong>Deus</strong></span> <span class='ocrx_word' id='word_1_395' title='bbox 3325 2494 3407 2539; x_wconf 88' lang='lat' dir='ltr'><strong>est</strong></span> <span class='ocrx_word' id='word_1_396' title='bbox 3440 2501 3632 2549; x_wconf 64' lang='lat' dir='ltr'><strong>verus,</strong></span> 
     </span>
    </p>
   </div>
   <div class='ocr_carea' id='block_1_56' title="bbox 2046 2572 3639 2645">
    <p class='ocr_par' dir='ltr' id='par_1_56' title="bbox 2046 2572 3639 2645">
     <span class='ocr_line' id='line_1_56' title="bbox 2046 2572 3639 2645; baseline 0.001 -18"><span class='ocrx_word' id='word_1_397' title='bbox 2046 2572 2122 2628; x_wconf 89' lang='lat' dir='ltr'><strong>ita</strong></span> <span class='ocrx_word' id='word_1_398' title='bbox 2154 2572 2338 2627; x_wconf 85' lang='lat' dir='ltr'><strong>lumen</strong></span> <span class='ocrx_word' id='word_1_399' title='bbox 2375 2573 2441 2629; x_wconf 88' lang='lat' dir='ltr'><strong>de</strong></span> <span class='ocrx_word' id='word_1_400' title='bbox 2478 2574 2682 2629; x_wconf 88' lang='lat' dir='ltr'><strong>lumine</strong></span> <span class='ocrx_word' id='word_1_401' title='bbox 2717 2591 2730 2626; x_wconf 90' lang='lat'><strong>:</strong></span> <span class='ocrx_word' id='word_1_402' title='bbox 2763 2574 2817 2628; x_wconf 84' lang='lat' dir='ltr'><strong>in</strong></span> <span class='ocrx_word' id='word_1_403' title='bbox 2855 2590 2962 2645; x_wconf 86' lang='lat' dir='ltr'><strong>quo</strong></span> <span class='ocrx_word' id='word_1_404' title='bbox 2993 2574 3198 2630; x_wconf 84' lang='lat' dir='ltr'><strong>lumine</strong></span> <span class='ocrx_word' id='word_1_405' title='bbox 3229 2585 3320 2631; x_wconf 80' lang='lat' dir='ltr'><strong>tuo</strong></span> <span class='ocrx_word' id='word_1_406' title='bbox 3353 2578 3524 2631; x_wconf 80' lang='lat' dir='ltr'><strong>credo</strong></span> <span class='ocrx_word' id='word_1_407' title='bbox 3554 2578 3639 2629; x_wconf 87' lang='lat' dir='ltr'><strong>vi-</strong></span> 
     </span>
    </p>
   </div>
   <div class='ocr_carea' id='block_1_57' title="bbox 2042 2663 3641 2738">
    <p class='ocr_par' dir='ltr' id='par_1_57' title="bbox 2042 2663 3641 2738">
     <span class='ocr_line' id='line_1_57' title="bbox 2042 2663 3641 2738; baseline 0 -19"><span class='ocrx_word' id='word_1_408' title='bbox 2042 2663 2292 2719; x_wconf 77' lang='lat' dir='ltr'><strong>debimus</strong></span> <span class='ocrx_word' id='word_1_409' title='bbox 2330 2663 2537 2730; x_wconf 81' lang='lat' dir='ltr'><strong>lumen,</strong></span> <span class='ocrx_word' id='word_1_410' title='bbox 2568 2665 2773 2729; x_wconf 88' lang='lat' dir='ltr'><strong>lumen,</strong></span> <span class='ocrx_word' id='word_1_411' title='bbox 2822 2667 3067 2736; x_wconf 80' lang='lat' dir='ltr'><strong>inquam,</strong></span> <span class='ocrx_word' id='word_1_412' title='bbox 3111 2683 3296 2722; x_wconf 86' lang='lat' dir='ltr'><strong>verum</strong></span> <span class='ocrx_word' id='word_1_413' title='bbox 3329 2671 3474 2738; x_wconf 84' lang='lat' dir='ltr'><strong>quod</strong></span> <span class='ocrx_word' id='word_1_414' title='bbox 3518 2669 3641 2722; x_wconf 64' lang='lat' dir='ltr'><strong>illa.</strong></span> 
     </span>
    </p>
   </div>
   <div class='ocr_carea' id='block_1_58' title="bbox 2046 2754 3639 2824">
    <p class='ocr_par' dir='ltr' id='par_1_58' title="bbox 2046 2754 3639 2824">
     <span class='ocr_line' id='line_1_58' title="bbox 2046 2754 3639 2824; baseline 0.003 -13"><span class='ocrx_word' id='word_1_415' title='bbox 2046 2754 2220 2811; x_wconf 71' lang='lat' dir='ltr'><strong>miunt</strong></span> <span class='ocrx_word' id='word_1_416' title='bbox 2250 2770 2468 2810; x_wconf 90' lang='lat' dir='ltr'><strong>omnem</strong></span> <span class='ocrx_word' id='word_1_417' title='bbox 2505 2755 2778 2810; x_wconf 87' lang='lat' dir='ltr'><strong>hominem</strong></span> <span class='ocrx_word' id='word_1_418' title='bbox 2819 2757 3125 2813; x_wconf 72' lang='lat' dir='ltr'><strong>venientem</strong></span> <span class='ocrx_word' id='word_1_419' title='bbox 3164 2759 3217 2812; x_wconf 91' lang='lat' dir='ltr'><strong>in</strong></span> <span class='ocrx_word' id='word_1_420' title='bbox 3263 2758 3547 2824; x_wconf 83' lang='lat' dir='ltr'><strong>mundum,</strong></span> <span class='ocrx_word' id='word_1_421' title='bbox 3578 2769 3639 2815; x_wconf 88' lang='lat' dir='ltr'><strong>et</strong></span> 
     </span>
    </p>
   </div>
   <div class='ocr_carea' id='block_1_59' title="bbox 2047 2845 3639 2921">
    <p class='ocr_par' dir='ltr' id='par_1_59' title="bbox 2047 2845 3639 2921">
     <span class='ocr_line' id='line_1_59' title="bbox 2047 2845 3639 2921; baseline 0.002 -19"><span class='ocrx_word' id='word_1_422' title='bbox 2047 2846 2179 2903; x_wconf 85' lang='lat' dir='ltr'><strong>dicit</strong></span> <span class='ocrx_word' id='word_1_423' title='bbox 2212 2864 2226 2900; x_wconf 90' lang='lat'><strong>:</strong></span> <span class='ocrx_word' id='word_1_424' title='bbox 2266 2845 2380 2917; x_wconf 79' lang='lat' dir='ltr'><strong>Ego</strong></span> <span class='ocrx_word' id='word_1_425' title='bbox 2417 2864 2534 2901; x_wconf 78' lang='lat' dir='ltr'><strong>sum</strong></span> <span class='ocrx_word' id='word_1_426' title='bbox 2582 2846 2675 2901; x_wconf 71' lang='lat' dir='ltr'><strong>lux</strong></span> <span class='ocrx_word' id='word_1_427' title='bbox 2716 2849 2920 2902; x_wconf 83' lang='lat' dir='ltr'><strong>mundi.</strong></span> <span class='ocrx_word' id='word_1_428' title='bbox 2955 2848 3059 2914; x_wconf 72' lang='lat' dir='ltr'><strong>Qui</strong></span> <span class='ocrx_word' id='word_1_429' title='bbox 3099 2852 3335 2921; x_wconf 70' lang='lat' dir='ltr'><strong>sequitur</strong></span> <span class='ocrx_word' id='word_1_430' title='bbox 3375 2868 3481 2917; x_wconf 83' lang='lat' dir='ltr'><strong>me,</strong></span> <span class='ocrx_word' id='word_1_431' title='bbox 3525 2867 3639 2905; x_wconf 75' lang='lat' dir='ltr'><strong>non</strong></span> 
     </span>
    </p>
   </div>
   <div class='ocr_carea' id='block_1_60' title="bbox 2047 2935 3641 3011">
    <p class='ocr_par' dir='ltr' id='par_1_60' title="bbox 2047 2935 3641 3011">
     <span class='ocr_line' id='line_1_60' title="bbox 2047 2935 3641 3011; baseline 0.002 -22"><span class='ocrx_word' id='word_1_432' title='bbox 2047 2935 2282 2990; x_wconf 67' lang='lat' dir='ltr'><strong>ambulat</strong></span> <span class='ocrx_word' id='word_1_433' title='bbox 2314 2938 2369 2990; x_wconf 83' lang='lat' dir='ltr'><strong>in</strong></span> <span class='ocrx_word' id='word_1_434' title='bbox 2394 2937 2640 3001; x_wconf 77' lang='lat' dir='ltr'><strong>tenebris,</strong></span> <span class='ocrx_word' id='word_1_435' title='bbox 2670 2938 2761 2991; x_wconf 71' lang='lat' dir='ltr'><strong>sed</strong></span> <span class='ocrx_word' id='word_1_436' title='bbox 2805 2938 3014 2993; x_wconf 78' lang='lat' dir='ltr'><strong>habebit</strong></span> <span class='ocrx_word' id='word_1_437' title='bbox 3053 2939 3229 2994; x_wconf 72' lang='lat' dir='ltr'><strong>lumen</strong></span> <span class='ocrx_word' id='word_1_438' title='bbox 3264 2942 3405 2995; x_wconf 55' lang='lat' dir='ltr'><strong>vitm.</strong></span> <span class='ocrx_word' id='word_1_439' title='bbox 3450 2940 3641 3011; x_wconf 78' lang='lat' dir='ltr'><strong>Siqui-</strong></span> 
     </span>
    </p>
   </div>
   <div class='ocr_carea' id='block_1_61' title="bbox 2047 3026 3640 3100">
    <p class='ocr_par' dir='ltr' id='par_1_61' title="bbox 2047 3026 3640 3100">
     <span class='ocr_line' id='line_1_61' title="bbox 2047 3026 3640 3100; baseline -0.001 -19"><span class='ocrx_word' id='word_1_440' title='bbox 2047 3026 2168 3081; x_wconf 81' lang='lat' dir='ltr'><strong>dem</strong></span> <span class='ocrx_word' id='word_1_441' title='bbox 2209 3036 2269 3080; x_wconf 82' lang='lat' dir='ltr'><strong>ut</strong></span> <span class='ocrx_word' id='word_1_442' title='bbox 2296 3028 2400 3083; x_wconf 90' lang='lat' dir='ltr'><strong>hoc</strong></span> <span class='ocrx_word' id='word_1_443' title='bbox 2427 3026 2604 3082; x_wconf 88' lang='lat' dir='ltr'><strong>lumen</strong></span> <span class='ocrx_word' id='word_1_444' title='bbox 2636 3029 2858 3084; x_wconf 81' lang='lat' dir='ltr'><strong>verbum</strong></span> <span class='ocrx_word' id='word_1_445' title='bbox 2896 3031 3215 3100; x_wconf 84' lang='lat' dir='ltr'><strong>sapientiam</strong></span> <span class='ocrx_word' id='word_1_446' title='bbox 3241 3046 3305 3085; x_wconf 88' lang='lat' dir='ltr'><strong>ac</strong></span> <span class='ocrx_word' id='word_1_447' title='bbox 3331 3039 3481 3087; x_wconf 70' lang='lat' dir='ltr'><strong>tuam</strong></span> <span class='ocrx_word' id='word_1_448' title='bbox 3517 3031 3640 3085; x_wconf 58' lang='lat' dir='ltr'><strong>vir.</strong></span> 
     </span>
    </p>
   </div>
   <div class='ocr_carea' id='block_1_62' title="bbox 372 3114 3641 3193">
    <p class='ocr_par' dir='ltr' id='par_1_62' title="bbox 372 3114 3641 3193">
     <span class='ocr_line' id='line_1_62' title="bbox 372 3114 3641 3193; baseline -0.001 -15"><span class='ocrx_word' id='word_1_449' title='bbox 372 3120 596 3178; x_wconf 86' lang='lat' dir='ltr'><strong>cratiori</strong></span> <span class='ocrx_word' id='word_1_450' title='bbox 626 3133 755 3173; x_wconf 84' lang='lat' dir='ltr'><strong>sane</strong></span> <span class='ocrx_word' id='word_1_451' title='bbox 796 3116 1095 3170; x_wconf 76' lang='lat' dir='ltr'><strong>dill‘erentia</strong></span> <span class='ocrx_word' id='word_1_452' title='bbox 1137 3114 1259 3169; x_wconf 83' lang='lat' dir='ltr'><strong>ﬁdei</strong></span> <span class='ocrx_word' id='word_1_453' title='bbox 1287 3114 1548 3169; x_wconf 80' lang='lat' dir='ltr'><strong>confitear</strong></span> <span class='ocrx_word' id='word_1_454' title='bbox 1592 3122 1644 3168; x_wconf 85' lang='lat' dir='ltr'><strong>te</strong></span> <span class='ocrx_word' id='word_1_455' title='bbox 1688 3127 1811 3169; x_wconf 88' lang='lat' dir='ltr'><strong>cum</strong></span> <span class='ocrx_word' id='word_1_456' title='bbox 1855 3125 1949 3167; x_wconf 87' lang='lat' dir='ltr'><strong>ca-</strong></span> <span class='ocrx_word' id='word_1_457' title='bbox 1976 3128 2022 3193; x_wconf 73' lang='grc' dir='ltr'>ο</span> <span class='ocrx_word' id='word_1_458' title='bbox 2053 3123 2219 3170; x_wconf 86' lang='lat' dir='ltr'><strong>tutem</strong></span> <span class='ocrx_word' id='word_1_459' title='bbox 2263 3116 2516 3187; x_wconf 84' lang='lat' dir='ltr'><strong>prosequi</strong></span> <span class='ocrx_word' id='word_1_460' title='bbox 2544 3116 2867 3181; x_wconf 88' lang='lat' dir='ltr'><strong>valeremus,</strong></span> <span class='ocrx_word' id='word_1_461' title='bbox 2910 3134 3007 3186; x_wconf 85' lang='lat' dir='ltr'><strong>per</strong></span> <span class='ocrx_word' id='word_1_462' title='bbox 3030 3136 3189 3189; x_wconf 89' lang='lat' dir='ltr'><strong>quem</strong></span> <span class='ocrx_word' id='word_1_463' title='bbox 3217 3120 3391 3175; x_wconf 79' lang='lat' dir='ltr'><strong>fecisti</strong></span> <span class='ocrx_word' id='word_1_464' title='bbox 3418 3122 3641 3187; x_wconf 79' lang='lat' dir='ltr'><strong>omnia,</strong></span> 
     </span>
    </p>
   </div>
   <div class='ocr_carea' id='block_1_63' title="bbox 379 3202 1947 3275">
    <p class='ocr_par' dir='ltr' id='par_1_63' title="bbox 379 3202 1947 3275">
     <span class='ocr_line' id='line_1_63' title="bbox 379 3202 1947 3275; baseline -0.008 -8"><span class='ocrx_word' id='word_1_465' title='bbox 379 3212 577 3267; x_wconf 90' lang='lat' dir='ltr'><strong>tholica</strong></span> <span class='ocrx_word' id='word_1_466' title='bbox 619 3210 767 3266; x_wconf 89' lang='lat' dir='ltr'><strong>omni</strong></span> <span class='ocrx_word' id='word_1_467' title='bbox 812 3207 1049 3262; x_wconf 81' lang='lat' dir='ltr'><strong>Ecclesia</strong></span> <span class='ocrx_word' id='word_1_468' title='bbox 1091 3206 1306 3263; x_wconf 85' lang='lat' dir='ltr'><strong>Patrem</strong></span> <span class='ocrx_word' id='word_1_469' title='bbox 1349 3205 1704 3275; x_wconf 74' lang='lat' dir='ltr'><strong>unigenitum,</strong></span> <span class='ocrx_word' id='word_1_470' title='bbox 1750 3202 1947 3263; x_wconf 84' lang='lat' dir='ltr'><strong>Filium</strong></span> 
     </span>
    </p>
   </div>
   <div class='ocr_carea' id='block_1_64' title="bbox 380 3293 1951 3373">
    <p class='ocr_par' dir='ltr' id='par_1_64' title="bbox 380 3293 1951 3373">
     <span class='ocr_line' id='line_1_64' title="bbox 380 3293 1951 3373; baseline -0.006 -15"><span class='ocrx_word' id='word_1_471' title='bbox 380 3302 640 3373; x_wconf 82' lang='lat' dir='ltr'><strong>genitum,</strong></span> <span class='ocrx_word' id='word_1_472' title='bbox 671 3298 930 3370; x_wconf 88' lang='lat' dir='ltr'><strong>Spiritum</strong></span> <span class='ocrx_word' id='word_1_473' title='bbox 955 3305 1202 3352; x_wconf 86' lang='lat' dir='ltr'><strong>sanctum</strong></span> <span class='ocrx_word' id='word_1_474' title='bbox 1230 3311 1327 3353; x_wconf 87' lang='lat' dir='ltr'><strong>nec</strong></span> <span class='ocrx_word' id='word_1_475' title='bbox 1352 3296 1590 3367; x_wconf 87' lang='lat' dir='ltr'><strong>genitum</strong></span> <span class='ocrx_word' id='word_1_476' title='bbox 1615 3310 1714 3350; x_wconf 88' lang='lat' dir='ltr'><strong>nec</strong></span> <span class='ocrx_word' id='word_1_477' title='bbox 1744 3293 1951 3363; x_wconf 65' lang='lat' dir='ltr'><strong>ingenio</strong></span> 
     </span>
    </p>
   </div>
   <div class='ocr_carea' id='block_1_65' title="bbox 383 3383 1950 3457">
    <p class='ocr_par' dir='ltr' id='par_1_65' title="bbox 383 3383 1950 3457">
     <span class='ocr_line' id='line_1_65' title="bbox 383 3383 1950 3457; baseline -0.004 -15"><span class='ocrx_word' id='word_1_478' title='bbox 383 3401 518 3456; x_wconf 83' lang='lat' dir='ltr'><strong>tum,</strong></span> <span class='ocrx_word' id='word_1_479' title='bbox 549 3389 643 3445; x_wconf 88' lang='lat' dir='ltr'><strong>sed</strong></span> <span class='ocrx_word' id='word_1_480' title='bbox 671 3404 738 3445; x_wconf 78' lang='lat' dir='ltr'><strong>ex</strong></span> <span class='ocrx_word' id='word_1_481' title='bbox 775 3387 937 3442; x_wconf 87' lang='lat' dir='ltr'><strong>Patre</strong></span> <span class='ocrx_word' id='word_1_482' title='bbox 980 3386 1223 3457; x_wconf 79' lang='lat' dir='ltr'><strong>Filioque</strong></span> <span class='ocrx_word' id='word_1_483' title='bbox 1264 3386 1665 3456; x_wconf 85' lang='lat' dir='ltr'><strong>procedentem,</strong></span> <span class='ocrx_word' id='word_1_484' title='bbox 1694 3383 1888 3443; x_wconf 84' lang='lat' dir='ltr'><strong>Filium</strong></span> <span class='ocrx_word' id='word_1_485' title='bbox 1918 3397 1950 3436; x_wconf 73' lang='grc' dir='ltr'>ιι</span> 
     </span>
    </p>
   </div>
   <div class='ocr_carea' id='block_1_66' title="bbox 381 3474 1951 3545">
    <p class='ocr_par' dir='ltr' id='par_1_66' title="bbox 381 3474 1951 3545">
     <span class='ocr_line' id='line_1_66' title="bbox 381 3474 1951 3545; baseline -0.005 -10"><span class='ocrx_word' id='word_1_486' title='bbox 381 3490 434 3535; x_wconf 91' lang='lat' dir='ltr'><strong>te</strong></span> <span class='ocrx_word' id='word_1_487' title='bbox 460 3481 569 3533; x_wconf 86' lang='lat' dir='ltr'><strong>Deo</strong></span> <span class='ocrx_word' id='word_1_488' title='bbox 598 3479 760 3539; x_wconf 84' lang='lat' dir='ltr'><strong>Patre</strong></span> <span class='ocrx_word' id='word_1_489' title='bbox 780 3493 980 3536; x_wconf 86' lang='lat' dir='ltr'><strong>naseen</strong></span> <span class='ocrx_word' id='word_1_490' title='bbox 1006 3478 1054 3531; x_wconf 57' lang='lat' dir='ltr'><strong>lo</strong></span> <span class='ocrx_word' id='word_1_491' title='bbox 1081 3477 1392 3545; x_wconf 80' lang='lat' dir='ltr'><strong>procedere,</strong></span> <span class='ocrx_word' id='word_1_492' title='bbox 1425 3474 1682 3545; x_wconf 82' lang='lat' dir='ltr'><strong>Spiritum</strong></span> <span class='ocrx_word' id='word_1_493' title='bbox 1705 3481 1951 3528; x_wconf 84' lang='lat' dir='ltr'><strong>sanctum</strong></span> 
     </span>
    </p>
   </div>
   <div class='ocr_carea' id='block_1_67' title="bbox 379 3565 1952 3647">
    <p class='ocr_par' dir='ltr' id='par_1_67' title="bbox 379 3565 1952 3647">
     <span class='ocr_line' id='line_1_67' title="bbox 379 3565 1952 3647; baseline -0.004 -23"><span class='ocrx_word' id='word_1_494' title='bbox 379 3570 718 3647; x_wconf 82' lang='lat' dir='ltr'><strong>procedendo</strong></span> <span class='ocrx_word' id='word_1_495' title='bbox 749 3584 853 3623; x_wconf 88' lang='lat' dir='ltr'><strong>non</strong></span> <span class='ocrx_word' id='word_1_496' title='bbox 888 3568 1053 3622; x_wconf 75' lang='lat' dir='ltr'><strong>nasci.</strong></span> <span class='ocrx_word' id='word_1_497' title='bbox 1094 3568 1161 3621; x_wconf 82' lang='lat' dir='ltr'><strong>Et</strong></span> <span class='ocrx_word' id='word_1_498' title='bbox 1190 3568 1328 3622; x_wconf 87' lang='lat' dir='ltr'><strong>hanc</strong></span> <span class='ocrx_word' id='word_1_499' title='bbox 1373 3565 1806 3647; x_wconf 76' lang='lat' dir='ltr'><strong>inrestimabilem</strong></span> <span class='ocrx_word' id='word_1_500' title='bbox 1853 3579 1952 3619; x_wconf 88' lang='lat' dir='ltr'><strong>na-</strong></span> 
     </span>
    </p>
   </div>
   <div class='ocr_carea' id='block_1_68' title="bbox 383 3644 1955 3730">
    <p class='ocr_par' dir='ltr' id='par_1_68' title="bbox 383 3644 1955 3730">
     <span class='ocr_line' id='line_1_68' title="bbox 383 3644 1955 3730; baseline -0.006 -14"><span class='ocrx_word' id='word_1_501' title='bbox 383 3644 675 3726; x_wconf 85' lang='lat' dir='ltr'><strong>tivitatem;</strong></span> <span class='ocrx_word' id='word_1_502' title='bbox 718 3660 811 3717; x_wconf 77' lang='lat' dir='ltr'><strong>sed</strong></span> <span class='ocrx_word' id='word_1_503' title='bbox 841 3668 895 3713; x_wconf 91' lang='lat' dir='ltr'><strong>et</strong></span> <span class='ocrx_word' id='word_1_504' title='bbox 925 3659 1343 3727; x_wconf 84' lang='lat' dir='ltr'><strong>processioncm,</strong></span> <span class='ocrx_word' id='word_1_505' title='bbox 1372 3672 1472 3712; x_wconf 89' lang='lat' dir='ltr'><strong>nec</strong></span> <span class='ocrx_word' id='word_1_506' title='bbox 1502 3644 1728 3730; x_wconf 72' lang='lat' dir='ltr'><strong>cmpisse</strong></span> <span class='ocrx_word' id='word_1_507' title='bbox 1754 3662 1809 3712; x_wconf 86' lang='lat' dir='ltr'><strong>et</strong></span> <span class='ocrx_word' id='word_1_508' title='bbox 1834 3670 1955 3725; x_wconf 81' lang='lat' dir='ltr'><strong>per-</strong></span> 
     </span>
    </p>
   </div>
   <div class='ocr_carea' id='block_1_69' title="bbox 381 3750 1955 3819">
    <p class='ocr_par' dir='ltr' id='par_1_69' title="bbox 381 3750 1955 3819">
     <span class='ocr_line' id='line_1_69' title="bbox 381 3750 1955 3819; baseline -0.003 -12"><span class='ocrx_word' id='word_1_509' title='bbox 381 3756 578 3810; x_wconf 83' lang='lat' dir='ltr'><strong>fectam</strong></span> <span class='ocrx_word' id='word_1_510' title='bbox 600 3768 739 3816; x_wconf 80' lang='lat' dir='ltr'><strong>esse,</strong></span> <span class='ocrx_word' id='word_1_511' title='bbox 765 3767 865 3807; x_wconf 90' lang='lat' dir='ltr'><strong>nec</strong></span> <span class='ocrx_word' id='word_1_512' title='bbox 892 3752 1162 3811; x_wconf 84' lang='lat' dir='ltr'><strong>destitisse</strong></span> <span class='ocrx_word' id='word_1_513' title='bbox 1187 3759 1240 3807; x_wconf 88' lang='lat' dir='ltr'><strong>et</strong></span> <span class='ocrx_word' id='word_1_514' title='bbox 1268 3750 1649 3819; x_wconf 85' lang='lat' dir='ltr'><strong>sempiternam</strong></span> <span class='ocrx_word' id='word_1_515' title='bbox 1685 3764 1804 3804; x_wconf 89' lang='lat' dir='ltr'><strong>esse</strong></span> <span class='ocrx_word' id='word_1_516' title='bbox 1832 3764 1955 3804; x_wconf 87' lang='lat' dir='ltr'><strong>con-</strong></span> 
     </span>
    </p>
   </div>
   <div class='ocr_carea' id='block_1_70' title="bbox 382 3839 1951 3910">
    <p class='ocr_par' dir='ltr' id='par_1_70' title="bbox 382 3839 1951 3910">
     <span class='ocr_line' id='line_1_70' title="bbox 382 3839 1951 3910; baseline -0.003 -13"><span class='ocrx_word' id='word_1_517' title='bbox 382 3843 555 3898; x_wconf 79' lang='lat' dir='ltr'><strong>fiteor.</strong></span> <span class='ocrx_word' id='word_1_518' title='bbox 602 3841 709 3897; x_wconf 88' lang='lat' dir='ltr'><strong>Sed</strong></span> <span class='ocrx_word' id='word_1_519' title='bbox 740 3840 915 3900; x_wconf 75' lang='lat' dir='ltr'><strong>istam</strong></span> <span class='ocrx_word' id='word_1_520' title='bbox 969 3840 1370 3910; x_wconf 78' lang='lat' dir='ltr'><strong>generationem</strong></span> <span class='ocrx_word' id='word_1_521' title='bbox 1420 3848 1588 3903; x_wconf 88' lang='lat' dir='ltr'><strong>tuam,</strong></span> <span class='ocrx_word' id='word_1_522' title='bbox 1628 3855 1661 3894; x_wconf 95' lang='grc' dir='ltr'>ο</span> <span class='ocrx_word' id='word_1_523' title='bbox 1708 3839 1951 3904; x_wconf 87' lang='lat' dir='ltr'><strong>Domine,</strong></span> 
     </span>
    </p>
   </div>
   <div class='ocr_carea' id='block_1_71' title="bbox 381 3928 1951 4000">
    <p class='ocr_par' dir='ltr' id='par_1_71' title="bbox 381 3928 1951 4000">
     <span class='ocr_line' id='line_1_71' title="bbox 381 3928 1951 4000; baseline 0.001 -17"><span class='ocrx_word' id='word_1_524' title='bbox 381 3930 701 3989; x_wconf 72' lang='lat' dir='ltr'><strong>ineffabilem</strong></span> <span class='ocrx_word' id='word_1_525' title='bbox 747 3944 894 3994; x_wconf 87' lang='lat' dir='ltr'><strong>vere,</strong></span> <span class='ocrx_word' id='word_1_526' title='bbox 930 3929 1061 3999; x_wconf 90' lang='lat' dir='ltr'><strong>quin</strong></span> <span class='ocrx_word' id='word_1_527' title='bbox 1102 3928 1280 3999; x_wconf 82' lang='lat' dir='ltr'><strong>potius</strong></span> <span class='ocrx_word' id='word_1_528' title='bbox 1324 3928 1951 4000; x_wconf 86' lang='lat' dir='ltr'><strong>incomprehensibilem,</strong></span> 
     </span>
    </p>
   </div>
   <div class='ocr_carea' id='block_1_72' title="bbox 379 4019 1955 4091">
    <p class='ocr_par' dir='ltr' id='par_1_72' title="bbox 379 4019 1955 4091">
     <span class='ocr_line' id='line_1_72' title="bbox 379 4019 1955 4091; baseline 0.003 -19"><span class='ocrx_word' id='word_1_529' title='bbox 379 4023 501 4091; x_wconf 77' lang='lat' dir='ltr'><strong>quis</strong></span> <span class='ocrx_word' id='word_1_530' title='bbox 532 4020 848 4077; x_wconf 87' lang='lat' dir='ltr'><strong>enarrahit?</strong></span> <span class='ocrx_word' id='word_1_531' title='bbox 877 4019 1008 4088; x_wconf 87' lang='lat' dir='ltr'><strong>Quis</strong></span> <span class='ocrx_word' id='word_1_532' title='bbox 1040 4020 1184 4075; x_wconf 89' lang='lat' dir='ltr'><strong>enim</strong></span> <span class='ocrx_word' id='word_1_533' title='bbox 1215 4028 1273 4074; x_wconf 89' lang='lat' dir='ltr'><strong>ut</strong></span> <span class='ocrx_word' id='word_1_534' title='bbox 1301 4028 1386 4075; x_wconf 89' lang='lat' dir='ltr'><strong>est</strong></span> <span class='ocrx_word' id='word_1_535' title='bbox 1406 4035 1514 4076; x_wconf 90' lang='lat' dir='ltr'><strong>non</strong></span> <span class='ocrx_word' id='word_1_536' title='bbox 1548 4020 1717 4076; x_wconf 90' lang='lat' dir='ltr'><strong>solum</strong></span> <span class='ocrx_word' id='word_1_537' title='bbox 1741 4022 1955 4078; x_wconf 84' lang='lat' dir='ltr'><strong>edicere</strong></span> 
     </span>
    </p>
   </div>
   <div class='ocr_carea' id='block_1_73' title="bbox 381 4109 1955 4179">
    <p class='ocr_par' dir='ltr' id='par_1_73' title="bbox 381 4109 1955 4179">
     <span class='ocr_line' id='line_1_73' title="bbox 381 4109 1955 4179; baseline 0.001 -15"><span class='ocrx_word' id='word_1_538' title='bbox 381 4110 475 4165; x_wconf 61' lang='lat' dir='ltr'><strong>Ssd</strong></span> <span class='ocrx_word' id='word_1_539' title='bbox 504 4112 664 4165; x_wconf 88' lang='lat' dir='ltr'><strong>etiam</strong></span> <span class='ocrx_word' id='word_1_540' title='bbox 698 4110 1154 4179; x_wconf 85' lang='lat' dir='ltr'><strong>comprehendere</strong></span> <span class='ocrx_word' id='word_1_541' title='bbox 1184 4109 1363 4164; x_wconf 84' lang='lat' dir='ltr'><strong>valeat</strong></span> <span class='ocrx_word' id='word_1_542' title='bbox 1407 4110 1653 4178; x_wconf 78' lang='lat' dir='ltr'><strong>genitum</strong></span> <span class='ocrx_word' id='word_1_543' title='bbox 1685 4125 1793 4164; x_wconf 90' lang='lat' dir='ltr'><strong>non</strong></span> <span class='ocrx_word' id='word_1_544' title='bbox 1834 4125 1955 4165; x_wconf 78' lang='lat' dir='ltr'><strong>esse</strong></span> 
     </span>
    </p>
   </div>
   <div class='ocr_carea' id='block_1_74' title="bbox 380 4198 1956 4271">
    <p class='ocr_par' dir='ltr' id='par_1_74' title="bbox 380 4198 1956 4271">
     <span class='ocr_line' id='line_1_74' title="bbox 380 4198 1956 4271; baseline -0.001 -18"><span class='ocrx_word' id='word_1_545' title='bbox 380 4199 606 4271; x_wconf 75' lang='lat' dir='ltr'><strong>genitori</strong></span> <span class='ocrx_word' id='word_1_546' title='bbox 639 4198 1014 4266; x_wconf 88' lang='lat' dir='ltr'><strong>posteriorem,</strong></span> <span class='ocrx_word' id='word_1_547' title='bbox 1056 4212 1120 4252; x_wconf 93' lang='lat' dir='ltr'><strong>ac</strong></span> <span class='ocrx_word' id='word_1_548' title='bbox 1150 4212 1255 4251; x_wconf 92' lang='lat' dir='ltr'><strong>non</strong></span> <span class='ocrx_word' id='word_1_549' title='bbox 1282 4198 1335 4251; x_wconf 90' lang='lat' dir='ltr'><strong>id</strong></span> <span class='ocrx_word' id='word_1_550' title='bbox 1363 4198 1719 4267; x_wconf 80' lang='lat' dir='ltr'><strong>quodgenuit</strong></span> <span class='ocrx_word' id='word_1_551' title='bbox 1754 4213 1956 4267; x_wconf 76' lang='lat' dir='ltr'><strong>praece-</strong></span> 
     </span>
    </p>
   </div>
   <div class='ocr_carea' id='block_1_75' title="bbox 382 4284 1955 4356">
    <p class='ocr_par' dir='ltr' id='par_1_75' title="bbox 382 4284 1955 4356">
     <span class='ocr_line' id='line_1_75' title="bbox 382 4284 1955 4356; baseline -0.001 -13"><span class='ocrx_word' id='word_1_552' title='bbox 382 4291 509 4343; x_wconf 86' lang='lat' dir='ltr'><strong>dere</strong></span> <span class='ocrx_word' id='word_1_553' title='bbox 556 4286 941 4356; x_wconf 78' lang='lat' dir='ltr'><strong>getterantem?</strong></span> <span class='ocrx_word' id='word_1_554' title='bbox 970 4284 1094 4339; x_wconf 71' lang='lat' dir='ltr'><strong>llaec</strong></span> <span class='ocrx_word' id='word_1_555' title='bbox 1136 4292 1315 4340; x_wconf 87' lang='lat' dir='ltr'><strong>autem</strong></span> <span class='ocrx_word' id='word_1_556' title='bbox 1349 4288 1624 4352; x_wconf 81' lang='lat' dir='ltr'><strong>generatio</strong></span> <span class='ocrx_word' id='word_1_557' title='bbox 1656 4301 1754 4341; x_wconf 92' lang='lat' dir='ltr'><strong>nec</strong></span> <span class='ocrx_word' id='word_1_558' title='bbox 1802 4295 1955 4341; x_wconf 76' lang='lat' dir='ltr'><strong>ante~</strong></span> 
     </span>
    </p>
   </div>
   <div class='ocr_carea' id='block_1_76' title="bbox 382 4374 1955 4450">
    <p class='ocr_par' dir='ltr' id='par_1_76' title="bbox 382 4374 1955 4450">
     <span class='ocr_line' id='line_1_76' title="bbox 382 4374 1955 4450; baseline -0.001 -18"><span class='ocrx_word' id='word_1_559' title='bbox 382 4379 495 4433; x_wconf 86' lang='lat' dir='ltr'><strong>rius</strong></span> <span class='ocrx_word' id='word_1_560' title='bbox 536 4392 635 4431; x_wconf 90' lang='lat' dir='ltr'><strong>nec</strong></span> <span class='ocrx_word' id='word_1_561' title='bbox 673 4377 836 4433; x_wconf 83' lang='lat' dir='ltr'><strong>habet</strong></span> <span class='ocrx_word' id='word_1_562' title='bbox 872 4374 1163 4450; x_wconf 80' lang='lat' dir='ltr'><strong>quidquam</strong></span> <span class='ocrx_word' id='word_1_563' title='bbox 1208 4376 1514 4450; x_wconf 86' lang='lat' dir='ltr'><strong>posterius:</strong></span> <span class='ocrx_word' id='word_1_564' title='bbox 1548 4376 1673 4444; x_wconf 87' lang='lat' dir='ltr'><strong>quia</strong></span> <span class='ocrx_word' id='word_1_565' title='bbox 1722 4385 1779 4429; x_wconf 91' lang='lat' dir='ltr'><strong>ut</strong></span> <span class='ocrx_word' id='word_1_566' title='bbox 1810 4392 1955 4431; x_wconf 88' lang='lat' dir='ltr'><strong>nunc</strong></span> 
     </span>
    </p>
   </div>
   <div class='ocr_carea' id='block_1_77' title="bbox 2048 3207 3643 3282">
    <p class='ocr_par' dir='ltr' id='par_1_77' title="bbox 2048 3207 3643 3282">
     <span class='ocr_line' id='line_1_77' title="bbox 2048 3207 3643 3282; baseline 0.003 -19"><span class='ocrx_word' id='word_1_567' title='bbox 2048 3207 2194 3263; x_wconf 85' lang='lat' dir='ltr'><strong>hunc</strong></span> <span class='ocrx_word' id='word_1_568' title='bbox 2217 3207 2412 3262; x_wconf 84' lang='lat' dir='ltr'><strong>Filium</strong></span> <span class='ocrx_word' id='word_1_569' title='bbox 2447 3216 2596 3262; x_wconf 89' lang='lat' dir='ltr'><strong>tuum</strong></span> <span class='ocrx_word' id='word_1_570' title='bbox 2626 3209 2840 3264; x_wconf 89' lang='lat' dir='ltr'><strong>voluisti</strong></span> <span class='ocrx_word' id='word_1_571' title='bbox 2882 3210 2999 3265; x_wconf 83' lang='lat' dir='ltr'><strong>fieri</strong></span> <span class='ocrx_word' id='word_1_572' title='bbox 3040 3212 3175 3267; x_wconf 86' lang='lat' dir='ltr'><strong>inter</strong></span> <span class='ocrx_word' id='word_1_573' title='bbox 3196 3212 3395 3276; x_wconf 83' lang='lat' dir='ltr'><strong>omnia,</strong></span> <span class='ocrx_word' id='word_1_574' title='bbox 3427 3221 3495 3265; x_wconf 90' lang='lat' dir='ltr'><strong>ut</strong></span> <span class='ocrx_word' id='word_1_575' title='bbox 3535 3227 3643 3282; x_wconf 82' lang='lat' dir='ltr'><strong>per</strong></span> 
     </span>
    </p>
   </div>
   <div class='ocr_carea' id='block_1_78' title="bbox 2048 3298 3640 3370">
    <p class='ocr_par' dir='ltr' id='par_1_78' title="bbox 2048 3298 3640 3370">
     <span class='ocr_line' id='line_1_78' title="bbox 2048 3298 3640 3370; baseline 0.002 -18"><span class='ocrx_word' id='word_1_576' title='bbox 2048 3313 2208 3368; x_wconf 80' lang='lat' dir='ltr'><strong>quem</strong></span> <span class='ocrx_word' id='word_1_577' title='bbox 2238 3298 2451 3353; x_wconf 84' lang='lat' dir='ltr'><strong>fuerant</strong></span> <span class='ocrx_word' id='word_1_578' title='bbox 2492 3307 2699 3366; x_wconf 82' lang='lat' dir='ltr'><strong>creata,</strong></span> <span class='ocrx_word' id='word_1_579' title='bbox 2729 3314 2827 3370; x_wconf 75' lang='lat' dir='ltr'><strong>p:r</strong></span> <span class='ocrx_word' id='word_1_580' title='bbox 2855 3301 3028 3370; x_wconf 91' lang='lat' dir='ltr'><strong>ipsum</strong></span> <span class='ocrx_word' id='word_1_581' title='bbox 3058 3309 3237 3356; x_wconf 86' lang='lat' dir='ltr'><strong>essent</strong></span> <span class='ocrx_word' id='word_1_582' title='bbox 3259 3308 3315 3355; x_wconf 90' lang='lat' dir='ltr'><strong>et</strong></span> <span class='ocrx_word' id='word_1_583' title='bbox 3355 3313 3640 3368; x_wconf 76' lang='lat' dir='ltr'><strong>recreata,</strong></span> 
     </span>
    </p>
   </div>
   <div class='ocr_carea' id='block_1_79' title="bbox 2047 3392 3642 3465">
    <p class='ocr_par' dir='ltr' id='par_1_79' title="bbox 2047 3392 3642 3465">
     <span class='ocr_line' id='line_1_79' title="bbox 2047 3392 3642 3465; baseline 0.003 -22"><span class='ocrx_word' id='word_1_584' title='bbox 2047 3400 2272 3461; x_wconf 83' lang='lat' dir='ltr'><strong>propter</strong></span> <span class='ocrx_word' id='word_1_585' title='bbox 2296 3406 2455 3460; x_wconf 74' lang='lat' dir='ltr'><strong>anm</strong></span> <span class='ocrx_word' id='word_1_586' title='bbox 2484 3392 2686 3457; x_wconf 88' lang='lat' dir='ltr'><strong>omnia,</strong></span> <span class='ocrx_word' id='word_1_587' title='bbox 2729 3401 2787 3447; x_wconf 88' lang='lat' dir='ltr'><strong>et</strong></span> <span class='ocrx_word' id='word_1_588' title='bbox 2828 3409 2925 3463; x_wconf 88' lang='lat' dir='ltr'><strong>per</strong></span> <span class='ocrx_word' id='word_1_589' title='bbox 2956 3409 3114 3465; x_wconf 89' lang='lat' dir='ltr'><strong>quem</strong></span> <span class='ocrx_word' id='word_1_590' title='bbox 3154 3395 3358 3451; x_wconf 88' lang='lat' dir='ltr'><strong>omnia.</strong></span> <span class='ocrx_word' id='word_1_591' title='bbox 3391 3394 3470 3449; x_wconf 82' lang='lat' dir='ltr'><strong>Ac</strong></span> <span class='ocrx_word' id='word_1_592' title='bbox 3514 3395 3642 3449; x_wconf 86' lang='lat' dir='ltr'><strong>ideo</strong></span> 
     </span>
    </p>
   </div>
   <div class='ocr_carea' id='block_1_80' title="bbox 2050 3481 3639 3552">
    <p class='ocr_par' dir='ltr' id='par_1_80' title="bbox 2050 3481 3639 3552">
     <span class='ocr_line' id='line_1_80' title="bbox 2050 3481 3639 3552; baseline 0.003 -18"><span class='ocrx_word' id='word_1_593' title='bbox 2050 3481 2193 3536; x_wconf 88' lang='lat' dir='ltr'><strong>hunc</strong></span> <span class='ocrx_word' id='word_1_594' title='bbox 2245 3481 2479 3536; x_wconf 80' lang='lat' dir='ltr'><strong>Verbum</strong></span> <span class='ocrx_word' id='word_1_595' title='bbox 2527 3496 2658 3537; x_wconf 89' lang='lat' dir='ltr'><strong>caro</strong></span> <span class='ocrx_word' id='word_1_596' title='bbox 2714 3482 2916 3539; x_wconf 82' lang='lat' dir='ltr'><strong>factum</strong></span> <span class='ocrx_word' id='word_1_597' title='bbox 2966 3485 3249 3552; x_wconf 81' lang='lat' dir='ltr'><strong>confiteor,</strong></span> <span class='ocrx_word' id='word_1_598' title='bbox 3296 3498 3410 3541; x_wconf 64' lang='lat' dir='ltr'><strong>sum</strong></span> <span class='ocrx_word' id='word_1_599' title='bbox 3448 3487 3639 3542; x_wconf 76' lang='lat' dir='ltr'><strong>Carnis</strong></span> 
     </span>
    </p>
   </div>
   <div class='ocr_carea' id='block_1_81' title="bbox 2049 3569 3639 3639">
    <p class='ocr_par' dir='ltr' id='par_1_81' title="bbox 2049 3569 3639 3639">
     <span class='ocr_line' id='line_1_81' title="bbox 2049 3569 3639 3639; baseline 0.005 -16"><span class='ocrx_word' id='word_1_600' title='bbox 2049 3569 2402 3639; x_wconf 86' lang='lat' dir='ltr'><strong>conceptione</strong></span> <span class='ocrx_word' id='word_1_601' title='bbox 2427 3578 2765 3639; x_wconf 85' lang='lat' dir='ltr'><strong>conceptum,</strong></span> <span class='ocrx_word' id='word_1_602' title='bbox 2791 3580 2846 3627; x_wconf 90' lang='lat' dir='ltr'><strong>et</strong></span> <span class='ocrx_word' id='word_1_603' title='bbox 2876 3589 2986 3629; x_wconf 73' lang='lat' dir='ltr'><strong>suze</strong></span> <span class='ocrx_word' id='word_1_604' title='bbox 3019 3574 3198 3629; x_wconf 82' lang='lat' dir='ltr'><strong>carnis</strong></span> <span class='ocrx_word' id='word_1_605' title='bbox 3224 3574 3511 3631; x_wconf 76' lang='lat' dir='ltr'><strong>nativitate</strong></span> <span class='ocrx_word' id='word_1_606' title='bbox 3540 3591 3639 3631; x_wconf 50' lang='lat' dir='ltr'><strong>nae</strong></span> 
     </span>
    </p>
   </div>
   <div class='ocr_carea' id='block_1_82' title="bbox 2051 3661 3635 3736">
    <p class='ocr_par' dir='ltr' id='par_1_82' title="bbox 2051 3661 3635 3736">
     <span class='ocr_line' id='line_1_82' title="bbox 2051 3661 3635 3736; baseline 0.006 -24"><span class='ocrx_word' id='word_1_607' title='bbox 2051 3666 2194 3721; x_wconf 88' lang='lat' dir='ltr'><strong>tum,</strong></span> <span class='ocrx_word' id='word_1_608' title='bbox 2245 3674 2352 3714; x_wconf 82' lang='lat' dir='ltr'><strong>non</strong></span> <span class='ocrx_word' id='word_1_609' title='bbox 2413 3661 2755 3731; x_wconf 82' lang='lat' dir='ltr'><strong>adoptivum,</strong></span> <span class='ocrx_word' id='word_1_610' title='bbox 2803 3665 2900 3720; x_wconf 86' lang='lat' dir='ltr'><strong>sed</strong></span> <span class='ocrx_word' id='word_1_611' title='bbox 2954 3665 3231 3735; x_wconf 80' lang='lat' dir='ltr'><strong>proprium</strong></span> <span class='ocrx_word' id='word_1_612' title='bbox 3291 3666 3635 3736; x_wconf 77' lang='lat' dir='ltr'><strong>unigenitum</strong></span> 
     </span>
    </p>
   </div>
   <div class='ocr_carea' id='block_1_83' title="bbox 2052 3747 3631 3824">
    <p class='ocr_par' dir='ltr' id='par_1_83' title="bbox 2052 3747 3631 3824">
     <span class='ocr_line' id='line_1_83' title="bbox 2052 3747 3631 3824; baseline 0.009 -25"><span class='ocrx_word' id='word_1_613' title='bbox 2052 3754 2222 3810; x_wconf 84' lang='lat' dir='ltr'><strong>tuum,</strong></span> <span class='ocrx_word' id='word_1_614' title='bbox 2264 3747 2561 3817; x_wconf 86' lang='lat' dir='ltr'><strong>perfectum</strong></span> <span class='ocrx_word' id='word_1_615' title='bbox 2592 3749 2758 3806; x_wconf 87' lang='lat' dir='ltr'><strong>Deum</strong></span> <span class='ocrx_word' id='word_1_616' title='bbox 2801 3752 3209 3824; x_wconf 82' lang='lat' dir='ltr'><strong>perfectumque</strong></span> <span class='ocrx_word' id='word_1_617' title='bbox 3255 3754 3528 3810; x_wconf 84' lang='lat' dir='ltr'><strong>hominem</strong></span> <span class='ocrx_word' id='word_1_618' title='bbox 3558 3770 3631 3815; x_wconf 77' lang='lat' dir='ltr'><strong>ex</strong></span> 
     </span>
    </p>
   </div>
   <div class='ocr_carea' id='block_1_84' title="bbox 2055 3838 3634 3914">
    <p class='ocr_par' dir='ltr' id='par_1_84' title="bbox 2055 3838 3634 3914">
     <span class='ocr_line' id='line_1_84' title="bbox 2055 3838 3634 3914; baseline 0.005 -23"><span class='ocrx_word' id='word_1_619' title='bbox 2055 3846 2239 3891; x_wconf 79' lang='lat' dir='ltr'><strong>sancta</strong></span> <span class='ocrx_word' id='word_1_620' title='bbox 2271 3846 2325 3892; x_wconf 89' lang='lat' dir='ltr'><strong>et</strong></span> <span class='ocrx_word' id='word_1_621' title='bbox 2355 3838 2699 3896; x_wconf 83' lang='lat' dir='ltr'><strong>immaculata</strong></span> <span class='ocrx_word' id='word_1_622' title='bbox 2725 3856 3047 3913; x_wconf 86' lang='lat' dir='ltr'><strong>semperque</strong></span> <span class='ocrx_word' id='word_1_623' title='bbox 3085 3844 3294 3914; x_wconf 76' lang='lat' dir='ltr'><strong>virgine</strong></span> <span class='ocrx_word' id='word_1_624' title='bbox 3334 3845 3634 3909; x_wconf 77' lang='lat' dir='ltr'><strong>theotocon</strong></span> 
     </span>
    </p>
   </div>
   <div class='ocr_carea' id='block_1_85' title="bbox 2051 3926 3637 3999">
    <p class='ocr_par' dir='ltr' id='par_1_85' title="bbox 2051 3926 3637 3999">
     <span class='ocr_line' id='line_1_85' title="bbox 2051 3926 3637 3999; baseline 0.008 -20"><span class='ocrx_word' id='word_1_625' title='bbox 2051 3926 2210 3981; x_wconf 84' lang='lat' dir='ltr'><strong>beata</strong></span> <span class='ocrx_word' id='word_1_626' title='bbox 2242 3928 2431 3994; x_wconf 84' lang='lat' dir='ltr'><strong>Maria,</strong></span> <span class='ocrx_word' id='word_1_627' title='bbox 2461 3930 2757 3986; x_wconf 86' lang='lat' dir='ltr'><strong>animatum</strong></span> <span class='ocrx_word' id='word_1_628' title='bbox 2794 3933 2976 3987; x_wconf 76' lang='lat' dir='ltr'><strong>anima</strong></span> <span class='ocrx_word' id='word_1_629' title='bbox 3001 3935 3270 3999; x_wconf 87' lang='lat' dir='ltr'><strong>rationali,</strong></span> <span class='ocrx_word' id='word_1_630' title='bbox 3302 3951 3430 3991; x_wconf 79' lang='lat' dir='ltr'><strong>vera</strong></span> <span class='ocrx_word' id='word_1_631' title='bbox 3464 3951 3637 3991; x_wconf 81' lang='lat' dir='ltr'><strong>carne</strong></span> 
     </span>
    </p>
   </div>
   <div class='ocr_carea' id='block_1_86' title="bbox 2052 4017 3638 4099">
    <p class='ocr_par' dir='ltr' id='par_1_86' title="bbox 2052 4017 3638 4099">
     <span class='ocr_line' id='line_1_86' title="bbox 2052 4017 3638 4099; baseline 0.009 -33"><span class='ocrx_word' id='word_1_632' title='bbox 2052 4017 2255 4084; x_wconf 64' lang='lat' dir='ltr'><strong>nisque</strong></span> <span class='ocrx_word' id='word_1_633' title='bbox 2282 4025 2505 4086; x_wconf 89' lang='lat' dir='ltr'><strong>peccato</strong></span> <span class='ocrx_word' id='word_1_634' title='bbox 2541 4019 2608 4073; x_wconf 89' lang='lat' dir='ltr'><strong>de</strong></span> <span class='ocrx_word' id='word_1_635' title='bbox 2641 4018 2842 4091; x_wconf 81' lang='lat' dir='ltr'><strong>Spiritu</strong></span> <span class='ocrx_word' id='word_1_636' title='bbox 2880 4031 3071 4078; x_wconf 86' lang='lat' dir='ltr'><strong>sancto</strong></span> <span class='ocrx_word' id='word_1_637' title='bbox 3096 4033 3414 4099; x_wconf 85' lang='lat' dir='ltr'><strong>conceptus,</strong></span> <span class='ocrx_word' id='word_1_638' title='bbox 3448 4026 3638 4080; x_wconf 64' lang='grc' dir='ltr'><strong>ιιι-δο-</strong></span> 
     </span>
    </p>
   </div>
   <div class='ocr_carea' id='block_1_87' title="bbox 2052 4106 3639 4190">
    <p class='ocr_par' dir='ltr' id='par_1_87' title="bbox 2052 4106 3639 4190">
     <span class='ocr_line' id='line_1_87' title="bbox 2052 4106 3639 4190; baseline 0.01 -32"><span class='ocrx_word' id='word_1_639' title='bbox 2052 4106 2251 4159; x_wconf 86' lang='lat' dir='ltr'><strong>minem</strong></span> <span class='ocrx_word' id='word_1_640' title='bbox 2293 4122 2455 4177; x_wconf 87' lang='lat' dir='ltr'><strong>quem</strong></span> <span class='ocrx_word' id='word_1_641' title='bbox 2482 4109 2605 4165; x_wconf 86' lang='lat' dir='ltr'><strong>‘sola</strong></span> <span class='ocrx_word' id='word_1_642' title='bbox 2632 4110 2872 4169; x_wconf 76' lang='lat' dir='ltr'><strong>bonitate</strong></span> <span class='ocrx_word' id='word_1_643' title='bbox 2906 4128 3220 4183; x_wconf 78' lang='lat' dir='ltr'><strong>creaverat,</strong></span> <span class='ocrx_word' id='word_1_644' title='bbox 3251 4133 3523 4190; x_wconf 84' lang='lat' dir='ltr'><strong>quemque</strong></span> <span class='ocrx_word' id='word_1_645' title='bbox 3565 4118 3639 4174; x_wconf 83' lang='lat' dir='ltr'><strong>ad</strong></span> 
     </span>
    </p>
   </div>
   <div class='ocr_carea' id='block_1_88' title="bbox 2053 4198 3638 4278">
    <p class='ocr_par' dir='ltr' id='par_1_88' title="bbox 2053 4198 3638 4278">
     <span class='ocr_line' id='line_1_88' title="bbox 2053 4198 3638 4278; baseline 0.011 -29"><span class='ocrx_word' id='word_1_646' title='bbox 2053 4198 2339 4265; x_wconf 80' lang='lat' dir='ltr'><strong>imaginem</strong></span> <span class='ocrx_word' id='word_1_647' title='bbox 2368 4209 2421 4255; x_wconf 86' lang='lat' dir='ltr'><strong>et</strong></span> <span class='ocrx_word' id='word_1_648' title='bbox 2449 4216 2603 4255; x_wconf 89' lang='lat' dir='ltr'><strong>suam</strong></span> <span class='ocrx_word' id='word_1_649' title='bbox 2648 4203 3054 4262; x_wconf 86' lang='lat' dir='ltr'><strong>similitudinem</strong></span> <span class='ocrx_word' id='word_1_650' title='bbox 3082 4209 3318 4278; x_wconf 85' lang='lat' dir='ltr'><strong>perfecte</strong></span> <span class='ocrx_word' id='word_1_651' title='bbox 3360 4210 3638 4265; x_wconf 73' lang='lat' dir='ltr'><strong>formave-</strong></span> 
     </span>
    </p>
   </div>
   <div class='ocr_carea' id='block_1_89' title="bbox 2054 4289 3640 4364">
    <p class='ocr_par' dir='ltr' id='par_1_89' title="bbox 2054 4289 3640 4364">
     <span class='ocr_line' id='line_1_89' title="bbox 2054 4289 3640 4364; baseline 0.009 -27"><span class='ocrx_word' id='word_1_652' title='bbox 2054 4294 2155 4347; x_wconf 86' lang='lat' dir='ltr'><strong>rat,</strong></span> <span class='ocrx_word' id='word_1_653' title='bbox 2187 4295 2378 4356; x_wconf 88' lang='lat' dir='ltr'><strong>sponte</strong></span> <span class='ocrx_word' id='word_1_654' title='bbox 2400 4289 2467 4343; x_wconf 84' lang='lat' dir='ltr'><strong>de</strong></span> <span class='ocrx_word' id='word_1_655' title='bbox 2493 4289 2599 4343; x_wconf 87' lang='lat' dir='ltr'><strong>hoc</strong></span> <span class='ocrx_word' id='word_1_656' title='bbox 2641 4290 2915 4347; x_wconf 83' lang='lat' dir='ltr'><strong>schemate</strong></span> <span class='ocrx_word' id='word_1_657' title='bbox 2949 4293 3156 4364; x_wconf 83' lang='lat' dir='ltr'><strong>lapsum</strong></span> <span class='ocrx_word' id='word_1_658' title='bbox 3203 4298 3640 4354; x_wconf 67' lang='lat' dir='ltr'><strong>misericorditer</strong></span> 
     </span>
    </p>
   </div>
   <div class='ocr_carea' id='block_1_90' title="bbox 2054 4384 3635 4458">
    <p class='ocr_par' dir='ltr' id='par_1_90' title="bbox 2054 4384 3635 4458">
     <span class='ocr_line' id='line_1_90' title="bbox 2054 4384 3635 4458; baseline 0.011 -28"><span class='ocrx_word' id='word_1_659' title='bbox 2054 4387 2364 4447; x_wconf 80' lang='lat' dir='ltr'><strong>repararet,</strong></span> <span class='ocrx_word' id='word_1_660' title='bbox 2408 4390 2825 4450; x_wconf 87' lang='lat' dir='ltr'><strong>reparatumque</strong></span> <span class='ocrx_word' id='word_1_661' title='bbox 2865 4384 3132 4442; x_wconf 88' lang='lat' dir='ltr'><strong>catholico</strong></span> <span class='ocrx_word' id='word_1_662' title='bbox 3168 4389 3514 4458; x_wconf 82' lang='lat' dir='ltr'><strong>baptismatis</strong></span> <span class='ocrx_word' id='word_1_663' title='bbox 3557 4391 3635 4447; x_wconf 74' lang='lat' dir='ltr'><strong>la-</strong></span> 
     </span>
    </p>
   </div>
   <div class='ocr_carea' id='block_1_91' title="bbox 380 4451 3634 4552">
    <p class='ocr_par' dir='ltr' id='par_1_91' title="bbox 380 4451 3634 4552">
     <span class='ocr_line' id='line_1_91' title="bbox 380 4451 3634 4552; baseline 0.004 -30"><span class='ocrx_word' id='word_1_664' title='bbox 380 4470 590 4537; x_wconf 55' lang='lat' dir='ltr'><strong>ganitor</strong></span> <span class='ocrx_word' id='word_1_665' title='bbox 615 4484 692 4532; x_wconf 90' lang='lat' dir='ltr'><strong>es,</strong></span> <span class='ocrx_word' id='word_1_666' title='bbox 742 4469 813 4523; x_wconf 90' lang='lat' dir='ltr'><strong>ita</strong></span> <span class='ocrx_word' id='word_1_667' title='bbox 857 4468 1016 4523; x_wconf 87' lang='lat' dir='ltr'><strong>Pater</strong></span> <span class='ocrx_word' id='word_1_668' title='bbox 1043 4467 1110 4521; x_wconf 90' lang='lat' dir='ltr'><strong>ab</strong></span> <span class='ocrx_word' id='word_1_669' title='bbox 1135 4451 1338 4521; x_wconf 59' lang='lat' dir='ltr'><strong>interno</strong></span> <span class='ocrx_word' id='word_1_670' title='bbox 1362 4481 1439 4532; x_wconf 89' lang='lat' dir='ltr'><strong>es,</strong></span> <span class='ocrx_word' id='word_1_671' title='bbox 1472 4468 1725 4537; x_wconf 87' lang='lat' dir='ltr'><strong>quoniam</strong></span> <span class='ocrx_word' id='word_1_672' title='bbox 1757 4469 1951 4523; x_wconf 89' lang='lat' dir='ltr'><strong>immu-</strong></span> <span class='ocrx_word' id='word_1_673' title='bbox 2055 4486 2234 4537; x_wconf 76' lang='lat' dir='ltr'><strong>varro,</strong></span> <span class='ocrx_word' id='word_1_674' title='bbox 2269 4473 2353 4526; x_wconf 91' lang='lat' dir='ltr'><strong>sui</strong></span> <span class='ocrx_word' id='word_1_675' title='bbox 2382 4473 2544 4526; x_wconf 81' lang='lat' dir='ltr'><strong>etiam</strong></span> <span class='ocrx_word' id='word_1_676' title='bbox 2577 4472 2926 4530; x_wconf 85' lang='lat' dir='ltr'><strong>confirmaret</strong></span> <span class='ocrx_word' id='word_1_677' title='bbox 2955 4480 3201 4549; x_wconf 78' lang='lat' dir='ltr'><strong>corporis</strong></span> <span class='ocrx_word' id='word_1_678' title='bbox 3236 4451 3634 4552; x_wconf 77' lang='lat' dir='ltr'><strong>sanguinisque</strong></span> 
     </span>
    </p>
   </div>
   <div class='ocr_carea' id='block_1_92' title="bbox 381 4543 1989 4630">
    <p class='ocr_par' dir='ltr' id='par_1_92' title="bbox 381 4543 1989 4630">
     <span class='ocr_line' id='line_1_92' title="bbox 381 4543 1989 4630; baseline -0.001 -14"><span class='ocrx_word' id='word_1_679' title='bbox 381 4562 561 4617; x_wconf 82' lang='lat' dir='ltr'><strong>tabilis</strong></span> <span class='ocrx_word' id='word_1_680' title='bbox 589 4576 667 4615; x_wconf 89' lang='lat' dir='ltr'><strong>es.</strong></span> <span class='ocrx_word' id='word_1_681' title='bbox 701 4560 929 4628; x_wconf 87' lang='lat' dir='ltr'><strong>Semper</strong></span> <span class='ocrx_word' id='word_1_682' title='bbox 967 4573 1094 4628; x_wconf 83' lang='lat' dir='ltr'><strong>ergo</strong></span> <span class='ocrx_word' id='word_1_683' title='bbox 1124 4558 1378 4613; x_wconf 80' lang='lat' dir='ltr'><strong>exstitisti</strong></span> <span class='ocrx_word' id='word_1_684' title='bbox 1404 4558 1583 4625; x_wconf 87' lang='lat' dir='ltr'><strong>Pater,</strong></span> <span class='ocrx_word' id='word_1_685' title='bbox 1615 4560 1705 4628; x_wconf 89' lang='lat' dir='ltr'><strong>qui</strong></span> <span class='ocrx_word' id='word_1_686' title='bbox 1736 4575 1951 4630; x_wconf 89' lang='lat' dir='ltr'><strong>semper</strong></span> <span class='ocrx_word' id='word_1_687' title='bbox 1980 4543 1989 4552; x_wconf 68' lang='grc'><em>’</em></span> 
     </span>
    </p>
   </div>
   <div class='ocr_carea' id='block_1_93' title="bbox 382 4647 1951 4723">
    <p class='ocr_par' dir='ltr' id='par_1_93' title="bbox 382 4647 1951 4723">
     <span class='ocr_line' id='line_1_93' title="bbox 382 4647 1951 4723; baseline 0.001 -19"><span class='ocrx_word' id='word_1_688' title='bbox 382 4650 616 4704; x_wconf 58' lang='lat' dir='ltr'><strong>habuisti</strong></span> <span class='ocrx_word' id='word_1_689' title='bbox 649 4649 841 4703; x_wconf 81' lang='lat' dir='ltr'><strong>Filium</strong></span> <span class='ocrx_word' id='word_1_690' title='bbox 871 4649 957 4702; x_wconf 90' lang='lat' dir='ltr'><strong>cui</strong></span> <span class='ocrx_word' id='word_1_691' title='bbox 985 4649 1246 4702; x_wconf 80' lang='lat' dir='ltr'><strong>existeres</strong></span> <span class='ocrx_word' id='word_1_692' title='bbox 1274 4647 1451 4705; x_wconf 85' lang='lat' dir='ltr'><strong>Pater.</strong></span> <span class='ocrx_word' id='word_1_693' title='bbox 1481 4648 1615 4716; x_wconf 84' lang='lat' dir='ltr'><strong>Quia</strong></span> <span class='ocrx_word' id='word_1_694' title='bbox 1644 4652 1825 4723; x_wconf 88' lang='lat' dir='ltr'><strong>itaque</strong></span> <span class='ocrx_word' id='word_1_695' title='bbox 1854 4653 1951 4706; x_wconf 83' lang='lat' dir='ltr'><strong>im-</strong></span> 
     </span>
    </p>
   </div>
   <div class='ocr_carea' id='block_1_94' title="bbox 380 4738 1947 4808">
    <p class='ocr_par' dir='ltr' id='par_1_94' title="bbox 380 4738 1947 4808">
     <span class='ocr_line' id='line_1_94' title="bbox 380 4738 1947 4808; baseline 0.004 -17"><span class='ocrx_word' id='word_1_696' title='bbox 380 4740 654 4799; x_wconf 80' lang='lat' dir='ltr'><strong>umtabilis</strong></span> <span class='ocrx_word' id='word_1_697' title='bbox 696 4755 776 4803; x_wconf 89' lang='lat' dir='ltr'><strong>es,</strong></span> <span class='ocrx_word' id='word_1_698' title='bbox 818 4754 1031 4808; x_wconf 89' lang='lat' dir='ltr'><strong>semper</strong></span> <span class='ocrx_word' id='word_1_699' title='bbox 1072 4738 1219 4793; x_wconf 87' lang='lat' dir='ltr'><strong>fuisti</strong></span> <span class='ocrx_word' id='word_1_700' title='bbox 1253 4748 1311 4793; x_wconf 90' lang='lat' dir='ltr'><strong>ut</strong></span> <span class='ocrx_word' id='word_1_701' title='bbox 1349 4755 1427 4796; x_wconf 87' lang='lat' dir='ltr'><strong>es.</strong></span> <span class='ocrx_word' id='word_1_702' title='bbox 1478 4741 1546 4794; x_wconf 84' lang='lat' dir='ltr'><strong>Et</strong></span> <span class='ocrx_word' id='word_1_703' title='bbox 1590 4742 1710 4797; x_wconf 88' lang='lat' dir='ltr'><strong>ideo</strong></span> <span class='ocrx_word' id='word_1_704' title='bbox 1756 4743 1947 4798; x_wconf 82' lang='lat' dir='ltr'><strong>Filium</strong></span> 
     </span>
    </p>
   </div>
   <div class='ocr_carea' id='block_1_95' title="bbox 381 4827 1947 4899">
    <p class='ocr_par' dir='ltr' id='par_1_95' title="bbox 381 4827 1947 4899">
     <span class='ocr_line' id='line_1_95' title="bbox 381 4827 1947 4899; baseline 0.002 -15"><span class='ocrx_word' id='word_1_705' title='bbox 381 4846 485 4884; x_wconf 83' lang='lat' dir='ltr'><strong>non</strong></span> <span class='ocrx_word' id='word_1_706' title='bbox 530 4829 763 4899; x_wconf 55' lang='lat' dir='ltr'><strong>prteisti,</strong></span> <span class='ocrx_word' id='word_1_707' title='bbox 809 4828 898 4897; x_wconf 89' lang='lat' dir='ltr'><strong>qui</strong></span> <span class='ocrx_word' id='word_1_708' title='bbox 945 4843 1177 4899; x_wconf 79' lang='lat' dir='ltr'><strong>senper,</strong></span> <span class='ocrx_word' id='word_1_709' title='bbox 1223 4827 1383 4884; x_wconf 87' lang='lat' dir='ltr'><strong>Pater</strong></span> <span class='ocrx_word' id='word_1_710' title='bbox 1428 4839 1487 4884; x_wconf 89' lang='lat' dir='ltr'><strong>ut</strong></span> <span class='ocrx_word' id='word_1_711' title='bbox 1523 4846 1703 4895; x_wconf 85' lang='lat' dir='ltr'><strong>esses,</strong></span> <span class='ocrx_word' id='word_1_712' title='bbox 1751 4832 1947 4887; x_wconf 84' lang='lat' dir='ltr'><strong>Filium</strong></span> 
     </span>
    </p>
   </div>
   <div class='ocr_carea' id='block_1_96' title="bbox 381 4918 1948 4988">
    <p class='ocr_par' dir='ltr' id='par_1_96' title="bbox 381 4918 1948 4988">
     <span class='ocr_line' id='line_1_96' title="bbox 381 4918 1948 4988; baseline 0.002 -14"><span class='ocrx_word' id='word_1_713' title='bbox 381 4919 639 4984; x_wconf 81' lang='lat' dir='ltr'><strong>habuisti,</strong></span> <span class='ocrx_word' id='word_1_714' title='bbox 666 4919 758 4988; x_wconf 90' lang='lat' dir='ltr'><strong>qui</strong></span> <span class='ocrx_word' id='word_1_715' title='bbox 783 4918 923 4973; x_wconf 89' lang='lat' dir='ltr'><strong>sicut</strong></span> <span class='ocrx_word' id='word_1_716' title='bbox 946 4933 1045 4972; x_wconf 87' lang='lat' dir='ltr'><strong>nec</strong></span> <span class='ocrx_word' id='word_1_717' title='bbox 1074 4919 1282 4988; x_wconf 74' lang='lat' dir='ltr'><strong>cmpisti</strong></span> <span class='ocrx_word' id='word_1_718' title='bbox 1312 4920 1367 4973; x_wconf 88' lang='lat' dir='ltr'><strong>id</strong></span> <span class='ocrx_word' id='word_1_719' title='bbox 1395 4936 1536 4986; x_wconf 88' lang='lat' dir='ltr'><strong>esse,</strong></span> <span class='ocrx_word' id='word_1_720' title='bbox 1563 4922 1636 4976; x_wconf 89' lang='lat' dir='ltr'><strong>ita</strong></span> <span class='ocrx_word' id='word_1_721' title='bbox 1663 4938 1761 4978; x_wconf 89' lang='lat' dir='ltr'><strong>nec</strong></span> <span class='ocrx_word' id='word_1_722' title='bbox 1783 4925 1948 4985; x_wconf 89' lang='lat' dir='ltr'><strong>etiam</strong></span> 
     </span>
    </p>
   </div>
   <div class='ocr_carea' id='block_1_97' title="bbox 382 5008 1949 5077">
    <p class='ocr_par' dir='ltr' id='par_1_97' title="bbox 382 5008 1949 5077">
     <span class='ocr_line' id='line_1_97' title="bbox 382 5008 1949 5077; baseline 0.002 -12"><span class='ocrx_word' id='word_1_723' title='bbox 382 5010 633 5065; x_wconf 74' lang='lat' dir='ltr'><strong>destitisti</strong></span> <span class='ocrx_word' id='word_1_724' title='bbox 684 5027 695 5062; x_wconf 94' lang='lat'>:</span> <span class='ocrx_word' id='word_1_725' title='bbox 739 5010 863 5077; x_wconf 89' lang='lat' dir='ltr'><strong>quia</strong></span> <span class='ocrx_word' id='word_1_726' title='bbox 915 5016 969 5061; x_wconf 89' lang='lat' dir='ltr'><strong>tu</strong></span> <span class='ocrx_word' id='word_1_727' title='bbox 1013 5008 1151 5062; x_wconf 87' lang='lat' dir='ltr'><strong>idem</strong></span> <span class='ocrx_word' id='word_1_728' title='bbox 1198 5009 1310 5077; x_wconf 86' lang='lat' dir='ltr'><strong>ipse</strong></span> <span class='ocrx_word' id='word_1_729' title='bbox 1354 5025 1415 5065; x_wconf 86' lang='lat' dir='ltr'><strong>es</strong></span> <span class='ocrx_word' id='word_1_730' title='bbox 1467 5010 1646 5077; x_wconf 88' lang='lat' dir='ltr'><strong>Pater,</strong></span> <span class='ocrx_word' id='word_1_731' title='bbox 1692 5012 1834 5067; x_wconf 89' lang='lat' dir='ltr'><strong>sicut</strong></span> <span class='ocrx_word' id='word_1_732' title='bbox 1880 5014 1949 5069; x_wconf 90' lang='lat' dir='ltr'><strong>ab</strong></span> 
     </span>
    </p>
   </div>
   <div class='ocr_carea' id='block_1_98' title="bbox 382 5097 1953 5170">
    <p class='ocr_par' dir='ltr' id='par_1_98' title="bbox 382 5097 1953 5170">
     <span class='ocr_line' id='line_1_98' title="bbox 382 5097 1953 5170; baseline 0.004 -17"><span class='ocrx_word' id='word_1_733' title='bbox 382 5108 588 5155; x_wconf 62' lang='lat' dir='ltr'><strong>aeterno</strong></span> <span class='ocrx_word' id='word_1_734' title='bbox 614 5097 780 5157; x_wconf 87' lang='lat' dir='ltr'><strong>fuisti.</strong></span> <span class='ocrx_word' id='word_1_735' title='bbox 816 5097 1078 5163; x_wconf 82' lang='lat' dir='ltr'><strong>Quocirca</strong></span> <span class='ocrx_word' id='word_1_736' title='bbox 1122 5097 1261 5152; x_wconf 84' lang='lat' dir='ltr'><strong>sicut</strong></span> <span class='ocrx_word' id='word_1_737' title='bbox 1287 5114 1315 5151; x_wconf 90' lang='lat' dir='ltr'><strong>a</strong></span> <span class='ocrx_word' id='word_1_738' title='bbox 1341 5098 1606 5170; x_wconf 88' lang='lat' dir='ltr'><strong>principio</strong></span> <span class='ocrx_word' id='word_1_739' title='bbox 1648 5110 1774 5157; x_wconf 87' lang='lat' dir='ltr'><strong>ante</strong></span> <span class='ocrx_word' id='word_1_740' title='bbox 1816 5102 1953 5158; x_wconf 88' lang='lat' dir='ltr'><strong>luci-</strong></span> 
     </span>
    </p>
   </div>
   <div class='ocr_carea' id='block_1_99' title="bbox 384 5187 1953 5262">
    <p class='ocr_par' dir='ltr' id='par_1_99' title="bbox 384 5187 1953 5262">
     <span class='ocr_line' id='line_1_99' title="bbox 384 5187 1953 5262; baseline 0.004 -17"><span class='ocrx_word' id='word_1_741' title='bbox 384 5188 579 5250; x_wconf 78' lang='lat' dir='ltr'><strong>ferum,</strong></span> <span class='ocrx_word' id='word_1_742' title='bbox 625 5189 696 5241; x_wconf 86' lang='lat' dir='ltr'><strong>ita</strong></span> <span class='ocrx_word' id='word_1_743' title='bbox 731 5196 781 5241; x_wconf 88' lang='lat' dir='ltr'><strong>te</strong></span> <span class='ocrx_word' id='word_1_744' title='bbox 821 5187 977 5241; x_wconf 81' lang='lat' dir='ltr'><strong>hodie</strong></span> <span class='ocrx_word' id='word_1_745' title='bbox 1005 5187 1251 5257; x_wconf 80' lang='lat' dir='ltr'><strong>genuisse</strong></span> <span class='ocrx_word' id='word_1_746' title='bbox 1278 5189 1479 5254; x_wconf 83' lang='lat' dir='ltr'><strong>dixisti,</strong></span> <span class='ocrx_word' id='word_1_747' title='bbox 1509 5204 1568 5244; x_wconf 88' lang='lat' dir='ltr'><strong>ut</strong></span> <span class='ocrx_word' id='word_1_748' title='bbox 1595 5207 1693 5247; x_wconf 88' lang='lat' dir='ltr'><strong>nec</strong></span> <span class='ocrx_word' id='word_1_749' title='bbox 1723 5194 1953 5262; x_wconf 80' lang='lat' dir='ltr'><strong>coepisse</strong></span> 
     </span>
    </p>
   </div>
   <div class='ocr_carea' id='block_1_100' title="bbox 383 5276 1952 5352">
    <p class='ocr_par' dir='ltr' id='par_1_100' title="bbox 383 5276 1952 5352">
     <span class='ocr_line' id='line_1_100' title="bbox 383 5276 1952 5352; baseline 0.006 -24"><span class='ocrx_word' id='word_1_750' title='bbox 383 5285 437 5329; x_wconf 85' lang='lat' dir='ltr'><strong>et</strong></span> <span class='ocrx_word' id='word_1_751' title='bbox 478 5276 767 5345; x_wconf 80' lang='lat' dir='ltr'><strong>perfectam</strong></span> <span class='ocrx_word' id='word_1_752' title='bbox 795 5291 914 5331; x_wconf 88' lang='lat' dir='ltr'><strong>esse</strong></span> <span class='ocrx_word' id='word_1_753' title='bbox 957 5279 1268 5333; x_wconf 75' lang='lat' dir='ltr'><strong>ostenderes</strong></span> <span class='ocrx_word' id='word_1_754' title='bbox 1305 5280 1606 5335; x_wconf 85' lang='lat' dir='ltr'><strong>istiusmodi</strong></span> <span class='ocrx_word' id='word_1_755' title='bbox 1647 5284 1952 5352; x_wconf 76' lang='lat' dir='ltr'><strong>generatio-</strong></span> 
     </span>
    </p>
   </div>
   <div class='ocr_carea' id='block_1_101' title="bbox 385 5367 1951 5443">
    <p class='ocr_par' dir='ltr' id='par_1_101' title="bbox 385 5367 1951 5443">
     <span class='ocr_line' id='line_1_101' title="bbox 385 5367 1951 5443; baseline 0.004 -21"><span class='ocrx_word' id='word_1_756' title='bbox 385 5379 505 5422; x_wconf 86' lang='lat' dir='ltr'><strong>nem</strong></span> <span class='ocrx_word' id='word_1_757' title='bbox 543 5368 752 5436; x_wconf 82' lang='lat' dir='ltr'><strong>generis</strong></span> <span class='ocrx_word' id='word_1_758' title='bbox 795 5368 867 5421; x_wconf 91' lang='lat' dir='ltr'><strong>tui</strong></span> <span class='ocrx_word' id='word_1_759' title='bbox 906 5385 918 5421; x_wconf 88' lang='lat'>:</span> <span class='ocrx_word' id='word_1_760' title='bbox 958 5367 1173 5431; x_wconf 82' lang='lat' dir='ltr'><strong>Tecum,</strong></span> <span class='ocrx_word' id='word_1_761' title='bbox 1225 5370 1505 5440; x_wconf 84' lang='lat' dir='ltr'><strong>inquiens,</strong></span> <span class='ocrx_word' id='word_1_762' title='bbox 1545 5373 1857 5443; x_wconf 67' lang='lat' dir='ltr'><strong>principium</strong></span> <span class='ocrx_word' id='word_1_763' title='bbox 1896 5374 1951 5429; x_wconf 78' lang='lat' dir='ltr'><strong>in</strong></span> 
     </span>
    </p>
   </div>
   <div class='ocr_carea' id='block_1_102' title="bbox 298 5456 1952 5529">
    <p class='ocr_par' dir='ltr' id='par_1_102' title="bbox 298 5456 1952 5529">
     <span class='ocr_line' id='line_1_102' title="bbox 298 5456 1952 5529; baseline 0.007 -23"><span class='ocrx_word' id='word_1_764' title='bbox 298 5524 301 5529; x_wconf 9' lang='grc' dir='ltr'>ὗ</span> <span class='ocrx_word' id='word_1_765' title='bbox 385 5456 470 5513; x_wconf 78' lang='lat' dir='ltr'><strong>die</strong></span> <span class='ocrx_word' id='word_1_766' title='bbox 505 5457 707 5512; x_wconf 73' lang='lat' dir='ltr'><strong>virtuti:</strong></span> <span class='ocrx_word' id='word_1_767' title='bbox 742 5469 865 5517; x_wconf 69' lang='lat' dir='ltr'><strong>tum,</strong></span> <span class='ocrx_word' id='word_1_768' title='bbox 904 5460 955 5511; x_wconf 82' lang='lat' dir='ltr'><strong>in</strong></span> <span class='ocrx_word' id='word_1_769' title='bbox 983 5458 1340 5528; x_wconf 78' lang='lat' dir='ltr'><strong>splendoribus</strong></span> <span class='ocrx_word' id='word_1_770' title='bbox 1368 5474 1690 5528; x_wconf 74' lang='lat' dir='ltr'><strong>sanctorum,</strong></span> <span class='ocrx_word' id='word_1_771' title='bbox 1723 5474 1843 5518; x_wconf 79' lang='lat' dir='ltr'><strong>ante</strong></span> <span class='ocrx_word' id='word_1_772' title='bbox 1868 5464 1952 5518; x_wconf 84' lang='lat' dir='ltr'><strong>lu-</strong></span> 
     </span>
    </p>
   </div>
   <div class='ocr_carea' id='block_1_103' title="bbox 386 5541 1950 5622">
    <p class='ocr_par' dir='ltr' id='par_1_103' title="bbox 386 5541 1950 5622">
     <span class='ocr_line' id='line_1_103' title="bbox 386 5541 1950 5622; baseline 0.006 -24"><span class='ocrx_word' id='word_1_773' title='bbox 386 5541 603 5608; x_wconf 74' lang='lat' dir='ltr'><strong>riferum</strong></span> <span class='ocrx_word' id='word_1_774' title='bbox 641 5548 793 5613; x_wconf 80' lang='lat' dir='ltr'><strong>genui</strong></span> <span class='ocrx_word' id='word_1_775' title='bbox 824 5556 903 5612; x_wconf 86' lang='lat' dir='ltr'><strong>te;</strong></span> <span class='ocrx_word' id='word_1_776' title='bbox 932 5557 988 5601; x_wconf 90' lang='lat' dir='ltr'><strong>et</strong></span> <span class='ocrx_word' id='word_1_777' title='bbox 1022 5567 1033 5601; x_wconf 89' lang='lat'>:</span> <span class='ocrx_word' id='word_1_778' title='bbox 1080 5546 1250 5602; x_wconf 78' lang='lat' dir='ltr'><strong>Filius</strong></span> <span class='ocrx_word' id='word_1_779' title='bbox 1282 5567 1424 5604; x_wconf 78' lang='lat' dir='ltr'><strong>meus</strong></span> <span class='ocrx_word' id='word_1_780' title='bbox 1468 5568 1522 5605; x_wconf 77' lang='lat' dir='ltr'><strong>es</strong></span> <span class='ocrx_word' id='word_1_781' title='bbox 1567 5559 1645 5616; x_wconf 81' lang='lat' dir='ltr'><strong>tu,</strong></span> <span class='ocrx_word' id='word_1_782' title='bbox 1674 5569 1766 5622; x_wconf 88' lang='lat' dir='ltr'><strong>ego</strong></span> <span class='ocrx_word' id='word_1_783' title='bbox 1796 5553 1950 5607; x_wconf 80' lang='lat' dir='ltr'><strong>hodie</strong></span> 
     </span>
    </p>
   </div>
   <div class='ocr_carea' id='block_1_104' title="bbox 384 5631 1948 5715">
    <p class='ocr_par' dir='ltr' id='par_1_104' title="bbox 384 5631 1948 5715">
     <span class='ocr_line' id='line_1_104' title="bbox 384 5631 1948 5715; baseline 0.015 -34"><span class='ocrx_word' id='word_1_784' title='bbox 384 5631 540 5705; x_wconf 65' lang='lat' dir='ltr'><strong>genui</strong></span> <span class='ocrx_word' id='word_1_785' title='bbox 570 5640 639 5684; x_wconf 85' lang='lat' dir='ltr'><strong>te.</strong></span> <span class='ocrx_word' id='word_1_786' title='bbox 665 5631 755 5689; x_wconf 83' lang='lat' dir='ltr'><strong>Sui</strong></span> <span class='ocrx_word' id='word_1_787' title='bbox 786 5650 913 5704; x_wconf 86' lang='lat' dir='ltr'><strong>ergo</strong></span> <span class='ocrx_word' id='word_1_788' title='bbox 952 5639 1272 5710; x_wconf 74' lang='lat' dir='ltr'><strong>principium</strong></span> <span class='ocrx_word' id='word_1_789' title='bbox 1318 5642 1625 5715; x_wconf 71' lang='lat' dir='ltr'><strong>designatur</strong></span> <span class='ocrx_word' id='word_1_790' title='bbox 1657 5653 1783 5699; x_wconf 88' lang='lat' dir='ltr'><strong>ante</strong></span> <span class='ocrx_word' id='word_1_791' title='bbox 1814 5644 1948 5707; x_wconf 60' lang='lat' dir='ltr'><strong>luris</strong></span> 
     </span>
    </p>
   </div>
   <div class='ocr_carea' id='block_1_105' title="bbox 2050 4561 3636 4629">
    <p class='ocr_par' dir='ltr' id='par_1_105' title="bbox 2050 4561 3636 4629">
     <span class='ocr_line' id='line_1_105' title="bbox 2050 4561 3636 4629; baseline 0.009 -15"><span class='ocrx_word' id='word_1_792' title='bbox 2050 4561 2264 4616; x_wconf 87' lang='lat' dir='ltr'><strong>celebre</strong></span> <span class='ocrx_word' id='word_1_793' title='bbox 2297 4572 2653 4617; x_wconf 87' lang='lat' dir='ltr'><strong>sacramento.</strong></span> <span class='ocrx_word' id='word_1_794' title='bbox 2681 4563 2851 4629; x_wconf 87' lang='lat' dir='ltr'><strong>Quem</strong></span> <span class='ocrx_word' id='word_1_795' title='bbox 2887 4568 3153 4624; x_wconf 83' lang='lat' dir='ltr'><strong>veraciter</strong></span> <span class='ocrx_word' id='word_1_796' title='bbox 3189 4571 3513 4626; x_wconf 75' lang='lat' dir='ltr'><strong>crucifixum</strong></span> <span class='ocrx_word' id='word_1_797' title='bbox 3549 4589 3636 4628; x_wconf 80' lang='lat' dir='ltr'><strong>se-</strong></span> 
     </span>
    </p>
   </div>
   <div class='ocr_carea' id='block_1_106' title="bbox 2050 4650 3637 4721">
    <p class='ocr_par' dir='ltr' id='par_1_106' title="bbox 2050 4650 3637 4721">
     <span class='ocr_line' id='line_1_106' title="bbox 2050 4650 3637 4721; baseline 0.011 -18"><span class='ocrx_word' id='word_1_798' title='bbox 2050 4650 2282 4705; x_wconf 86' lang='lat' dir='ltr'><strong>cundum</strong></span> <span class='ocrx_word' id='word_1_799' title='bbox 2314 4652 2756 4721; x_wconf 87' lang='lat' dir='ltr'><strong>assumptionem,</strong></span> <span class='ocrx_word' id='word_1_800' title='bbox 2795 4670 2901 4707; x_wconf 89' lang='lat' dir='ltr'><strong>non</strong></span> <span class='ocrx_word' id='word_1_801' title='bbox 2935 4665 3113 4711; x_wconf 83' lang='lat' dir='ltr'><strong>autem</strong></span> <span class='ocrx_word' id='word_1_802' title='bbox 3144 4662 3441 4714; x_wconf 79' lang='lat' dir='ltr'><strong>secundum</strong></span> <span class='ocrx_word' id='word_1_803' title='bbox 3477 4676 3637 4720; x_wconf 53' lang='lat' dir='ltr'><strong>amu—</strong></span> 
     </span>
    </p>
   </div>
   <div class='ocr_carea' id='block_1_107' title="bbox 2052 4742 3635 4813">
    <p class='ocr_par' dir='ltr' id='par_1_107' title="bbox 2052 4742 3635 4813">
     <span class='ocr_line' id='line_1_107' title="bbox 2052 4742 3635 4813; baseline 0.011 -19"><span class='ocrx_word' id='word_1_804' title='bbox 2052 4742 2248 4796; x_wconf 85' lang='lat' dir='ltr'><strong>mentis</strong></span> <span class='ocrx_word' id='word_1_805' title='bbox 2289 4742 2578 4808; x_wconf 88' lang='lat' dir='ltr'><strong>virtutem,</strong></span> <span class='ocrx_word' id='word_1_806' title='bbox 2622 4744 2903 4813; x_wconf 83' lang='lat' dir='ltr'><strong>confiteor,</strong></span> <span class='ocrx_word' id='word_1_807' title='bbox 2943 4755 3007 4803; x_wconf 81' lang='lat' dir='ltr'><strong>et‘</strong></span> <span class='ocrx_word' id='word_1_808' title='bbox 3043 4751 3111 4805; x_wconf 89' lang='lat' dir='ltr'><strong>ad</strong></span> <span class='ocrx_word' id='word_1_809' title='bbox 3156 4752 3357 4807; x_wconf 86' lang='lat' dir='ltr'><strong>inferos</strong></span> <span class='ocrx_word' id='word_1_810' title='bbox 3400 4754 3635 4811; x_wconf 80' lang='lat' dir='ltr'><strong>descen-</strong></span> 
     </span>
    </p>
   </div>
   <div class='ocr_carea' id='block_1_108' title="bbox 2048 4831 3633 4914">
    <p class='ocr_par' dir='ltr' id='par_1_108' title="bbox 2048 4831 3633 4914">
     <span class='ocr_line' id='line_1_108' title="bbox 2048 4831 3633 4914; baseline 0.01 -28"><span class='ocrx_word' id='word_1_811' title='bbox 2048 4831 2210 4896; x_wconf 90' lang='lat' dir='ltr'><strong>disse,</strong></span> <span class='ocrx_word' id='word_1_812' title='bbox 2251 4846 2574 4903; x_wconf 86' lang='lat' dir='ltr'><strong>suorumque</strong></span> <span class='ocrx_word' id='word_1_813' title='bbox 2604 4835 2978 4894; x_wconf 89' lang='lat' dir='ltr'><strong>liberationem</strong></span> <span class='ocrx_word' id='word_1_814' title='bbox 3019 4841 3151 4899; x_wconf 84' lang='lat' dir='ltr'><strong>inibi</strong></span> <span class='ocrx_word' id='word_1_815' title='bbox 3183 4845 3381 4914; x_wconf 82' lang='lat' dir='ltr'><strong>egisse,</strong></span> <span class='ocrx_word' id='word_1_816' title='bbox 3430 4863 3499 4900; x_wconf 89' lang='lat' dir='ltr'><strong>ac</strong></span> <span class='ocrx_word' id='word_1_817' title='bbox 3539 4849 3633 4903; x_wconf 83' lang='lat' dir='ltr'><strong>die</strong></span> 
     </span>
    </p>
   </div>
   <div class='ocr_carea' id='block_1_109' title="bbox 2052 4921 3635 5006">
    <p class='ocr_par' dir='ltr' id='par_1_109' title="bbox 2052 4921 3635 5006">
     <span class='ocr_line' id='line_1_109' title="bbox 2052 4921 3635 5006; baseline 0.013 -33"><span class='ocrx_word' id='word_1_818' title='bbox 2052 4921 2208 4975; x_wconf 88' lang='lat' dir='ltr'><strong>tertia</strong></span> <span class='ocrx_word' id='word_1_819' title='bbox 2243 4922 2588 4978; x_wconf 87' lang='lat' dir='ltr'><strong>veracissime</strong></span> <span class='ocrx_word' id='word_1_820' title='bbox 2618 4928 3001 4994; x_wconf 80' lang='lat' dir='ltr'><strong>resurrexisse,</strong></span> <span class='ocrx_word' id='word_1_821' title='bbox 3032 4939 3087 4985; x_wconf 90' lang='lat' dir='ltr'><strong>et</strong></span> <span class='ocrx_word' id='word_1_822' title='bbox 3120 4947 3245 4988; x_wconf 87' lang='lat' dir='ltr'><strong>cum</strong></span> <span class='ocrx_word' id='word_1_823' title='bbox 3282 4937 3476 4991; x_wconf 81' lang='lat' dir='ltr'><strong>eadem</strong></span> <span class='ocrx_word' id='word_1_824' title='bbox 3517 4937 3635 5006; x_wconf 77' lang='lat' dir='ltr'><strong>ipsa</strong></span> 
     </span>
    </p>
   </div>
   <div class='ocr_carea' id='block_1_110' title="bbox 2051 5012 3635 5097">
    <p class='ocr_par' dir='ltr' id='par_1_110' title="bbox 2051 5012 3635 5097">
     <span class='ocr_line' id='line_1_110' title="bbox 2051 5012 3635 5097; baseline 0.012 -31"><span class='ocrx_word' id='word_1_825' title='bbox 2051 5026 2216 5067; x_wconf 85' lang='lat' dir='ltr'><strong>carne</strong></span> <span class='ocrx_word' id='word_1_826' title='bbox 2262 5012 2559 5084; x_wconf 77' lang='lat' dir='ltr'><strong>gloriﬁcata</strong></span> <span class='ocrx_word' id='word_1_827' title='bbox 2600 5016 2656 5069; x_wconf 87' lang='lat' dir='ltr'><strong>in</strong></span> <span class='ocrx_word' id='word_1_828' title='bbox 2698 5018 2892 5073; x_wconf 65' lang='lat' dir='ltr'><strong>eretum</strong></span> <span class='ocrx_word' id='word_1_829' title='bbox 2935 5024 3272 5092; x_wconf 86' lang='lat' dir='ltr'><strong>ascendisse,</strong></span> <span class='ocrx_word' id='word_1_830' title='bbox 3316 5028 3369 5082; x_wconf 89' lang='lat' dir='ltr'><strong>in</strong></span> <span class='ocrx_word' id='word_1_831' title='bbox 3415 5044 3523 5097; x_wconf 87' lang='lat' dir='ltr'><strong>qua</strong></span> <span class='ocrx_word' id='word_1_832' title='bbox 3563 5032 3635 5085; x_wconf 86' lang='lat' dir='ltr'><strong>ad</strong></span> 
     </span>
    </p>
   </div>
   <div class='ocr_carea' id='block_1_111' title="bbox 2045 5102 3635 5185">
    <p class='ocr_par' dir='ltr' id='par_1_111' title="bbox 2045 5102 3635 5185">
     <span class='ocr_line' id='line_1_111' title="bbox 2045 5102 3635 5185; baseline 0.013 -31"><span class='ocrx_word' id='word_1_833' title='bbox 2045 5102 2305 5173; x_wconf 59' lang='lat' dir='ltr'><strong>judicium</strong></span> <span class='ocrx_word' id='word_1_834' title='bbox 2333 5104 2577 5160; x_wconf 87' lang='lat' dir='ltr'><strong>vivorum</strong></span> <span class='ocrx_word' id='word_1_835' title='bbox 2604 5115 2660 5160; x_wconf 89' lang='lat' dir='ltr'><strong>et</strong></span> <span class='ocrx_word' id='word_1_836' title='bbox 2698 5122 3030 5167; x_wconf 85' lang='lat' dir='ltr'><strong>mortuorum</strong></span> <span class='ocrx_word' id='word_1_837' title='bbox 3055 5126 3406 5185; x_wconf 77' lang='lat' dir='ltr'><strong>exspectatur</strong></span> <span class='ocrx_word' id='word_1_838' title='bbox 3434 5131 3635 5183; x_wconf 52' lang='lat' dir='ltr'><strong>ventu.-</strong></span> 
     </span>
    </p>
   </div>
   <div class='ocr_carea' id='block_1_112' title="bbox 2051 5191 3635 5267">
    <p class='ocr_par' dir='ltr' id='par_1_112' title="bbox 2051 5191 3635 5267">
     <span class='ocr_line' id='line_1_112' title="bbox 2051 5191 3635 5267; baseline 0.013 -21"><span class='ocrx_word' id='word_1_839' title='bbox 2051 5207 2166 5246; x_wconf 84' lang='lat' dir='ltr'><strong>rus.</strong></span> <span class='ocrx_word' id='word_1_840' title='bbox 2193 5191 2573 5262; x_wconf 71' lang='lat' dir='ltr'><strong>Huiuscemodi</strong></span> <span class='ocrx_word' id='word_1_841' title='bbox 2604 5207 2943 5255; x_wconf 85' lang='lat' dir='ltr'><strong>sacramento</strong></span> <span class='ocrx_word' id='word_1_842' title='bbox 2969 5212 3372 5267; x_wconf 78' lang='lat' dir='ltr'><strong>resurrecturus</strong></span> <span class='ocrx_word' id='word_1_843' title='bbox 3398 5221 3635 5267; x_wconf 85' lang='lat' dir='ltr'><strong>cunctos</strong></span> 
     </span>
    </p>
   </div>
   <div class='ocr_carea' id='block_1_113' title="bbox 2051 5283 3630 5360">
    <p class='ocr_par' dir='ltr' id='par_1_113' title="bbox 2051 5283 3630 5360">
     <span class='ocr_line' id='line_1_113' title="bbox 2051 5283 3630 5360; baseline 0.013 -23"><span class='ocrx_word' id='word_1_844' title='bbox 2051 5283 2311 5337; x_wconf 85' lang='lat' dir='ltr'><strong>contiteor</strong></span> <span class='ocrx_word' id='word_1_845' title='bbox 2336 5284 2582 5341; x_wconf 90' lang='lat' dir='ltr'><strong>homines</strong></span> <span class='ocrx_word' id='word_1_846' title='bbox 2609 5286 2662 5340; x_wconf 92' lang='lat' dir='ltr'><strong>in</strong></span> <span class='ocrx_word' id='word_1_847' title='bbox 2685 5288 2863 5346; x_wconf 86' lang='lat' dir='ltr'><strong>virum</strong></span> <span class='ocrx_word' id='word_1_848' title='bbox 2895 5292 3196 5360; x_wconf 85' lang='lat' dir='ltr'><strong>perfectum</strong></span> <span class='ocrx_word' id='word_1_849' title='bbox 3223 5295 3279 5350; x_wconf 90' lang='lat' dir='ltr'><strong>in</strong></span> <span class='ocrx_word' id='word_1_850' title='bbox 3308 5313 3630 5356; x_wconf 82' lang='lat' dir='ltr'><strong>mensuram</strong></span> 
     </span>
    </p>
   </div>
   <div class='ocr_carea' id='block_1_114' title="bbox 2046 5374 3632 5448">
    <p class='ocr_par' dir='ltr' id='par_1_114' title="bbox 2046 5374 3632 5448">
     <span class='ocr_line' id='line_1_114' title="bbox 2046 5374 3632 5448; baseline 0.012 -20"><span class='ocrx_word' id='word_1_851' title='bbox 2046 5374 2223 5428; x_wconf 73' lang='lat' dir='ltr'><strong>mt..tis</strong></span> <span class='ocrx_word' id='word_1_852' title='bbox 2248 5374 2593 5444; x_wconf 85' lang='lat' dir='ltr'><strong>plenitudinis</strong></span> <span class='ocrx_word' id='word_1_853' title='bbox 2629 5377 2853 5447; x_wconf 83' lang='lat' dir='ltr'><strong>Christi,</strong></span> <span class='ocrx_word' id='word_1_854' title='bbox 2882 5397 2987 5440; x_wconf 86' lang='lat' dir='ltr'><strong>non</strong></span> <span class='ocrx_word' id='word_1_855' title='bbox 3015 5393 3264 5441; x_wconf 86' lang='lat' dir='ltr'><strong>naturam</strong></span> <span class='ocrx_word' id='word_1_856' title='bbox 3311 5399 3411 5445; x_wconf 86' lang='lat' dir='ltr'><strong>aut</strong></span> <span class='ocrx_word' id='word_1_857' title='bbox 3434 5406 3632 5448; x_wconf 81' lang='lat' dir='ltr'><strong>sexum</strong></span> 
     </span>
    </p>
   </div>
   <div class='ocr_carea' id='block_1_115' title="bbox 2047 5466 3631 5551">
    <p class='ocr_par' dir='ltr' id='par_1_115' title="bbox 2047 5466 3631 5551">
     <span class='ocr_line' id='line_1_115' title="bbox 2047 5466 3631 5551; baseline 0.015 -34"><span class='ocrx_word' id='word_1_858' title='bbox 2047 5466 2319 5529; x_wconf 87' lang='lat' dir='ltr'><strong>mutando,</strong></span> <span class='ocrx_word' id='word_1_859' title='bbox 2345 5466 2440 5521; x_wconf 87' lang='lat' dir='ltr'><strong>sed</strong></span> <span class='ocrx_word' id='word_1_860' title='bbox 2463 5474 2668 5523; x_wconf 87' lang='lat' dir='ltr'><strong>tantum</strong></span> <span class='ocrx_word' id='word_1_861' title='bbox 2692 5471 3035 5544; x_wconf 77' lang='lat' dir='ltr'><strong>fragilitatem</strong></span> <span class='ocrx_word' id='word_1_862' title='bbox 3057 5485 3112 5530; x_wconf 89' lang='lat' dir='ltr'><strong>et</strong></span> <span class='ocrx_word' id='word_1_863' title='bbox 3131 5478 3259 5533; x_wconf 87' lang='lat' dir='ltr'><strong>vitia</strong></span> <span class='ocrx_word' id='word_1_864' title='bbox 3281 5481 3631 5551; x_wconf 84' lang='lat' dir='ltr'><strong>deponendo,</strong></span> 
     </span>
    </p>
   </div>
   <div class='ocr_carea' id='block_1_116' title="bbox 2048 5560 3634 5638">
    <p class='ocr_par' dir='ltr' id='par_1_116' title="bbox 2048 5560 3634 5638">
     <span class='ocr_line' id='line_1_116' title="bbox 2048 5560 3634 5638; baseline 0.012 -24"><span class='ocrx_word' id='word_1_865' title='bbox 2048 5560 2448 5630; x_wconf 78' lang='lat' dir='ltr'><strong>secundumque</strong></span> <span class='ocrx_word' id='word_1_866' title='bbox 2491 5563 2791 5619; x_wconf 89' lang='lat' dir='ltr'><strong>studiorum</strong></span> <span class='ocrx_word' id='word_1_867' title='bbox 2838 5575 2893 5621; x_wconf 88' lang='lat' dir='ltr'><strong>et</strong></span> <span class='ocrx_word' id='word_1_868' title='bbox 2935 5583 3158 5638; x_wconf 88' lang='lat' dir='ltr'><strong>operum</strong></span> <span class='ocrx_word' id='word_1_869' title='bbox 3199 5572 3539 5633; x_wconf 71' lang='lat' dir='ltr'><strong>differentias</strong></span> <span class='ocrx_word' id='word_1_870' title='bbox 3577 5587 3634 5635; x_wconf 85' lang='lat' dir='ltr'><strong>et</strong></span> 
     </span>
    </p>
   </div>
   <div class='ocr_carea' id='block_1_117' title="bbox 2047 5649 3631 5740">
    <p class='ocr_par' dir='ltr' id='par_1_117' title="bbox 2047 5649 3631 5740">
     <span class='ocr_line' id='line_1_117' title="bbox 2047 5649 3631 5740; baseline 0.014 -40"><span class='ocrx_word' id='word_1_871' title='bbox 2047 5649 2270 5717; x_wconf 77' lang='lat' dir='ltr'><strong>gratiam</strong></span> <span class='ocrx_word' id='word_1_872' title='bbox 2317 5652 2764 5727; x_wconf 83' lang='lat' dir='ltr'><strong>propositumque</strong></span> <span class='ocrx_word' id='word_1_873' title='bbox 2802 5656 3027 5729; x_wconf 68' lang='lat' dir='ltr'><strong>iustitia:</strong></span> <span class='ocrx_word' id='word_1_874' title='bbox 3068 5661 3328 5723; x_wconf 86' lang='lat' dir='ltr'><strong>bonitatis</strong></span> <span class='ocrx_word' id='word_1_875' title='bbox 3356 5664 3455 5727; x_wconf 84' lang='lat' dir='ltr'><strong>Dei</strong></span> <span class='ocrx_word' id='word_1_876' title='bbox 3492 5683 3631 5740; x_wconf 63' lang='lat' dir='ltr'><strong>cuq-</strong></span> 
     </span>
    </p>
   </div>
  </div>
