4014 6186
211 245 328 310 lli?

201 366 360 431 tibus,
401 363 483 420 sic
522 360 642 418 aliis
671 360 727 416 in
768 357 1115 429 opprobrium
1160 364 1215 412 et
1264 356 1443 425 ignem
1492 363 1778 410 aeternum.
1810 357 1861 416 Α

197 456 470 512 Conﬁteor
511 453 675 508 etiam
718 450 859 520 quod
900 448 1137 504 divinam
1190 448 1593 515 humanamque
1641 444 1772 499 sub-

1434 229 1571 294 ‘OPU
1580 228 1825 294 SCULA.
1869 228 2003 290 OPU
2012 226 2112 288 SC.
2155 225 2220 288 ν.

3327 221 3463 282 “18

2097 347 2337 417 Denique
2352 362 2445 416 per
2465 344 2701 399 ordinem
2722 344 2926 398 eosdem
2951 350 3245 413 repetentes.

1948 434 2027 493 De
2051 439 2229 509 primo
2249 436 2525 493 sciendum
2551 445 2634 492 cst
2669 436 2810 505 quod
2848 435 3151 489 nullatenus
3179 434 3340 489 aliter
3362 435 3471 492 nisi

197 547 450 602 stantiam
489 546 543 599 in
569 552 798 612 utraque
823 540 1095 612 perfectus
1120 555 1285 594 unam
1316 536 1567 594 Christus
1595 551 1778 608 perso-
1872 534 2027 605 juxta
2057 533 2202 604 quod
2247 532 2448 603 Regula
2487 532 2666 603 jubet,
2704 531 2819 587 ﬁeri
2861 531 3051 596 debet;
3085 533 3190 588 hoc
3227 540 3328 596 est,
3362 547 3468 588 non

200 653 323 693 nam
353 634 680 709 gestaverit:
710 631 837 703 quia
886 646 986 685 nec
1019 629 1313 702 geminavit
1341 628 1622 697 utriusque
1652 625 1778 681 sub-

198 726 408 783 stantia:
454 722 781 795 integritatis
826 735 1141 792 personam,
1177 734 1278 774 nec
1320 715 1566 772 confudit
1603 714 1775 786 gemi-

198 832 319 873 nam
354 814 578 870 unitatis
603 828 851 883 personae
892 810 1269 867 substantiam.
1310 808 1554 863 Alterum
1581 807 1779 877 quippe

199 916 388 963 neuter
433 904 699 969 exclusit,
744 903 869 973 quia
917 910 1206 970 utrumque
1253 915 1393 954 unus
1453 899 1778 954 intemerato

194 1001 314 1071 jure
344 996 600 1061 servavit,
642 994 936 1049 secundum
967 992 1110 1062 quod
1139 991 1309 1045 dicit:
1339 988 1509 1043 Nemo
1544 989 1780 1042 ascendit

198 1093 254 1145 in
296 1089 478 1144 caelum
510 1088 610 1140 nisi
638 1085 726 1157 qui
762 1083 1026 1138 descendit
1064 1082 1129 1136 de
1158 1081 1305 1146 caelo,
1338 1078 1512 1134 Filius
1553 1076 1780 1133 hominis

198 1183 292 1255 qui
317 1191 391 1235 est
421 1182 473 1234 in
513 1178 659 1233 cmlo.
688 1176 756 1231 Et
783 1177 872 1249 qui
899 1174 1195 1239 descendit,
1237 1176 1346 1246 ipse
1373 1182 1449 1227 est
1484 1181 1534 1226 et
1573 1171 1664 1241 qui
1695 1186 1781 1224 as—

196 1270 389 1327 cendit.
423 1269 670 1338 Magnum
699 1282 829 1338 ergo
868 1267 972 1322 hoc
994 1274 1079 1321 est
1105 1265 1324 1335 pietatis
1351 1268 1778 1325 sacramentum,

198 1362 345 1432 quod
380 1359 785 1414 manifestatum
812 1365 896 1411 est
927 1356 981 1410 in
1009 1371 1196 1421 carne,
1227 1353 1584 1423 justiﬁcatum
1615 1360 1699 1406 est
1726 1352 1782 1407 in

203 1450 417 1521 spiritu,
445 1448 697 1518 apparuit
736 1446 964 1519 angelis,
1004 1446 1355 1516 praedicatum
1385 1453 1471 1500 est
1508 1444 1781 1516 gentibus,

198 1541 470 1599 creditum
500 1549 585 1596 est
624 1540 680 1595 in
706 1541 811 1595 hoc
838 1540 1062 1605 mundo,
1106 1547 1443 1608 assumptum
1473 1545 1556 1593 est
1584 1538 1641 1592 in
1676 1537 1787 1610 glo-

200 1633 302 1688 ria.
333 1632 426 1688 Sic
470 1633 549 1687 sic
576 1647 696 1702 qua:
737 1646 954 1686 sursum
993 1639 1119 1686 sunt
1143 1630 1400 1701 sapiendo
1438 1631 1550 1685 vita
1595 1638 1782 1685 nostra

1881 624 2117 681 alienum
2150 624 2243 680 sed
2266 624 2547 695 proprium
2567 628 2651 680 est
2669 622 2931 692 judicium
2960 622 3289 693 ponendum.

1950 714 2027 768 De
2056 714 2293 769 secundo
2322 714 2551 769 sollicite
2578 713 3029 770 considerandum
3060 714 3185 782 quia
3214 724 3320 768 non
3353 728 3471 768 om.

1880 802 2041 858 nibus
2075 802 2325 873 personis
2368 803 2720 873 suprascripti
2764 804 2963 874 gradus
3005 805 3280 861 conveniri
3324 814 3479 875 pote-

1881 907 2027 953 runt.
2051 898 2191 966 Quia
2223 898 2381 953 aliter
2408 899 2715 969 corrigendi
2745 908 2871 953 sunt
2917 900 3149 963 honesti,
3182 898 3341 956 aliter
3368 902 3472 956 im-

1879 993 2055 1061 probi.
2087 990 2223 1046 Nam
2268 988 2472 1062 Regula
2516 992 2761 1062 praecipit
2795 993 2859 1047 de
2902 986 3246 1048 contumacia
3274 1003 3336 1049 ut
3380 1009 3470 1050 se-

1883 1090 2029 1138 crete
2059 1078 2225 1138 semel
2256 1090 2350 1136 aut
2388 1082 2473 1138 bis
2501 1082 2870 1138 admoneatur.
2914 1080 2983 1138 Et
3025 1080 3152 1140 alibi
3193 1085 3326 1140 dicit
3361 1104 3375 1139 :
3414 1085 3474 1142 Si

1883 1180 2173 1229 contumax
2213 1170 2397 1240 fuerit,
2424 1173 2491 1229 de
2520 1174 2849 1231 monasterio
2892 1172 3210 1244 expellatur.
3243 1169 3476 1233 Necesse

1884 1273 1969 1320 est
1995 1279 2125 1334 ergo
2152 1272 2213 1318 ut
2236 1265 2385 1335 justo
2406 1265 2777 1321 moderamine
2813 1268 3105 1336 utrumque
3127 1267 3474 1323 decernatur.

1885 1353 2130 1422 Qualiter
2182 1355 2480 1411 secundum
2528 1354 2793 1426 Regulam
2847 1365 2905 1411 et
2940 1367 3229 1413 contumax
3266 1366 3477 1414 secrete
3578 1366 3581 1373 '

1884 1447 2093 1502 moneri
2129 1449 2300 1517 possit
2322 1456 2377 1503 et
2402 1448 2467 1504 de
2508 1449 2842 1504 monasterio
2868 1450 3080 1520 expelli.
3119 1449 3214 1505 Ille
3241 1465 3477 1520 namque

1886 1545 2096 1591 secrete
2121 1545 2205 1590 est
2245 1536 2614 1593 admonendus
2648 1554 2659 1591 :
2697 1538 2820 1608 quia
2851 1538 2979 1595 licet
3006 1539 3207 1610 aliquid
3233 1554 3265 1594 a
3286 1539 3477 1594 Priore

1888 1628 2214 1697 imperatum
2238 1627 2501 1695 refutans,
2527 1645 2650 1685 mox
2680 1638 2858 1685 tamen
2880 1631 3198 1686 emendatus
3220 1631 3477 1686 emenda.

200 1722 518 1778 abscondita
564 1729 648 1777 est
691 1737 815 1776 cum
865 1719 1086 1777 Christo
1130 1722 1184 1776 in
1235 1720 1370 1777 Deo.
1416 1721 1549 1776 Cum
1603 1729 1783 1775 autem
1813 1721 1861 1779 B
1888 1718 2090 1770 tionem
2119 1716 2462 1786 promittens.
2497 1717 2599 1785 Qui
2634 1727 2688 1774 et
2731 1720 2988 1775 honestus
3017 1720 3142 1791 jure
3168 1719 3272 1775 dici
3318 1727 3476 1789 pote-

200 1812 450 1869 Christus
479 1812 791 1884 apparuerit
816 1811 927 1866 vita
974 1819 1181 1877 nostra,
1214 1813 1395 1879 credo,
1438 1811 1685 1878 Domine,
1730 1819 1786 1866 et

204 1914 305 1956 nos
334 1902 717 1972 apparebimus
761 1916 883 1956 cum
912 1901 1031 1970 ipso
1066 1901 1120 1955 in
1152 1901 1343 1972 gloria,
1385 1916 1508 1955 cum
1539 1916 1647 1972 quo
1690 1900 1787 1955 tibi

204 1991 315 2047 Dco
344 1991 490 2046 Patri
532 1991 587 2046 in
621 1991 827 2046 unitate
861 1990 1098 2060 Spiritus
1127 1993 1299 2046 sancti
1329 1991 1508 2047 omnis
1534 1990 1709 2046 honor
1733 1996 1788 2044 et

202 2082 395 2155 gloria,
421 2082 612 2148 virtus,
641 2081 923 2152 majestas,
952 2090 1008 2137 et
1034 2082 1344 2152 imperium,
1381 2096 1446 2135 ac
1471 2080 1643 2136 nostri
1686 2080 1789 2134 mis

204 2175 409 2229 seratio
435 2188 535 2244 per
561 2173 855 2229 indebitam
895 2173 1325 2229 misericordiam
1352 2180 1524 2237 tuam,
1551 2175 1786 2242 gratuita

204 2265 566 2339 praeveniente
597 2280 662 2320 ac
707 2265 1074 2336 subsequente
1114 2264 1291 2336 gratia
1329 2277 1396 2318 ex
1437 2277 1580 2319 nunc
1606 2270 1663 2317 et
1689 2277 1787 2332 per

204 2356 529 2411 immortalia
558 2355 754 2411 saecula
781 2355 1121 2410 saeculorum.
1147 2353 1337 2408 Amen.

1304 2471 1565 2480 ..ος-...-

1568 2470 1754 2480 -ο-,α-ιι

934 2550 1038 2623 V.

201 2697 563 2779 Excerptus
596 2699 984 2779 diversarum
1031 2696 1251 2763 modus
1278 2696 1792 2779 panitentiarum

291 2798 329 2839 a
375 2774 709 2845 Benedicto
762 2778 977 2839 abbate
1011 2774 1422 2854 [Anianensi]
1452 2774 1791 2836 distinctus

292 2854 362 2918 de
392 2856 632 2936 Regula
661 2857 866 2917 sancti
885 2855 1204 2917 Benedicti
1229 2855 1493 2917 abbatis.

451 2978 621 3042 (Apud
644 2978 837 3043 Balus.,
863 2978 1072 3042 Capitul.
1097 2983 1212 3029 tom.
1242 2976 1308 3040 ll,
1332 2990 1382 3040 p.
1409 2975 1578 3042 1585.)

1889 1805 1979 1860 rit.
2008 1806 2076 1861 Et
2118 1806 2206 1861 ille
2234 1807 2300 1863 de
2327 1802 2657 1864 monasterio
2691 1807 3041 1880 expellendus
3069 1809 3159 1878 qui
3189 1817 3246 1864 et
3280 1819 3476 1866 contu.

1887 1910 2013 1950 max
2044 1895 2231 1950 existit
2255 1903 2311 1951 et
2351 1896 2495 1953 nullo
2516 1913 2753 1967 unquam
2791 1907 2950 1969 pacto
2982 1899 3280 1970 acquiescit
3304 1900 3481 1958 Susci.

1888 2003 2019 2057 pere
2073 1987 2434 2058 disciplinam.
2499 1987 2672 2055 Quem
2735 1988 3045 2044 omnimodo
3102 1997 3477 2047 contumacem

1888 2077 2094 2149 Regula
2125 2087 2303 2133 vocat.
2353 2078 2505 2135 Unde
2533 2086 2590 2134 et
2616 2080 2811 2135 merito
2854 2080 3132 2150 improbus
3166 2088 3251 2137 est
3297 2082 3482 2138 dicen-

1889 2171 2009 2227 dus.
2037 2170 2357 2242 Quanquam
2386 2179 2444 2228 et
2470 2172 2774 2242 improbum
2802 2168 2953 2228 illum
2977 2174 3143 2229 etiam
3174 2184 3331 2231 vocet
3358 2177 3477 2247 qui,

1890 2261 2017 2316 licet
2047 2260 2361 2330 frequenter
2383 2261 2731 2332 corripiatur,
2777 2262 3073 2333 disciplinae
3118 2276 3298 2321 tamen
3327 2281 3480 2336 regu~

1891 2349 1992 2405 lari
2037 2367 2147 2406 non
2190 2353 2515 2407 contradicit
2547 2371 2559 2406 :
2589 2353 2681 2424 qui
2717 2353 3056 2410 honestatem
3103 2372 3265 2426 quam
3301 2359 3477 2427 prius,

1890 2442 2017 2498 dum
2043 2459 2101 2499 se
2144 2444 2435 2499 emendare
2467 2443 2751 2515 proﬁtcns,
2789 2444 2991 2501 habere
3018 2447 3302 2503 videbatur
3320 2450 3485 2504 relin~

1889 2546 2081 2600 quens,
2115 2533 2184 2587 ad
2216 2533 2517 2603 improbam
2542 2533 2841 2603 duramque
2870 2543 3105 2591 mentem
3137 2538 3350 2594 transit.
3374 2538 3481 2595 Νε·

1890 2638 2016 2695 que,
2049 2635 2109 2681 ut
2152 2638 2316 2697 supra
2351 2627 2557 2683 dictum
2586 2634 2688 2694 est,
2726 2628 2976 2683 omnibus
3018 2630 3264 2699 personis
3289 2645 3484 2688 omnes

1891 2715 2092 2785 gradus
2145 2717 2427 2772 conveniri
2473 2723 2752 2789 poterunt;
2786 2717 2913 2787 quia
2956 2717 3206 2774 videlicet
3254 2720 3484 2777 diversa

1892 2812 2020 2863 sunt
2045 2806 2338 2876 qualitates
2378 2808 2643 2863 mentium
2656 2824 2679 2885 7;
2709 2815 2780 2862 un
2811 2806 2955 2864 unde
2979 2805 3186 2880 [ἴοι-ιο,
3214 2818 3277 2864 ut
3314 2805 3482 2885 unde]

1891 2914 2032 2955 unus
2062 2900 2328 2967 medetur,
2354 2901 2479 2956 inde
2501 2900 2640 2955 alter
2654 2884 2966 2971 perimitur.
2985 2899 3325 2972 Quapropter
3349 2919 3483 2974 qum

1894 2991 2144 3046 rumdam
2197 2990 2515 3046 verberibus
2553 3000 2681 3046 sunt
2721 2992 3033 3047 coercendae
3063 2981 3350 3062 personae,
3375 2993 3483 3049 mi.

279 3084 502 3141 Plurimi
527 3099 867 3155 nequaquam
902 3083 1135 3153 pleniter
1164 3082 1522 3154 intelligentes
1560 3080 1791 3153 judicio-
1816 3067 1862 3130 C
1893 3080 2040 3136 nime
2065 3096 2195 3136 vero
2235 3081 2611 3151 quorumdam.
2643 3081 2718 3136 De
2749 3096 2982 3151 quorum
3006 3082 3360 3152 qualitatibus
3379 3083 3484 3140 Re-

204 3190 335 3233 rum
369 3175 666 3231 sententias
696 3175 752 3229 in
777 3174 983 3246 Regula
1016 3174 1190 3230 sancti
1216 3173 1397 3229 Patris
1421 3174 1593 3230 nostri
1623 3171 1793 3228 Bene-

205 3268 362 3332 dicti,
399 3267 558 3323 aliter
606 3282 769 3337 quam
796 3268 1055 3338 praecepit
1082 3266 1330 3339 judicare
1369 3267 1565 3323 solent.
1604 3266 1792 3322 Scien-

205 3359 340 3415 dum
366 3359 552 3427 itaque
589 3365 674 3412 est
694 3365 927 3427 quatuor
955 3359 1030 3415 ibi
1077 3358 1344 3415 contineri
1382 3358 1572 3413 modos
1596 3355 1794 3424 quibus

204 3450 640 3519 delinquentium
666 3463 821 3505 error
844 3448 1156 3519 corrigitur.

281 3541 500 3598 Primus
530 3557 765 3613 namque
813 3552 897 3597 est
917 3556 1077 3611 quem
1106 3540 1249 3593 idem
1284 3538 1446 3591 Pater
1471 3534 1796 3590 Benedictus

202 3634 434 3707 proprio
475 3632 683 3701 judicio
738 3631 1137 3688 determinavit.
1179 3628 1252 3683 Ut
1285 3636 1371 3683 est
1403 3646 1415 3681 ε
1447 3627 1547 3694 Qui
1574 3642 1671 3696 per
1700 3640 1796 3680 ne-

204 3724 528 3797 gligentiam
584 3731 829 3791 tempore
877 3721 1170 3777 constituto
1220 3719 1288 3774 ad
1324 3718 1633 3774 Noeturnos
1686 3732 1796 3771 non

204 3812 509 3884 pulsaverit
533 3811 765 3879 signum.
803 3809 958 3865 Unde
990 3810 1044 3863 in
1078 3809 1316 3864 oratorio
1343 3808 1596 3864 satisﬁeri
1619 3805 1791 3875 jubet.

208 3903 283 3957 Et
305 3900 400 3970 qui
424 3899 492 3954 ad
525 3899 762 3954 ofﬁcium
795 3899 1035 3954 divinum
1062 3898 1215 3954 tarde
1260 3898 1578 3954 occurrerit.
1607 3897 1676 3952 Et
1702 3898 1797 3969 qui

207 4006 314 4061 per
349 3988 734 4059 negligentiam
765 3989 899 4043 liora
927 3987 1235 4043 refcetionis
1263 3987 1331 4042 ad
1357 4003 1619 4043 mensam.
1656 3988 1723 4042 Et
1752 3989 1797 4042 si

208 4080 304 4135 cui
326 4077 556 4134 oll'ertur
581 4077 778 4148 aliquid
803 4094 833 4131 a
858 4077 1067 4141 Priore,
1094 4086 1151 4132 et
1179 4078 1423 4148 accipere
1447 4077 1706 4133 renuerit.
1731 4076 1801 4132 Et

208 4172 262 4225 si
292 4170 436 4239 quis,
465 4169 592 4224 dum
615 4170 927 4238 pronuntiat
950 4168 1215 4239 psalmum
1246 4176 1340 4222 aut
1375 4167 1684 4235 lectionem,
1712 4167 1796 4223 fe-

212 4262 434 4317 fellerit.
464 4261 531 4315 Et
561 4262 655 4330 qui
679 4277 779 4331 pro
801 4260 979 4330 aliqua
1005 4269 1121 4315 arte
1148 4258 1442 4315 extollitur.

290 4350 573 4407 Secundus
607 4359 692 4406 est
717 4351 783 4407 de
825 4350 1158 4421 spiritalibus
1179 4351 1360 4405 rebus.
1393 4348 1546 4405 Unde
1573 4348 1688 4417 ipse
1712 4348 1796 4403 ἀίε-

210 4443 332 4498 cit:
364 4440 562 4521 Siquis
589 4442 755 4496 frater
772 4449 1086 4505 contumax,
1111 4449 1206 4495 aut
1235 4438 1568 4505 inobediens,
1592 4447 1685 4494 aut
1709 4455 1801 4494 su-

212 4536 441 4608 perbus,
480 4545 575 4590 aut
609 4550 973 4600 murmurans,
1021 4534 1109 4588 vel
1133 4534 1187 4588 in
1221 4533 1421 4603 aliquo,
1451 4532 1503 4586 id
1545 4540 1652 4598 est,
1691 4533 1802 4603 spi-

217 4626 369 4681 ritali
408 4636 639 4691 tantum,
681 4627 988 4681 contrarius
1030 4626 1268 4680 existens
1313 4630 1513 4679 sancta
1560 4623 1797 4693 Regulae.

215 4717 333 4785 Qui
360 4715 690 4785 proﬁciendo
736 4731 906 4786 usque
955 4717 1022 4770 ad
1066 4723 1271 4784 septem
1317 4714 1514 4784 gradus
1559 4713 1803 4768 extendi-

217 4816 331 4861 tur.
379 4804 602 4860 Occulte
649 4806 901 4861 videlicet
943 4806 1227 4875 castigatio
1269 4803 1401 4875 [Αι.,
1441 4802 1799 4877 castigando],

215 4896 438 4968 publice
486 4896 865 4966 corripiendo,
922 4897 979 4952 in
1028 4895 1320 4952 levioribus
1367 4894 1537 4965 culpis
1584 4908 1803 4949 excom-

214 4985 569 5052 municando,
616 4985 673 5040 in
714 4986 937 5057 jejuniis
982 4987 1144 5042 nimis
1191 4985 1510 5056 amigendo,
1564 4985 1804 5040 verberi-

214 5078 326 5131 bus
351 5074 668 5141 coercendo,
699 5090 799 5145 pro
841 5075 1030 5133 eodem
1067 5075 1413 5131 inemendato
1442 5075 1511 5129 ab
1552 5073 1804 5129 omnibus

214 5162 427 5218 orando
450 5202 466 5229 ,
515 5170 678 5233 atque
724 5164 797 5219 ad
844 5163 1101 5219 ultimum
1148 5165 1217 5219 de
1264 5163 1591 5218 monasterio
1625 5161 1805 5231 expel-

216 5254 405 5311 lende.

298 5345 516 5403 Tertius
554 5346 623 5402 de
660 5347 822 5403 rebus
853 5346 1232 5403 exterior-hius.
1271 5345 1384 5401 Hoc
1432 5354 1516 5401 est
1546 5363 1558 5399 :
1592 5343 1650 5399 Si
1687 5343 1810 5415 quis

220 5438 485 5493 clantmm
535 5451 633 5506 per
681 5436 1057 5507 negligentiam
1092 5435 1307 5506 aliquod
1351 5434 1593 5491 intulerit
1621 5448 1811 5489 mna-

222 5525 420 5582 sterio.

299 5618 540 5685 Quartus
569 5616 634 5672 de
660 5617 1028 5673 criminalibus
1062 5620 1289 5675 delictis.

512 5732 788 5792 Panos.
825 5729 987 5792 Clll.

1895 3171 2022 3242 gula
2071 3171 2202 3226 dicit
2235 3190 2246 3225 :
2282 3170 2592 3227 Secundum
2624 3171 3070 3243 uniuscujusque,
3103 3172 3298 3243 inquit,
3348 3190 3483 3246 qua~

1893 3261 2102 3318 litatcm
2129 3262 2213 3318 vel
2257 3262 2667 3333 intelligentiam
2705 3264 2957 3319 omnibus
2985 3278 3044 3319 se
3083 3264 3389 3322 conformet
3431 3274 3484 3323 et

1894 3360 2061 3421 aptet.
2110 3353 2352 3422 Itemque
2389 3353 2516 3407 alibi
2551 3370 2565 3405 :
2607 3351 2682 3407 Ut
2732 3353 2932 3407 viderit
2982 3354 3177 3423 cuique
3203 3356 3482 3425 expedire,

1896 3442 2193 3513 prudenter
2220 3449 2275 3497 et
2299 3457 2424 3496 eum
2458 3442 2727 3497 charitate
2756 3442 2970 3497 studeat
3010 3453 3294 3514 amputare
3326 3446 3482 3501 vitia.

1895 3540 1964 3595 Et
1992 3541 2285 3596 notandum
2314 3539 2420 3594 tria
2447 3539 2779 3610 inspicienda
2808 3553 3022 3609 semper
3042 3539 3096 3595 in
3113 3540 3317 3612 judicio
3342 3558 3485 3608 esse,

1895 3644 2186 3700 personam
2212 3629 2482 3695 videlicet,
2516 3629 2892 3695 intentionem,
2926 3636 3090 3700 atque
3136 3629 3356 3685 modum
3392 3629 3487 3688 de-

1896 3722 2033 3777 licti.
2087 3721 2403 3786 Personam,
2452 3729 2635 3775 utrum
2679 3719 2952 3776 intellectu
2998 3729 3056 3776 et
3094 3721 3358 3777 modestia
3402 3723 3481 3777 vi-

1898 3822 2042 3886 geat,
2071 3812 2157 3869 vel
2195 3812 2394 3868 duritia
2421 3819 2474 3868 ct
2500 3811 2873 3881 inquietudine
2898 3812 3097 3868 mentis
3122 3813 3486 3870 contradictor

1899 3905 2105 3961 existit.
2133 3904 2516 3969 lntentionem,
2539 3912 2722 3957 utrum
2746 3902 2923 3958 studio
2948 3919 3016 3958 an
3040 3903 3358 3959 inﬁrmitate
3388 3904 3487 3960 de-

1900 3992 2140 4064 liquerit.
2174 3990 2409 4055 Modum,
2439 4001 2619 4046 utrum
2650 3980 2888 4063 graviter
2908 3992 2993 4048 vel
3012 4001 3160 4049 certe
3187 3992 3380 4049 leviter
3400 4010 3487 4050 cr-

1902 4083 2123 4138 raverit.
2174 4080 2328 4137 Unde
2369 4087 2425 4136 et
2455 4080 2662 4150 Regula
2707 4081 2876 4136 dicit:
2911 4082 3222 4138 Secundum
3267 4084 3488 4141 modum

1902 4174 2074 4244 culpae
2122 4170 2699 4227 cxcommunicationis
2729 4171 2813 4226 vel
2865 4172 3165 4245 disciplina:
3200 4175 3360 4231 debet
3393 4191 3489 4233 ex-

1903 4262 2049 4318 tendi
2080 4276 2355 4319 mensura.
2382 4261 2556 4333 igitur
2601 4261 2781 4316 omnis
2808 4261 3125 4333 spiritaliter
3172 4264 3490 4334 delinquens

1905 4353 2088 4409 tandiu
2127 4360 2340 4409 secrete
2370 4351 2578 4407 moneri
2627 4350 2788 4407 debet
2825 4351 2996 4406 donec
3044 4367 3102 4406 se
3152 4353 3323 4422 ipsum
3375 4355 3490 4425 ipse

1823 4420 1878 4481 D
1905 4444 2210 4514 improbum
2263 4442 2538 4498 reddendo
2567 4440 2637 4495 ab
2681 4440 2893 4496 occulto
2921 4420 3267 4495 transcatvad
3308 4420 3490 4512 publi-

1906 4549 2049 4590 cum.
2079 4549 2137 4590 tn
2164 4549 2270 4605 qua
2315 4534 2530 4603 publica
2567 4532 2911 4601 correptione
2957 4532 3001 4586 si
3030 4548 3137 4587 non
3171 4535 3491 4591 emendave-

1906 4628 2000 4693 rit,
2021 4627 2088 4684 ad
2104 4625 2721 4682 excommunicationem
2737 4623 2996 4679 leviorum
3011 4625 3289 4696 culparum
3313 4635 3491 4683 trans-

1907 4716 2023 4771 ibit.
2067 4716 2169 4772 Uhi
2218 4730 2347 4770 eum
2397 4713 2599 4770 diutius
2644 4713 2951 4783 nequiverit
2999 4715 3219 4787 corrigi,
3260 4716 3490 4773 nimium

1899 4804 2227 4875 jejuniorum
2281 4804 2649 4860 maceratione
2686 4801 2976 4872 adﬁgatur.
3016 4803 3123 4859 Per
3165 4820 3330 4876 quam
3381 4819 3490 4862 non

1908 4905 2189 4967 correptus
2212 4897 2255 4952 si
2278 4911 2511 4968 persona
2532 4895 2803 4950 exstiterit
2822 4895 2970 4960 talis,
2991 4894 3324 4965 ﬂagellorum
3347 4910 3494 4953 coer-

1910 4995 2100 5041 ceatur
2147 4986 2421 5041 acredine.
2475 4984 2573 5040 Sin
2625 4999 2758 5040 vero
2785 4998 3033 5054 personae
3060 4999 3169 5040 non
3214 4985 3495 5042 admiserit

1909 5074 2298 5139 consideratio,
2327 5073 2688 5130 mmmuniter
2733 5073 2800 5128 ab
2830 5074 3081 5130 omnibus
3120 5073 3494 5132 misericordia

1911 5163 2230 5235 impleretur
2252 5163 2670 5234 Omnipotentis.
2701 5162 2855 5230 Quod
2880 5165 2928 5219 si
2960 5179 3063 5220 nec
3089 5164 3194 5221 isto
3220 5165 3383 5221 modo
3405 5180 3495 5221 sa-

1912 5265 2073 5312 natus
2097 5255 2277 5321 fuerit,
2305 5257 2628 5327 praecidatur
2654 5273 2685 5313 a
2726 5272 2957 5327 corpore
2982 5259 3316 5315 monasterii.
3349 5258 3417 5313 Et
3445 5259 3494 5314 si

1911 5346 2201 5415 contigerit
2224 5354 2285 5401 ut
2319 5362 2418 5417 per
2442 5346 2849 5419 negligentiam,
2874 5348 3002 5405 dum
3047 5356 3141 5404 aut
3181 5349 3238 5404 in
3279 5347 3495 5405 occulto

1913 5438 2090 5492 autin
2126 5437 2346 5508 publico
2382 5437 2725 5505 admonetur,
2767 5439 2972 5512 aliquid
3012 5439 3193 5497 damni
3222 5450 3495 5498 monaste-

1912 5527 1995 5581 rio
2044 5528 2304 5594 intulerit,
2355 5530 2857 5586 excommunicetur
2903 5531 2961 5586 in
3004 5532 3295 5589 levioribus
3322 5532 3494 5605 culpis

1911 5616 2204 5675 secundum
2229 5616 2446 5673 modum
2471 5616 2662 5687 culpae.
2692 5618 2759 5674 Et
2782 5628 3002 5689 peracta
3030 5622 3368 5691 poenitentia,
3392 5621 3499 5678 ite-

2904 5729 2980 5795 ιδ
