4014 6186
492 212 622 272 1319

1501 209 1560 264 S.
1592 204 2025 262 BENEDICTUS
2061 204 2284 261 ABBAS
2319 204 2752 265 ANIANENSIS.

3638 213 3664 267 1
3682 212 3782 267 ξω

486 348 608 385 rum
638 336 940 384 revertatur
962 326 1030 380 ad
1057 324 1108 379 id
1132 325 1219 380 ubi
1250 324 1398 394 prius
1426 323 1728 378 tenebatur.
1756 317 1823 375 Et
1851 334 1958 375 non
1982 334 2071 374 so-
2096 325 2149 385 Α
2172 321 2445 376 exstiterit
2468 320 2692 376 factum.
2732 320 2886 376 Tunc
2922 319 3216 375 secundum
3250 322 3474 376 modum
3504 319 3705 379 delicti
3732 336 3782 381 et

484 422 597 478 lum
624 421 748 476 dum
778 416 956 472 verbis
996 423 1268 481 mouetur,
1294 429 1485 470 verum
1531 411 1693 468 etiam
1726 410 1772 465 si
1795 409 1974 479 aliquo
2000 424 2068 464 ex

484 510 808 583 supradictis
844 506 1014 580 gradu
1040 507 1396 577 deprimatur.

454 600 497 617 "
551 600 765 655 Primus
793 596 1060 668 capitulus
1086 605 1169 651 est
1190 610 1326 650 χιιι.
1354 593 1433 649 lbi
1478 607 1668 649 omnes
1691 589 1888 663 gradus
1917 590 2069 646 inve-

484 690 590 745 niri
620 687 820 743 valent.

554 777 837 834 Secundus
863 792 993 832 vero
1014 775 1283 846 capitulus
1305 782 1389 831 est
1413 775 1479 831 de
1499 774 1682 843 pueris
1701 772 1912 828 minore
1936 785 2070 841 qua—

482 870 608 925 liter
636 878 795 925 mtate
818 869 1200 938 corripiantur,
1226 884 1357 923 xxx.

555 962 658 1017 Ubi
687 962 844 1016 facile
868 969 1016 1032 patet
1060 961 1201 1031 quod
1228 961 1283 1014 in
1309 959 1567 1014 vicesimo
1612 957 1773 1013 tertio
1807 956 2068 1026 scriptum

478 1060 582 1109 est.
613 1052 710 1107 Sin
734 1062 913 1107 autem
940 1052 1216 1121 improbus
1238 1059 1338 1116 est,
1368 1051 1621 1104 vindicta:
1649 1046 1915 1119 corporali
1941 1049 2069 1103 sub-

479 1145 660 1199 datur.
687 1143 748 1198 ln
780 1143 1164 1199 ﬁnevidelicet
1189 1143 1382 1213 capitis
1411 1158 1519 1196 xxx
1548 1141 1641 1196 ubi
1684 1141 1815 1196 dicit
1848 1154 1863 1194 :
1894 1138 1961 1194 Hi
1990 1147 2070 1194 ta-

481 1236 559 1290 les
594 1235 721 1289 dum
755 1236 1093 1304 delinquunt,
1144 1242 1238 1289 aut
1269 1233 1489 1306 ieiuniis
1528 1233 1710 1287 nimiis
1740 1232 2063 1301 atlligantur,

478 1331 572 1378 aut
598 1324 740 1379 acris
772 1323 1089 1379 verberibus
1113 1332 1492 1388 coerceantur,
1528 1328 1587 1377 ut
1617 1328 1958 1376 sanarentur.

548 1415 703 1472 lluuc
727 1418 973 1487 sequitur
1016 1434 1210 1473 xxvm.
1242 1417 1319 1473 De
1352 1417 1439 1473 his
1474 1416 1566 1487 qui
1591 1416 1787 1487 saepius
1832 1412 2066 1485 correpti

477 1506 766 1564 emendare
794 1508 1084 1563 noluerint.
1118 1509 1220 1564 Ubi
1270 1508 1525 1564 similiter
1571 1515 1774 1578 septem
1820 1503 2064 1576 praedicti

476 1596 676 1665 gradus
710 1596 899 1651 inserti
926 1604 1074 1652 sunt.
1122 1598 1199 1652 De
1232 1597 1393 1653 tertio
1434 1605 1615 1651 autem
1643 1594 1806 1651 modo
1839 1594 2068 1664 iudicio-

2173 427 2461 483 personam
2491 422 2547 467 et
2573 412 2929 467 intentionem
2976 411 3269 467 levioribus
3305 411 3487 482 culpa:
3501 412 3779 481 iudicium

2173 504 2489 575 subiacebit.
2523 503 2581 558 In
2607 518 2716 573 quo
2741 503 2903 557 modo
2938 503 3248 558 continetur
3280 503 3555 574 quidquid
3588 505 3649 559 in
3676 503 3779 561 Re-

2169 593 2293 663 gula
2316 593 2605 648 invenitur.
2643 591 2769 648 Sive
2794 593 3129 663 gravissima:
3161 594 3417 649 vindictae
3464 593 3774 662 subiaceat,

2172 702 2268 741 seu
2295 687 2553 758 graviori,
2579 702 2673 741 seu
2699 686 2956 755 regulari,
2986 703 3083 743 seu
3110 690 3653 756 excommunicetur,
3683 706 3772 747 seu

2170 779 2718 835 excommunicationi
2749 777 3044 847 subiaceat.

2240 869 2445 926 Praeter
2491 869 2595 925 hoc
2643 870 2787 939 quod
2834 871 2889 925 in
2939 872 3263 941 quibusdam
3304 871 3446 928 locis
3494 873 3768 929 invenitur

2168 959 2485 1018 districtiori
2515 961 2814 1032 disciplina:
2862 961 3161 1030 subiaceat.
3214 963 3371 1030 Quod
3413 966 3649 1034 quidam
3695 967 3765 1021 ita

2169 1051 2393 1123 intelligi
2422 1052 2631 1117 volunt,
2658 1060 2720 1106 ut
2748 1052 2793 1107 si
2821 1051 3032 1108 occulte
3058 1061 3155 1106 aut
3189 1053 3407 1122 publice
3436 1053 3631 1109 verbis
3658 1072 3764 1110 mo-

2168 1145 2417 1210 nebatur,
2447 1144 2501 1199 in
2534 1145 2725 1200 eodem
2752 1145 2923 1215 gradu
2953 1145 3134 1200 acrius
3159 1146 3515 1215 corripiatur.

2243 1234 2479 1303 Quartus
2503 1249 2717 1309 quoque
2743 1233 2954 1300 modus,
2975 1242 3035 1289 ut
3083 1236 3405 1306 praedictum
3434 1246 3547 1301 est,
3583 1238 3651 1292 de
3683 1254 3761 1294 ca-

2165 1327 2419 1397 pitalibus
2459 1327 2777 1383 criminibus
2810 1336 3043 1395 constat,
3073 1327 3435 1385 fornicatione
3481 1330 3754 1396 videlicet.

2167 1417 2452 1481 adulterio,
2483 1424 2647 1486 atque
2689 1417 2953 1472 ebrietate
2994 1417 3235 1483 assidua,
3264 1419 3601 1489 ceterisque
3647 1436 3758 1489 qua:

2166 1507 2312 1562 nullo
2331 1506 2489 1563 modo
2504 1507 2607 1561 nisi
2631 1508 2951 1578 poenitentia
2973 1508 3242 1579 corporali
3259 1510 3565 1565 secundum
3584 1522 3763 1567 aucto-

2168 1597 2382 1652 ritatem
2438 1598 2757 1652 canonicam
2788 1605 3111 1667 purgantur.
3141 1597 3199 1651 ln
3228 1599 3432 1668 quibus
3467 1608 3531 1653 et
3578 1600 3762 1655 modus

478 1700 597 1739 rum
622 1686 765 1741 sicut
790 1702 952 1757 supra
976 1688 1294 1757 dispositum
1320 1696 1424 1743 est.
1451 1686 1527 1742 De
1553 1687 1752 1742 damno
1779 1683 2065 1754 cujuslibet
2091 1707 2138 1765 Β
2167 1705 2265 1745 nec
2285 1704 2391 1743 non
2414 1698 2466 1743 et
2492 1705 2726 1760 persona
2752 1700 2914 1760 atque
2938 1691 3167 1745 intentio
3190 1705 3409 1759 semper
3429 1691 3764 1761 inspicienda

478 1776 555 1830 rei
581 1778 837 1833 exteriori
857 1786 940 1833 est
966 1779 1396 1849 intelligendum,
1413 1779 1505 1834 ubi
1530 1776 1867 1834 solummodo
1887 1776 2066 1831 anim-

477 1869 891 1937 advertendum,
927 1871 972 1926 si
1012 1872 1338 1944 negligentia
1366 1873 1761 1929 interveniente
1810 1871 2065 1927 damnum

2173 1789 2317 1835 sunt.
2351 1780 2452 1836 Ubi
2484 1781 2690 1850 pariter
2708 1796 2923 1850 quoque
2954 1788 3270 1837 sanctorum
3288 1781 3523 1836 Patrum
3547 1782 3766 1837 institu-

2175 1869 2252 1926 tio
2274 1869 2506 1926 sollicite
2536 1878 2618 1925 est
2651 1870 3055 1940 perpendenda.

1188 2139 1880 2271 CHART/E
1980 2135 3026 2272 ANIANENSES.

1253 2448 1293 2504 Ι.

480 2568 806 2640 l’m'ceplum
831 2562 1010 2620 Caroli
1051 2561 1232 2704 Magni
1272 2563 1718 2705 prg7n;onaslerio
1749 2562 2056 2617 Anionensi.

1158 2649 1263 2688 uno
1307 2648 1323 2686 Α
1408 2673 1421 2685 .

1158 2649 1263 2688 ηηο
1300 2648 1421 2688 1ὅ1.

548 2750 746 2824 [Apud.
774 2748 840 2803 D.
870 2748 1155 2817 Bouquet.,
1205 2743 1423 2824 Βεςςςξίέ
1454 2745 1547 2799 des
1575 2745 1726 2810 Irish,
1758 2753 1888 2801 tom.
1926 2744 1991 2813 V,

1105 2830 1227 2887 pag.
1272 2813 1424 2887 455.]

561 2912 661 2967 εἰη
692 2911 910 2967 nomine
936 2917 1135 2963 sanctae
1164 2915 1220 2962 et
1246 2907 1536 2962 individua:
1564 2907 1868 2963 Trinitatis.

546 3003 792 3067 Carolus,
822 3004 996 3071 gratia
1033 3000 1126 3054 Dei
1154 3015 1249 3053 rex
1293 2998 1628 3053 Francorum
1662 3008 1718 3054 et
1752 2999 2066 3070 Longobar-

476 3095 699 3155 dorum,
743 3107 807 3145 ac
854 3090 1114 3159 patricius
1162 3089 1548 3144 Romanorum.
1599 3090 1855 3160 Magnum
1907 3091 2064 3160 regni

2165 2457 2327 2511 etiam
2367 2457 2622 2525 deinceps
2666 2453 2722 2508 in
2759 2453 2885 2524 jure
2920 2451 3091 2523 ipsius
3141 2450 3317 2507 sancti
3368 2451 3477 2507 loci
3530 2461 3627 2507 aut
3667 2469 3764 2523 per

2165 2562 2265 2602 nos
2318 2554 2412 2601 aut
2457 2561 2556 2616 per
2605 2544 2741 2599 alios
2800 2542 3034 2598 voluerit
3080 2542 3259 2597 divina
3307 2543 3491 2612 pietas
3556 2544 3763 2614 augeri,

2163 2639 2543 2710 praecipientes
2574 2635 2830 2706 iubemus
2876 2642 3042 2704 atque
3092 2633 3662 2699 anathematizamus,
3707 2644 3766 2687 ut

2167 2728 2349 2784 nullus
2399 2742 2598 2792 comes,
2636 2740 2812 2796 neque
2838 2725 3150 2795 episcopus,
3202 2732 3300 2777 aut
3328 2723 3434 2777 ulla
3471 2724 3763 2794 iudiciaria

2167 2826 2408 2889 potestas
2455 2818 2525 2872 ad
2574 2832 2767 2873 causas
2813 2815 3129 2879 audiendas,
3160 2814 3243 2869 vel
3292 2813 3446 2870 {reda
3477 2815 3764 2886 exigenda,

2168 2917 2261 2962 aut
2284 2908 2597 2963 mansiones
2640 2906 2728 2961 vel
2767 2914 2987 2977 paratas
3013 2904 3310 2970 faciendas,
3357 2913 3454 2960 aut
3484 2905 3767 2974 fideiusso-

2165 3016 2255 3056 res
2284 3000 2571 3061 tollendos,
2621 3016 2725 3055 nec
2774 2999 3024 3055 homines
3065 3000 3233 3069 ipsius
3278 3000 3611 3054 monasterii
3662 3009 3764 3053 tam

2166 3090 2430 3161 ingenuos
2460 3106 2624 3159 quam
2662 3104 2871 3155 servos,
2914 3090 3007 3158 qui
3039 3104 3201 3158 supra
3241 3100 3445 3144 terram
3477 3089 3765 3144 memorati

478 3183 649 3239 nostri
687 3181 945 3250 inaugere
969 3179 1239 3234 credimus
1279 3181 1695 3244 munimentum,
1724 3182 1770 3236 si
1801 3182 2065 3237 beneﬁcia
2093 3196 2136 3257 ρ
2169 3181 2485 3238 monasterii
2514 3182 2757 3237 residere
2786 3181 3062 3243 videntur,
3105 3180 3533 3249 distringendos,
3562 3196 3669 3235 nec
3690 3180 3765 3233 nl-

476 3282 778 3345 opportuna
834 3272 966 3345 locis
1036 3270 1389 3326 ecclesiarum
1459 3260 1718 3328 benevola
1779 3274 2065 3330 devotione

477 3366 842 3430 concedimus,
881 3378 943 3418 ac
974 3362 1202 3418 Domino
1228 3370 1543 3433 protegente
1572 3363 1837 3420 stabiliter
1862 3365 2064 3435 perdu-

478 3474 598 3513 rare
636 3453 1032 3511 conscribimus
1071 3452 1205 3524 [ΑΛ.
1250 3451 1616 3525 conﬁdimus].
1665 3454 1835 3525 Igitur
1875 3464 2063 3509 notum

476 3550 547 3603 sit
574 3546 825 3602 omnibus
867 3543 1155 3613 episcopis,
1204 3543 1512 3608 abbatibus,
1558 3544 1867 3611 comitibus,
1913 3545 2064 3599 vice-

478 3638 787 3701 comitibus,
819 3634 1060 3698 vicariis,
1111 3635 1458 3697 centenariis,
1488 3634 1784 3704 iudicibus,
1817 3650 1913 3691 seu
1941 3650 2063 3690 om-

479 3730 636 3782 nibus
661 3725 928 3792 ﬁdelibus,
969 3723 1327 3795 prtesentibus
1372 3724 1578 3780 scilicet
1604 3733 1660 3779 et
1688 3724 1905 3791 futuris,
1938 3741 2065 3796 qua-

478 3820 601 3875 liter
630 3819 716 3873 vir
746 3816 1067 3873 venerabilis
1087 3815 1412 3872 Benedictus
1434 3817 1601 3872 abbas
1621 3832 1689 3872 ex
1708 3818 2062 3885 monasterio,

477 3912 619 3982 quod
648 3912 760 3981 ipse
786 3924 923 3964 novo
953 3922 1115 3979 Opere
1142 3906 1265 3976 iure
1298 3908 1647 3977 proprietatis
1674 3923 1703 3963 a
1734 3908 2062 3965 fundamen-

478 4005 549 4059 tis
596 4004 649 4058 in
700 4004 908 4057 honore
950 4001 1042 4055 Dei
1089 4000 1369 4071 genitricis
1418 3998 1621 4066 Mariae,
1678 4014 1776 4055 seu
1830 3999 2062 4054 aliorum

479 4100 793 4149 sanctorum
819 4090 1105 4145 mdiﬁcavit
1143 4091 1197 4143 in
1228 4089 1346 4144 loco
1374 4098 1718 4159 nuncupante
1747 4090 1979 4153 Aniano,
2009 4089 2064 4142 in

480 4202 617 4260 pago
644 4183 1079 4256 Magdalonensc,
1110 4183 1301 4237 subtus
1327 4190 1508 4237 castro
1551 4180 2061 4247 Monte—Calmense,

480 4277 550 4333 ad
577 4284 819 4331 nostram
864 4271 1096 4328 accessit
1127 4268 1489 4335 clementiam,
1522 4277 1577 4324 et
1599 4269 1916 4341 praedictum
1950 4284 2066 4324 mo-

482 4364 784 4423 nasterium
820 4376 945 4419 cum
975 4358 1227 4416 omnibus
1252 4359 1414 4413 rebus
1437 4366 1491 4412 et
1516 4357 1852 4413 ornamentis
1888 4357 2065 4412 eccle-

472 4462 598 4527 'r.iac,
634 4474 731 4514 seu
770 4454 1104 4527 appendiciis
1134 4452 1220 4508 vel
1248 4450 1563 4521 adjacentiis
1593 4450 1707 4506 suis
1735 4449 1791 4504 in
1819 4450 2068 4505 manibus

2169 3274 2251 3329 las
2275 3275 2668 3330 redhibitiones
2713 3281 2806 3328 aut
2845 3273 3062 3328 illicitas
3098 3272 3416 3327 occasiones
3446 3273 3767 3342 perquiren—

2168 3367 2285 3431 das,
2339 3373 2433 3420 aut
2476 3365 2642 3419 ullum
2687 3366 2908 3421 omnino
2959 3381 3182 3421 censum
3229 3366 3626 3435 inquirendum
3661 3364 3766 3420 ullo

2166 3470 2406 3526 unquam
2436 3464 2679 3526 tempore
2706 3457 2914 3527 ingredi
2958 3458 3173 3523 audeat,
3208 3457 3292 3511 vel
3332 3468 3597 3513 exactare
3635 3474 3764 3528 prr-

2166 3554 2367 3601 sumat.
2403 3544 2511 3601 Sed
2540 3546 2643 3601 hoc
2670 3546 2785 3616 ipse
2811 3547 2982 3602 abbas
3022 3546 3108 3601 vel
3147 3562 3497 3602 successores
3525 3549 3634 3611 sui,
3676 3555 3764 3601 aut

2167 3637 2418 3692 monachi
2446 3638 2728 3691 memorati
2752 3637 2880 3701 loci,
2916 3644 3213 3708 praesentes
3237 3637 3447 3692 scilicet
3472 3646 3532 3692 et
3572 3636 3761 3697 futuri.

2165 3736 2386 3798 propter
2445 3743 2642 3783 nomen
2700 3727 2914 3783 Domini
2967 3728 3067 3783 sub
3122 3728 3352 3798 integra:
3403 3728 3765 3782 immunitatis

2165 3819 2402 3885 nomine,
2444 3820 2650 3888 absque
2693 3816 2983 3885 cuiuslibet
3012 3818 3300 3886 iniquitate
3329 3825 3423 3871 aut
3466 3818 3764 3872 contrarie-

2166 3919 2276 3965 tate
2303 3910 2518 3965 valeaut
2546 3911 2863 3966 dominare:
2893 3917 2949 3966 et
2975 3910 3109 3964 nulli
3139 3925 3379 3979 unquam
3414 3910 3628 3965 homini
3670 3925 3763 3979 pro

2165 4002 2530 4073 qualicunque
2597 4016 2657 4057 re
2716 4002 2926 4057 nullum
2981 4003 3208 4057 omnino
3254 4017 3481 4057 censum
3534 4003 3763 4058 audeant

2166 4094 2510 4164 impendere;
2559 4094 2654 4149 sed
2694 4094 2869 4164 ipsum
2910 4101 3159 4149 sanctum
3206 4093 3387 4148 locum
3434 4092 3541 4146 sub
3580 4102 3759 4147 nostra

2165 4184 2478 4240 defensione
2514 4192 2571 4240 et
2612 4185 2979 4240 dominatione
3017 4184 3290 4239 volumus‘
3315 4184 3613 4249 constare;
3655 4191 3763 4236 sta—

2166 4282 2384 4330 tuentes
2403 4282 2565 4344 atque
2582 4272 2852 4342 iubentes,
2883 4282 2943 4329 ut
2967 4289 3145 4345 neque
3171 4290 3291 4339 vos,
3311 4289 3492 4343 neque
3515 4272 3760 4344 iuniom

2167 4379 2266 4420 seu
2290 4378 2637 4421 successores
2663 4365 2832 4420 vestri
2856 4364 2940 4419 vel
2962 4365 3218 4434 quislibet
3254 4379 3321 4418 ex
3356 4362 3647 4431 iudiciaria
3670 4379 3760 4433 po-

2170 4462 2386 4517 testate,
2440 4454 2497 4508 in
2543 4453 2787 4509 ecclesiis
2812 4461 2868 4508 et
2894 4454 3051 4518 locis,
3092 4452 3179 4507 vel
3210 4454 3360 4521 agris
3400 4468 3500 4507 seu
3544 4454 3759 4521 reliquis

482 4550 685 4610 nostris
709 4546 1021 4618 plenissima
1051 4542 1435 4600 deliberatione
1461 4541 1612 4598 visus
1647 4548 1733 4597 est
1765 4540 2059 4612 delegasse,
2089 4543 2142 4602 D
2166 4544 2598 4615 possessionibus
2633 4544 2985 4614 suprascripti
3031 4543 3372 4609 monasterii,
3401 4544 3489 4598 vel
3537 4545 3607 4598 de
3650 4558 3758 4597 om.

481 4650 538 4699 et
562 4642 738 4714 ipsum
763 4645 1008 4694 sanctum
1028 4635 1205 4690 locum
1228 4634 1328 4689 sub
1348 4640 1536 4687 nostra
1570 4631 1881 4688 defensione
1905 4641 2068 4701 atque

482 4731 851 4790 dominatione
876 4730 943 4785 ad
971 4725 1266 4800 regendum
1288 4724 1436 4781 visus
1464 4730 1548 4779 est
1576 4723 1734 4779 nobis
1756 4723 2063 4779 tradidisse.

482 4824 688 4880 Idcirco
721 4822 789 4878 ad
831 4819 948 4892 eius
974 4818 1291 4890 petitionem
1323 4816 1431 4871 tale
1457 4830 1558 4885 pro
1594 4823 1798 4870 atterna
1826 4815 2063 4869 retribu-

483 4919 634 4974 tione
674 4913 999 4973 beneﬁcium
1044 4926 1172 4980 erga
1217 4908 1394 4979 ipsum
1437 4913 1687 4962 sanctum
1738 4904 1915 4960 locum
1964 4905 2065 4959 visi

486 5009 685 5066 fuimus
710 5003 1017 5068 indulsisse,
1045 5009 1105 5055 ut
1145 5000 1201 5054 in
1242 4996 1485 5052 ecclesiis
1513 5004 1569 5051 et
1607 4995 1763 5061 locis,
1788 4994 1877 5050 vel
1919 4996 2067 5067 agris

485 5117 582 5161 seu
601 5098 826 5169 reliquis
866 5091 1301 5167 possessionibus
1344 5087 1515 5157 ipsius
1561 5084 1896 5150 monasterii,
1930 5099 2066 5154 quas

487 5191 745 5250 moderno
772 5199 1015 5258 tempore
1054 5198 1153 5254 per
1181 5187 1426 5236 nostram
1456 5176 1807 5233 donationem
1836 5190 1902 5231 ac
1936 5190 2068 5232 con-

487 5282 847 5342 ﬁrmationem
890 5293 989 5335 ceu
1042 5282 1362 5331 cancrorum
1408 5268 1648 5324 ﬁdelium
1688 5267 1836 5339 iuste
1889 5267 2068 5337 possi-

488 5376 615 5434 dere
640 5374 878 5437 videtur,
910 5370 965 5425 in
1010 5363 1339 5437 quibuslibet
1381 5361 1534 5426 locis,
1564 5358 1824 5430 quidquid
1864 5356 2062 5413 ibidem

488 5474 708 5535 propter
758 5463 995 5522 divinum
1039 5470 1283 5513 amorem
1335 5452 1593 5509 collatum
1650 5450 1787 5515 fuit,
1839 5463 2069 5520 qumque

558 5585 589 5619 ι
617 5556 848 5629 Ῑνυιῶὶάα
875 5574 990 5631 haec
1016 5567 1312 5630 invocatio,
1343 5579 1463 5636 qua:
1491 5562 1670 5619 addita
1698 5560 1817 5616 fuit.

2170 4634 2329 4688 nibus
2357 4648 2478 4703 qua:
2505 4634 2875 4704 suprascripta
2903 4642 3049 4699 sunt,
3093 4635 3199 4689 ullo
3229 4650 3472 4703 unquam
3518 4644 3758 4705 tempore

2172 4724 2474 4793 inquietare
2523 4731 2578 4778 et
2619 4732 2873 4779 exactare
2914 4725 3275 4793 praesumatis.
3318 4723 3431 4779 Sed
3474 4727 3625 4794 quod
3665 4740 3756 4779 nos

2171 4824 2393 4886 propter
2421 4829 2616 4870 nomen
2640 4815 2855 4871 Domini
2888 4824 2945 4870 et
2966 4824 3223 4871 aeternam
3260 4816 3754 4870 remanentium

2172 4906 2239 4959 ad
2276 4903 2391 4972 iam
2441 4902 2612 4963 latum
2679 4904 3067 4959 monasterium
3131 4904 3457 4958 indulsimus
3506 4905 3757 4975 pet-cnes

2172 4995 2503 5065 temporibus
2543 4994 2797 5065 proﬁciat
2843 4994 2900 5050 in
2951 5003 3321 5066 augmentum.
3393 4996 3463 5050 Et
3513 4996 3756 5067 quando-

2171 5084 2388 5154 quidem
2434 5083 2616 5139 divina
2656 5083 2938 5141 vocatione
2986 5086 3391 5155 suprascripr
3431 5086 3758 5142 venerabilis

2172 5175 2341 5228 abbas
2367 5173 2689 5229 Benedictus
2706 5173 2790 5227 vel
2813 5187 3157 5230 successores
3181 5174 3298 5243 eius
3321 5174 3395 5231 de
3420 5177 3529 5231 bac
3555 5177 3675 5230 luce
3697 5176 3757 5229 ad

2172 5266 2457 5322 Dominum
2499 5265 2888 5336 migraverint,
2926 5266 3142 5335 qualem
3183 5266 3473 5322 meliorem
3524 5277 3584 5322 et
3611 5266 3756 5321 nolis

2171 5373 2267 5429 per
2285 5357 2467 5413 omnia
2488 5354 2698 5412 ﬁdelem
2725 5356 2841 5428 ipsa
2868 5364 3056 5412 sancta
3100 5358 3455 5428 congregatio
3482 5358 3555 5413 de
3580 5370 3759 5427 supra.

2173 5449 2376 5521 scripto
2403 5447 2737 5506 monasterio
2776 5455 2872 5503 aut
2914 5447 2983 5504 de
3027 5446 3394 5518 qualicunque
3438 5448 3566 5505 loco
3591 5446 3764 5503 volue-
