4014 6186
271 242 293 308 l
305 244 401 312 rei

1503 228 1812 297 CHARTAE
1848 228 2301 295 ANIANENSES»

3392 223 3534 289 “~29

266 370 380 426 rint
403 366 604 436 eligere
643 363 913 427 abbatem,
943 359 1042 430 qui
1076 358 1250 430 ipsam
1279 361 1521 413 sanctam
1558 366 1853 423 congrega-
1880 353 1930 412 Α
1957 349 2165 406 ﬁrmior
2189 351 2473 415 habeatur,
2502 355 2556 404 et
2584 363 2681 421 per
2704 347 2883 403 futura
2909 356 3147 418 tempora
3171 338 3387 419 pienius
3405 363 3541 404 con-

268 464 475 516 tionem
501 453 795 512 secundum
842 450 1104 522 Regulam
1132 448 1306 505 sancti
1343 445 1617 502 Benedicti
1659 458 1850 515 regere
1952 448 2221 525 “servetur,
2244 442 2310 497 de
2338 440 2539 495 annulo
2563 448 2750 495 nostro
2772 438 3291 509 sigillarijussimus.

266 551 468 617 valeat,
502 561 604 618 per
629 547 770 601 hanc
801 551 1045 599 nostram
1073 541 1451 597 auctoritatem
1477 546 1544 593 ex
1566 536 1850 617 praemissa

267 640 600 713 indulgentia
636 636 908 693 licentiam
943 635 1208 700 habeant;
1247 639 1302 688 et
1329 631 1636 699 ubicunque
1668 626 1848 681 voluc-

2024 520 2396 589 Faramundus
2428 533 2494 588 ad
2516 535 2690 588 vicem
2718 532 3037 587 llelisachar
3059 532 3285 602 scripsit.

2027 628 2162 683 Data
2194 645 2250 683 lx
2286 627 2404 683 Kal.
2431 627 2618 691 Maias,
2655 642 2798 682 anno
2828 629 2879 693 l,
2914 626 3130 682 Christo
3152 626 3402 695 propitio,
3432 624 3537 680 im-

266 736 383 792 rint
405 736 647 792 ordinari
684 744 743 792 et
784 736 890 808 ipsi
942 743 1036 790 aut
1076 732 1326 790 monachi
1382 730 1647 800 ipsorum,
1691 724 1776 780 vel
1823 739 1851 778 a
1955 718 2629 805 pcriiuostri,indictione
2649 733 2745 772 vn.

261 826 511 897 quolibet
554 826 833 897 pontiﬁce,
872 841 939 882 ex
978 831 1248 897 praecepto
1281 830 1338 877 et
1373 833 1640 877 consensu
1668 825 1855 872 nostro

261 926 594 989 potestatem
641 921 927 976 habeant:
967 928 1236 989 quatenus
1269 913 1374 986 ipsi
1420 912 1563 970 servi
1603 911 1720 975 Dei,
1763 909 1855 980 qui

269 1008 471 1065 ibidem
494 1009 609 1065 Deo
643 1010 894 1064 famulari
916 1010 1187 1074 videntur,
1213 1022 1317 1076 pro
1336 1003 1499 1061 nobis
1523 1010 1579 1057 et
1605 1001 1853 1073 conjuge,

262 1099 529 1172 proleque
558 1106 768 1165 nostra,
810 1106 866 1154 et
899 1098 1196 1154 stabilitate
1241 1094 1408 1150 totius
1450 1091 1605 1163 regni
1663 1105 1697 1145 a
1746 1090 1858 1145 Deo

268 1189 428 1245 nobis
475 1188 752 1245 commissi
796 1187 881 1243 vel
926 1185 1301 1250 conservandi,
1339 1182 1599 1239 attentius
1644 1177 1855 1235 Domini

268 1279 702 1335 misericordiam
730 1292 957 1334 exorare
982 1276 1341 1332 delectentur.
1360 1274 1436 1328 Et
1455 1280 1517 1327 ut
1540 1274 1656 1329 hate
1674 1278 1861 1325 aucto—

268 1368 409 1425 ritas
438 1368 874 1424 eonﬁrmationis
906 1368 1222 1437 nostrisque
1253 1365 1564 1435 futurisque
1601 1363 1860 1434 tempori-

266 1460 398 1527 bus,
444 1461 676 1517 Domino
706 1467 1049 1531 protegente,
1097 1457 1271 1513 valeat
1312 1455 1570 1511 inviolata
1613 1468 1858 1517 manere,

267 1563 438 1607 manu
481 1552 701 1623 propria
750 1550 1044 1624 signaculis
1089 1547 1530 1619 subscripsimus,
1568 1551 1631 1601 et
1673 1544 1861 1600 annuli

268 1642 445 1696 nostri
476 1642 835 1712 impressione
859 1641 1126 1712 assignari
1147 1638 1432 1709 iussimus.

342 1735 573 1807 Signum
601 1735 780 1791 Caroli
805 1734 1184 1807 gloriosissimi
1208 1732 1375 1803 regis.

344 1825 483 1880 Data
514 1841 567 1880 γι
602 1825 720 1881 Kal.
747 1824 1041 1897 Augustas,
1068 1838 1212 1879 anno
1236 1838 1331 1877 xxx
1353 1821 1507 1892 regni
1538 1820 1732 1876 nostri.

343 1913 539 1969 Actum
570 1913 629 1969 in
658 1914 1045 1987 Raganesburg
1072 1911 1273 1983 palatio
1306 1917 1497 1967 nostro
1534 1908 1772 1978 publico,
1805 1906 1857 1961 in

272 1996 372 2060 Dei
393 2006 629 2061 nomine.

1027 2092 1102 2150 lii.

278 2213 608 2299 Prwceptum
663 2225 917 2282 Ludovici
979 2214 1101 2308 Pii
1134 2216 1468 2308 imperatoris
1526 2225 1620 2290 pro
1680 2220 1860 2273 eodem

892 2313 978 2350 mo
985 2304 1237 2349 nastert'o.

891 2406 1072 2480 (Anno
1101 2403 1254 2475 8M.)

668 2516 873 2592 [Apud
898 2518 961 2573 D.
993 2518 1286 2587 Bouquet.,
1323 2510 1477 2594 ibid.]

348 2621 410 2689 in
448 2622 663 2688 nomine
701 2628 915 2687 Domini
961 2629 1056 2684 Dei
1100 2636 1157 2684 et
1197 2625 1495 2682 Salvatoris
1530 2626 1700 2681 nostri
1740 2622 1868 2679 Jesu

274 2714 514 2791 Christi,
555 2724 861 2780 Ludovicus
923 2721 1107 2777 divina
1168 2719 1459 2774 ordinante
1522 2713 1868 2788 providentia

276 2806 582 2886 imperator
608 2812 903 2884 Augustus.

354 2903 555 2960 Notum
569 2903 648 2957 sit
669 2903 881 2958 cunctis
907 2892 1156 2957 ﬁdelibus
1182 2899 1383 2956 nostris
1410 2891 1657 2969 partibus
1690 2886 1872 2967 Septi-

281 2988 500 3063 mau'iaz,
544 2986 867 3061 Provinciae,
922 2994 1243 3065 Burgundize
1286 2991 1741 3056 consistentibus,
1787 2987 1872 3044 vel

280 3090 538 3145 ’omnibus
579 3105 696 3143 rem
736 3057 1007 3159 publicam
1031 3057 1474 3157 procurantibus,
1516 3084 1873 3155 pratsentibus
1899 3057 1945 3120 C

242 3174 495 3238 ’scilicet
537 3188 700 3250 atque
752 3168 985 3245 futuris,
1028 3179 1159 3249 quia
1203 3168 1259 3232 in
1301 3165 1643 3248 eleemosyua
1686 3180 1874 3229 nostra

285 3265 580 3327 Benedicto
620 3271 804 3327 abbati
850 3285 919 3326 ex
963 3270 1296 3326 monasterio
1332 3268 1570 3336 Aniaua,
1609 3265 1756 3336 quod
1792 3270 1878 3320 est

283 3371 663 3417 constructum
691 3361 743 3415 in
771 3361 980 3416 honore
1018 3360 1234 3416 Domini
1270 3358 1445 3415 nostri
1483 3355 1611 3411 Jesu
1649 3352 1874 3418 Christi,

286 3468 430 3525 pago
474 3442 910 3524 Magdalenense,
953 3469 1049 3508 seu
1094 3448 1523 3525 successoribus,
1572 3444 1879 3500 rectoribus

290 3545 542 3599 videlicet
592 3546 877 3600 memorati
923 3540 1277 3606 monasterii,
1327 3553 1430 3609 pro
1477 3535 1880 3607 opportunitate

291 3650 573 3690 servorum
623 3635 721 3689 Dei
774 3635 830 3689 in
873 3633 1064 3689 eodem
1117 3631 1366 3688 emnobio
1420 3629 1836 3685 consistentium
1862 3668 1877 3695 ,

292 3727 669 3781 concessimus
706 3733 787 3791 ut,
829 3725 1260 3795 quandocunque
1301 3724 1382 3778 eis
1423 3708 1643 3777 libuerit
1684 3721 1882 3777 missos

292 3832 424 3874 suos
466 3817 520 3870 iu
566 3816 802 3885 aliquam
834 3824 1047 3886 partem
1096 3816 1309 3887 imperii
1352 3815 1524 3870 nostri
1571 3815 1880 3886 negotiandi

291 3918 461 3961 causa
499 3906 760 3977 dirigere,
803 3922 925 3962 cum
967 3907 1140 3961 carris
1170 3905 1419 3961 videlicet
1454 3913 1512 3960 et
1539 3905 1746 3961 saumis
1770 3906 1883 3962 sive

294 3996 537 4066 navigio,
567 4010 692 4050 cum
723 3997 1086 4067 qualicunque
1109 3997 1319 4053 scilicet
1345 3997 1582 4068 negotio,
1606 3996 1883 4052 licentiam

295 4087 539 4143 habeant
561 4088 819 4158 pergendi
862 4088 953 4143 ubi
990 4088 1280 4154 voluerint,
1310 4088 1514 4159 absque
1550 4088 1777 4161 alicujus
1804 4090 1884 4144 in-

293 4177 586 4232 festatioue
610 4176 696 4231 vel
718 4178 1126 4234 contrarietate.
1170 4178 1294 4235 Ideo
1335 4180 1433 4235 has
1465 4180 1676 4235 litteras
1696 4187 1884 4235 aucto-

292 4267 476 4321 ritatis
500 4274 702 4322 nostrm
731 4267 812 4322 eis
854 4267 972 4322 ﬁeri
1007 4267 1291 4336 iussimus,
1331 4285 1429 4340 per
1468 4286 1605 4341 quas
1630 4270 1884 4342 jubemus

294 4361 511 4415 cunctis
554 4356 807 4417 ﬁdelibus
843 4364 1046 4418 nostris
1095 4371 1153 4419 et
1196 4363 1504 4433 junioribus
1562 4367 1781 4432 vestris,
1824 4373 1884 4421 ut

293 4463 457 4504 nemo
499 4450 792 4517 teloneum,
834 4452 922 4507 vel
971 4454 1329 4523 pontaticum,
1385 4471 1485 4512 nec
1526 4459 1879 4527 portaticum,

296 4548 393 4595 aut
433 4543 844 4612 cespitaticum,
900 4559 997 4601 seu
1042 4547 1371 4614 rotaticum,
1416 4556 1512 4603 aut
1552 4549 1880 4614 navaticnm,

295 4641 460 4703 atque
501 4634 883 4702 salutaticum,
936 4636 1022 4692 vel
1065 4638 1232 4692 ullum
1278 4652 1532 4704 censum,
1581 4648 1677 4694 aut
1717 4639 1883 4697 ullam

295 4725 716 4802 redhibitiouem
747 4728 815 4783 ab
840 4728 921 4783 eis
945 4728 1163 4798 exigere
1184 4730 1545 4799 prmsumatis.
1585 4728 1692 4785 Sed
1722 4730 1885 4786 liccat

294 4816 378 4871 eis
400 4831 498 4886 per
524 4817 666 4873 hanc
690 4827 930 4874 nostram
970 4821 1350 4876 auctoritatem
1379 4821 1603 4892 paciﬁce
1634 4831 1690 4877 et
1714 4823 1884 4878 libere

293 4907 405 4962 huc
455 4907 688 4978 illucque
731 4910 1068 4977 discurrere,
1111 4919 1219 4968 tam
1262 4921 1405 4968 terra
1441 4929 1604 4984 quam
1642 4916 1881 4987 navigio,

294 5007 351 5053 et
381 4999 589 5070 absque
619 5000 846 5069 alitmjus
873 5003 1283 5070 contrarietate,
1329 5004 1470 5059 sicut
1507 5005 1755 5075 superius
1800 5006 1882 5059 iu-

296 5090 538 5157 tulimus,
570 5092 656 5147 vel
676 5092 1021 5151 inl‘estatione
1059 5105 1153 5150 aut
1186 5096 1515 5163 detentione,
1544 5097 1756 5167 negotia
1785 5111 1882 5151 sua

293 5198 580 5255 peragere,
606 5185 691 5240 vel
721 5187 1027 5257 ubicunque
1049 5186 1386 5253 advenerim,
1426 5201 1525 5259 per
1562 5203 1659 5243 vos
1698 5188 1885 5245 defen-

296 5275 505 5332 sionem
529 5285 586 5331 et
609 5277 964 5333 salvationcm
1003 5279 1259 5334 habeant.
1284 5279 1354 5333 Et
1385 5278 1431 5333 si
1459 5278 1657 5350 aliquis
1679 5288 1884 5335 temere

296 5367 445 5423 hanc
487 5374 735 5423 nostram
767 5368 1182 5437 praeceptionem
1222 5369 1529 5441 irrumpere
1569 5372 1881 5437 tentaverit,

297 5456 550 5528 magistri
577 5457 818 5513 locorum
863 5458 1077 5514 illorum
1114 5460 1209 5529 qui
1245 5475 1360 5516 rem
1393 5462 1664 5533 publicam
1690 5477 1885 5533 procu-

301 5564 430 5606 rare
457 5556 774 5615 noscuntur,
820 5549 949 5605 illud
985 5550 1263 5606 emendari
1284 5549 1533 5619 jubeant,
1578 5554 1626 5608 si
1668 5555 1763 5609 Dei
1789 5570 1886 5610 no-

306 5652 585 5714 atramque
607 5643 776 5700 velint
796 5643 994 5701 habere
1016 5646 1267 5716 gratiam.
1293 5646 1360 5702 Et
1380 5655 1439 5702 ut
1455 5646 1569 5703 haec
1590 5649 1885 5704 auctoritas

1886 1697 1936 1771 Β

2027 812 2221 868 Actum
2249 811 2419 883 Aquis
2456 802 2657 883 palatio
2697 820 2900 878 nostro,
2927 811 2979 866 in
3009 811 3103 866 Dei
3131 811 3347 866 nomine
3372 809 3546 865 felici-

1959 912 2062 959 ter.
2092 902 2285 959 Amen.

2705 991 2768 1045 Ill

2282 1076 2533 1160 Ejusdem
2558 1104 2653 1161 pro
2681 1087 2862 1142 eodem
2882 1087 3215 1141 monasterio.

2575 1178 2754 1249 (Anno
2783 1176 2934 1248 8M.)

2350 1272 2537 1345 {Apud
2565 1270 2631 1325 D.
2667 1269 2960 1339 Bouquei..,
2994 1265 3150 1339 ibid.]

2031 1363 2087 1418 lu
2118 1364 2333 1419 nomine
2362 1343 2588 1419 Domini
2632 1362 2728 1416 Dei
2776 1369 2833 1415 et
2865 1358 3167 1414 Salvatoris
3208 1356 3378 1412 nostri
3416 1343 3544 1410 πρέπει

1962 1455 2185 1521 Christi,
2239 1455 2545 1510 Ludovicus
2601 1451 2784 1508 divina
2850 1449 3135 1504 ordinante
3202 1446 3545 1517 providentia

1964 1547 2261 1616 imperator
2286 1545 2579 1615 Augustus.

2036 1636 2300 1693 Omnibus
2328 1636 2613 1708 episcopis,
2637 1635 2945 1701 abbatibus,
2970 1631 3216 1697 ducibus,
3238 1627 3546 1691 comitibus,

1964 1726 2334 1793 vicedominis,
2366 1726 2604 1791 vicariis,
2648 1725 2995 1791 centenariis,
3041 1738 3134 1779 seu
3164 1721 3389 1792 reliquis
3415 1719 3552 1775 ﬁde-

1961 1809 2127 1886 libus,
2165 1819 2251 1875 vel
2288 1808 2471 1875 missis
2514 1818 2718 1874 nostris
2759 1816 3191 1873 discurrentibus
3227 1822 3415 1869 uotum
3457 1812 3548 1873 sit,

1965 1911 2092 1980 quia
2119 1910 2379 1981 quidquid
2399 1917 2624 1980 propter
2651 1909 2894 1963 divinum
2914 1921 3154 1963 amorem
3179 1905 3264 1959 vel
3288 1912 3547 1975 opportu-

1968 2000 2193 2054 nitatem
2214 2014 2494 2054 servorum
2518 1997 2861 2067 Dei'agimus,
2878 1998 2983 2052 hoc
3004 1996 3160 2050 nobis
3181 1993 3549 2065 proculdubio

1964 2092 2036 2146 ad
2066 2100 2328 2147 aeternam
2352 2089 2743 2146 beatitudinem
2761 2088 3043 2158 pertinere
3072 2086 3419 2142 conﬁdimus.
3452 2083 3554 2154 lgia-

1971 2192 2058 2239 tur
2087 2183 2389 2254 comperiat
2416 2182 2660 2238 omnium
2704 2180 2940 2235 ﬁdelium
2964 2190 3273 2233 nostrorum
3311 2177 3553 2240 solertia,

1969 2274 2319 2345 praesentium
2346 2272 2556 2328 scilicet
2580 2278 2638 2325 et
2667 2270 3003 2335 futurorum,
3026 2269 3160 2338 quia
3209 2268 3294 2321 vir
3324 2281 3554 2321 venera-

1970 2365 2097 2420 bilis
2129 2354 2455 2419 Benedictus
2483 2363 2651 2418 abbas
2688 2376 2753 2417 ex
2803 2361 3134 2417 monasterio
3170 2359 3402 2424 Aniene,
3451 2359 3559 2414 sito

1972 2456 2030 2510 in
2066 2471 2205 2525 pago
2245 2453 2681 2524 hlagdalonense,
2707 2459 3022 2508 constructo
3057 2452 3110 2505 iu
3156 2452 3415 2505 honorem
3448 2451 3558 2505 Do—

1973 2546 2109 2602 mini
2138 2555 2195 2601 et
2218 2543 2515 2600 Salvatoris
2538 2542 2709 2599 nostri
2737 2542 2866 2598 Jesu
2903 2541 3104 2597 Christi
3135 2550 3189 2596 et
3217 2550 3418 2597 sanctae
3448 2541 3562 2595 Μαι

1975 2636 2071 2692 τίω
2100 2650 2317 2705 semper
2342 2634 2593 2705 virginis,
2634 2648 2728 2689 seu
2759 2641 2820 2691 et
2854 2639 3177 2687 cmterorum
3222 2638 3558 2695 sanctorum,

1975 2729 2345 2789 detnlitnobis
2368 2735 2702 2799 praeceptum
2741 2724 2946 2781 domini
2983 2732 3040 2780 et
3074 2722 3343 2795 genitoris
3388 2722 3559 2777 nostri

1976 2822 2155 2879 Caroli
2187 2821 2517 2877 serenissimi
2547 2817 2916 2891 imperator-is,
2948 2817 3004 2872 in
3049 2830 3158 2885 quo
3186 2813 3566 2869 continebatur

1977 2913 2212 2985 qualiter
2255 2913 2369 2982 ipse
2406 2919 2765 2967 memoratum
2809 2907 3197 2965 monasterium
3225 2907 3279 2961 in
3317 2921 3416 2961 suo
3439 2920 3567 2976 pro-

1976 3005 2098 3074 prio
2126 3010 2505 3061 construxerat
2528 3010 2583 3058 et
2619 3016 2742 3057 eum
2771 3000 2948 3055 eidem
2987 2996 3220 3070 genitori
3251 3003 3437 3052 nostro
3468 3010 3566 3065 per

1976 3095 2219 3151 chartam
2263 3092 2572 3150 donationis
2610 3092 2988 3163 delegaverat;
3033 3097 3091 3144 et
3121 3087 3394 3160 quomodo
3420 3086 3565 3141 idem

1976 3185 2361 3242 serenissimus
2406 3185 2701 3255 imperator
2730 3183 2906 3253 ipsum
2945 3183 3000 3237 et
3036 3178 3333 3236 monachos
3364 3176 3567 3233 ibidem

1943 3278 2236 3348 .degentes
2295 3277 2396 3331 sub
2445 3274 2805 3329 immunitatis
2860 3272 3170 3328 defensioue
3229 3276 3564 3338 susceperat.

1979 3364 2088 3420 Sed
2111 3378 2210 3436 pro
2242 3363 2514 3417 ﬁrmitatis
2540 3361 2719 3417 studio
2746 3361 2903 3431 petiit
2933 3360 3222 3430 prmdictus
3258 3359 3429 3413 abbas
3460 3356 3570 3435 cel‘

1979 3455 2271 3510 situdiuem
2294 3460 2553 3516 nostram,
2579 3458 2641 3506 ut
2660 3451 2836 3506 denuo
2856 3465 2957 3507 nos
2975 3450 3149 3520 ipsum
3174 3449 3566 3505 monasterium

1980 3545 2083 3601 sub
2117 3551 2307 3599 nostra
2334 3540 2646 3599 defensione
2685 3541 3048 3612 recipercmus
3073 3548 3129 3596 et
3163 3556 3264 3613 pro
3298 3539 3570 3597 mercedis

1982 3646 2183 3691 nostra:
2225 3642 2513 3706 augmento
2530 3631 2736 3688 similia
2764 3632 2816 3687 ei
2844 3632 3143 3687 concedere
3167 3638 3222 3687 et
3244 3630 3570 3687 conﬁrmare

1984 3731 2326 3786 deberemus.
2352 3725 2517 3798 Cujus
2552 3725 2800 3798 petitioni
2834 3725 3101 3793 denegare
3143 3722 3447 3791 noluimus;
3473 3725 3571 3779 sed

1984 3822 2058 3876 ita
2086 3822 2141 3876 iu
2168 3819 2419 3876 omnibus
2455 3826 2508 3874 et
2538 3824 2832 3888 praesentes
2860 3825 2916 3873 et
2952 3816 3119 3871 futuri
3152 3815 3339 3871 ﬁdeles
3368 3824 3570 3871 sancta:

1985 3909 2082 3966 Dei
2108 3908 2365 3964 Ecclesiae
2392 3915 2449 3963 et
2474 3906 2644 3963 nostri
2685 3921 3002 3962 concessum
3042 3914 3096 3961 et
3131 3914 3392 3976 perpetuo
3418 3921 3448 3960 a
3471 3921 3571 3961 ne-

1983 3999 2068 4054 bis
2090 3997 2469 4055 conﬁrmatum
2495 4011 2615 4053 esse
2640 4003 2987 4068 cognoscant.
3026 3995 3409 4066 Prmcipienles
3438 4008 3569 4066 ergo

1979 4091 2234 4172 iubemus
2281 4098 2342 4146 ut
2384 4090 2562 4146 nullus
2599 4088 2766 4159 judex
2807 4089 3073 4160 publicus,
3113 4103 3287 4161 neque
3318 4088 3581 4160 quislibet.

1983 4198 2052 4238 ex
2070 4180 2355 4251 iudiciaria
2385 4187 2674 4253 potestate,
2712 4195 2813 4236 nec
2837 4179 2978 4235 ullus
3001 4180 3067 4236 de
3097 4178 3342 4236 ﬁdelibus
3367 4179 3572 4235 nostris

1986 4275 2042 4330 in
2063 4274 2342 4340 ecclesias,
2370 4282 2464 4328 aut
2493 4274 2631 4339 loca,
2666 4272 2751 4327 vel
2789 4288 2950 4344 agros
2976 4288 3069 4328 seu
3095 4271 3331 4345 reliquas
3354 4286 3570 4341 posses-

1906 4403 1961 4463 Β
1986 4369 2167 4427 siones
2195 4368 2437 4441 praedicti
2473 4366 2811 4431 monasterii,
2859 4380 2994 4436 quas
3030 4367 3289 4420 moderno
3328 4373 3570 4435 tempore

1983 4475 2083 4530 per
2118 4458 2440 4516 donationes
2485 4465 2540 4513 et
2580 4457 2763 4512 domui
2812 4454 3153 4526 imperatoris
3187 4453 3359 4509 Caroli
3388 4462 3442 4510 et
3469 4468 3568 4508 uo-

1985 4563 2128 4607 stras
2165 4559 2221 4606 et
2260 4559 2579 4606 eaeterorum
2612 4546 2846 4601 ﬁdelium
2879 4546 3026 4617 juste
3053 4544 3331 4615 possidere
3361 4543 3573 4599 videtur

1986 4642 2039 4696 in
2078 4640 2408 4711 quibuslibet
2439 4637 2593 4701 locis,
2627 4634 2886 4705 quidquid
2931 4635 3130 4692 ibidem
3166 4644 3388 4705 propter
3429 4632 3569 4688 divi~

1986 4747 2114 4786 num
2139 4745 2380 4785 amorem
2423 4728 2676 4784 collatum
2720 4725 2843 4793 fuit,
2875 4741 3098 4796 quaeque
3125 4726 3289 4781 etiam
3315 4725 3570 4795 deinceps

1985 4828 2039 4882 in
2076 4828 2201 4898 .jure
2246 4826 2417 4898 ipsius
2440 4825 2615 4881 sancti
2648 4822 2751 4878 loci
2778 4831 2875 4877 aut
2899 4837 2996 4892 per
3025 4835 3146 4883 nos,
3175 4828 3268 4874 aut
3291 4834 3389 4889 per
3410 4816 3570 4879 alios,

1984 4917 2217 4973 voluerit
2241 4916 2419 4971 divina
2455 4914 2632 4985 pietas
2667 4912 2876 4983 augeri,
2918 4911 2987 4966 ad
3029 4925 3224 4965 causas
3253 4906 3569 4969 audiendas,

1984 5008 2069 5064 vel
2092 5007 2247 5064 freda
2278 5006 2565 5079 exigenda,
2610 5011 2702 5060 aut
2745 5003 3053 5058 mansiones
3096 5001 3177 5056 vel
3222 5006 3441 5070 paratas
3491 4995 3570 5050 fa-

1986 5100 2241 5166 ciendas,
2290 5108 2384 5153 aut
2431 5096 2777 5167 ﬁdejussores
2835 5093 3119 5159 tollendos,
3172 5107 3273 5148 nec
3322 5088 3573 5146 homines

1986 5194 2155 5264 ipsius
2182 5190 2447 5255 ecclesias,
2493 5199 2604 5245 tam
2643 5188 2905 5259 ingenuos
2932 5198 3204 5256 quamque
3239 5197 3453 5248 servos,
3477 5182 3572 5252 qui

1986 5302 2148 5357 supra
2173 5295 2374 5341 terram
2400 5293 2711 5340 memorata:
2748 5280 2990 5337 ecclesia:
3030 5278 3272 5335 residere
3297 5276 3569 5338 videntur.

1986 5378 2412 5451 distringendos,
2453 5392 2555 5432 nec
2596 5376 2734 5431 ullas
2786 5372 3176 5429 redhibitioncs
3216 5377 3311 5425 aut
3356 5368 3571 5425 illicitas

1986 5471 2298 5526 occasiones
2338 5466 2707 5539 requirendus,
2757 5464 2869 5519 ullo
2917 5477 3153 5534 unquam
3197 5470 3440 5531 tempore
3488 5462 3570 5517 in~

1987 5560 2140 5633 gredi
2178 5558 2394 5625 audeat,
2421 5557 2506 5612 vel
2547 5564 2798 5611 exactare
2848 5562 3161 5626 prmsumat.
3203 5552 3269 5607 Et
3308 5551 3570 5622 quidquid

1990 5654 2055 5708 de
2084 5650 2245 5708 rebus
2278 5647 2486 5722 prmfati
2518 5646 2830 5704 monasterii
2871 5645 3035 5701 ﬁscus
3069 5658 3287 5717 sperare
3329 5652 3571 5717 poterat,
