4014 6186
406 222 542 278 Ηῖδ
1416 226 1471 281 S.
1513 226 1944 285 BENEDICTL’S
1979 227 2200 282 ABBAS
2239 223 2667 281 ANIANENSIS.
3538 225 3683 280 {425

400 345 573 396 totum
604 353 702 394 nos
733 353 829 407 pro
868 345 1070 391 reterns
1113 340 1556 395 remuneratione
1582 342 1839 412 praedicto
1877 357 1992 397 mo-
2019 355 2065 415 Α
2096 342 2218 396 dem
2236 335 3149 405 monasteriiAnianensisusquead
3173 337 3439 392 terminos
3461 352 3691 406 eorum,

397 428 641 485 ttasterio
660 428 1020 493 concedimus,
1052 435 1109 482 ut
1138 431 1414 500 perpetuis
1442 434 1773 504 temporibus
1796 435 1849 489 in
1880 435 1979 490 ali-
2085 434 2225 488 sicut
2252 432 2482 487 domnus
2507 436 2563 483 et
2587 428 2803 499 genitor
2824 438 3009 481 noster
3027 426 3251 483 Carolus
3280 429 3439 484 bona:
3477 444 3696 487 memo-

398 522 634 577 moniam
660 536 956 590 pauperum
986 528 1039 575 et
1066 522 1331 592 stipendia
1362 526 1748 582 monachorum
1779 527 1977 583 ibidem
2084 522 2477 592 rize'piissimus
2504 521 2776 590 Augustus
2807 526 2960 573 trans
2994 519 3165 589 ripam
3194 519 3410 590 praefati
3434 519 3692 579 ﬂuminis

396 611 508 667 Deo
538 610 909 665 famulantiutn
952 611 1201 681 proﬁciat
1232 613 1286 667 in
1317 624 1683 686 augmentum.
1716 618 1781 672 Et
1809 634 1979 689 quan-
2080 629 2177 685 per
2194 628 2347 667 suum
2367 618 2695 681 pP-Bccplllm
2714 610 2778 663 ad
2796 610 3071 679 Proprium
3094 611 3426 666 ληῐθάίοιυω
3449 613 3691 669 tradidit

395 701 683 772 doquidem
725 702 906 758 divina
952 704 1236 758 vocatione
1285 707 1627 775 supradictus
1676 708 1841 763 abbas
1894 710 1977 764 vcl
2080 702 2491 767 monasterium,
2521 709 2749 770 excepto
2791 701 3070 771 proprium
3100 701 3458 773 ingenuorum
3506 704 3693 758 homi-

394 804 735 847 successores
779 792 860 845 sui
899 791 965 846 de
1013 793 1117 847 hac
1164 792 1283 847 luce
1331 794 1705 864 migraverint,
1736 800 1975 867 quandiu
2078 810 2228 859 num,
2269 794 2412 864 quod
2438 792 2579 847 infra
2608 791 2873 860 conjacet.
2910 791 3043 845 Item
3074 792 3127 845 in
3158 792 3349 847 eodem
3384 808 3529 863 pago
3552 792 3686 851 illo:

393 880 497 954 ipsi
524 882 772 937 monachi
804 882 949 936 inter
976 898 1034 937 se
1074 884 1234 938 talem
1279 885 1523 941 invenire
1558 889 1850 956 potuerint,
1883 889 1975 959 qui
2078 901 2235 957 segos
2280 900 2404 940 cum
2456 881 2752 954 piscatoria
2781 921 2796 947 ,
2845 890 3323 951 quantumcunque
3373 883 3430 936 in
3475 883 3682 942 eodem

390 974 563 1043 ipsam
607 973 1079 1043 congregationem
1125 975 1418 1028 secundum
1483 975 1745 1047 Regulam
1798 981 1974 1035 sancti
2078 976 2196 1031 loco
2225 976 2367 1029 idem
2389 976 2603 1046 genitor
2626 981 2813 1028 noster
2833 973 3107 1042 quondam
3136 973 3204 1027 ad
3238 988 3400 1028 suum
3428 975 3677 1033 habebat

391 1062 663 1118 Benedicti
692 1077 880 1133 regere
909 1062 1140 1129 valeant,
1172 1079 1272 1133 per
1293 1065 1433 1120 hanc
1461 1076 1701 1122 nostram
1739 1070 1975 1124 auctori-
2075 1082 2228 1137 opus,
2257 1068 2348 1136 qui
2378 1076 2463 1121 est
2484 1066 2632 1120 inter
2664 1078 2818 1119 mare
2855 1074 2914 1119 et
2952 1073 3227 1135 stagnum,
3276 1081 3403 1121 cum
3426 1069 3672 1125 ecclesia

393 1164 559 1208 tatem
598 1164 650 1207 et
673 1170 995 1209 consensum
1038 1154 1310 1209 licentiam
1347 1157 1581 1212 habeant
1612 1159 1845 1231 eligendi
1877 1163 1974 1217 ab-
2073 1168 2129 1213 et
2158 1157 2436 1212 villarihus
2461 1167 2516 1212 et
2553 1156 2807 1211 omnibus
2835 1156 3175 1225 aspicientiis
3216 1157 3303 1212 vel
3341 1157 3677 1226 adjacentiia

389 1246 542 1300 bates
572 1262 585 1298 τ
612 1254 878 1313 quatenus
921 1245 1052 1315 ipsis
1099 1246 1274 1301 servis
1323 1246 1440 1313 Dei,
1483 1248 1574 1319 qui
1623 1249 1821 1305 ibidem
1862 1252 1972 1307 Deo
2074 1247 2207 1302 suis.
2236 1246 2313 1301 De
2340 1246 2473 1301 silva
2501 1260 2633 1301 vero
2658 1260 2780 1314 quae
2808 1246 2984 1300 eidem
3013 1246 3147 1300 ﬁsco
3187 1245 3423 1314 adjacet,
3464 1263 3672 1304 conce-

385 1336 636 1391 l‘amulari
664 1337 934 1403 videntur,
980 1353 1079 1408 pro
1121 1341 1279 1395 nobis
1328 1349 1382 1395 et
1433 1341 1680 1413 conjuge,
1713 1344 1970 1415 proleque
2073 1338 2249 1392 (limus
2278 1338 2485 1391 eiSdcm
2522 1336 2805 1391 mODaChiS
2842 1343 2898 1390 εἰ
2922 1351 3109 1390 eorum
3140 1336 3476 1404 hominibus,
3504 1350 3567 1395 ιιι
3590 1345 3665 1396 ad

2071 1444 2202 1483 usus
2233 1436 2287 1483 et
2322 1428 2389 1482 ad
2424 1428 2747 1497 piscatorias
2776 1427 3219 1493 reemendendas,
3250 1438 3662 1497 quantumcun—

2070 1534 2175 1588 que
2213 1534 2439 1574 necesse
2488 1518 2653 1573 fuerit
2681 1519 2749 1572 ad
2798 1533 2987 1572 eorum
3031 1518 3313 1585 utilitates,
3355 1522 3658 1591 accipant.

2069 1610 2277 1663 Puscua
2309 1609 2476 1665 etiam
2522 1608 2590 1663 ad
2621 1608 2876 1663 animalia
2905 1609 3096 1664 alenda
3132 1611 3337 1679 absque
3360 1611 3531 1666 ullius
3557 1614 3659 1667 ho-

385 1436 589 1492 nostra,
643 1442 707 1483 ac
758 1428 1053 1483 stabilitate
1101 1430 1264 1484 totius
1311 1430 1522 1500 imperii
1574 1434 1743 1487 nostri
1786 1450 1816 1488 a
1858 1435 1969 1490 Deo

382 1520 538 1574 nobis
581 1520 824 1575 concessi
855 1519 935 1574 vel
976 1521 1349 1586 conservandi,
1384 1519 1587 1592 jugiter
1624 1523 1836 1579 Domini
1866 1526 1969 1581 mi-

381 1611 733 1667 sericordiam
766 1626 992 1666 exorare
1015 1610 1333 1666 delectetur.
1362 1612 1428 1666 Et
1449 1622 1507 1667 ut
1530 1615 1645 1669 hme
1671 1617 1965 1672 auctoritas

380 1702 583 1757 nostris
630 1700 933 1771 futurisque
972 1703 1323 1773 temporibus,
1358 1703 1585 1759 Domino
1626 1714 1963 1776 protegente,
1995 1715 2040 1773 Β
2071 1703 2232 1756 minis
2261 1701 2664 1772 impedimento,
2698 1701 2787 1755 ubi
2818 1700 3110 1764 voluerint.
3141 1710 3197 1756 cl
3217 1701 3292 1755 illi
3317 1710 3374 1756 ei
3398 1704 3658 1759 homines

380 1794 558 1849 valeat
588 1795 902 1849 ineonvulsa
935 1810 1176 1861 manere,
1215 1813 1377 1851 manu
1402 1798 1615 1868 propria
1642 1800 1962 1871 subscripsi-

379 1900 521 1949 mus,
556 1892 612 1939 et
637 1885 820 1940 annuli
861 1886 1033 1940 nostri
1062 1887 1417 1955 impressione
1451 1888 1649 1958 signari
1673 1888 1955 1956 jussimus.

448 1976 671 2049 Signum
708 1977 965 2032 Ludovici
994 1979 1325 2032 serenissimi
1356 1980 1718 2047 imperatoris.

447 2065 732 2119 Durandus
783 2066 1042 2120 diaconus
1090 2066 1158 2120 ad
1205 2066 1379 2120 vicem
1429 2066 1745 2123 Helisachar
1799 2086 1956 2127 reco-

374 2155 553 2225 gtiovi.

443 2245 578 2298 Data
609 2259 662 2297 tx
695 2243 811 2298 Kal.
855 2244 1001 2310 Maii,
1032 2261 1172 2300 anno
1210 2263 1248 2311 ι,
1294 2247 1513 2303 Christo
1551 2251 1804 2322 propitio,
1858 2253 1958 2307 im—

372 2335 509 2404 perii
538 2335 733 2400 nostri,
765 2336 1058 2390 indictione
1089 2352 1181 2391 vit.

443 2426 635 2480 Actum
665 2425 835 2496 Aquis
861 2426 1062 2496 palatio
1091 2435 1305 2495 nostro,
1324 2429 1375 2483 in
1407 2429 1505 2485 Dei
1546 2431 1764 2487 nomine
1786 2431 1958 2488 felici-
2004 2424 2005 2427 “

374 2525 474 2571 ter.
511 2517 682 2572 Amen

352 2610 371 2617 ”
1113 2609 1202 2664 IV.

681 2700 931 2771 Ejusdem
959 2719 1059 2775 pro
1083 2704 1263 2758 eodem
1301 2709 1638 2761 monasterio.

976 2796 1152 2869 (Anno
1191 2797 1341 2870 8M.)

793 2887 969 2961 [Apud
1000 2890 1062 2944 D.
1090 2890 1378 2960 Bouquet.,
1412 2891 1568 2965 ibid.]

437 2977 494 3032 In
535 2977 751 3033 nomine
798 2980 893 3034 Dei
938 2988 993 3035 et
1039 2979 1336 3036 Salvatoris
1376 2983 1547 3037 nostri
1589 2982 1716 3041 Jesu
1745 2984 1947 3042 Christi

2064 1808 2253 1846 eorum
2289 1792 2544 1847 habeant.
2585 1790 2795 1846 Caetera
2833 1806 2966 1847 vero
2992 1807 3113 1861 qua:
3147 1802 3379 1859 restant,
3407 1803 3466 1849 et
3486 1795 3654 1861 silva,

2062 1892 2116 1937 et
2155 1897 2373 1952 pascua,
2405 1889 2632 1936 utantur
2658 1892 2714 1937 et
2742 1897 2929 1937 comes
2957 1891 3012 1937 et
3043 1884 3378 1939 habitatores
3404 1886 3657 1941 civitatis

2060 1975 2409 2044 Agathensis,
2441 1975 2583 2029 sicut
2605 1973 2907 2044 antiquitus
2940 1989 3069 2029 usus
3092 1973 3212 2028 fuit.
3237 1974 3295 2028 In
3322 1991 3463 2047 pago
3490 1992 3652 2031 nam-

2060 2080 2165 2134 que
2193 2064 2490 2134 Agatbensi
2523 2063 2714 2118 iiscum
2737 2072 2981 2119 nostrum
3013 2065 3105 2133 qui
3133 2076 3477 2135 nuncupatur
3503 2066 3645 2132 Sita,

2059 2165 2113 2209 et
2140 2156 2191 2210 in
2214 2171 2352 2227 pago
2366 2154 2707 2211 Narbonensi
2730 2156 2936 2211 salinas
2963 2171 3083 2226 quas
3111 2166 3238 2211 sunt
3272 2157 3327 2210 in
3358 2158 3480 2213 loco
3501 2176 3643 2213 nun-

2058 2257 2289 2320 cupante
2321 2249 2620 2321 Ad-Signa,
2661 2259 3136 2321 quantumcunque
3170 2253 3252 2307 eis
3297 2264 3486 2308 noster
3512 2256 3647 2310 mis-

2058 2358 2150 2397 sus
2176 2340 2456 2397 Leibull'us
2489 2357 2672 2397 comes
2699 2340 3021 2414 designavit,
3048 2359 3172 2398 cum
3201 2345 3447 2400 terminis
3479 2354 3541 2401 et
3561 2346 3649 2402 la—

2058 2435 2417 2491 tcrationibus
2441 2438 2575 2490 suis.
2606 2435 2732 2491 Haec
2768 2437 2949 2492 omnia
2976 2441 3297 2510 praescripta
3320 2456 3442 2495 cum
3467 2441 3649 2500 eccle-

2056 2528 2174 2591 siis,
2214 2526 2518 2593 villaribus,
2560 2527 2831 2592 domibus,
2873 2529 3174 2599 mancipiis,
3228 2530 3412 2600 virgis,
3461 2530 3644 2597 silvis.

2057 2618 2238 2683 terris,
2268 2618 2459 2688 pratis,
2516 2617 2754 2687 pascuis,
2786 2620 3034 2687 garricis,
3076 2620 3420 2686 molendinis,
3475 2623 3643 2692 aquis

2054 2726 2387 2782 aquarumve
2438 2711 2771 2773 decursibus,
2822 2711 3025 2767 cultum
3075 2721 3131 2767 et
3177 2713 3460 2777 incultum,
3513 2729 3645 2769 cum

2053 2803 2308 2858 omnibus
2334 2801 2653 2871 adjacentiis
2679 2802 2761 2856 vel
2789 2804 3142 2873 appendiciis,
3174 2813 3343 2859 totum
3375 2815 3428 2861 et
3457 2806 3527 2861 ad
3553 2806 3645 2860 in-

2054 2903 2266 2965 tegrum
2295 2903 2596 2950 memorato
2620 2895 2989 2949 concessimus
3013 2897 3363 2950 monasterio.
3406 2897 3472 2951 Et
3494 2897 3646 2953 hanc

2052 2987 2473 3058 praeceptionem
2502 2997 2704 3043 nostra:
2727 2990 3067 3045 auctoritatis
3094 3006 3193 3060 pro
3219 2990 3494 3047 ﬁrmitatis
3523 3001 3647 3047 stu—

365 3068 672 3124 Ludovicus
718 3070 901 3125 divina
935 3072 1222 3128 ordinante
1269 3075 1609 3141 providentia
1654 3077 1951 3147 imperator
1978 3062 2021 3123 C
2055 3078 2145 3131 dio
2170 3075 2285 3131 fieri
2301 3077 2584 3146 jussimus,
2623 3094 2722 3149 per
2740 3093 2904 3149 quam
2932 3081 3155 3136 omnino
3178 3083 3529 3151 praecipimus
3553 3092 3644 3137 at-

366 3165 664 3235 Augustus.

436 3254 493 3312 Si
532 3268 659 3328 erga
709 3256 827 3313 loca
866 3257 1063 3313 divinis
1102 3258 1337 3314 cultibus
1381 3261 1689 3331 mancipata
1728 3274 1952 3334 propter

363 3362 605 3404 amorem
632 3348 729 3404 Dei
754 3350 980 3420 ejusque
1009 3349 1062 3404 in
1091 3350 1297 3406 eisdem
1325 3350 1461 3406 locis
1492 3352 1597 3407 sibi
1625 3351 1952 3410 famulantes

367 3440 635 3497 beneficia
661 3448 966 3512 opportuna
991 3440 1271 3513 largimur,
1307 3443 1592 3513 praemium
1630 3444 1787 3500 nobis
1809 3446 1950 3515 apud

366 3531 657 3587 Dominum
685 3539 906 3587 aeternas
942 3532 1399 3588 remunerationis
1420 3533 1646 3603 rependi
1676 3549 1784 3589 non
1812 3535 1951 3591 dim-

361 3623 560 3678 dimus.
588 3621 799 3679 Idcirco
826 3632 1015 3678 notum
1042 3623 1115 3677 sit
1140 3624 1394 3679 omnibus
1438 3624 1686 3680 fidelibus
1721 3626 1945 3692 nostris,

364 3710 721 3784 praesentibus
748 3723 805 3770 et
832 3714 1053 3781 futuris,
1081 3717 1209 3786 quia
1238 3717 1443 3786 placuit
1483 3717 1639 3772 nobis
1669 3732 1769 3788 pro
1806 3732 1949 3772 mer-

362 3803 511 3860 cedis
529 3813 733 3860 nostraa
750 3811 1039 3875 augmento
1061 3805 1126 3859 ad
1148 3804 1564 3871 monasterium,
1581 3805 1725 3875 quod
1747 3804 1950 3861 dicitur

359 3896 594 3962 Aniana,
636 3896 800 3951 situm
838 3895 895 3949 in
941 3910 1081 3966 pago
1108 3894 1546 3965 Magdalonense,
1575 3902 1947 3951 constructum

362 3990 417 4045 in
449 3989 655 4044 honore
684 3986 902 4044 Domini
937 3998 993 4045 et
1034 3989 1337 4045 Salvatoris
1375 3990 1549 4046 nostri
1590 3988 1718 4045 Jesu
1746 3988 1945 4044 Christi

360 4092 417 4139 et
448 4091 652 4139 sanctae
691 4083 874 4139 Mariae
900 4100 1115 4153 semper
1149 4085 1396 4156 virginis,
1429 4102 1524 4141 seu
1564 4086 1795 4141 aliorum
1823 4100 1949 4138 san-

361 4183 596 4239 ctorum,
620 4172 712 4227 ubi
758 4172 1080 4230 Benedictus
1108 4176 1277 4231 abbas
1311 4193 1544 4246 praeesse
1572 4179 1810 4243 videtur,
1849 4177 1946 4231 ali-

361 4265 492 4333 quid
515 4278 580 4319 ex
610 4263 773 4319 rebus
799 4265 1015 4319 tradere
1036 4266 1259 4331 nostris,
1288 4266 1342 4321 id
1381 4275 1485 4331 est,
1512 4269 1800 4337 quamdam
1831 4267 1942 4322 cel-

361 4354 526 4410 lulam
553 4365 899 4430 nuncupante
935 4354 1174 4412 Gellonis
1202 4357 1258 4411 in
1295 4372 1434 4429 pago
1464 4358 1788 4423 Lutevense,
1822 4375 1942 4414 cum

362 4446 615 4502 omnibus
643 4446 976 4518 appzndiciis
1024 4448 1161 4514 suis,
1198 4448 1282 4505 vel
1313 4449 1573 4519 quidquid
1615 4450 1688 4504 ibi
1730 4449 1943 4505 Willel—

364 4551 489 4592 mus
516 4537 788 4606 quondam
829 4551 1030 4601 comes,
1079 4539 1171 4609 qui
1203 4541 1374 4610 ipsam
1404 4538 1654 4594 cellulam
1684 4539 1740 4593 in
1781 4554 1945 4595 causa

362 4626 567 4683 domini
604 4635 659 4682 et
708 4627 968 4697 genitoris
1009 4629 1180 4683 nostri
1225 4630 1553 4695 construxit,
1605 4644 1700 4684 seu
1748 4639 1805 4685 et
1854 4628 1945 4684 alii

360 4717 490 4774 boni
511 4717 758 4773 homines
780 4731 880 4787 per
904 4726 1207 4773 stramenta
1234 4720 1544 4774 chartarum
1571 4721 1941 4775 tradiderunt:

366 4822 469 4863 nec
496 4822 605 4862 non
628 4817 685 4862 et
714 4808 768 4862 iu
790 4807 1047 4877 praedicto
1073 4822 1211 4879 pago
1241 4808 1422 4864 villam
1455 4825 1577 4879 quae
1605 4810 1810 4865 dicitur
1833 4810 1947 4865 Ma-

362 4898 699 4970 garantiate;
732 4900 781 4954 ei
806 4898 860 4952 in
883 4900 1070 4953 eodem
1099 4914 1238 4971 pago
1263 4900 1316 4954 in
1343 4901 1464 4956 loco
1492 4900 1582 4971 qui
1610 4900 1809 4955 dicitur
1836 4900 1941 4955 Ca-

364 4996 495 5051 stra,
522 4996 744 5058 pastura
766 4988 834 5043 ad
864 5001 1059 5058 pecora
1088 5003 1275 5045 eorum
1299 4990 1511 5055 alenda,
1540 5005 1664 5045 cum
1694 4991 1944 5045 terminis

364 5087 421 5133 et
447 5077 764 5145 adjacentiis
797 5079 954 5144 suis;
992 5080 1049 5134 in
1095 5095 1238 5152 pago
1272 5081 1581 5137 Bederense
1623 5081 1813 5137 ﬁscum
1849 5097 1946 5137 no-

366 5175 539 5223 strum
584 5166 851 5234 Miliaeus,
889 5183 1013 5224 cum
1058 5169 1286 5225 ecclesia
1331 5172 1502 5225 sancti
1547 5171 1850 5241 Paragorii,
1890 5178 1945 5225 et

371 5255 627 5313 Militiane
655 5256 866 5324 villam;
919 5266 974 5313 et
1002 5259 1057 5313 in
1085 5273 1224 5331 pago
1254 5259 1673 5330 Magdalenense
1705 5268 1944 5315 castrum

366 5350 509 5418 quod
554 5350 756 5409 dicitur
794 5350 1268 5417 Montecalmense,
1314 5353 1479 5407 situm
1515 5351 1672 5422 juxta
1723 5351 1945 5409 ﬂuvium

365 5442 563 5506 Araur,
590 5455 713 5497 eum
747 5442 978 5499 ecclesia
1006 5444 1178 5499 sancti
1221 5442 1435 5508 Hilarii,
1467 5458 1499 5497 a
1530 5443 1778 5501 terminis
1795 5441 1942 5513 ejus-

2054 3181 2160 3238 que
2185 3167 2442 3238 jubemus
2468 3176 2526 3221 ut
2568 3168 2746 3224 nullus
2789 3186 2857 3225 ex
2888 3168 3133 3225 ﬁdelibus
3159 3180 3362 3226 sanctae
3392 3171 3493 3227 Dei
3533 3173 3646 3229 Ec-

2028 3256 2235 3311 -clcsi'.e
2269 3271 2334 3311 ac
2362 3257 2567 3311 nostris
2593 3256 2660 3312 de
2694 3260 3043 3329 praescriptis
3061 3261 3217 3315 rebus
3244 3275 3273 3313 a
3306 3261 3470 3316 nobis
3498 3278 3644 3332 prm-

2051 3346 2164 3402 l'ato
2211 3346 2545 3401 monasterio
2591 3347 2675 3401 vel
2717 3350 3123 3420 congregationi
3170 3350 3369 3405 ibidem
3419 3354 3641 3425 degenti

2050 3435 2323 3490 concessis
2346 3434 2551 3506 aliquid
2581 3436 2903 3493 abstrahere
2928 3447 3020 3494 aut
3041 3440 3286 3495 minuere
3313 3449 3502 3507 tentet,
3534 3458 3640 3498 nec

2050 3527 2302 3583 homines
2329 3526 2530 3583 ibidem
2561 3540 2968 3586 commanentes
2992 3533 3336 3605 distringere,
3369 3550 3470 3590 nec
3509 3536 3640 3590 [ide

2041 3616 2288 3686 jussores
2331 3616 2543 3682 tollere,
2596 3633 2697 3673 nec
2736 3628 2956 3689 paratas
2998 3623 3298 3690 requirere,
3348 3638 3447 3677 nec
3494 3624 3634 3678 ullas

2050 3707 2443 3765 redhibitiones
2476 3710 2695 3779 exigere
2718 3720 3030 3781 prmsumat.
3057 3711 3187 3779 Sed,
3218 3715 3361 3769 sicut
3384 3716 3539 3770 nobis
3562 3717 3636 3771 ob

2048 3814 2292 3853 amorem
2323 3798 2420 3855 Dei
2465 3800 2783 3869 praescripta
2831 3802 2949 3857 loca
2991 3819 3117 3858 cum
3146 3804 3403 3859 omnibus
3444 3821 3632 3861 eorum

2047 3889 2379 3959 appendiciis
2436 3890 2612 3945 eidem
2672 3894 3078 3962 congregationi
3125 3894 3413 3964 delegare,
3462 3905 3631 3965 atque

2045 3979 2437 4049 perpetualiter
2475 3981 2544 4035 ad
2588 3981 2892 4036 habendum
2925 3984 3142 4038 tradere
3183 3984 3364 4049 libuit,
3410 3986 3489 4039 ita
3534 3986 3640 4041 Do-

2045 4072 2194 4124 mino
2221 4078 2561 4139 protegente,
2598 4072 2803 4141 absque
2848 4073 3077 4143 alicujus
3123 4077 3514 4132 contrarietate
3548 4077 3637 4132 vel

2045 4161 2474 4218 deminoratione
2545 4171 2639 4217 aut
2694 4166 3067 4232 resultatione,
3131 4167 3256 4237 jure
3317 4167 3638 4224 ﬁrmissimo

2046 4253 2190 4322 ipsas
2222 4269 2312 4309 res
2340 4254 2543 4309 habere
2567 4263 2623 4309 et
2647 4256 2927 4324 possidere
2954 4258 3190 4312 valeant.
3224 4257 3438 4313 Placuit
3464 4261 3637 4315 etiam

2050 4344 2209 4400 nobis
2251 4343 2412 4411 hujus
2449 4346 2857 4415 congregationi
2901 4348 3241 4413 monasterii,
3272 4350 3497 4417 quando
3530 4350 3639 4404 Do—

1972 4415 2022 4474 D
2050 4435 2229 4490 minus
2287 4435 2625 4490 abundanter
2672 4435 2853 4506 largiri
2902 4438 3155 4509 dignatus
3205 4415 3395 4506 fuerit,
3446 4441 3634 4495 decem

2048 4525 2228 4580 modia
2256 4526 2323 4580 de
2355 4525 2477 4580 oleo
2503 4526 2654 4591 dare,
2697 4526 2751 4581 id
2778 4535 2864 4583 est
2902 4528 2969 4583 de
3003 4529 3270 4585 telomena
3299 4538 3358 4583 et
3395 4530 3631 4593 solaris;

2047 4615 2265 4683 quando
2292 4630 2422 4671 vero
2443 4617 2643 4682 minus,
2682 4632 2778 4672 sex
2803 4618 3001 4673 modia.
3032 4619 3100 4672 Et
3116 4619 3374 4688 jubemus
3399 4634 3505 4688 per
3530 4620 3635 4674 hoc

2045 4716 2377 4777 praeceptum
2405 4709 2849 4777 procuratoribus
2874 4711 3185 4765 earumdem
3219 4710 3474 4764 villarum
3494 4725 3639 4780 pra:-

2047 4803 2292 4857 sentibus
2326 4809 2381 4857 et
2419 4802 2637 4866 futuris,
2665 4813 2725 4858 ut
2769 4821 3077 4860 mensuram
3121 4805 3223 4860 olei
3253 4808 3634 4875 praescriptam

2047 4894 2227 4948 missis
2276 4893 2519 4961 ejusdem
2584 4897 3019 4966 congregationis
3075 4896 3159 4951 vel
3219 4898 3636 4951 successoribus

2046 4983 2164 5053 cjus
2189 4982 2355 5051 tljure
2391 4999 2499 5039 uno
2529 4987 2686 5041 annis
2730 4986 2957 5057 singulis
2992 4988 3125 5042 dare
3178 4988 3458 5041 studeant.
3506 4987 3637 5042 Hac

2046 5074 2245 5144 quippe
2276 5076 2573 5130 auctoritas
2616 5085 2677 5131 ut
2720 5079 2923 5132 nostris
2963 5086 3019 5133 et
3057 5076 3256 5132 futuris
3288 5077 3636 5147 temporibus

2047 5164 2225 5219 valeat
2252 5165 2568 5221 inconvulsa
2601 5164 2840 5232 manere,
2865 5184 3027 5223 manu
3050 5169 3268 5238 propria
3302 5167 3636 5238 subscripsi-

2052 5273 2192 5323 mus,
2222 5265 2280 5313 et
2307 5256 2494 5313 annuli
2521 5260 2693 5313 nostri
2730 5260 3085 5331 impressione
3121 5259 3332 5331 signari
3344 5260 3631 5329 jussimus.

2121 5348 2347 5419 Signum
2388 5350 2577 5407 domni
2602 5351 2861 5407 Ludovici
2881 5352 3215 5408 serenissimi
3256 5351 3629 5423 imperatoris.

2120 5441 2406 5497 Durandus
2434 5442 2695 5499 diaconus
2716 5441 2785 5499 ad
2807 5443 2982 5500 vicem
3006 5443 3285 5499 Belisacar
3311 5442 3629 5514 recognovi.

438 5548 546 5631 "in
589 5552 695 5609 alio
739 5553 1029 5626 diplomate
1081 5554 1322 5625 ejusdem
1377 5556 1739 5627 imperatoris,
1783 5556 1926 5626 quod
1964 5553 2223 5610 emissum
2274 5562 2356 5609 est
2397 5532 2710 5631 anno.822,
2752 5574 2851 5628 pro
2889 5557 3016 5628 jure
3061 5574 3165 5611 uno
3192 5597 3207 5623 ,
3264 5558 3507 5612 habetur
3576 5554 3632 5608 in

367 5621 599 5677 Arelate.
