4014 6186
278 352 285 361 ~
335 325 481 383 ηεξ

1582 328 1885 385 ΟΗΑΒΤΛΕ
1925 330 2381 393 ANIANENSES.

3459 339 3597 397 ωε

408 439 543 494 Data
571 453 689 493 vnn
721 437 839 493 Kal.
873 438 1018 505 Maii,
1055 455 1199 497 anno
1228 455 1268 507 ι,
1300 442 1516 498 Christo
1536 445 1791 515 propitio,
1820 445 1921 499 im-
1946 464 1996 525 Α
2016 445 2375 516 perfruantur
2402 449 2630 506 arbitrio
2669 450 2920 508 faciendi.
2944 451 3014 508 Et
3042 459 3103 509 ut
3138 453 3242 509 hoc
3269 464 3596 527 praeeptum

343 530 474 602 purii
502 530 693 593 nostri,
723 529 1018 584 indictione
1041 546 1138 585 vn.

406 618 603 674 Actum
639 617 811 689 Aquis
843 620 1047 690 palatio
1074 629 1268 677 nostro
1290 623 1345 678 in
1379 623 1475 680 Dei
1500 625 1720 681 nomine
1749 625 1918 681 felici-

342 719 443 765 ter.
473 711 668 765 Amen.
1091 779 1137 834 γ

644 866 902 938 Ejusdem
927 868 1028 940 'pro
1063 856 1242 924 eodem
1269 873 1603 926 monasterio.

946 957 1125 1030 (Anno
1163 958 1312 1030 815.)

746 1046 923 1120 [Apud
950 1047 1013 1101 D.
1044 1048 1333 1118 Bouquet.,
1361 1048 1517 1121 ibid.]

407 1137 469 1191 1n
502 1134 720 1193 nomine
763 1136 976 1191 Domini
1017 1136 1113 1191 Dei
1140 1146 1196 1192 et
1246 1135 1545 1192 Salvatoris
1574 1144 1746 1192 nostri
1788 1135 1917 1194 Jcsu

339 1228 562 1291 Christi,
592 1227 899 1283 Ludovicus
940 1227 1123 1283 divina
1148 1229 1433 1285 ordinante
1456 1230 1791 1300 providentia
1817 1231 1919 1286 im-

339 1326 559 1388 perator
578 1316 873 1386 Augustus.

406 1406 468 1461 Si
498 1406 641 1460 enim
664 1420 750 1471 ea,
780 1421 900 1476 qua:
929 1404 1115 1462 ﬁdeles
1145 1406 1361 1477 imperii
1396 1409 1569 1464 nostri
1595 1424 1695 1478 pro
1722 1424 1918 1479 appor-

338 1496 659 1552 tunitatibus
681 1496 961 1565 utriusque
981 1497 1154 1567 partis
1174 1498 1317 1553 inter
1341 1515 1401 1555 se
1422 1507 1917 1566 commutaverunt,

339 1595 527 1642 nostra
548 1585 933 1641 confirmamus
955 1588 1298 1653 auctoritate,
1332 1604 1537 1644 morem
1565 1590 1619 1643 in
1642 1590 1747 1645 hoc
1774 1588 1918 1645 facto

337 1692 659 1733 exercemus
682 1677 1037 1747 imperialem,
1062 1688 1116 1734 et
1138 1679 1191 1733 in
1215 1682 1557 1750 postmodum
1577 1680 1707 1750 jure
1725 1681 1916 1737 firmis-

335 1769 478 1825 simo
497 1783 814 1822 mansurum
836 1784 1153 1838 permanere
1175 1771 1441 1826 volumus.
1470 1771 1809 1843 Quapropter
1826 1789 1916 1826 no-
1946 1810 1990 1868 Β

336 1861 479 1915 verit
505 1859 718 1913 utilitas
751 1874 844 1913 seu
890 1860 1159 1915 industria
1181 1862 1421 1916 omnium
1441 1861 1678 1916 fidelium
1702 1872 1918 1919 nostro—

336 1965 477 2016 rum,
502 1958 611 2003 tam
626 1950 974 2020 praesentium
996 1966 1159 2020 quam
1174 1952 1565 2017 etfuturorum,
1582 1953 1707 2022 quia
1727 1953 1917 2009 adiens

334 2042 686 2097 serenitatem
727 2041 979 2097 culminis
1008 2044 1178 2097 nostri
1207 2044 1290 2098 vir
1322 2045 1646 2101 venerabilis
1688 2045 1916 2100 Benedi-

331 2139 455 2187 ctus
497 2132 671 2186 abbas
697 2147 763 2186 ex
803 2134 1135 2188 monasterio
1156 2135 1298 2204 quod
1329 2143 1555 2190 vocatur
1578 2135 1910 2199 Anianense,

331 2223 500 2277 situm
522 2222 576 2275 in
600 2236 739 2291 pago
771 2221 1200 2292 Magdalenense,
1225 2232 1592 2279 constructum
1624 2224 1679 2279 in
1710 2225 1914 2278 honore

329 2312 550 2366 Domini
581 2312 753 2366 nostri
784 2310 909 2367 Jesu
940 2311 1143 2368 Christi
1180 2322 1235 2368 et
1264 2323 1464 2369 sancta:
1497 2314 1679 2369 Maria:
1703 2330 1915 2385 semper

327 2402 589 2473 virginis,
618 2399 761 2470 quod
789 2401 902 2470 ipse
929 2416 960 2454 a
991 2402 1357 2458 fundamentis
1384 2406 1438 2458 in
1468 2419 1566 2459 suo
1596 2412 1916 2459 construxe-

327 2497 416 2545 rat
439 2489 691 2561 proprio,
723 2496 778 2543 et
804 2489 1000 2544 domno
1031 2498 1088 2544 et
1111 2492 1341 2560 genitori
1389 2501 1582 2546 nostro
1602 2490 1795 2546 Carolo
1824 2491 1917 2546 bo-

326 2598 415 2639 na:
427 2582 710 2637 memoriae
735 2582 978 2653 piissimo
999 2585 1263 2658 Augusto,
1292 2602 1415 2642 cum
1439 2587 1691 2645 omnibus
1714 2587 1912 2641 ibidem

326 2675 767 2745 aspicientibus,
815 2688 913 2744 per
963 2678 1207 2733 chartam
1264 2679 1535 2748 delegavit
1577 2678 1911 2743 donationis;
1946 2752 1949 2753 ν

328 2767 573 2824 innotuit
599 2783 664 2822 co
691 2770 833 2838 quod
859 2784 981 2824 cum
1005 2768 1253 2840 pluribus
1280 2770 1593 2824 hominibus
1613 2784 1711 2839 per
1736 2769 1915 2824 diver-

327 2874 422 2915 sos
453 2874 626 2929 pagos
672 2858 779 2933 [ΑΙ.
814 2859 967 2926 add.,
1006 2858 1491 2934 commanentibus]
1533 2861 1914 2916 commutatio—

330 2963 461 3002 nem
500 2947 735 3014 fecisset,
766 2949 908 3004 datis
935 2950 1140 3006 scilicet
1169 2951 1236 3006 de
1273 2953 1433 3007 rebus
1454 2951 1695 3020 praedicti
1723 2968 1913 3008 mona-

329 3038 492 3093 sterii
525 3055 624 3110 per
652 3040 926 3097 chartulas
967 3044 1405 3098 commutationis
1430 3041 1558 3109 illis,
1596 3051 1652 3097 et
1677 3044 1914 3113 acceptis

2020 539 2367 596 auctoritatis
2409 550 2613 599 nostras
2646 543 2949 614 pleniOrem
2975 546 3217 601 obtineat
3235 546 3497 617 vigorem,
3539 560 3597 605 et

2016 641 2116 697 per
2136 627 2320 684 futura
2344 631 2995 700 tempora'inviolabiliter
3020 644 3394 699 conservetur,
3419 636 3485 691 de
3504 652 3597 692 an-

2017 718 2148 772 nulo
2169 728 2355 775 nostro
2382 722 2578 776 subtus
2596 722 2859 791 iussimus
2889 722 3135 794 sigillari.

2087 806 2376 862 Duraudus
2399 807 2660 864 diaconus
2690 810 2757 865 ad
2780 811 2952 864 vicem
2985 811 3261 866 Helisacar
3282 814 3586 882 recognovi.

2088 895 2223 950 Data
2243 913 2338 951 vui
2362 896 2547 952 Kalen.
2579 893 2829 963 Martias,
2847 914 3011 963 anno,
3036 898 3252 954 Christo
3273 900 3524 969 propitio,
3551 918 3588 954 ιι

2017 984 2229 1055 imperii
2284 986 2464 1041 domui
2522 986 2781 1042 Ludovici
2838 987 3068 1056 piissimi
3132 985 3360 1057 Augusti
3385 1027 3401 1053 ,
3453 987 3590 1042 indi-

2017 1076 2196 1130 ctione
2230 1091 2351 1132 vru.

2090 1166 2284 1222 Actum
2311 1165 2643 1238 Aquisgrani
2660 1166 2860 1238 palatio
2888 1166 3036 1238 regio
3065 1166 3120 1221 in
3148 1164 3248 1222 Dei
3271 1166 3489 1222 nomine
3513 1165 3592 1222 fe-

2017 1254 2211 1310 liciter.
2239 1246 2431 1311 Amen.

2757 1345 2846 1401 Vl.

2333 1432 2588 1504 Ejusdem
2620 1451 2715 1507 pro
2741 1435 2922 1490 eodem
2940 1439 3276 1492 monasterio.

2623 1527 2802 1597 (Anno
2840 1524 2990 1598 815.)

2019 1610 2189 1685 [inter
2241 1613 2375 1667 Acta
2432 1612 2541 1671 SS.
2601 1614 2802 1668 ordinis
2851 1613 2910 1670 8.
2955 1614 3271 1684 Benedicti,

2513 1700 2638 1739 saec.
2682 1700 2754 1749 tv,
2788 1699 2911 1756 pag.
2950 1685 3101 1758 221.]

2090 1771 2147 1827 ln
2187 1772 2404 1828 nomine
2447 1773 2660 1830 Domini
2702 1774 2799 1829 Dei
2835 1783 2892 1830 et
2933 1773 3230 1832 Salvatoris
3267 1778 3437 1832 nostri
3466 1776 3590 1832 Jesu

2020 1861 2244 1927 Christi,
2274 1862 2580 1918 Ludovicus
2610 1863 2790 1919 divina
2821 1864 3106 1921 ordinante
3132 1866 3468 1937 providentia
3499 1848 3613 1922 im!

2016 1961 2237 2023 perator
2273 1952 2566 2024 Augustus.

2089 2041 2147 2096 Si
2179 2042 2522 2098 liberalitatis
2545 2052 2746 2100 nostrte
2777 2060 3000 2101 munere
3028 2046 3094 2101 de
3118 2046 3396 2104 beneflciis
3424 2063 3453 2101 a
3481 2048 3593 2103 Deo

2018 2132 2174 2186 nobis
2204 2132 2416 2188 collatis
2444 2133 2577 2189 locis
2616 2134 2726 2190 Deo
2768 2136 2966 2191 dicatis
3001 2136 3202 2206 aliquid
3242 2137 3588 2202 conferimus.

2017 2222 2071 2276 id
2107 2222 2262 2278 nobis
2299 2232 2356 2277 et
2391 2223 2456 2277 ad
2490 2225 2776 2279 mortalem
2809 2227 2978 2282 vitam
3023 2227 3251 2283 feliciter
3289 2230 3592 2301 transigen—

2018 2314 2163 2378 dam,
2195 2321 2250 2367 et
2287 2314 2359 2367 ad
2382 2322 2641 2369 mternam
2682 2316 3072 2385 perpetualiter
3094 2318 3440 2373 obtinendam
3467 2335 3592 2388 pro-

3335 1628 3493 1689 parte
3541 1635 3587 1685 ι,

2018 2402 2260 2457 futurum
2287 2403 2492 2473 liquido
2522 2403 2815 2458 credimus.
2846 2404 3001 2460 Unde
3026 2406 3239 2461 noverit
3261 2409 3589 2477 experientia

2017 2501 2182 2561 atque
2204 2491 2413 2547 utilitas
2432 2493 2672 2547 omnium
2698 2491 2936 2547 fidelium
2962 2502 3293 2561 nostrorum,
3321 2503 3430 2550 tam
3454 2512 3591 2567 prte-

2017 2581 2249 2636 sentium
2281 2596 2442 2651 quam
2472 2590 2528 2637 et
2557 2580 2882 2648 futurorum,
2919 2583 3043 2654 quia
3074 2583 3278 2655 placuit
3310 2586 3467 2642 nobis
3491 2603 3592 2658 pro

2016 2675 2284 2731 mercedis
2321 2683 2520 2732 nostra:
2562 2686 2853 2749 augmento
2894 2685 2949 2733 et
2994 2679 3188 2735 animae
3229 2680 3592 2737 emolumento

2016 2765 2304 2836 quamdam
2334 2766 2584 2824 cellulam
2632 2783 2698 2823 ex
2741 2783 2801 2825 re
2846 2769 3193 2839 proprietatis
3223 2777 3441 2837 nostrae,
3473 2786 3591 2841 qua:

2015 2865 2356 2926 nuncupatur
2384 2857 2718 2925 Casa-Nova,
2752 2873 2871 2927 qure
2900 2859 3003 2913 sita
3032 2850 3117 2914 est
3142 2859 3297 2930 juxta
3326 2868 3588 2928 castrum,

2016 2945 2158 3016 quod
2184 2954 2526 3017 nuncupatur
2549 2945 2869 3014 Planitium,
2908 2948 2963 3002 in
3014 2962 3152 3018 pago
3181 2948 3404 3005 Ucetieo
3430 2964 3592 3022 super

2016 3035 2236 3091 ﬂuvium
2291 3036 2469 3104 Cicer,
2517 3054 2678 3108 quam
2719 3040 2919 3095 dudum
2964 3039 3265 3097 Willelmus
3318 3042 3588 3112 quondam

329 3127 405 3183 ab
434 3130 519 3184 eis
548 3130 613 3184 de
647 3131 807 3187 rebus
834 3146 1022 3186 eorum
1054 3133 1288 3203 propriis
1316 3133 1381 3188 ad
1408 3140 1618 3203 partem
1645 3141 1916 3188 monaste—
1943 3146 1988 3209 ς
2019 3143 2201 3184 comes
2229 3144 2261 3183 a
2302 3128 2653 3185 fundamento
2685 3131 2741 3185 in
2771 3130 2976 3188 honore
3012 3140 3214 3190 sancta:
3244 3132 3425 3189 Mariae
3452 3148 3591 3190 sem-

326 3221 398 3274 rii
424 3222 514 3276 sui
538 3222 789 3278 similiter
820 3238 918 3293 per
944 3224 1216 3280 chartulas
1242 3226 1703 3292 commutationis,
1731 3233 1785 3281 et
1806 3242 1917 3279 ma-

324 3313 502 3367 nibus
538 3313 800 3368 bonorum
828 3315 1105 3369 hominum
1133 3315 1400 3371 roboratis
1426 3333 1440 3370 :
1469 3330 1532 3370 ea
1558 3315 1802 3370 videlicet
1833 3331 1913 3368 ra-

323 3402 485 3455 tione
518 3411 575 3456 ut
605 3403 862 3473 quidquid
901 3419 1027 3475 pars
1061 3405 1217 3460 alteri
1260 3406 1489 3461 contulit
1524 3405 1688 3478 parti,
1714 3404 1915 3474 absque

319 3492 501 3547 ullius
540 3493 909 3564 inquietudine
946 3503 1039 3548 aut
1074 3493 1272 3561 injusta
1310 3493 1765 3562 interpellatione,
1793 3493 1915 3563 jure

320 3583 653 3637 ﬁrmissimo
704 3584 1021 3637 retinerent.
1064 3582 1131 3636 Et
1184 3582 1388 3636 idcirco
1434 3583 1728 3652 postulavit
1770 3583 1913 3636 idem

313 3672 662 3727 Benedictus
698 3681 757 3725 ut
786 3688 948 3743 super
981 3672 1197 3727 easdem
1228 3673 1679 3727 commutationes
1712 3681 1913 3728 nostrae

314 3761 679 3816 auctoritatis
722 3770 1049 3831 prtcceptum
1092 3760 1207 3816 fieri
1247 3777 1612 3828 censeremus,
1644 3779 1742 3833 per
1770 3763 1913 3832 quod

302 3852 453 3927 jure
486 3853 803 3909 ﬁrmissimo
830 3864 885 3911 et
914 3857 1029 3926 ipse
1066 3868 1120 3911 et
1160 3864 1400 3912 rectores
1435 3856 1751 3912 monasterii
1785 3856 1909 3923 hoc,

308 3946 471 4020 quod
512 3946 854 4015 acceperant,
882 3956 937 4002 et
962 3949 1104 4018 quod
1144 3948 1252 4003 illis
1296 3948 1388 4003 alii
1419 3947 1775 4012 tradiderant,
1820 3963 1911 4018 pe-

310 4038 582 4096 renniter
604 4037 867 4092 haberent
897 4046 949 4093 et
979 4037 1341 4108 possiderent.
1372 4037 1535 4108 Cujus
1571 4036 1820 4107 precibus
1842 4037 1910 4092 ob

311 4125 697 4186 reverentiam
730 4126 896 4195 ipsius
921 4127 1094 4182 sancti
1117 4125 1221 4181 loci
1245 4134 1299 4181 et
1322 4125 1611 4181 utilitatem
1636 4132 1909 4179 utrarum-

310 4233 430 4289 que
477 4216 745 4286 partium,
803 4217 941 4272 hanc
977 4226 1176 4273 nostrae
1216 4218 1558 4273 auctoritatis
1594 4217 1911 4288 prreceptio-

309 4324 445 4364 nem
477 4323 647 4377 super
675 4308 891 4362 easdem
912 4310 1368 4364 commutationes
1399 4310 1515 4364 fieri
1544 4310 1901 4375 decrevimus,

305 4396 608 4469 perquam
651 4397 992 4453 decernimus
1026 4406 1187 4469 atque
1210 4398 1465 4468 jubemus
1498 4409 1558 4453 ut
1596 4416 1701 4455 non
1732 4401 1902 4455 solum

2018 3233 2117 3287 per
2154 3219 2382 3290 virginis
2424 3229 2818 3285 construxerat,
2865 3229 2920 3276 et
2970 3223 3134 3277 rebus
3173 3223 3586 3294 quamplurimis

2018 3309 2309 3374 ditaverat,
2339 3319 2394 3363 et
2422 3310 2619 3364 domno
2644 3318 2699 3364 et
2732 3311 2961 3381 genitori
3006 3322 3190 3366 nostro
3218 3312 3411 3368 Carolo
3436 3316 3590 3370 bona:

2016 3400 2290 3453 memoriae
2318 3401 2565 3469 piissimo
2596 3400 2840 3471 Augusto
2881 3418 3004 3456 cum
3048 3403 3211 3458 rebus
3238 3411 3293 3458 et
3317 3406 3587 3471 omnibus,

2015 3502 2135 3556 quae
2164 3488 2339 3542 eidem
2370 3488 2574 3542 cellula:
2619 3489 2862 3558 aspicere
2911 3488 3115 3544 fecerat
3157 3507 3256 3562 per
3288 3493 3586 3549 chartulam

2015 3575 2282 3647 delegavit
2333 3576 2671 3643 donationis;
2714 3579 2807 3632 sed
2855 3585 3040 3647 postea
3071 3589 3293 3651 propter
3330 3597 3585 3652 compen-

2015 3668 2161 3723 dium
2206 3676 2261 3724 et
2308 3669 2411 3725 loci
2444 3671 2734 3726 utilitatem
2774 3688 2880 3726 non
2921 3672 3108 3742 procul
3154 3673 3221 3727 ab
3250 3673 3439 3727 eodem
3470 3672 3588 3729 loco

2012 3759 2199 3814 eadem
2221 3760 2411 3815 cellula
2435 3770 2742 3817 constructa
2770 3769 2875 3827 est,
2897 3778 3016 3832 quae
3039 3770 3384 3832 nuncupatur
3405 3775 3429 3804 ο
3453 3762 3588 3819 Gor-

2012 3849 2258 3915 danicus,
2291 3850 2343 3905 in
2370 3851 2556 3906 eodem
2584 3866 2721 3922 pago
2753 3861 2808 3906 et
2844 3866 3006 3921 super
3035 3854 3283 3906 eumdem
3324 3850 3543 3907 ﬂuvium
3564 3897 3577 3918 ,

2011 3939 2080 3993 ad
2101 3941 2486 3995 monasterium
2512 3943 2653 4011 quod
2675 3950 3015 4013 nuncupatur
3035 3941 3247 3997 Aniana
3267 3943 3582 4008 concedere,

2008 4036 2063 4083 et
2082 4044 2181 4099 per
2209 4031 2350 4087 hanc
2379 4042 2579 4089 nostra:
2603 4034 2943 4089 auctoritatis
2964 4034 3307 4104 largitionem
3344 4036 3579 4101 tradere,

2008 4121 2152 4188 qt'Jod
2196 4131 2280 4177 est
2308 4125 2471 4178 situm
2503 4125 2557 4179 in
2586 4141 2722 4197 pago
2753 4126 3188 4197 Magdalenense,
3220 4142 3327 4182 non
3367 4127 3527 4197 longe
3555 4144 3585 4183 a

2006 4216 2187 4264 castro
2217 4212 2359 4279 quod
2379 4212 2580 4266 dicitur
2595 4211 2978 4280 Monscalmus,
2998 4223 3369 4270 constructum
3398 4215 3451 4269 in
3480 4216 3581 4270 ho-

2007 4314 2140 4355 nore
2177 4301 2390 4357 Domini
2426 4312 2481 4358 et
2530 4303 2828 4359 Salvatoris
2873 4302 3000 4360 Iesu
3051 4304 3253 4361 Christi
3289 4314 3344 4359 ct
3384 4318 3586 4361 sancta:

2008 4390 2193 4446 Mariae
2221 4406 2436 4461 semper
2462 4394 2706 4465 virginis,
2739 4394 2829 4449 ubi
2867 4394 3032 4449 etiam
3062 4393 3381 4466 Senegildus
3413 4396 3581 4451 abbas

305 4501 428 4551 res,
456 4501 585 4555 quat
611 4487 678 4542 ab
711 4488 832 4543 aliis
859 4489 1167 4544 hominibus
1192 4491 1365 4545 eidem
1400 4492 1608 4545 tradita}
1641 4503 1767 4545 sunt
1790 4509 1904 4545 me.
1934 4495 1981 4554 D
2006 4497 2243 4554 prmesse
2268 4484 2483 4539 videtur
2512 4503 2526 4538 :
2565 4485 2706 4555 quod
2736 4485 2862 4539 olim
2891 4486 2976 4540 vir
3004 4486 3327 4541 venerabilis
3358 4487 3585 4544 Benedi-

304 4577 587 4639 nasterio,
622 4585 674 4632 et
703 4579 877 4634 eidem
907 4581 1237 4635 monasterio
1263 4581 1353 4635 alii
1381 4581 1627 4636 homines
1655 4582 1906 4638 similiter

304 4681 411 4736 per
449 4667 765 4722 chartulam
803 4670 1241 4725 commutationis
1272 4672 1609 4726 tradiderunt
1648 4671 1771 4742 jure
1816 4673 1905 4727 fir-

306 4759 577 4812 missimo
627 4765 843 4814 teneant
898 4769 952 4815 et
983 4762 1295 4832 possideant
1334 4777 1567 4816 :verum
1624 4763 1788 4817 etiam
1850 4774 1906 4819 et

302 4850 490 4905 sicubi
530 4848 786 4919 deinceps
828 4865 926 4920 per
966 4852 1265 4906 chartulam
1312 4853 1751 4907 commutationis
1778 4870 1899 4909 cum

297 4939 659 5009 quibuslibet
691 4940 874 4995 liberis
908 4942 1217 4997 hominibus
1254 4952 1495 4997 rectores
1523 4943 1691 5012 ipsius
1712 4959 1900 4998 mona-

298 5032 465 5086 sterii
522 5032 1006 5087 commutationem
1053 5031 1236 5088 facere
1276 5034 1573 5099 voluerint,
1628 5033 1901 5090 licentiam

299 5122 579 5186 habeant,
620 5136 682 5175 ea
728 5123 932 5179 scilicet
967 5125 1177 5180 ratione
1217 5132 1277 5179 ut
1313 5126 1764 5182 commutationes
1786 5128 1902 5196 pari

299 5221 503 5267 tenore
536 5213 975 5279 conscribantur,
1023 5214 1379 5284 manibusque
1417 5215 1683 5270 bonorum
1724 5215 1902 5270 homi-

296 5317 438 5355 num
468 5302 808 5356 roborentur
833 5323 845 5358 :
877 5316 931 5358 et
959 5306 1217 5376 quidquid
1244 5321 1371 5375 pars
1392 5305 1537 5375 juste
1573 5314 1625 5359 et
1669 5306 1903 5360 rationa-

295 5392 496 5449 biliter
539 5392 702 5449 alteri
734 5396 1024 5451 contulerit
1052 5399 1213 5468 parti,
1238 5414 1335 5468 per
1365 5398 1505 5452 hanc
1533 5404 1774 5453 nostram
1806 5412 1901 5451 an-

296 5483 632 5538 cturitatem
656 5485 779 5556 jure
808 5484 1118 5542 firmissimo
1147 5495 1367 5542 teneant
1385 5495 1440 5541 et
1461 5485 1773 5556 possideant
1801 5504 1813 5539 :
1848 5495 1903 5541 et

300 5576 585 5647 quidquid
612 5577 805 5633 exinde
834 5577 1011 5633 facere
1053 5579 1321 5635 voluerint
1341 5579 1512 5634 libero
1554 5579 1609 5632 in
1646 5578 1898 5633 omnibus

2011 4581 2132 4629 ctus
2158 4574 2326 4630 abbas
2352 4574 2409 4628 in
2447 4590 2546 4629 suo
2584 4583 2961 4631 construxerat
2984 4577 3227 4646 prOprio,
3256 4586 3312 4633 et
3336 4578 3584 4634 similiter

2010 4667 2209 4723 domno
2238 4674 2292 4722 et
2316 4668 2547 4739 genitori
2573 4677 2758 4725 nostro
2781 4669 2972 4724 Carolo
2993 4685 3089 4739 per
3110 4671 3467 4727 instrumenta
3493 4673 3585 4728 dc-

2008 4757 2280 4828 legaverat
2325 4757 2658 4813 chartarum.
2716 4757 2871 4832 Hanc
2915 4759 3096 4830 itaque
3138 4761 3408 4827 cellulam,
3464 4776 3583 4830 quae

2008 4848 2148 4903 sicut
2172 4848 2430 4914 diximus,
2462 4858 2803 4919 nuncupatur
2827 4849 3188 4917 Gordanicus,
3213 4858 3267 4906 et
3291 4852 3437 4905 illam
3460 4868 3578 4920 qutc

2007 4949 2232 4995 vocatur
2253 4939 2590 5007 Casa-Nova,
2617 4957 2740 4997 cum
2759 4943 3007 4996 omnibus
3031 4942 3226 4997 ibidem
3256 4943 3579 5012 pertinenti-

2006 5031 2104 5085 bus
2133 5030 2216 5086 vel
2243 5032 2644 5102 aspicientibus,
2673 5048 2794 5086 cum
2825 5033 3127 5101 mancipiis,
3154 5032 3418 5096 domibus,
3451 5030 3581 5085 redi-

2008 5121 2166 5187 fieiis,
2209 5122 2394 5188 terris,
2434 5121 2626 5184 vineis,
2672 5121 2842 5186 silvis,
2897 5122 3085 5191 pratis,
3140 5121 3374 5192 pascuis,
3426 5120 3580 5191 aquis

2008 5226 2344 5281 aquarumve
2386 5211 2726 5276 decursibus,
2782 5211 3069 5265 mobilibus
3099 5218 3152 5266 et
3191 5210 3578 5275 immobilibus,

2011 5316 2134 5356 cum
2163 5301 2411 5358 omnibus
2452 5316 2574 5372 quae
2606 5301 2894 5370 praedictus
2933 5300 3235 5357 Willelmus
3264 5316 3361 5371 per
3389 5301 3577 5357 vendi-

2011 5395 2206 5460 tiones,
2255 5396 2553 5459 cessiones,
2599 5393 2919 5449 donationes
2966 5394 3313 5464 acquisierat,
3360 5401 3414 5449 et
3450 5410 3581 5465 prm-

2010 5486 2121 5542 fato
2158 5488 2351 5542 domno
2392 5494 2447 5541 et
2493 5485 2723 5555 genitori
2774 5492 2960 5540 nostro
2991 5484 3314 5551 tradiderat;
3352 5493 3405 5540 et
3454 5500 3577 5540 cum

2010 5578 2095 5636 his
2131 5594 2248 5648 qum
2288 5586 2472 5649 postea
2518 5577 2790 5647 praedictis
2832 5575 2963 5632 locis
3007 5592 3036 5631 a
3070 5576 3227 5632 bonis
3268 5577 3579 5633 hominibus

375 5725 401 5753 ι
429 5710 801 5778 Gordanicus,
841 5712 1125 5769 vernacula
1161 5710 1491 5782 Guourague,
1536 5727 1679 5769 nunc
1713 5726 1881 5781 usque
1918 5710 2188 5781 prioratus
2219 5709 2447 5767 Aniante
2466 5708 2754 5777 subjectus.
