4014 6186
340 298 477 356 1427

1338 282 1397 341 S.
1436 278 1870 341 BENEDICTUS
1906 274 2129 333 ABBAS
2166 273 2602 332 ANIANENSIS.

3471 269 3620 327 4.ιῆ

337 416 542 474 tradita
570 418 719 475 sunt,
751 410 1052 464 memorato
1076 400 1407 458 monasterio
1436 398 1648 453 Aniano
1667 393 1929 462 ιγπεωῆ
1951 393 2002 454 Α
2030 405 2152 445 rum
2181 387 2689 452 circnmcinxerint,
2717 392 2812 439 aut
2855 380 3167 439 testimonia
3211 380 3411 437 idonea
3451 383 3628 437 dede-

338 517 587 576 tempore
603 498 951 560 tradidimus,
974 502 1031 550 et
1053 508 1152 566 per
1177 494 1318 548 hanc
1343 497 1547 546 nostra:
1577 486 1921 544 auctoritatis

341 575 688 653 donationem
745 584 1135 658 perpetualiter
1173 581 1240 637 ad
1294 579 1603 637 habendum
1650 575 1923 633 concessi-

342 702 488 751 mus,
524 684 600 738 ita
634 678 890 735 videlicet
927 684 989 730 ut
1018 674 1277 745 quidquid
1302 673 1357 727 in
1386 670 1517 741 ipsis
1548 668 1703 732 locis,
1730 673 1826 722 aut
1858 666 1927 721 de

342 777 479 847 ipsis
512 773 581 828 ad
614 771 907 826 utilitatem
954 774 1011 822 et
1049 764 1354 837 profectum
1395 770 1638 817 rectores
1677 766 1774 813 aut
1798 771 1929 812 eon-

346 865 595 938 gregatio
623 862 793 934 ipsius
818 857 1135 915 monasterii
1152 855 1334 911 facere
1362 853 1447 908 vel
1474 851 1721 922 judicare
1744 847 1931 905 volue-

346 937 481 1021 rint,
532 953 709 1008 libero
764 950 822 1005 in
876 947 1129 1003 omnibus
1183 944 1536 1015 perfruantur
1592 939 1820 995 arbitrio
1850 937 1933 991 fa-

352 1044 552 1101 cicndi.
593 1041 723 1097 Hmc
769 1053 901 1094 vero
942 1035 1237 1091 auctoritas
1284 1031 1593 1103 largitionis
1632 1036 1834 1086 nostrae
1871 1036 1932 1081 ut

351 1151 451 1204 per
496 1129 771 1187 curricula
813 1140 1079 1183 annorum
1122 1123 1507 1179 inviolabiliter
1561 1117 1934 1175 inconvulsam

350 1224 601 1279 obtineat
630 1217 967 1280 ﬁrmitatem,
997 1224 1052 1269 ct
1097 1229 1128 1268 a
1159 1212 1408 1267 ﬁdelibus
1441 1210 1665 1276 nostris,
1695 1221 1920 1278 praesen-

356 1316 506 1370 tibus
545 1311 755 1367 scilicet
783 1315 839 1363 et
863 1306 1063 1362 futuris
1088 1305 1273 1360 verius
1299 1302 1611 1371 certiusque
1655 1298 1932 1361 credatur,

354 1421 477 1461 eam
507 1417 670 1458 manu
697 1398 916 1472 propria
944 1395 1433 1460 subter-ﬁrmamus,
1465 1401 1523 1447 et
1554 1388 1740 1446 annuli
1768 1387 1935 1445 nostri

361 1492 722 1565 impressione
748 1490 966 1560 signare
981 1485 1265 1556 jussimus.

432 1585 663 1655 Signum
686 1579 949 1636 Ludovici
976 1577 1311 1633 serenissimi
1339 1575 1591 1647 Augusti.

429 1674 718 1730 Durandus
742 1672 1004 1727 diaconus
1028 1671 1097 1725 ad
1119 1671 1296 1724 vicem
1323 1668 1602 1724 Helisacar
1628 1663 1935 1739 recognovi.

2022 481 2163 545 rint;
2197 480 2292 533 ﬁat
2317 479 2384 535 de
2402 477 2484 533 eis
2503 478 2799 534 secundum
2821 474 3078 529 Romana:
3097 472 3231 542 legis
3251 472 3627 536 sanctionem,

2024 577 2087 624 ut
2116 568 2447 624 tricennium
2496 581 2562 622 ea
2613 565 2904 622 excludere
2937 578 3043 619 non
3067 564 3301 633 possint.
3335 563 3405 617 Et
3436 572 3501 617 ut
3522 562 3631 618 has

2026 659 2242 739 litteras
2283 666 2503 715 nostras
2538 673 2662 714 esse
2689 657 2871 712 verius
2900 655 3158 720 credatis,
3184 654 3251 709 de
3280 652 3491 709 annulo
3525 670 3629 709 no-

2028 758 2143 806 stro
2165 751 2357 806 subtus
2382 750 2651 824 jussimus
2677 747 2927 820 sigillari.

2101 841 2391 896 Durandus
2419 841 2683 894 diaconus
2708 838 2777 893 ad
2796 839 2972 893 vicem
3000 836 3273 908 Fridugisi
3306 837 3628 907 recognovi.

2105 934 2237 987 Data
2265 932 2446 986 Idibus
2466 929 2738 995 Octobris,
2752 944 2923 993 anno,
2942 927 3161 986 Christo
3180 929 3445 1000 propitio,
3464 927 3633 996 impe-

2035 1027 2101 1082 rii
2124 1026 2293 1080 nostri
2314 1026 2369 1090 5,
2401 1024 2699 1079 indictione
2722 1023 2806 1076 10.
2836 1021 3037 1076 Actum
3063 1019 3399 1093 Compendio
3425 1017 3637 1090 palatio

2036 1118 2184 1196 regio
2204 1118 2260 1171 in
2294 1116 2389 1173 Dei
2421 1116 2642 1171 nomine
2669 1114 2920 1170 feliciter.
2948 1112 3145 1170 Amen.

2762 1204 2894 1259 Vill.

2350 1296 2606 1373 Ejusdem
2626 1314 2723 1369 pro
2744 1297 2925 1352 eodem
2959 1297 3297 1352 monasterio.

2653 1386 2833 1458 (Anno
2870 1386 3022 1459 8l8.)

2431 1478 2609 1552 [Apud
2641 1478 2704 1532 D.
2742 1478 3007 1548 Bouquet.
3033 1518 3048 1545 ,
3074 1478 3239 1550 ibid.]

2111 1574 2171 1628 ln
2202 1572 2420 1627 nomine
2446 1570 2661 1626 Domini
2698 1570 2795 1626 Dei
2840 1578 2894 1625 et
2937 1569 3237 1625 Salvatoris
3282 1571 3465 1629 nostri
3509 1572 3645 1629 Iesu

2043 1661 2245 1719 Christi
2275 1660 2586 1715 Ludovicus
2610 1660 2791 1715 divina
2826 1659 3114 1716 ordinante
3153 1661 3500 1730 providentia
3538 1662 3649 1716 im-

394 1768 571 1840 .Data
620 1780 697 1821 xu
737 1761 858 1817 Kal.
886 1759 1095 1825 Junias,
1129 1774 1289 1823 anno,
1324 1756 1543 1813 Christo
1570 1755 1829 1826 propitio,
1862 1767 1943 1808 se~
1972 1755 2018 1814 Β
2043 1761 2265 1824 perator
2293 1751 2588 1822 Augustus.

362 1856 541 1912 cundo
572 1851 787 1924 imperii
817 1849 1001 1906 domni
1028 1848 1259 1920 Augusti
1287 1846 1548 1902 Ludovici
1576 1843 1826 1916 piissimi,
1865 1842 1943 1896 in-

363 1940 603 2005 dictione
628 1962 748 2001 vni.

437 2039 634 2093 Actum
662 2033 988 2108 Aquisgrani
1010 2032 1211 2103 palatio
1238 2031 1384 2102 regio
1412 2030 1468 2084 in
1493 2028 1589 2084 Dei
1620 2025 1839 2082 nomine
1860 2024 1941 2081 fe-

365 2129 565 2186 liciter.
592 2127 787 2181 Amen.

1101 2213 1213 2269 VII.

662 2327 919 2400 Ejusdem
966 2342 1062 2397 pro
1104 2324 1285 2381 eodem
1324 2325 1663 2379 monasterio.

978 2416 1156 2490 (Anno
1196 2414 1345 2488 8l6.)

762 2509 941 2584 [Apud
977 2508 1042 2563 D.
1076 2506 1368 2577 Bouquet.,
1400 2505 1562 2577 ibid.]

442 2605 502 2663 In
540 2603 761 2659 nomine
802 2599 1018 2657 Domini
1060 2596 1157 2653 Dei
1199 2604 1256 2652 et
1299 2595 1598 2651 Salvatoris
1623 2596 1796 2652 nostri
1821 2597 1953 2653 Jesu

371 2693 597 2757 Christi,
629 2690 937 2746 Ludovicus
978 2687 1157 2743 divina
1178 2686 1461 2743 ordinante
1484 2685 1823 2755 providentia
1854 2685 1955 2740 im-

371 2791 592 2858 perator
617 2782 916 2854 Augustus.

447 2871 642 2927 Notum
673 2870 745 2929 sit
792 2870 1042 2927 omnibus
1068 2868 1319 2926 fidelibus
1358 2867 1562 2924 nostris
1603 2868 1659 2923 in
1699 2867 1949 2939 partibus

375 2960 728 3033 Septimaniae
771 2959 1086 3034 provincia},
1135 2958 1457 3037 Aquitania,
1505 2958 1593 3015 vel
1641 2958 1699 3017 in
1745 2958 1958 3012 cmteris

376 3050 673 3123 provinciis
698 3050 1142 3115 consistentibus,
1170 3048 1297 3119 quia
1320 3048 1406 3101 vir
1431 3046 1759 3103 venerabilis
1785 3045 1958 3102 Bene-

2117 1843 2174 1898 Si
2208 1842 2555 1899 liberalitatis
2583 1850 2784 1899 nostra:
2815 1858 3039 1898 munere
3070 1843 3139 1899 de
3162 1842 3443 1900 beneﬁciis
3470 1860 3503 1898 a
3529 1845 3647 1901 Deo

2046 1935 2203 1992 nobis
2230 1934 2445 1993 collatis
2503 1936 2572 1992 ad
2618 1933 2737 1989 loca
2797 1933 2996 1988 divinis
3041 1934 3277 1989 cultibus
3329 1936 3650 2007 mancipata

2048 2033 2270 2096 pr0pter
2299 2040 2542 2082 amorem
2587 2024 2825 2081 caelestis
2850 2025 3067 2095 patriae,
3094 2037 3149 2080 et
3186 2026 3649 2083 sustentationem

2050 2116 2251 2172 ibidem
2280 2116 2390 2172 Deo
2417 2114 2797 2170 famulantium
2835 2115 3038 2185 aliquid
3079 2115 3368 2188 largimur,
3398 2117 3452 2171 id
3482 2119 3649 2174 nobis

2048 2207 2237 2278 procul
2264 2207 2425 2262 dubio
2458 2206 2527 2264 ad
2568 2206 2852 2265 mortalem
2883 2207 3054 2262 vitam
3084 2205 3301 2264 felicius
3324 2209 3634 2280 transigen-

2052 2298 2200 2365 dam,
2228 2305 2284 2352 et
2315 2297 2382 2351 ad
2411 2304 2671 2351 aeternam
2702 2296 3090 2367 pcrpctualiter
3127 2297 3479 2354 obtinendam
3504 2314 3645 2369 pro-

2052 2388 2294 2445 futurum
2330 2387 2535 2458 liquido
2565 2387 2857 2446 credimus.
2898 2388 3108 2445 Idcirco
3151 2390 3367 2445 noverit
3393 2392 3647 2447 omnium

2053 2481 2291 2538 ﬁdelium
2328 2490 2662 2548 nostrorum,
2696 2484 3044 2554 praesentium
3089 2485 3300 2540 scilicet
3332 2494 3391 2541 et
3430 2484 3649 2541 futuro—

2053 2589 2198 2638 rum,
2227 2574 2516 2643 sagacitas,
2550 2573 2677 2643 quia
2702 2589 2802 2629 nos
2830 2574 3011 2631 divina
3042 2576 3378 2645 aspiratione
3405 2577 3564 2641 tacti,
3592 2585 3652 2632 et

2056 2662 2295 2718 caelestis
2327 2663 2518 2733 patria:
2566 2679 2753 2718 amore
2798 2664 3071 2730 succensi,
3100 2666 3170 2720 ob
3198 2666 3397 2721 anima:
3438 2675 3653 2722 nostras

2056 2752 2319 2818 salutem,
2344 2751 2430 2807 vel
2466 2752 2821 2808 stabilitatem
2869 2754 3165 2810 Christiani
3208 2756 3455 2827 imperii,
3485 2757 3651 2815 libuit

2059 2842 2218 2897 nobis
2245 2841 2313 2896 ad
2338 2843 2727 2898 monasterium
2772 2845 2919 2914 quod
2971 2845 3174 2900 dicitur
3217 2846 3453 2913 Aniana,
3500 2849 3653 2917 quod

2058 2939 2144 2988 est
2165 2940 2537 2988 constructum
2576 2933 2633 2987 in
2667 2931 2877 2988 honore
2902 2932 3115 2989 Domini
3139 2934 3237 2989 Dei
3262 2942 3319 2991 et
3342 2935 3655 2992 Salvatoris

2060 3025 2235 3080 nostri
2267 3032 2323 3079 et
2347 3032 2548 3079 sancta:
2598 3023 2782 3079 Mariae
2826 3040 3041 3096 semper
3088 3026 3336 3097 virginis,
3368 3029 3519 3098 quod
3564 3038 3654 3084 est

376 3099 670 3123 τ-ν--ς---η
704 3099 1141 3115 η---η-ν-κη--ητ,
1174 3099 1297 3119 γη
1839 3099 1927 3102 -η

376 3142 557 3199 dictus
579 3140 746 3195 abbas
771 3141 839 3195 ad
869 3148 1109 3194 nostram
1142 3139 1405 3193 accedens
1440 3138 1803 3204 clementiam,
1829 3153 1955 3209 sug-

2066 3118 2224 3173 situm
2274 3118 2329 3172 in
2383 3133 2520 3189 pago
2578 3116 3143 3188 Magdalenense,cui
3187 3118 3453 3189 Georgius
3508 3120 3654 3175 abba

379 3234 550 3308 gessit
579 3232 737 3288 nobis
764 3239 824 3286 ut
852 3244 949 3302 per
988 3238 1228 3286 nostram
1250 3230 1549 3300 jussionem
1585 3230 1835 3285 advocati
1853 3243 1964 3284 mo-

381 3325 608 3381 nasterii
630 3322 959 3380 Anianensis
982 3322 1195 3393 perdita
1221 3328 1548 3392 qumrerent,
1567 3329 1622 3376 et
1643 3321 1791 3392 juste
1834 3337 1961 3392 pos-

387 3432 539 3473 sessa
553 3416 751 3485 ubique
771 3415 1067 3471 secundum
1084 3414 1253 3485 legem
1269 3412 1638 3469 defenderent.
1663 3413 1835 3481 Quem
1864 3429 1964 3469 nos

381 3505 616 3563 libenter
638 3503 953 3574 recipimus,
981 3509 1038 3558 et
1058 3503 1158 3557 has
1185 3502 1393 3557 litteras
1419 3503 1658 3558 scribere
1680 3503 1804 3558 etei
1835 3502 1966 3558 dare

379 3597 666 3668 jussimus,
690 3611 788 3666 per
827 3610 967 3667 quas
998 3594 1251 3651 omnibus
1278 3601 1462 3654 notum
1488 3593 1719 3651 facimus
1747 3602 1808 3648 ut
1828 3594 1968 3650 scia-

384 3689 459 3743 tis
485 3688 774 3743 adeCatos
800 3684 1047 3756 praedicti
1078 3683 1396 3742 monasterii
1427 3682 1754 3739 Anianensis
1785 3681 1966 3737 omnia

385 3793 508 3848 quae
535 3777 830 3833 secundum
860 3774 1035 3845 legem
1088 3774 1422 3845 quaesierint,
1446 3781 1503 3827 et
1543 3773 1853 3843 quicunque
1901 3772 1968 3827 de

2061 3222 2294 3278 praeesse
2317 3207 2531 3264 videtur
2557 3208 2845 3280 quamdam
2869 3207 3117 3263 cellulam
3136 3207 3271 3276 juris
3293 3209 3498 3274 nostri,
3532 3226 3657 3281 qua:

2064 3306 2147 3353 est
2173 3306 2482 3353 constructa
2519 3298 2575 3359 in
2602 3298 2808 3357 honore
2831 3299 3007 3353 sancti
3044 3298 3259 3354 Martini
3288 3299 3433 3355 infra
3465 3316 3660 3355 muros

2063 3389 2399 3444 Arelatensis
2422 3389 2678 3453 civitatis,
2725 3405 2851 3445 cum
2905 3389 2991 3445 his
3036 3406 3154 3458 qua:
3204 3391 3275 3445 ad
3326 3406 3453 3446 eam
3508 3390 3654 3451 infra

2065 3479 2317 3533 eumdem
2344 3494 2540 3553 pagum
2568 3478 2824 3550 prmscnti
2850 3486 3091 3548 tempore
3107 3478 3389 3548 pertinent
3407 3486 3465 3532 et
3477 3477 3658 3533 locum

2065 3569 2158 3641 qui
2194 3579 2275 3624 est
2307 3569 2361 3623 in
2384 3584 2523 3639 pago
2550 3569 2890 3634 Arausiensi,
2916 3567 3183 3625 vocabulo
3218 3567 3552 3633 Morenatus,
3570 3569 3654 3622 vel

2066 3677 2190 3732 quae
2214 3661 2282 3717 ad
2317 3662 2493 3738 ipsum
2515 3661 2692 3717 locum
2718 3661 3014 3735 pertinent,
3043 3661 3298 3716 similiter
3326 3669 3382 3721 et
3414 3661 3469 3715 in
3513 3675 3656 3732 pago

2066 3753 2455 3823 Aveuionensi,
2482 3768 2581 3827 per
2621 3754 2765 3809 banc
2792 3760 2993 3808 nostra:
3019 3753 3364 3811 auctoritatis
3405 3752 3656 3807 donatio—

385 3869 631 3941 prmdicti
658 3868 975 3928 monasterii
1001 3844 1164 3923 rebus
1195 3868 1276 3922 eis
1307 3866 1410 3922 alia
1433 3866 1739 3935 quaesierit;
1776 3872 1831 3921 et
1881 3880 1968 3920 se-
2068 3862 2191 3906 "cm
2219 3845 2678 3941 conferre-ﬁam
2714 3844 3067 3941 femucenam
3092 3844 3371 3941 ξξψθτίυε
3404 3845 3656 3915 Ρηεδεά

390 3935 628 4019 eundum
678 3959 854 4030 legem
902 3958 1184 4017 deﬁnitum
1233 3956 1415 4023 fuerit,
1444 3964 1622 4011 ratum
1673 3965 1729 4011 et
1775 3954 1955 4011 stabile

2068 3945 2216 4008 ptam
2241 3953 2366 3993 cum
2402 3936 2668 4003 ecclesiis,
2714 3936 2983 4002 domibus,
3025 3935 3293 4002 tediliciis,
3339 3936 3657 4005 mancipiis,

386 4027 822 4122 permaneataEt
843 4051 962 4104 ideo
988 4048 1330 4118 prmcipimus
1357 4053 1416 4101 ut
1443 4040 1749 4115 ubicunque
1770 4046 1823 4099 in
1854 4044 1955 4102 loci

2072 4031 2258 4094 terris,
2277 4029 2469 4094 vineis,
2483 4028 2676 4099 pratis,
2701 4027 2866 4091 silvis,
2892 4028 3130 4098 pascuis,
3151 4027 3307 4098 aquis
3326 4040 3661 4097 aquarumve

390 4114 477 4197 vel
501 4148 800 4210 potestates
830 4155 923 4193 seu
957 4114 1256 4194 ministeria
1295 4136 1585 4207 cujuslibet
1623 4114 1678 4193 et
1709 4136 1955 4193 comitant

2072 4119 2410 4184 decursibus,
2442 4116 2794 4182 molendinis,
2818 4116 3110 4179 mobilibus
3153 4125 3202 4170 et
3254 4114 3655 4181 immobilibus,

388 4207 708 4287 advenerim
738 4237 793 4284 et
819 4228 1176 4297 undecunque
1215 4228 1280 4282 de
1309 4226 1471 4284 rebus
1496 4225 1739 4295 praedicti
1777 4239 1955 4279 mona-

2072 4209 2276 4269 cultum
2307 4217 2362 4264 et
2381 4207 2659 4274 incultum,
2678 4216 2851 4267 totum
2873 4216 2929 4263 et
2958 4207 3026 4262 ad
3055 4207 3349 4277 integrum,
3375 4213 3665 4275 quantum-

388 4323 542 4380 sterii
573 4322 839 4394 judiciare
866 4319 1206 4390 qumsierint,
1231 4318 1435 4385 absque
1464 4316 1570 4370 ulla
1609 4315 1866 4373 dilatione
1891 4329 1955 4369 se

2074 4316 2287 4371 cunque
2316 4300 2385 4355 ad
2416 4300 2587 4369 ipsam
2608 4299 2808 4355 dictam
2832 4297 3046 4362 cellam,
3070 4299 3212 4353 sicut
3237 4297 3497 4359 diximus,
3522 4311 3663 4366 pra:-

390 4386 626 4469 eunduin
654 4411 826 4483 legem
845 4386 1114 4480 justitiam
1138 4407 1402 4477 recipiant
1428 4415 1483 4461 et
1512 4404 1734 4460 faciant.
1763 4404 1821 4459 Si
1845 4420 1974 4461 vero
1998 4444 2052 4504 Β
2076 4392 2217 4449 δυηῑί
2254 4400 2497 4491 ιιξιιηξοιγδ
2524 4388 2780 4504 Ῑθίζῖιίξξὶθ.
2811 4388 3005 4490 aspicit
3024 4428 3039 4454 ι
3088 4396 3146 4447 ei
3190 4386 3364 4450 nostri
3413 4386 3561 4488 iuris
3600 4402 3665 4487 ξε

308 4534 314 4541 ο
391 4503 623 4574 quilibet
651 4501 887 4577 aliquam
911 4500 1224 4557 dilationem
1257 4498 1310 4552 in
1331 4495 1561 4567 jnstitiis
1585 4494 1848 4550 faciendis
1872 4509 1971 4565 op-

394 4593 636 4664 posuerit
659 4602 753 4650 aut
776 4591 1013 4660 aliquam
1052 4590 1308 4660 injustam
1334 4588 1680 4644 occasionem
1716 4586 1976 4642 adhibere

390 4695 621 4747 conatus
653 4685 835 4751 fuerit,
865 4683 1143 4743 advocatis
1190 4683 1359 4754 ipsius
1392 4679 1706 4739 monasterii
1738 4678 1972 4749 injungi—

400 4787 523 4827 mus
546 4779 606 4827 ut
634 4770 791 4825 nobis
818 4769 1153 4835 renuntient,
1198 4777 1258 4823 ut
1312 4784 1413 4824 nos
1463 4767 1540 4821 illi
1589 4767 1681 4839 qui
1729 4775 1975 4821 nostram

389 4861 691 4929 jussionem
726 4859 1045 4934 neglexerit,
1075 4858 1371 4917 secundum
1421 4856 1549 4915 facti
1590 4855 1674 4910 sui
1720 4853 1974 4909 meritum

391 4952 782 5007 retribuamus.
813 4949 961 5008 Dixit
988 4948 1153 5003 etiam
1201 4948 1358 5007 nobis
1397 4946 1691 5020 prmdictus
1747 4943 1977 5011 Deucdi:

388 5051 510 5097 etus
550 5041 720 5096 abbas
748 5054 814 5094 eo
842 5037 986 5114 quod
1010 5038 1275 5109 mancipia
1299 5037 1367 5092 de
1396 5034 1725 5095 monasterio
1757 5032 1814 5086 S.
1840 5033 1979 5086 Mar-

390 5131 515 5197 tini,
539 5130 624 5185 vel
651 5129 777 5195 alia,
801 5129 944 5199 quod
977 5126 1141 5201 [quas]
1176 5143 1276 5187 nos
1306 5124 1606 5199 largitionis
1641 5132 1839 5179 nostrae
1862 5139 1979 5177 mu-

392 5236 522 5278 nere
550 5220 618 5277 ad
644 5221 962 5291 praedictum
993 5218 1305 5279 Anianensc
1330 5216 1717 5277 monasterium
1756 5229 1978 5269 conces-

393 5315 729 5387 situus,per
765 5312 880 5371 loca
927 5311 1139 5367 diversa
1182 5308 1402 5378 fugitiva
1451 5308 1558 5362 sint
1596 5324 1608 5359 :
1664 5305 1730 5359 de
1777 5304 1974 5374 quibus

393 5405 644 5465 volumus
672 5413 732 5460 ut
765 5403 1006 5474 ejusdem
1034 5400 1350 5457 monasterii
1379 5397 1629 5453 advocati
1667 5412 1730 5450 ea
1759 5395 1975 5465 perqui-

399 5506 544 5563 runt,
570 5506 627 5553 et
654 5499 961 5566 ubicunque
988 5502 1202 5565 reperta
1231 5491 1449 5554 fuerint,
1481 5497 1538 5546 et
1582 5487 1874 5543 secundum
1898 5487 1975 5542 lc-

398 5603 521 5660 gem
555 5587 850 5655 Romanam
878 5586 1145 5641 tricennio
1187 5599 1244 5639 se
1269 5581 1559 5639 defendere
1587 5579 1886 5643 voluerint;
1922 5586 1977 5633 et

400 5683 506 5744 hoc
531 5679 774 5744 advocati
805 5678 1044 5755 praedicti
1082 5676 1396 5733 monasterii
1428 5690 1488 5729 ea
1524 5671 1841 5749 propinquis
1881 5685 1967 5725 eo-

2075 4479 2434 4555 posscssionis
2463 4480 2516 4535 in
2541 4478 2814 4553 praedictis
2853 4478 3006 4549 pagis
3061 4485 3262 4532 nostra:
3311 4477 3668 4547 proprietatis

2078 4584 2165 4632 est
2185 4589 2283 4647 per
2315 4573 2456 4629 hanc
2479 4580 2679 4633 nostra:
2704 4571 3044 4626 auctoritatis
3067 4570 3416 4626 donationem
3459 4585 3668 4624 memo-

2078 4676 2198 4722 rato
2232 4664 2564 4720 monasterio
2595 4663 2664 4718 ad
2711 4662 2980 4734 stipendia
3029 4661 3262 4717 fratrum
3304 4661 3510 4716 ibidem
3558 4661 3669 4716 Deo

2080 4753 2482 4819 famulantium,
2509 4760 2564 4807 et
2587 4752 2654 4807 ad
2677 4752 2918 4808 subsidia
2946 4767 3246 4822 pauperum
3290 4750 3377 4805 vel
3421 4751 3494 4805 ad
3537 4768 3670 4807 cun-

2080 4852 2197 4899 ctas
2223 4842 2462 4914 ejusdem
2503 4840 2814 4901 monaSterii
2842 4840 3041 4896 Aniani
3072 4841 3429 4896 necessitates
3466 4856 3670 4897 consu-

2079 4934 2269 4989 lendas
2299 4931 2369 4986 ob
2382 4932 2804 4987 emolumentum
2829 4931 3023 4990 animae
3047 4939 3245 4985 nostra:
3273 4931 3674 5001 perpetualiter

2080 5027 2470 5089 concessimus,
2505 5032 2668 5094 atque
2696 5032 2959 5094 perpetuo
2994 5023 3063 5079 ad
3091 5022 3405 5084 habendum
3457 5023 3674 5095 delega-

2081 5119 2261 5173 vimus
2291 5136 2302 5172 :
2332 5117 2404 5169 ita
2435 5114 2687 5169 videlicet
2713 5123 2772 5168 ut
2798 5112 3059 5184 quidquid
3098 5112 3167 5166 de
3212 5111 3327 5182 ipsa
3361 5113 3547 5177 cella;
3585 5113 3671 5168 vel

2081 5209 2147 5263 de
2175 5208 2334 5263 rebus
2364 5205 2431 5260 ad
2462 5219 2580 5259 eam
2620 5204 3016 5276 pertinentibus
3052 5213 3293 5258 rectores
3329 5211 3387 5257 et
3431 5203 3671 5257 ministri

2081 5314 2242 5369 supra
2266 5295 2547 5351 memorati
2568 5293 2881 5349 monasterii
2908 5294 3192 5363 disponere
3203 5302 3366 5361 atque
3386 5294 3672 5358 ordinare,

2082 5393 2166 5449 vel
2205 5394 2366 5448 etiam
2420 5391 2597 5445 facere
2639 5388 2930 5453 voluerint,
2958 5387 3130 5441 libero
3179 5386 3231 5439 in
3262 5387 3525 5441 omnibus
3553 5402 3673 5456 per-

2084 5486 2333 5548 fruantur
2359 5485 2585 5540 arbitrio
2615 5482 2868 5537 faciendi.
2914 5480 3039 5536 Haec
3063 5494 3193 5535 vero
3226 5479 3538 5534 auctoritas
3562 5479 3671 5533 lar-

2082 5577 2302 5647 gitionis
2327 5584 2525 5630 nostra:
2557 5582 2617 5629 ut
2640 5589 2735 5644 per
2764 5570 3031 5627 curricula
3063 5584 3329 5624 annorum
3376 5568 3673 5625 inviolabia

2083 5668 2189 5725 lem
2218 5677 2379 5739 atque
2431 5672 2798 5723 meonvulsam
2846 5665 3087 5721 obtineat
3134 5662 3472 5725 ﬁrmitatem,
3499 5678 3669 5717 manu
