4014 6186
219 402 353 463 μεθ

1456 379 1758 439 cum”;
1796 352 2256 432 ANIANENSES.

3351 369 3489 424 “30

213 508 440 585 propria
487 501 958 563 subterﬁrmamus
980 540 994 565 ,
1021 506 1076 554 et
1125 494 1313 552 annuli
1361 493 1537 549 nostri
1565 491 1801 561 impres-
1830 488 2048 557 Aliter,
2079 490 2223 547 sicut
2249 502 2339 544 res
2363 495 2574 542 cetera
2601 483 2670 539 ad
2695 483 2872 585 ipsum
2895 480 3285 539 monasterium
3316 483 3488 553 perti-

217 604 373 663 sione
400 599 603 670 signari
622 595 905 666 iussimus.

290 692 521 764 Signum
545 684 810 743 Ludovici
838 681 1188 755 imperatoris
1221 676 1576 736 serenissimi.

285 775 672 837 Faramundus
699 773 769 829 ad
791 772 967 828 vicem
987 769 1257 839 Fridugisi
1277 764 1586 837 recognovi.

292 874 430 931 Data
458 887 499 925 ιι
525 867 710 925 Nonas
750 863 1083 928 Decembris,
1123 876 1266 916 anno
1311 855 1518 915 Christi
1569 853 1806 925 propitio

222 961 436 1035 imperii
454 958 660 1017 domini
682 955 855 1012 nostri
880 967 906 996 ι
928 970 1006 1020 vt,
1035 952 1329 1009 indictione
1346 964 1445 1004 ιιι.

294 1034 489 1108 Actum
515 1045 843 1120 Aquisgrani
902 1043 1102 1115 palatio
1160 1041 1309 1113 regio
1344 1039 1400 1094 in
1438 1036 1542 1104 Dei
1590 1034 1808 1093 nomine

225 1142 477 1201 feliciter.
504 1139 700 1195 Amen.

968 1226 1059 1281 1X.

533 1342 786 1414 Ejusdem
817 1355 912 1411 pro
950 1338 1130 1394 eodem
1161 1335 1499 1393 monasterio.

840 1430 1018 1504 (Anno
1049 1429 1201 1496 859.)

228 1530 400 1603 [Inter
427 1527 560 1582 Acta
608 1524 714 1581 SS.
747 1524 970 1664 οι-άὶἓέιδεἴ
993 1520 1304 1662 εέἳιῦεἴεάη
1332 1524 1477 1592 part.
1510 1533 1554 1586 1,
1579 1530 1705 1575 sate.
1734 1529 1808 1587 tv,

294 1691 360 1743 lu
398 1686 619 1743 nomine
661 1682 877 1740 Domini
922 1681 1021 1736 Dei
1061 1688 1117 1737 et
1145 1678 1445 1735 Salvatoris
1481 1676 1656 1734 nostn'
1684 1674 1815 1731 Iesu

228 1779 434 1836 Christi
477 1777 786 1833 Ludovicus
815 1773 998 1829 divina
1025 1771 1316 1828 ordinante
1344 1768 1686 1842 providentia
1713 1766 1817 1822 im-

230 1877 453 1939 perator
478 1868 773 1937 Augustus.
1393 1905 1401 1919 .

302 1957 504 2012 Notum
529 1957 600 2011 sit
625 1955 877 2010 omnibus
919 1952 1167 2009 ﬁdelibus
1196 1951 1419 2017 nostris,
1451 1950 1580 2020 quia
1610 1949 1692 2004 vir
1718 1962 1820 2003 ve-

232 2048 493 2104 nerabilis
521 2046 843 2102 Benedictus
867 2045 1006 2100 abba
1034 2058 1140 2098 una
1165 2057 1290 2098 cum
1310 2056 1578 2097 consensu
1599 2040 1630 2079 ι)
1651 2037 1821 2095 Geor-

230 2142 306 2210 gii
331 2139 546 2195 abbatis
565 2137 896 2193 Anianensis,
911 2133 1249 2198 monasterii,
1276 2146 1439 2201 quem
1466 2130 1585 2201 ipse
1616 2129 1819 2184 ibidem

231 2245 607 2290 successorem
634 2228 969 2298 elegerat,,et
998 2223 1279 2279 monachis
1301 2221 1501 2276 ibidem
1527 2218 1823 2274 consisten-

230 2322 405 2389 tibus,
445 2336 541 2376 seu
586 2320 749 2375 etiam
792 2326 849 2374 et
896 2315 1126 2370 Nibridii
1170 2311 1594 2368 reverentissimi
1645 2309 1825 2364 archi-

227 2412 479 2484 episcopi
512 2418 566 2466 et
592 2410 816 2463 aliorum
846 2421 1128 2463 servorum
1151 2403 1269 2469 Dei,
1296 2402 1510 2457 cuidam
1537 2399 1742 2454 cellula:
1770 2398 1825 2452 in

225 2520 379 2575 pago
398 2502 642 2558 Alhiensi
665 2515 825 2571 super
848 2497 1069 2552 ﬂuvium
1090 2496 1182 2565 qui
1205 2494 1405 2549 dicitur
1428 2491 1658 2561 Aquotis
1684 2489 1825 2554 siue,

227 2600 587 2663 nuncupaute
614 2588 960 2653 Bella-Cella,
987 2592 1314 2643 constructae
1338 2584 1394 2638 in
1418 2582 1626 2638 honore
1650 2578 1829 2636 sancti

228 2685 520 2741 Benedicti
571 2690 626 2739 et
675 2681 907 2736 aliorum
956 2685 1289 2741 sanctorum,
1323 2688 1444 2745 quae
1492 2668 1827 2741 nuperrimis

231 2774 580 2847 temporibus
621 2788 763 2828 novo
810 2784 975 2840 opere
1017 2768 1076 2823 in
1124 2767 1287 2822 rebus
1338 2754 1474 2836 quas
1504 2774 1526 2802 ο
1556 2759 1830 2819 Vulfarius

231 2880 428 2921 comes
453 2848 766 2918 memorato.
785 2857 1119 2915 monasterio
1140 2854 1434 2911 Anianensi
1462 2851 1827 2921 delegaverat,

229 2962 559 3010 constructa
588 2962 694 3019 est,
725 2951 1066 3023 privilegium
1094 2949 1163 3005 ob
1206 2947 1519 3002 ﬁrmitatem
1556 2944 1660 2999 loci
1703 2957 1833 2997 con-

231 3047 433 3111 cessit,
464 3053 523 3100 ut
556 3059 768 3115 semper
799 3044 866 3099 de
897 3045 1021 3113 ipsa
1044 3037 1462 3111 congregatione
1506 3035 1706 3090 ibidem
1735 3033 1832 3088 eli-

1909 589 2124 647 nentes,
2165 580 2244 634 ita
2280 593 2345 635 ea
2373 578 2474 633 sub
2510 582 2697 631 nostra
2743 572 3058 629 defensione
3102 572 3380 628 consistat.
3424 573 3495 628 Et

1908 680 1970 728 ut
2012 673 2130 727 haec
2173 677 2358 727 nostra
2395 666 2568 738 iussio
2600 666 2654 720 in
2697 663 2948 720 omnibus
2992 661 3202 716 ﬁrmior
3228 661 3497 719 habeatur

1910 761 2186 818 et-melins
2228 766 2603 826 conservetur,
2627 757 2695 815 de
2719 756 2919 812 annulo
2947 763 3133 811 nostro
3167 755 3356 810 subter
3373 753 3495 825 jus-

1913 851 2084 908 simus
2113 850 2360 922 sigillari.

1984 942 2272 997 Durandus
2296 942 2557 996 diaconus
2586 939 2655 995 ad
2677 940 2852 994 vicem
2877 938 3157 993 Helisacar
3183 936 3493 1006 recognovi.

1984 1034 2121 1088 Data
2161 1049 2237 1087 vn
2280 1031 2359 1087 1d.
2411 1031 2593 1096 Mart.,
2640 1046 2784 1085 anno
2833 1030 3036 1086 Christi
3096 1030 3334 1100 propitio
3394 1030 3493 1083 im-

1914 1124 2053 1197 perii
2097 1123 2281 1180 domui
2311 1121 2572 1179 Ludovici
2618 1122 2850 1193 piissimi
2886 1121 3113 1193 Augusti
3156 1131 3330 1187 sexto,
3364 1121 3502 1177 indi-

1917 1215 2097 1272 ctione
2120 1230 2219 1270 xu.

1986 1308 2182 1364 Actum
2228 1306 2556 1379 Aquisgrani
2601 1304 2807 1380 palatio
2843 1303 2993 1374 regio
3037 1304 3091 1359 in
3135 1303 3232 1359 Dei
3285 1302 3503 1359 nomine

1921 1403 2171 1461 feliciter.
2199 1399 2394 1459 Amen.

2674 1492 2749 1549 Χ.

2209 1586 2465 1658 Ejusdem
2503 1602 2599 1659 pro
2645 1585 2827 1640 eodem
2875 1587 3211 1640 monasterio.

2542 1676 2719 1748 (Anno
2746 1674 2894 1747 820.)

2312 1766 2488 1842 [Apud
2523 1766 2584 1819 D.
2629 1765 2916 1834 Bouquet.,
2956 1764 3113 1835 ibid.)

1844 1832 1896 1891 Β
1990 1860 2049 1915 In
2090 1858 2308 1915 nomine
2348 1855 2561 1912 Domini
2595 1854 2691 1909 Dei
2722 1862 2777 1909 et
2822 1832 3121 1909 Salvatoris
3160 1853 3327 1908 nostri
3379 1853 3507 1907 Jcsu

1919 1951 2161 2017 Christi,
2213 1948 2517 2005 Ludovicus
2575 1946 2759 2002 divina
2822 1945 3161 2015 providentia
3214 1946 3509 2016 imperator

1923 2046 2219 2114 Augustus.

1991 2134 2126 2191 Cum
2155 2133 2288 2188 locis
2314 2131 2498 2188 divino
2527 2130 2698 2186 cultui
2726 2129 3051 2198 mancipatis
3078 2130 3148 2185 ob
3171 2127 3367 2183 divina:
3397 2143 3510 2182 ser—

1922 2225 2109 2281 vitulis
2157 2237 2399 2278 amorem
2437 2221 2692 2291 quiddam
2737 2220 3053 2284 deferimus,
3082 2228 3137 2274 et
3166 2219 3509 2289 imperialcm

1923 2330 2130 2372 morem
2179 2315 2433 2368 decenter
2465 2311 2771 2381 impiemus,
2801 2317 2856 2365 et
2901 2309 2954 2364 id
2981 2310 3137 2364 nobis
3166 2309 3513 2379 profuturum

1925 2408 1992 2461 ad
2033 2414 2248 2461 aeternae
2280 2402 2738 2459 remunerationis
2783 2402 3007 2471 prmmia
3051 2402 3383 2471 capessenda
3424 2418 3518 2455 ve-

1924 2498 2127 2552 raciter
2172 2495 2463 2551 credimus.
2506 2492 2713 2547 Idcirco
2757 2492 2970 2546 noverit
3000 2492 3244 2548 omnium
3277 2491 3517 2545 ﬁdelium

1927 2598 2261 2654 nostrorum,
2285 2585 2634 2658 praesentium
2683 2584 2891 2642 scilicet
2914 2593 2969 2639 et
3003 2584 3310 2639 futurorum
3350 2582 3519 2638 soler-

1928 2682 2023 2748 tia,
2054 2681 2181 2752 quia
2226 2694 2328 2735 nos
2353 2677 2535 2733 divino
2566 2692 2752 2732 amore
2801 2676 3072 2743 succensi,
3100 2675 3230 2751 olim
3278 2693 3376 2747 per
3425 2692 3519 2731 no-

1929 2780 2102 2828 strum
2129 2778 2463 2842 praeceptum
2500 2769 2822 2825 tradidimus
2849 2771 3140 2841 quamdam
3170 2770 3363 2826 cellam
3392 2785 3519 2839 pro-

1929 2863 2177 2934 prietatis
2229 2869 2467 2926 nostra},
2519 2861 2680 2915 sitam
2734 2858 2875 2915 infra
2942 2876 3126 2915 muros
3186 2858 3522 2916 Arelatensis

1931 2953 2206 3019 civitatis,
2263 2960 2631 3008 constructam
2677 2951 2732 3005 in
2796 2952 3002 3006 honore
3063 2951 3237 3006 sancti
3299 2948 3518 3004 Martini

1932 3044 2260 3101 confessoris
2309 3042 2540 3111 Christi,
2572 3060 2694 3100 cum
2746 3046 2907 3100 rebus
2938 3052 2994 3100 et
3026 3044 3312 3115 mancipiis
3343 3043 3413 3098 ad
3465 3059 3523 3098 se

231 3146 456 3235 gerent
485 3139 729 3202 abbates,
780 3133 1145 3235 quandiunib‘i
1188 3132 1324 3235 tales
1354 3129 1588 3232 inveniri
1624 3127 1832 3230 potuis-
1860 3171 1907 3235 Ο
1937 3135 2324 3207 aspicientibus
2367 3135 2451 3190 vel
2498 3135 2916 3207 pertinentibus,
2971 3138 3302 3192 monasterio
3358 3136 3525 3191 Ania-

231 3237 388 3283 sent.
423 3227 483 3282 Si
511 3243 641 3283 vero
677 3226 993 3296 contigisset
1029 3223 1227 3279 ibidem
1271 3220 1421 3276 illum
1457 3218 1688 3274 inveniri
1733 3215 1836 3271 mi-

231 3321 397 3378 nime
427 3334 611 3390 posse,
640 3329 702 3375 ut
726 3319 790 3373 de
813 3317 1068 3387 praedicta
1111 3312 1532 3385 congregatione
1560 3309 1838 3364 Anianen—

232 3414 319 3470 sis
370 3410 697 3468 monasterii
748 3411 950 3467 ibidem
990 3407 1441 3469 constitueretur;
1482 3411 1539 3458 et
1583 3402 1631 3455 si
1680 3399 1838 3455 aliter

229 3520 415 3578 quam
444 3504 727 3573 oportebat
750 3501 989 3567 fecisset,
1012 3509 1069 3556 et
1089 3516 1121 3553 a
1146 3513 1246 3554 suo
1270 3494 1548 3567 proposito
1574 3492 1630 3546 in
1656 3490 1837 3560 aliquo

230 3594 638 3658 exorbitasset,
687 3601 749 3648 ut
798 3601 979 3647 rector
1022 3602 1164 3656 saepe
1212 3584 1474 3640 nominati
1520 3580 1837 3637 monasterii

230 3700 342 3742 sua
375 3683 709 3739 auctoritate
740 3680 870 3735 illud
894 3679 1230 3734 emendaret.

309 3774 601 3831 Caeterum
628 3769 868 3840 quandiu
896 3783 1050 3823 suam
1075 3766 1469 3838 professionem
1495 3766 1636 3821 bene
1659 3765 1841 3822 obser-

227 3867 489 3929 vabunt,
519 3862 825 3917 nullatenus
859 3859 1098 3930 qualibet
1131 3858 1419 3915 occasione
1450 3872 1546 3913 eos
1586 3857 1842 3913 infestas-

186 4014 191 4019 _
225 3963 393 4020 sent,
426 3959 526 4006 aut
553 3966 743 4006 eorum
787 3950 1021 4020 quietem
1052 3948 1484 4019 perturbassent,
1510 3955 1604 4001 aut
1635 3946 1840 4017 aliquid

227 4042 523 4102 contrarii
550 4042 630 4097 eis
655 4040 937 4097 fecissent.
968 4038 1075 4096 Sed
1097 4047 1159 4094 ut
1186 4038 1379 4094 melius
1405 4045 1838 4103 conservaretur,

225 4134 408 4205 petiit
466 4137 530 4185 ut
578 4138 777 4186 nostra
822 4128 1069 4199 jussione
1116 4142 1313 4182 manus
1352 4137 1531 4182 ratum
1574 4134 1838 4182 maneret.

225 4224 496 4281 Proinde
522 4222 622 4278 has
644 4222 856 4278 litteras
875 4221 991 4278 ﬁeri
1005 4218 1288 4290 jussimus,
1313 4234 1410 4289 per
1432 4232 1567 4288 quas
1587 4216 1842 4286 juhemus

223 4325 297 4371 ut
321 4313 633 4369 memorati
661 4311 857 4366 fratres
880 4312 930 4364 in
955 4309 1143 4366 eodem
1168 4309 1286 4365 loco
1306 4310 1666 4366 consistentes
1686 4308 1841 4379 juxta

224 4402 511 4474 superius
563 4408 804 4454 laxatum
848 4397 1065 4453 modum
1112 4400 1222 4455 Deo
1264 4401 1447 4470 quiete
1495 4401 1759 4467 militent,
1789 4409 1845 4456 et

1941 3227 2125 3292 nensi,
2159 3228 2301 3297 quod
2339 3235 2425 3283 est
2463 3228 2700 3283 dicatum
2739 3229 2795 3283 in
2833 3230 3039 3286 honore
3080 3229 3291 3285 Domini
3322 3238 3377 3286 et
3406 3230 3526 3286 Sal—

1936 3318 2140 3372 vatoris
2166 3318 2341 3372 nostri
2368 3316 2495 3371 Jesu
2525 3318 2753 3382 Christi,
2786 3326 2841 3371 et
2866 3328 3067 3373 sancta:
3098 3318 3280 3374 Maria:
3311 3334 3526 3390 semper

1937 3409 2183 3479 virginis,
2213 3409 2375 3462 situm
2407 3409 2461 3462 in
2490 3424 2627 3479 pago
2672 3409 3106 3479 Magdaloncnse.
3154 3412 3220 3466 Et
3253 3420 3379 3467 tunc
3408 3412 3524 3484 pla-

1938 3499 2050 3555 cuit
2078 3499 2234 3555 nobis
2263 3514 2361 3569 pro
2384 3499 2624 3555 remedio
2645 3500 2841 3556 animae
2869 3509 3091 3569 nostrae,
3115 3510 3174 3558 ut
3205 3504 3328 3572 pius
3345 3504 3529 3560 Domi-

1938 3606 2042 3647 nus
2089 3598 2438 3662 peccatorum
2495 3599 2803 3648 nostrorum
2834 3593 3076 3649 maculas
3112 3602 3323 3667 tergere
3358 3605 3413 3652 et
3438 3612 3530 3652 su-

1938 3685 2122 3755 pernis
2156 3684 2366 3740 civibus
2413 3685 2641 3741 adscisci
2688 3686 2958 3757 dignetur,
3003 3689 3296 3757 quamdam
3342 3690 3527 3745 villam

1934 3773 2075 3843 juris
2103 3775 2294 3838 nostri,
2329 3790 2449 3845 quae
2483 3776 2679 3833 dicitur
2707 3776 2990 3844 Massacia,
3023 3795 3146 3836 cum
3192 3782 3530 3854 appendiciis

1941 3866 2073 3934 suis,
2099 3867 2385 3923 habentem
2409 3868 2529 3939 plus
2560 3869 2739 3932 minus
2764 3871 3125 3942 quadraginta
3149 3888 3390 3940 mansos,
3410 3890 3533 3944 qua:

1940 3964 2024 4012 est
2058 3973 2127 4014 ex
2173 3959 2383 4016 ratione
2424 3960 2693 4036 prtedictae
2734 3962 2883 4017 cellze
2933 3963 3107 4020 sancti
3151 3964 3392 4030 Martini,
3423 3980 3530 4019 non

1943 4049 2115 4104 solum
2153 4049 2329 4109 eidem
2359 4050 2509 4110 cellae
2542 4050 2792 4118 reddere,
2836 4053 2930 4109 sed
2969 4054 3137 4118 etiam
3186 4054 3532 4112 liberalitatis

1943 4150 2142 4203 nostrae
2186 4157 2412 4198 munere
2453 4158 2551 4219 per
2580 4143 2679 4203 bos
2725 4145 3035 4214 imperiales
3084 4148 3269 4218 apices
3310 4158 3531 4206 nostros

1944 4233 2141 4288 ibidem
2176 4233 2504 4295 confirmare
2534 4253 2547 4288 :
2580 4244 2848 4306 quatenus
2874 4239 3222 4295 eadcm'cclla
3246 4254 3368 4295 cum
3392 4255 3533 4311 prte-

1945 4323 2086 4381 dlcta
2118 4323 2242 4379 villa
2270 4326 2535 4396 perpetim
2566 4327 2620 4381 in
2647 4327 2737 4399 jus
2768 4338 2824 4383 ct
2851 4329 3272 4386 dominationem
3318 4332 3531 4401 prmfati

1944 4415 2257 4469 monasterii
2281 4415 2606 4473 Anianensis
2644 4433 2943 4489 eorumque
2975 4422 3204 4476 rectoris
3248 4422 3526 4491 persistat.

226 4495 517 4551 abbatem
566 4492 803 4563 quandiu
845 4507 912 4547 ex
954 4507 1013 4548 se
1049 4492 1251 4547 bonum
1293 4494 1494 4564 eligere
1543 4496 1832 4564 potuerint,

1946 4503 2094 4560 Hanc
2121 4520 2251 4561 vero
2287 4506 2471 4561 villam
2498 4524 2621 4564 cum
2650 4511 2901 4565 omnibus
2930 4511 2995 4565 ad
3027 4527 3084 4566 se
3113 4514 3367 4582 prteseuti
3395 4523 3530 4568 tem»

215 4584 398 4656 juxta
462 4584 804 4653 praemissam
854 4584 1296 4641 constitutionem
1350 4585 1672 4657 eligantzet
1715 4586 1759 4640 si
1809 4602 1841 4641 a

222 4677 544 4750 proposito
566 4690 665 4730 suo
688 4675 947 4743 aliorsum
975 4677 1205 4747 digressi
1227 4675 1448 4743 fuerint,
1467 4691 1565 4746 per
1590 4678 1842 4733 abbatem

218 4768 589 4827 Auianensis
633 4770 947 4825 monasterii
978 4771 1347 4841 corrigantur;
1393 4778 1468 4834 et,
1514 4770 1654 4826 sicut
1691 4771 1839 4826 intu-

218 4866 435 4929 limus,
469 4860 679 4915 nullam
707 4860 1105 4917 infestationem
1132 4868 1227 4916 aut
1254 4861 1681 4930 inquietudinem
1711 4877 1841 4933 qua-

216 4957 371 5012 libet
396 4951 724 5017 occasione,
753 4952 879 5006 dum
908 4952 1043 5008 bene
1071 4968 1228 5007 suum
1251 4952 1586 5023 propositum
1617 4968 1841 5009 conser-

214 5045 540 5108 vaverint,
572 5058 605 5096 a
632 5044 937 5099 rectoribus
978 5052 1035 5099 et
1077 5046 1495 5115 congregatione
1538 5045 1841 5116 praescripti

213 5134 582 5199 monasterii
606 5132 934 5191 Anianensis
962 5135 1238 5206 patiantur
1262 5154 1274 5191 :
1301 5136 1394 5191 sed
1413 5135 1569 5204 juxta
1598 5138 1844 5206 prtemis-

215 5248 352 5291 sam
385 5226 775 5287 conditionem
815 5227 871 5282 in
892 5227 1150 5282 omnibus
1190 5227 1372 5296 quiete
1396 5227 1581 5283 vivere
1607 5227 1840 5282 valeant.

216 5324 365 5381 Hzcc
406 5333 559 5376 vero
579 5318 773 5374 cellula
812 5317 914 5374 sub
954 5317 1144 5374 eadem
1170 5318 1527 5385 immunitate,
1558 5334 1718 5389 quam
1746 5332 1845 5377 nos

215 5414 519 5490 praedicto
565 5409 896 5465 monasterio
939 5409 1233 5465 Anianensi
1263 5394 1514 5477 fecimus,
1544 5410 1845 5465 indivisibi-

298 5563 327 5591 α
363 5545 608 5603 Initium
635 5542 782 5613 regni
808 5542 1155 5613 repetendum
1185 5543 1252 5597 ali
1274 5557 1415 5597 anno
1443 5543 1565 5599 8l3.

300 5620 332 5661 1³
377 5612 729 5674 Benedictus
753 5629 786 5667 ει
809 5612 1078 5668 Ludovico
1104 5614 1198 5667 Pio
1228 5614 1280 5666 in
1311 5613 1595 5667 Frzmciam
1625 5625 1848 5671 voratus

222 5709 385 5747 anno
420 5685 568 5744 8H.
602 5682 892 5752 Georgium
925 5684 976 5737 in
1008 5684 1336 5739 monasterio
1364 5682 1661 5745 Aniancnsi
1690 5702 1845 5741 suum

221 5770 638 5821 successorem
677 5753 941 5827 elegerat.

1946 4610 2076 4664 pore
2098 4596 2242 4667 juste
2271 4606 2326 4652 et
2368 4599 2613 4670 legaliter
2649 4601 3058 4669 aspicientibus,
3096 4604 3364 4671 domibus,
3395 4608 3532 4661 (adh.

1948 4686 2106 4754 ﬁciis,
2159 4689 2421 4756 ecclesiis,
2464 4691 2747 4762 mancipiis
2798 4694 3081 4767 utriusque
3128 4711 3310 4761 sexus,
3343 4699 3528 4763 terris,

1949 4779 2140 4846 vineis,
2167 4780 2361 4856 pratis,
2390 4780 2561 4848 silvis,
2593 4784 2811 4853 pascuis
2831 4824 2845 4850 ,
2875 4786 3032 4855 aquis
3062 4802 3397 4858 aquarumve
3440 4790 3534 4844 dc-

1946 4872 2213 4937 cursibus,
2249 4873 2593 4939 molendinis,
2632 4877 2859 4945 perviis,
2888 4878 3125 4935 exitibus
3171 4889 3229 4936 et
3275 4884 3534 4951 regressi-

1946 4962 2067 5028 bus,
2097 4962 2181 5017 vel
2211 4972 2692 5037 quantumcunque
2732 4966 2802 5023 ad
2847 4981 2968 5023 eam
2998 4971 3260 5027 moderno
3288 4983 3535 5042 tempore

1947 5051 2192 5121 aspicere
2233 5053 2450 5109 videtur
2493 5062 2548 5110 et
2577 5056 2749 5111 nostri
2790 5054 2932 5125 juris
2961 5067 3017 5114 et
3045 5062 3407 5130 possessionis
3448 5070 3535 5119 est

1941 5141 2064 5213 jure
2095 5144 2463 5215 proprietatis,
2497 5154 2669 5200 totum
2695 5155 2752 5201 et
2778 5150 2846 5205 ad
2873 5149 3141 5221 integrum
3172 5152 3257 5207 vel
3285 5153 3534 5223 inexqui-

1947 5234 2111 5290 situm
2140 5236 2408 5307 praedictae
2425 5237 2665 5299 ecclesiae
2686 5240 2859 5295 sancti
2883 5240 3099 5297 Martini
3125 5251 3179 5298 et
3202 5245 3547 5300 monasterio-

1948 5325 2243 5389 Anianensi
2290 5341 2388 5397 per
2418 5327 2560 5383 hanc
2586 5332 3156 5392 nostrarauctoritatis
3182 5335 3530 5393 donationem

1949 5417 2213 5473 donamus
2237 5426 2399 5487 atque
2424 5416 2856 5483 transfundimus
2878 5435 2895 5477 :
2921 5423 2994 5477 ita
3022 5424 3274 5482 videlicet
3298 5435 3361 5488 ut,
3380 5428 3534 5497 quid-

2027 5560 2048 5586 ε
2081 5549 2368 5629 λὐιΐίιιῆιιε
2408 5550 2715 5629 ΑιξξίζςηξίδΔ
2751 5571 2955 5617 comes,
2988 5558 3224 5623 Aimoni,
3254 5562 3337 5613 cui
3388 5563 3529 5619 hunc

1953 5622 2267 5699 comitatum
2299 5637 2441 5705 anno
2480 5622 2580 5679 778
2618 5625 2841 5681 dederat
2868 5628 3089 5684 Carolus
3122 5622 3361 5705 Magnus,
3402 5649 3526 5691 suc--

1953 5691 2183 5745 cessisse
2212 5691 2468 5747 creditur.
