4014 6186
477 294 609 352 ιιδι

1467 287 1527 344 5.
1566 285 1998 344 BENEDICTUS
2039 285 2256 343 ABBAS
2302 285 2727 345 ANIANENSIS.

3609 298 3743 355 HE!

475 401 606 472 quid
652 404 891 455 rectores
912 401 972 451 et
997 392 1232 450 ministri
1262 392 1492 465 praefati
1538 397 1856 452 monasterii
1892 395 2058 452 Ania-
2081 402 2131 463 Α
2158 412 2321 467 quam
2348 396 2598 466 iuniores
2639 407 2695 454 et
2741 398 3128 457 ministeriales
3157 404 3352 472 vestri,
3383 416 3449 462 ut
3495 408 3740 473 homines

474 489 742 548 nensisob
755 487 1039 541 utilitatem
1063 493 1120 540 et
1136 485 1439 556 profectum
1463 486 1711 555 pmdicti
1736 486 2053 541 monasterii

475 581 658 637 facere
706 576 1006 639 voluerint,
1036 576 1205 630 libero
1234 575 1286 629 in
1315 576 1410 631 Dei
1457 576 1675 631 nomine
1706 576 2054 646 perfruantur

474 674 704 731 arbitrio
728 673 978 728 faciendi.
1028 672 1094 725 Et
1136 680 1198 726 ut
1222 672 1339 726 haec
1387 671 1688 726 auctoritas
1733 687 1832 742 per
1873 670 2052 725 futura

475 777 717 835 tempora
740 763 1102 819 inviolabilem
1131 764 1372 817 obtineat
1393 762 1730 830 firmitatem,
1747 777 1865 817 eam
1890 778 2052 817 manu

472 856 692 928 propria
723 857 910 911 subter
954 855 1310 919 firmavimus,
1335 862 1391 910 et
1414 855 1599 909 annuli
1625 856 1796 911 nostri
1825 856 2053 926 impres-

474 948 628 1003 sione
657 949 807 1017 signa
816 949 861 1001 ri
889 947 1166 1017 iussimus.

546 1038 772 1108 Signum
799 1039 1054 1093 Ludovici
1083 1039 1412 1094 serenissimi
1439 1039 1805 1110 imperatoris.

546 1129 833 1185 Durandus
902 1130 1160 1185 diaconus
1213 1131 1282 1184 ad
1333 1130 1507 1185 vicem
1566 1129 1830 1201 Fridugisi
1893 1144 2052 1185 reco-

476 1222 659 1291 gnovL

547 1313 681 1366 Data
706 1328 786 1366 ιιιι
807 1312 930 1366 ldus
947 1312 1145 1376 Martii,
1168 1327 1327 1376 anno,
1346 1310 1563 1366 Christo
1578 1312 1833 1382 propitio,
1844 1326 1925 1365 vn
1952 1310 2055 1365 im-

474 1403 609 1471 perii
631 1403 811 1457 domui
836 1402 1094 1458 Ludovici
1118 1402 1609 1472 piissimiAugusti,
1624 1403 1917 1457 indictione
1930 1416 2048 1454 xm.

542 1493 735 1547 Actum
782 1492 1107 1563 Aquisgrani
1156 1492 1361 1561 palatio
1413 1492 1561 1563 regio
1606 1492 1786 1547 inDei
1833 1491 2054 1546 nomine

472 1582 724 1637 feliciter.
761 1581 953 1636 Amen.
1218 1650 1289 1705 XI

757 1742 1015 1813 Ejusdem
1058 1760 1152 1812 pro
1195 1742 1373 1796 eodem
1428 1748 1770 1800 monasterio.

1074 1834 1250 1905 (Anno
1292 1833 1441 1903 8:22.)

879 1924 1054 1996 [Apud
1083 1925 1143 1977 D.
1177 1924 1464 1993 Bouquet.,
1497 1922 1652 1997 ibid.]

540 2016 600 2070 in
629 2015 848 2070 nomine
878 2014 1089 2068 Domini
1118 2014 1214 2067 Dei
1254 2022 1310 2068 et
1355 2013 1654 2070 Salvatoris
1705 2016 1877 2070 nostri
1921 2013 2049 2071 Jesu

471 2106 714 2170 Christi,
767 2103 1072 2159 Ludovicus
1127 2103 1310 2157 divina
1366 2103 1651 2159 ordinante
1712 2107 2049 2176 providentia

472 2195 765 2265 imperator
805 2193 1109 2264 Augustus,
1153 2191 1404 2248 omnibus
1449 2194 1762 2262 comitibus,
1808 2196 2050 2263 vicariis,

472 2286 822 2353 centenariis,
861 2285 974 2340 sive
1011 2285 1221 2339 caeteris
1240 2284 1511 2355 iudicibus
1557 2286 1760 2342 nostris
1806 2289 2051 2359 partibus

471 2376 803 2444 Provincizn,
831 2389 856 2418 ι
888 2375 1237 2448 Septimanite
1264 2384 1319 2431 et
1348 2375 1654 2446 Aquitaniae
1701 2379 2050 2435 consistenti-

469 2470 575 2525 bus

542 2557 738 2614 Notum
760 2558 913 2613 vobis
942 2557 1015 2613 sit
1037 2558 1179 2627 quod
1204 2557 1289 2611 vir
1310 2559 1635 2614 venerabilis
1660 2560 2049 2616 Tructesindus

469 2651 637 2707 abbas
667 2652 979 2707 monasterii
1018 2652 1338 2707 Anianensis
1373 2652 1640 2723 suggessit
1682 2651 1839 2705 nobis
1886 2660 2050 2720 atque

468 2741 749 2807 indicavit,
779 2743 922 2813 quod
951 2741 1199 2797 homines
1223 2742 1303 2796 vel
1338 2741 1520 2796 famuli
1556 2741 1838 2797 memorati
1864 2756 2048 2796 mona-

469 2832 621 2888 sterii
662 2847 764 2903 per
807 2824 1023 2887 diversa
1070 2832 1188 2887 ioca
1236 2833 1618 2896 consistentes,
1650 2832 1704 2887 in
1732 2833 2049 2889 ministeriis

465 2925 668 2980 vestris
712 2923 879 2979 multa
922 2924 1238 2996 praeiudicia
1264 2933 1318 2980 et
1346 2924 1723 2983 infestationes
1768 2926 2049 2995 patiantur

467 3022 582 3069 tam
610 3032 638 3068 a
663 3014 973 3084 junioribus
1006 3016 1198 3070 vestris
1231 3031 1393 3084 quam
1438 3016 1507 3071 ab
1548 3014 1669 3070 aliis
1715 3015 2045 3079 hominibus,

2151 498 2207 542 et
2248 488 2437 543 famuli
2485 490 2769 544 memorati
2800 493 3113 547 monasterii
3146 495 3202 548 in
3226 497 3488 553 omnibus
3516 499 3652 558 locis
3673 506 3737 561 ad

2153 584 2332 631 vestra
2375 578 2674 634 ministeria
2721 581 3123 650 pertinentibus
3165 592 3353 654 pacem
3400 588 3659 659 habeant,
3685 604 3734 650 et

2152 667 2233 721 eis
2264 666 2427 721 liceat
2454 683 2578 724 cum
2623 671 2915 726 sectiritatc
2944 683 3247 729 memorato
3273 682 3611 736 monasterio
3651 685 3735 740 de-

2154 758 2358 812 servire
2382 765 2494 813 taln
2524 759 2577 814 in
2605 762 2835 831 privatis
2879 778 3041 832 quam
3076 765 3130 819 in
3155 767 3388 835 pubiicis
3413 780 3473 824 et
3498 787 3732 829 commu-

2152 855 2313 909 nibus
2342 854 2508 922 locis;
2543 870 2644 911 nec
2666 856 2811 913 nllus
2837 868 3081 913 vestrum
3110 862 3196 915 vel
3210 861 3497 929 iuniorum
3531 878 3729 925 vestro-

2153 959 2273 1001 rum
2308 948 2535 1004 ulterius
2558 963 2659 1005 eos
2680 952 2876 1005 audeat
2918 953 3250 1022 despoliare,
3278 965 3334 1010 et
3362 959 3448 1013 vel
3474 959 3533 1013 in
3563 960 3726 1019 ﬂumi-

2152 1039 2333 1105 nibus,
2362 1040 2444 1095 vel
2473 1041 2526 1095 in
2555 1042 2729 1112 plagis
2755 1045 2922 1099 maris
2945 1046 3240 1115 piscantes,
3266 1048 3350 1103 vei
3377 1051 3431 1104 in
3457 1052 3581 1108 aliis
3606 1055 3730 1111 locis

2153 1130 2220 1184 ad
2249 1131 2566 1200 praedictum
2612 1137 3003 1189 monasterium
3052 1139 3450 1207 pertinentibus
3496 1144 3729 1202 diversas

2153 1221 2413 1276 utilitates
2442 1230 2497 1276 et
2520 1222 2744 1279 servitia
2773 1223 3032 1281 facientes
3075 1226 3356 1293 infestare,
3384 1231 3471 1284 vel
3521 1233 3724 1303 inquie-

2153 1319 2295 1374 tare,
2324 1321 2417 1365 aut
2442 1327 2473 1365 a
2500 1313 2680 1367 debito
2724 1312 2968 1382 iniuncto
3011 1316 3112 1372 sibi
3145 1321 3369 1377 servitio
3417 1324 3725 1393 prohibere,

2152 1401 2239 1456 vel
2266 1402 2468 1471 aliquid
2500 1412 2688 1458 contra
2714 1403 2887 1477 legem
2912 1413 2966 1461 et
2987 1405 3253 1475 justitiam
3282 1410 3465 1468 facere
3490 1432 3505 1468 :
3534 1416 3659 1485 quia
3687 1416 3729 1469 ai

2152 1491 2380 1547 ulterius
2407 1493 2475 1546 ad
2504 1501 2719 1549 nostras
2743 1510 2904 1551 aures
2937 1496 3101 1552 fuerit
3136 1500 3426 1570 perlatum,
3460 1515 3514 1557 et
3550 1519 3729 1558 verum

2154 1585 2457 1650 inventum,
2506 1594 2891 1645 temeratorem
2947 1593 3120 1647 nostri
3175 1597 3414 1651 mandati
3467 1599 3729 1669 condigna

2154 1678 2266 1733 suis
2297 1677 2455 1733 factis
2489 1679 2725 1735 vindicta
2755 1695 3006 1737 coercere
3035 1684 3392 1741 decrevimus.
3442 1686 3731 1759 Propterea

2079 1770 2125 1830 B
2152 1769 2499 1838 prajcipimus
2528 1778 2690 1840 atque
2708 1770 2965 1840 iubemus
2988 1783 3047 1828 ut
3077 1776 3257 1831 taliter
3287 1779 3484 1833 exinde
3533 1783 3727 1850 agatis,

2153 1860 2385 1929 qualiter
2416 1863 2647 1932 gratiam
2693 1874 2938 1919 nostram
2982 1865 3147 1921 vultis
3177 1868 3376 1923 habere
3420 1873 3724 1942 propitiam.

2153 1950 2223 2004 Et
2251 1959 2310 2005 ut
2339 1952 2543 2006 certius
2571 1952 2711 2008 hanc
2738 1962 2976 2009 nostram
2994 1956 3294 2026 iussionem
3319 1975 3443 2015 esse
3477 1964 3728 2028 credatis,

2154 2041 2221 2096 de
2244 2041 2442 2097 annulo
2470 2052 2658 2099 nostro
2687 2047 2876 2101 subter
2893 2044 3156 2115 iussimus
3183 2051 3426 2120 sigillari.

2224 2131 2357 2187 Data
2388 2149 2476 2188 nv
2507 2134 2623 2189 Kal.
2674 2136 2897 2207 Aprilis,
2953 2155 3095 2195 anno
3129 2141 3347 2200 Christo
3391 2148 3641 2217 propitio,
3672 2164 3726 2203 ιι

2153 2222 2366 2293 imperii
2421 2223 2605 2280 domui
2666 2226 2925 2284 Ludovici
2988 2231 3217 2300 piissimi
3275 2235 3546 2306 Augusti,
3590 2238 3727 2292 indi-

2154 2313 2334 2369 ctione
2365 2330 2454 2368 xv.

2221 2401 2418 2457 Actum
2446 2403 2770 2476 Aquisgrani
2796 2409 2995 2479 palatio
3020 2412 3073 2466 in
3104 2413 3203 2468 Dei
3229 2417 3448 2473 nomine
3477 2418 3723 2476 feliciter.

2152 2493 2349 2547 Amen.

2892 2573 3007 2629 XII.

2450 2659 2706 2728 Ejusdem
2740 2680 2836 2734 pro
2865 2668 3046 2722 eodem
3087 2676 3433 2738 monasterio.

2764 2755 2943 2825 (Anno
2976 2759 3127 2831 822.)

2529 2842 2704 2914 [Apud
2750 2845 2815 2899 D.
2853 2845 3143 2919 Bouquet.,
3193 2853 3353 2927 ibid.]

2214 2926 2280 2982 -ιιι
2303 2930 2523 2986 nomine
2560 2933 2774 2990 Domini
2804 2936 2898 2993 Dei
2943 2948 2995 2994 et
3046 2926 3346 3001 Salvatoris
3394 2950 3569 3004 nostri
3611 2950 3729 3007 Jesu

2151 3019 2401 3110 Christi,
2438 3023 2743 3083 Ludovicus
2789 3029 2972 3085 divina
3016 3036 3344 3104 propitiante
3392 3043 3729 3110 providentia

467 3113 524 3157 et
551 3119 658 3158 non
686 3111 911 3172 possunt
948 3106 1148 3159 habere
1178 3105 1547 3160 defensionem
1576 3121 1673 3175 per
1718 3115 2043 3176 prmerptum
2076 3134 2117 3195 ρ
2150 3108 2444 3179 imperator
2469 3111 2763 3184 Augustus.

466 3191 849 3257 immunitatis,
895 3193 1038 3261 quod
1083 3208 1182 3247 nos
1231 3194 1406 3247 eidem
1452 3196 1780 3249 monasterio
1812 3203 2048 3265 propter

467 3283 564 3339 Dei
607 3298 846 3337 amorem
871 3291 928 3338 et
953 3291 1194 3338 nostram
1226 3280 1625 3354 cleemosynam
1659 3286 2045 3348 concessimus,

463 3389 534 3430 eo
577 3373 720 3444 quod
761 3388 858 3429 vos
900 3375 1014 3429 sive
1050 3373 1294 3442 iuniores
1336 3376 1505 3430 vestri
1549 3376 1743 3432 dicatis
1788 3393 1893 3432 non
1926 3378 2049 3447 plus

466 3465 825 3520 itnmunitatis
851 3480 1045 3520 nomen
1076 3465 1361 3537 complecti
1391 3483 1552 3535 quam
1590 3469 1883 3523 claustrum
1933 3486 2048 3523 mo-

465 3556 723 3621 nasterii;
755 3563 952 3611 Cretera
979 3557 1160 3609 omnia
1192 3557 1439 3627 quamvis
1467 3556 1535 3610 ad
1565 3558 1739 3627 ipsum
1772 3568 2045 3613 monaste-

466 3644 606 3699 rium
634 3644 968 3714 pertinentia
992 3652 1148 3699 extra
1195 3646 1598 3701 immunitatem
1626 3662 1765 3703 esse.
1815 3646 2046 3717 PrOpter

463 3735 569 3789 hoc
597 3733 847 3788 volumus
871 3742 929 3788 ut
957 3734 1270 3805 intelligatis
1309 3750 1417 3790 non
1447 3736 1620 3791 solum
1651 3738 1717 3793 ad
1747 3737 2043 3792 claustrum

464 3828 803 3892 monasterii,
853 3827 937 3883 vci
986 3828 1245 3883 ecclesias
1293 3836 1456 3898 atque
1502 3830 1638 3883 atria
1689 3830 2041 3885 ecclesiarum

464 3918 825 3976 immanitatis
846 3936 1052 4003 pomen
1084 3921 1379 3992 pertinere,
1405 3938 1595 3978 verum
1624 3925 1788 3980 etiam
1829 3926 1898 3980 ad
1942 3926 2042 3981 do-

464 4026 584 4067 mos
608 4021 667 4067 et
693 4012 848 4069 villas
873 4023 926 4069 et
958 4024 1108 4084 septa
1151 4014 1397 4070 villarum
1419 4058 1433 4083 ,
1463 4027 1518 4072 et
1551 4018 1895 4088 piscatorias,
1925 4034 2042 4073 ma-

464 4103 712 4169 nufacta,
741 4105 825 4159 vel
871 4106 1132 4176 quidquid
1183 4106 1343 4163 fossis
1390 4110 1474 4164 vel
1528 4112 1748 4182 sepibus
1793 4121 1889 4167 aut
1937 4112 2042 4167 alio

464 4196 1002 4286 elausarumfgencrc
1051 4198 1419 4269 prmcingitur,
1447 4203 1635 4256 eodem
1682 4204 2043 4260 immunitatis

463 4287 682 4342 nomine
706 4287 989 4342 contineri.
1017 4286 1093 4341 ita
1122 4288 1383 4359 quidquid
1414 4290 1555 4345 intra
1582 4290 1890 4360 huiusmodi
1923 4312 2038 4351 mu-

461 4378 703 4434 nimenta
734 4378 801 4433 ad
838 4378 927 4448 ius
969 4377 1256 4449 cujuslibet
1300 4384 1617 4436 monasterii
1658 4386 1981 4454 pertinentia
2009 4403 2040 4441 a

2221 3199 2278 3254 Si
2309 3216 2436 3273 erga
2480 3204 2599 3260 loca
2641 3206 2844 3263 divinis
2883 3211 3118 3269 cultibus
3155 3217 3483 3288 mancipata,
3515 3233 3728 3292 propter

2149 3306 2390 3346 amorem
2422 3291 2540 3357 Dei,
2572 3293 2794 3365 eiusque
2832 3298 2886 3352 in
2916 3301 3118 3358 eisdem
3169 3303 3304 3360 locis
3327 3307 3433 3361 sibi
3466 3291 3724 3365 famulan-

2149 3390 2254 3447 tes,
2287 3383 2544 3441 benelicia
2584 3394 2891 3455 opportuna
2937 3389 3212 3461 largimur,
3241 3398 3533 3464 praemium
3579 3402 3725 3455 nobis

2147 3479 2366 3526 mterna:
2396 3476 2849 3532 remunerationis
2890 3482 3109 3549 rependi
3146 3498 3255 3538 non
3304 3486 3612 3544 diuidimus.
3643 3490 3722 3545 Μ-

2146 3562 2293 3616 circo
2319 3572 2507 3618 notum
2534 3566 2604 3620 sit
2626 3570 2880 3625 omnibus
2916 3571 3166 3630 ﬁdelibus
3188 3580 3412 3642 nostris,
3440 3585 3717 3648 praesenti-

2147 3656 2248 3711 bus
2277 3656 2487 3713 scilicet
2510 3671 2567 3714 et
2592 3660 2807 3728 futuris,
2836 3665 2962 3734 quia
2990 3668 3194 3736 placuit
3214 3671 3375 3726 nobis
3398 3688 3495 3741 pro
3523 3689 3723 3729 mercc-

2146 3746 2230 3803 dis
2266 3756 2467 3805 nostrae
2509 3763 2802 3823 augmento
2825 3756 2893 3809 ad
2936 3761 3331 3815 monasterium
3360 3762 3500 3832 quod
3529 3764 3724 3819 dicitur

2144 3839 2373 3907 Aniena,
2403 3843 2567 3899 situm
2618 3845 2672 3899 in
2701 3861 2841 3917 pago
2883 3848 3319 3921 Magdalenense,
3353 3865 3725 3911 constructum

2145 3930 2201 3985 in
2230 3933 2440 3989 honore
2471 3934 2687 3990 Domini
2715 3946 2773 3991 et
2798 3937 3100 3997 Salvatoris
3142 3945 3317 3998 nostri
3345 3942 3473 3999 Iesu
3504 3945 3719 4004 Christi.

2144 4027 2199 4074 et
2245 4030 2450 4078 sanctze
2491 4022 2675 4079 Mariae
2721 4040 2939 4095 semper
2976 4029 3222 4100 virginis,
3252 4048 3349 4087 seu
3381 4041 3436 4087 et
3479 4033 3723 4097 aliorum,

2144 4111 2236 4165 ubi
2265 4126 2409 4167 nullo
2450 4112 2839 4171 Tructesindus
2882 4118 3052 4174 abbas
3097 4136 3334 4190 prteesse
3360 4124 3577 4178 videtur
3608 4140 3725 4178 cum

2145 4198 2302 4253 turba
2326 4202 2740 4270 monachorum,
2764 4205 2965 4275 aliquid
2986 4221 3054 4263 ex
3072 4212 3277 4265 nostris
3298 4213 3460 4266 rebus
3484 4213 3722 4275 tradere;

2145 4288 2200 4343 id
2242 4298 2327 4345 est
2370 4293 2663 4360 quamdam
2709 4294 2956 4352 cellulam
3007 4312 3411 4370 nuncupantem
3454 4301 3724 4364 Gellonis.

2146 4381 2307 4437 sitam
2336 4382 2389 4437 in
2416 4399 2556 4454 pago
2585 4385 2927 4464 Ludovense,
2955 4404 3080 4445 cum
3108 4394 3365 4448 omnibus
3400 4396 3727 4464 appendiciis

461 4469 701 4537 quolibet
754 4469 995 4534 homine,
1041 4470 1291 4535 nocendi,
1344 4472 1428 4527 vel
1476 4474 1733 4530 damnant
1778 4476 2041 4535 inferendi
2072 4474 2121 4534 D
2147 4471 2279 4535 Silis.
2321 4471 2405 4527 Vel
2437 4460 2698 4544 quidquid
2730 4476 2803 4531 ibi
2851 4477 3160 4536 Willelmus
3205 4460 3487 4552 quondam
3529 4500 3724 4547 omnes.

461 4573 649 4623 ansa,
675 4567 969 4629 spontanea
996 4561 1267 4616 voluntate
1292 4565 1670 4631 committitur,
1690 4567 1744 4621 in
1769 4568 1872 4624 hoc
1894 4569 2040 4627 facto

462 4646 778 4703 immunitas
804 4645 974 4702 fracta
1017 4662 1138 4702 esse
1160 4649 1456 4718 iudicatur.
1490 4651 1645 4719 Quod
1673 4670 1804 4710 vero
1829 4655 1882 4709 in
1911 4672 2042 4726 agro

459 4738 547 4796 vel
569 4753 762 4809 campo
789 4747 881 4793 aut
914 4738 1068 4805 silva,
1104 4754 1225 4810 qua:
1265 4741 1410 4796 nulla
1454 4744 1753 4800 munitione
1781 4747 2039 4817 cingitur,

460 4847 590 4889 casu
616 4835 759 4889 sicut
782 4832 899 4888 fieri
928 4833 1083 4897 solet,
1118 4849 1149 4887 a
1180 4833 1510 4903 quibuslibet
1538 4837 1852 4894 hominibus
1885 4855 2040 4894 com-

459 4924 688 4982 missum
734 4922 918 4989 fuerit,
945 4923 1193 4994 quamvis
1236 4923 1377 4980 idem
1410 4941 1540 4995 ager
1565 4927 1649 4982 vel
1694 4944 1918 5000 campus
1948 4939 2044 4986 aut

459 5014 599 5070 silva
622 5013 689 5068 ad
711 5012 994 5068 ecclesiam
1015 5023 1340 5083 prteceptum
1372 5015 1730 5073 immunitatis
1754 5019 2038 5075 habentem

459 5106 765 5177 pertineat,
793 5120 900 5159 non
944 5112 1125 5159 tamen
1168 5106 1225 5160 in
1274 5107 1377 5161 hoc
1408 5108 1723 5165 immunitas
1761 5112 1929 5168 fracta
1953 5114 2042 5183 ju-

461 5197 688 5253 dicanda
713 5204 812 5252 est.
832 5196 896 5251 Et
916 5196 1038 5252 ideo
1061 5210 1167 5250 non
1184 5207 1560 5252 sexcentarum
1585 5201 1876 5258 solidorum
1899 5220 2042 5260 com-

464 5289 753 5355 positione,
782 5287 877 5343 sed
907 5287 1201 5342 secundum
1232 5286 1406 5357 legem
1451 5303 1570 5358 qua:
1598 5290 1650 5344 in
1689 5293 1877 5347 eodem
1922 5294 2040 5350 loco

466 5384 700 5443 tenetur,
724 5377 1066 5433 mulctandus
1089 5384 1174 5431 est
1202 5376 1249 5431 is
1279 5378 1370 5445 qui
1398 5376 1639 5433 fraudem
1666 5382 1751 5435 vel
1780 5383 2035 5439 damnum

463 5464 516 5517 in
548 5468 639 5521 tali
675 5468 793 5524 loco
817 5469 1097 5523 convictus
1127 5467 1290 5523 fuerit
1320 5466 1532 5526 fecisse.
1582 5471 1931 5543 Prmcipimus
1957 5483 2038 5529 ta-

463 5573 586 5615 tncn
615 5563 769 5617 vobis
807 5574 866 5616 ut
895 5563 1052 5635 [tam]
1077 5578 1175 5618 vos
1205 5563 1305 5631 ipsi
1352 5565 1590 5619 caveatis
1617 5573 1672 5620 et
1712 5567 2033 5631 observetis,

2146 4561 2239 4629 qui
2266 4562 2440 4630 ipsam
2467 4564 2715 4620 cellulam
2762 4567 2815 4621 in
2847 4583 3012 4625 causa
3040 4570 3224 4625 domni
3254 4580 3313 4626 et
3344 4575 3605 4644 genitoris
3632 4592 3725 4629 no-

2145 4652 2244 4705 stri
2289 4655 2616 4731 construxit,
2648 4672 2743 4711 seu
2780 4667 2838 4713 et
2872 4659 2965 4713 alii
3012 4661 3141 4715 boni
3185 4662 3435 4718 homines
3464 4678 3565 4734 per
3590 4672 3728 4718 stru-

2148 4753 2329 4799 mcnta
2358 4745 2668 4801 chartarum
2709 4750 3087 4807 tradiderunt:
3114 4769 3216 4810 nee
3242 4770 3350 4810 non
3391 4757 3446 4810 in
3474 4760 3729 4827 pradicto

2146 4850 2304 4905 pago,
2341 4837 2523 4892 villam
2558 4854 2679 4909 quae
2696 4841 2899 4897 dicitur
2926 4843 3345 4917 Maganntiate;
3380 4860 3441 4905 et
3464 4852 3521 4905 in
3544 4853 3728 4907 eodem

2141 4941 2279 4997 pago
2305 4927 2359 4981 in
2388 4927 2506 4984 loco
2551 4931 2645 4999 qui
2685 4932 2885 4988 dicitur
2928 4934 3403 5004 Castra—Pastum,
3432 4944 3504 4999 ad
3533 4956 3727 5014 pecora

2142 5034 2327 5074 eorum
2359 5020 2578 5087 alenda,
2608 5037 2733 5079 cum
2763 5028 3012 5084 terminis
3048 5038 3105 5085 et
3146 5032 3472 5101 adjacentiis
3498 5036 3650 5099 suis;
3679 5038 3727 5091 in

2146 5124 2284 5181 pago
2311 5110 2603 5168 Bcterense
2626 5112 2816 5170 iiscum
2840 5123 3213 5190 nostrum,qui
3237 5123 3440 5178 dicitur
3466 5125 3727 5188 Niliacus.

2149 5217 2270 5257 cum
2294 5202 2524 5259 ecclesia
2568 5207 2739 5261 sancti
2767 5206 3071 5280 Paragorii,
3096 5221 3152 5266 et
3179 5212 3456 5270 Miliciano
3483 5218 3649 5283 vilia;
3681 5225 3731 5271 et

2146 5291 2201 5345 in
2246 5307 2385 5363 pago
2410 5293 2823 5365 Magdalonense
2852 5309 3115 5368 castrum,
3145 5305 3288 5374 quod
3316 5305 3527 5361 dicitur
3556 5307 3732 5363 ὶίοιιιε

2143 5381 2449 5450 Calmense,
2481 5386 2644 5441 situm
2681 5388 2835 5458 iuxta
2865 5390 3084 5447 ﬂuvium
3112 5394 3311 5459 Araur,
3344 5411 3473 5451 cum
3503 5398 3729 5454 eeclaia

2142 5478 2313 5532 sancti
2346 5477 2559 5542 Hilarii,
2588 5495 2617 5534 a
2646 5484 2879 5538 termino
2908 5482 3147 5553 eiusdem
3197 5490 3524 5545 monasterii
3568 5490 3730 5544 Ania-

2140 5568 2325 5623 nensis
2349 5584 2524 5640 usque
2539 5570 2606 5627 ad
2630 5574 2893 5630 terminos
2910 5590 3118 5644 eorum,
3142 5579 3284 5632 sicut
3305 5580 3530 5648 genitor
3552 5588 3735 5635 noster

530 5704 554 5731 ο
600 5694 932 5763 εριιιῑιιιιιηίυ
976 5716 1118 5754 anno
1164 5700 1266 5756 817
1312 5702 1378 5754 ab
1418 5700 1715 5773 Aquitania
1770 5704 2028 5762 distracta
2067 5705 2267 5762 fuerat.
