4014 6186
429 343 566 400 MSS

1663 349 1795 408 CBA
1806 352 1967 409 RTAS
2007 352 2464 412 ANIANENSES.

3542 374 3675 432 ιιδι

419 459 651 515 Carolus
689 459 842 514 bonae
886 458 1162 513 memoriae
1204 459 1479 531 piissimus
1527 461 1801 536 Augusuis
1845 473 1998 522 trans
2024 470 2078 531 Α
2104 471 2380 526 trarietate
2413 472 2497 527 vel
2523 471 3043 548 diminutione...iure
3074 478 3387 539 firmissimo
3414 484 3558 554 ipsas
3586 502 3675 543 res

421 554 597 622 ripam
624 548 833 621 praefati
864 548 1099 606 ﬂuminis
1125 566 1222 621 per
1248 567 1403 607 suum
1430 564 1760 624 praeceptum
1784 556 1847 610 ad
1874 573 1994 627 pro-

417 644 612 713 pitium
642 654 669 682 ι
699 642 1029 698 antedictum
1059 644 1278 699 tradidit
1327 647 1736 712 monasterium,
1768 658 1998 718 excepto

419 733 699 805 proprium
742 735 1096 806 ingenuorum
1127 735 1426 802 hominum,
1463 740 1606 810 quod
1634 740 1776 794 infra
1806 740 1994 809 conja—

418 835 526 879 cet.
567 824 702 880 ltem
730 826 784 880 in
810 826 998 881 eodem
1026 842 1166 897 pago
1192 827 1310 882 illos
1340 843 1497 897 segos
1524 845 1645 884 cum
1679 830 1792 899 ipsa
1821 831 1997 900 pisea-

418 915 582 979 toria,
611 925 1087 997 quantpmcunque
1116 917 1168 970 in
1194 918 1385 972 eodem
1429 917 1548 973 loco
1596 919 1740 974 idem
1787 922 1998 990 genitor

418 1013 605 1060 noster
628 1006 859 1074 quodam
890 1007 957 1060 ad
987 1021 1143 1061 suum
1183 1007 1415 1062 habebat
1441 1024 1594 1079 opus,
1625 1010 1717 1079 qui
1748 1020 1831 1065 est
1857 1012 1998 1075 inter

417 1109 568 1149 mare
596 1103 650 1150 et
688 1103 956 1166 stagnum,
987 1112 1109 1151 cum
1153 1096 1382 1152 ecclesia
1419 1107 1475 1153 et
1501 1099 1798 1167 villaribus,
1829 1111 1884 1156 et
1910 1103 1995 1172 pi-

417 1185 686 1249 scatoriis,
711 1194 766 1240 et
796 1186 1050 1242 omnibus
1074 1188 1406 1256 aspicientiis
1429 1197 1484 1243 et
1513 1189 1831 1258 adjacentiis
1857 1194 1991 1248 suis.

416 1273 493 1326 De
518 1272 651 1328 silva
679 1290 826 1339 vero,
860 1289 979 1344 qua:
1009 1276 1182 1330 eidem
1231 1276 1362 1333 fisco
1389 1278 1619 1348 adjacet,
1649 1283 1994 1339 concedimus

330 1394 337 1395 ί
414 1364 619 1420 eisdem
656 1367 938 1422 monachis
977 1375 1033 1422 et
1064 1383 1253 1423 eorum
1282 1369 1627 1437 hominibus,
1653 1380 1715 1426 ut
1752 1375 1821 1428 ad
1865 1391 1994 1432 usus

414 1465 471 1513 et
523 1458 592 1512 ad
641 1458 965 1528 piscatorias
1008 1461 1462 1528 reemendandas,
1516 1473 1993 1536 quantumcunque

414 1561 641 1602 necesse
669 1546 830 1602 fuerit
858 1549 925 1603 ad
955 1564 1143 1604 eorum
1168 1551 1450 1616 utilitates,
1477 1554 1769 1624 accipiant,
1792 1572 1991 1628 pascua

411 1635 576 1689 etiam
604 1637 670 1711 ad
701 1638 955 1693 animalia
999 1654 1188 1695 eorum
1216 1642 1441 1709 alenda,
1473 1642 1677 1713 absque
1705 1645 1864 1702 ullius
1895 1649 1994 1703 ho-

410 1726 575 1782 minis
598 1727 1005 1799 impedimento,
1037 1732 1129 1787 ubi
1160 1732 1449 1801 voluerint,
1482 1744 1539 1791 et
1560 1736 1639 1791 illi
1661 1745 1716 1792 et
1744 1738 1993 1795 homines

2102 558 2304 617 habere
2345 570 2401 616 et
2434 564 2713 632 possidere
2758 566 2991 622 valeant.
3050 569 3260 628 Placuit
3302 575 3468 630 etiam
3519 579 3675 635 nobis

2101 650 2227 706 huic
2282 655 2706 725 congregationi,
2756 660 2972 727 quando
3027 661 3286 719 Dominus
3338 668 3677 727 abundanter

2099 741 2282 811 largiri
2330 746 2580 814 dignatus
2606 747 2794 815 fuerit,
2827 752 3012 807 decem
3045 756 3220 809 modia
3270 759 3335 814 de
3366 762 3485 817 oleo
3518 765 3672 829 dare,

2098 828 2151 883 id
2178 837 2261 885 est
2286 831 2350 886 de
2379 833 2648 891 tolomeua
2680 847 2735 892 et
2763 839 2995 906 solaria;
3048 850 3265 912 quando
3315 865 3445 905 vero
3472 828 3675 920 minus,

2099 932 2189 972 sex
2217 922 2414 976 modia.
2448 923 2511 977 Et
2532 923 2786 992 jubemus
2814 945 2910 999 per
2937 932 3038 987 hoc
3059 946 3384 1007 prteceptum
3414 958 3673 1011 procura-

2096 1007 2309 1064 toribus
2347 1015 2657 1068 earumdem
2689 1017 2936 1074 villarum
2981 1027 3340 1090 praesentibus
3366 1007 3430 1086 et
3453 1031 3671 1103 futuris,

2097 1106 2159 1151 ut
2204 1114 2513 1157 mensuram
2550 1105 2654 1159 olei
2700 1111 3074 1181 pnescriptam
3123 1119 3306 1176 missis
3353 1128 3675 1194 supradictae

2096 1192 2533 1259 congregationis
2583 1195 2666 1250 vel
2720 1198 2836 1266 ejus
2892 1210 3299 1266 successoribus
3351 1192 3677 1275 inﬁArelato

2096 1281 2255 1334 annis
2281 1283 2507 1355 singulis
2532 1288 2663 1343 dare
2688 1290 2961 1348 studeant.
2997 1296 3122 1352 llmc
3153 1304 3350 1373 quippe
3379 1312 3675 1367 auctoritas

2096 1378 2155 1424 ut
2184 1373 2388 1428 nostris
2406 1383 2462 1429 et
2486 1374 2683 1433 futuris
2704 1384 3055 1453 temporibus,
3084 1390 3311 1449 Domino
3332 1406 3672 1470 protegente,

2093 1461 2276 1516 valeat
2327 1463 2643 1523 inconvulsa
2696 1486 2946 1540 manere,
2980 1493 3141 1532 manu
3185 1461 3405 1552 propria
3437 1461 3675 1545 subseri;

2092 1554 2323 1625 psimus,
2348 1566 2405 1613 et
2443 1561 2628 1617 annuli
2668 1567 2843 1621 nostri
2888 1569 3243 1640 impressione
3278 1579 3482 1649 signari
3507 1583 3674 1654 jussi-

2093 1661 2235 1702 IDUS.

2167 1736 2395 1809 Signum
2428 1740 2685 1800 Ludovici
2714 1751 3046 1809 serenissimi
3092 1735 3453 1827 imperatoris.

408 1830 597 1871 eorum
627 1818 880 1875 habeant.
913 1820 1120 1876 Caetera
1141 1839 1273 1880 vero
1304 1840 1422 1894 quae
1453 1836 1660 1883 restant
1684 1838 1737 1883 et
1772 1829 1907 1884 silva
1934 1838 1988 1886 et
2018 1843 2063 1901 Β
2161 1826 2449 1887 Durandus
2474 1834 2737 1892 diaconus
2761 1840 2829 1894 ad
2855 1842 3029 1898 vicem
3055 1818 3325 1922 Fridugisi
3355 1859 3667 1928 rec0gnovi.

406 1924 608 1979 pascua
647 1920 895 1978 utantur,
930 1921 985 1968 et
1034 1929 1220 1970 comes
1267 1925 1324 1970 et
1371 1917 1704 1975 habitatores
1755 1921 1992 1977 civitatis

404 2000 717 2070 Agatensis,
744 2003 888 2058 sicut
929 2005 1227 2075 antiquitus
1252 2024 1384 2062 usus
1410 2008 1533 2065 fuit.
1580 2011 1638 2065 In
1671 2028 1808 2084 pago
1833 2030 1989 2069 nam-

405 2108 511 2163 que
534 2092 804 2162 Agatense
828 2094 1017 2151 fiscum
1044 2106 1292 2153 nostrum
1316 2101 1409 2169 qui
1436 2109 1662 2155 vocatur
1683 2102 1824 2169 Sita,
1854 2112 1909 2158 et
1934 2105 1985 2160 in

404 2197 542 2254 pago
586 2183 937 2241 Narbonense
977 2187 1199 2253 salinas,
1233 2203 1354 2257 qua:
1377 2198 1503 2245 sunt
1536 2192 1588 2244 in
1614 2207 1752 2263 pago
1783 2210 1989 2248 nuncu-

404 2283 565 2343 pante
591 2276 618 2315 ι)
645 2275 946 2347 Al-Signa,
977 2287 1425 2351 quantascunque
1452 2281 1532 2337 eis
1562 2292 1747 2339 noster
1788 2286 1988 2351 missus

404 2374 429 2403 ε
462 2362 752 2435 Leybulfus
781 2381 963 2421 comes
991 2368 1314 2439 designavit,
1344 2386 1468 2425 eum
1503 2373 1749 2428 terminis
1772 2381 1827 2428 et
1854 2375 1989 2429 late-

400 2452 720 2508 rationibus.
771 2453 997 2525 Insuper
1024 2465 1079 2511 et
1123 2457 1313 2513 cellam
1355 2458 1497 2528 juris
1542 2462 1713 2517 nostri
1742 2479 1860 2533 quae
1902 2471 1988 2520 est

401 2551 713 2599 constructa
758 2544 812 2599 in
863 2545 1067 2602 honore
1116 2551 1293 2605 sancti
1338 2550 1555 2607 Martini
1604 2554 1747 2608 intra
1800 2571 1986 2611 muros

400 2633 634 2689 civitatis
674 2635 1040 2704 Arelatensis,
1068 2655 1192 2695 cum
1225 2641 1476 2697 omnibus
1505 2658 1624 2713 quae
1660 2644 1728 2699 ad
1775 2660 1896 2699 eam
1927 2645 1981 2700 in

399 2728 591 2784 eodem
640 2745 778 2800 pago
826 2730 1129 2788 Arelatensi
1176 2734 1263 2789 vel
1317 2735 1680 2792 Avenionensi
1730 2740 1984 2810 prazsenti

398 2827 643 2889 tempore
690 2820 932 2891 legaliter
979 2824 1271 2892 pertinent.
1322 2825 1390 2880 Et
1436 2826 1614 2882 locum
1658 2830 1751 2898 qui
1797 2837 1881 2885 est
1925 2831 1982 2885 in

396 2925 536 2982 pago
578 2911 900 2977 Arausione,
928 2913 1192 2969 vocabulo
1241 2914 1586 2983 Morenatus,
1615 2919 1702 2974 vel
1742 2935 1862 2989 quae
1911 2923 1982 2979 ad

398 3000 575 3068 ipsum
620 2999 794 3055 locum
825 3003 1117 3071 pertinent.
1167 3003 1430 3061 Similiter
1456 3016 1510 3065 et
1537 3009 1719 3064 villam
1750 3026 1871 3080 quae
1900 3013 1980 3069 di-

396 3091 540 3145 citur
561 3090 838 3157 Massacia,
868 3110 991 3149 eum
1016 3096 1270 3151 omnibus
1304 3100 1656 3169 appendiciis,
1689 3104 1976 3161 habentem

395 3183 516 3253 plus
538 3184 715 3240 minus
741 3202 808 3240 XL
850 3202 1090 3253 mansos,
1118 3204 1238 3259 qua:
1269 3200 1354 3245 est
1381 3208 1447 3246 ex
1472 3195 1681 3250 ratione
1709 3197 1977 3266 praedictae
2007 3199 2050 3262 C

393 3275 635 3332 ecclosiae
657 3280 829 3333 sancti
875 3279 1110 3334 Martini.
1150 3281 1276 3336 llaec
1304 3283 1485 3337 omnia
1511 3287 1825 3354 przescripta
1853 3303 1975 3342 cum

393 3365 662 3431 ecclesiis,
696 3367 856 3433 villis,
885 3370 1182 3436 villaribus,
1221 3370 1490 3437 domibus,
1527 3374 1791 3438 aediliciis,
1825 3392 1975 3429 man-

392 3457 570 3527 cipiis,
601 3460 782 3524 terris,
818 3462 1011 3527 vineis,
1042 3462 1276 3528 olivetis,
1304 3462 1474 3527 silvis,
1504 3464 1752 3532 garricis,
1779 3466 1971 3535 pratis,

389 3550 628 3620 pascuis,
660 3552 1005 3614 molendinis,
1038 3551 1198 3619 aquis
1254 3566 1585 3621 aquarumve
1632 3555 1970 3622 decursibus,

389 3638 722 3709 piscatoriis,
761 3640 968 3709 perviis
1006 3640 1241 3695 exitibus
1269 3650 1324 3696 et
1358 3643 1735 3709 reditionibus,
1767 3647 1971 3702 cultum

387 3736 446 3784 et
472 3730 755 3793 incultum,
781 3745 904 3784 cum
932 3732 1182 3787 omnibus
1210 3730 1530 3800 adjacentiis
1554 3743 1611 3789 et
1639 3738 1973 3808 appendiciis

387 3819 524 3884 suis,
558 3827 728 3873 totum
776 3828 832 3874 et
873 3821 941 3876 ad
989 3822 1254 3893 integrum
1276 3865 1291 3889 ,
1323 3833 1799 3897 quantumcunque
1827 3827 1971 3896 juris

388 3909 562 3963 nostri
590 3916 646 3963 et
682 3911 1042 3979 possessionis
1074 3927 1139 3966 ac
1171 3913 1540 3983 preprietatis,
1570 3914 1828 3984 prazdicto
1858 3931 1971 3971 mo-

385 4000 627 4055 nasterio
673 4001 1039 4056 concessimus
1065 4016 1163 4070 per
1194 4003 1335 4058 hanc
1378 4012 1582 4059 nostra:
1629 4006 1969 4062 auctoritatis

384 4091 755 4158 donationem,
777 4093 846 4149 ad
872 4092 1139 4163 stipendia
1170 4093 1401 4149 fratrum
1430 4094 1629 4150 ibidem
1656 4096 1768 4152 Deo
1794 4097 1967 4152 famu-

381 4179 697 4248 lantium,et
725 4182 792 4237 ad
827 4182 1063 4237 subsidia
1102 4198 1402 4254 pauperum
1434 4184 1501 4240 ad
1551 4195 1777 4242 cunctas
1825 4187 1971 4258 ejus-

382 4269 506 4325 dem
522 4273 835 4328 monasterii
847 4272 1126 4338 utilitates,
1144 4275 1526 4345 perpetualiter
1536 4278 1883 4334 concedimus
1898 4280 1966 4335 ad

383 4364 711 4420 habendum.
753 4364 832 4420 lta
862 4366 1113 4421 videlicet
1135 4375 1194 4421 ut
1217 4367 1478 4439 quidquid
1499 4370 1565 4424 ab
1586 4370 1848 4425 hodierno
1879 4372 1966 4427 die

381 4453 447 4507 de
469 4453 743 4524 prmdictis
761 4456 923 4511 rebus
936 4454 1116 4511 facere
1132 4456 1215 4512 vel
1228 4457 1499 4523 ordinare,
1515 4458 1599 4513 vel
1612 4460 1773 4515 etiam
1791 4460 1965 4531 dispo-

2165 1918 2303 2017 Data
2338 1937 2450 2017 amr
2479 1924 2596 2017 Kal.
2625 1927 2860 1998 Aprilis,
2889 1947 3053 1997 anno.
3083 1918 3301 1998 Christo
3327 1918 3586 2017 propitio,
3616 1968 3669 2004 Ix

2090 2007 2303 2077 imperii
2337 2010 2597 2071 Ludovici
2622 2020 2854 2086 piissimi
2884 2023 3136 2097 Augusti,
3162 2007 3457 2093 indictione
3485 2007 3575 2094 xv.

2158 2097 2352 2154 Actum
2400 2103 2724 2176 Aquisgrani
2765 2112 2969 2181 palatio
3013 2119 3163 2192 regio
3210 2122 3264 2177 in
3311 2125 3409 2181 Dei
3452 2132 3679 2192 nomine

2086 2184 2339 2245 feliciter.
2371 2190 2566 2249 Amen.

2814 2271 2950 2328 Xlll.

2400 2354 2655 2426 Ejusdem
2689 2379 2783 2432 pro
2813 2367 2993 2421 eodem
3028 2378 3365 2433 monasterio.

2705 2451 2882 2523 (Anno
2910 2457 3061 2532 826.)

2373 2534 2621 2606 [Mabill.,
2654 2540 2848 2598 Annal.
2886 2546 3112 2618 Bcned.,
3142 2554 3204 2621 Il,
3238 2556 3390 2633 £24.]

2160 2619 2217 2713 In
2245 2625 2467 2681 nomine
2489 2626 2700 2685 Domini
2740 2633 2834 2689 Dei
2862 2647 2918 2692 et
2974 2619 3274 2703 Salvatoris
3318 2619 3489 2709 ndstri
3539 2656 3668 2713 Jesn

2085 2708 2308 2779 Christi,
2338 2714 2640 2777 Ludovicus
2668 2723 2845 2781 divina
2871 2729 3158 2790 ordinante
3194 2708 3664 2809 providentiavim:

2082 2811 2304 2871 perator
2328 2804 2623 2879 Augustus.

2151 2892 2415 2997 Omnibus
2441 2900 2688 2960 fidelibus
2716 2917 2917 2966 sanctae
2944 2913 3040 2970 Dei
3084 2915 3360 2992 Ecclesiaz,
3387 2933 3665 2997 praesenti-

2080 2985 2183 3043 bus
2208 2989 2416 3047 scilicet
2441 3002 2497 3049 et
2522 2994 2738 3065 futuris,
2768 3010 2956 3060 notum
3006 3008 3078 3062 sit
3117 3013 3243 3081 quia
3274 2985 3668 3081 Tractesindus

2080 3080 2406 3139 venerabilis
2430 3086 2617 3154 abbas,
2659 3106 2723 3145 ex
2754 3100 3088 3156 monasterio
3113 3106 3255 3173 quod
3274 3109 3478 3167 dicitur
3501 3080 3657 3171 Attia?

2080 3185 2169 3234 na,
2199 3171 2255 3226 in
2279 3173 2483 3231 honore
2514 3177 2605 3234 Dei
2639 3190 2693 3235 et
2718 3181 3015 3245 Salvatoris
3064 3171 3237 3251 nostri
3284 3197 3412 3257 Jesu
3462 3203 3663 3263 Christi

2080 3276 2289 3318 necnon
2319 3274 2375 3320 et
2398 3277 2598 3324 sanctae
2627 3270 2807 3329 Marize
2849 3289 3242 3355 constructum,
3286 3302 3486 3351 nostrae
3512 3313 3663 3359 man-

2079 3355 2349 3462 :uetudini
2378 3362 2902 3462 suggessitqu‘aliter
2943 3369 3211 3431 Arnaldus
3238 3394 3419 3438 comes
3443 3386 3495 3440 in
3522 3405 3663 3462 pago

2078 3440 2389 3498 Biterrense
2412 3447 2592 3502 villam
2623 3451 2688 3504 de
2716 3452 2994 3522 Cinciano,
3023 3471 3074 3515 et
3099 3467 3275 3522 casale
3299 3440 3575 3543 proprium
3592 3440 3661 3537 (wex

2077 3534 2483 3600 comparatione
2508 3545 2563 3591 et
2606 3541 2965 3610 acquisitione
3012 3534 3320 3623 acquisivit,
3353 3534 3542 3633 et-ipse

2076 3622 2270 3678 naldns
2293 3641 2391 3695 per
2419 3642 2574 3683 suum
2609 3635 2842 3690 wadium
2868 3637 3069 3698 domno
3120 3622 3413 3711 Benedicto
3440 3622 3659 3719 tradidit

2074 3715 2366 3783 praedictas
2406 3734 2496 3775 res
2540 3724 2748 3792 praefati
2809 3737 3127 3792 monasterii
3164 3740 3515 3818 Anianensis,
3552 3768 3660 3823 quo

2073 3816 2285 3863 mortuo
2310 3811 2458 3866 missi
2485 3818 2654 3871 nostri
2699 3822 2944 3888 partibus
2979 3832 3182 3887 nostris
3232 3811 3520 3905 praedictas
3568 3811 3659 3904 res

2073 3912 2487 3959 revocaverunt.
2540 3906 2707 3964 Petiit
2754 3913 2937 3985 itaque
2978 3924 3268 3988 prmdictus
3296 3930 3465 3989 abbas
3487 3936 3655 3993 Bene-

2071 3988 2248 4046 dictus
2297 3993 2639 4054 clementiam
2688 4014 2954 4075 nostram,
2999 4021 3057 4067 ut
3097 4015 3243 4085 ipsas
3286 4037 3373 4078 res
3423 4027 3488 4083 de
3529 4027 3657 4097 jure

2069 4090 2258 4139 nostro
2284 4084 2338 4139 in
2363 4085 2605 4157 ejusdem
2656 4101 2970 4155 monasterii
3019 4084 3224 4165 ditione
3267 4084 3655 4185 perpetualiter

2069 4175 2136 4229 ad
2165 4177 2515 4237 obtinendum
2546 4187 2976 4260 tradidissemus,
3003 4203 3147 4268 quod
3196 4175 3383 4261 ita-et.
3402 4175 3651 4270 fecimus.

2068 4265 2228 4322 Petiit
2282 4269 2467 4341 itaque
2517 4290 2617 4331 nos
2668 4265 3055 4343 Tructesindu‘s
3102 4291 3371 4360 abbas,ut

2064 4367 2582 4465 praeceptumsqper
2608 4367 2709 4424 hoc
2740 4375 2956 4443 negotio
3013 4377 3129 4435 fieri
3177 4382 3515 4458 juberemus,
3553 4410 3654 4465 per

2065 4451 2210 4520 quod
2231 4454 2437 4510 nostris
2459 4455 2764 4530 futurisque
2797 4469 3131 4536 temporibus
3153 4473 3267 4543 ipse
3295 4451 3652 4543 et

379 4560 512 4599 nere
545 4555 786 4603 rectores
811 4555 865 4603 et
906 4549 1136 4603 ministri
1161 4550 1403 4619 praedicti
1435 4553 1749 4607 monasterii
1775 4552 1960 4608 volue-
1987 4542 2038 4602 D
2067 4556 2154 4639 re?
2181 4543 2263 4597 δυί
2286 4560 2393 4645 Ρεξιξ
2414 4561 2536 4645 cui"
2568 4552 2815 4607 εοουτίυε
2841 4563 2895 4609 ei
2922 4556 3130 4615 ﬁrmius
3154 4577 3249 4620 93$
3284 4572 3645 4645 Possidereut,

379 4633 696 4699 rint,libero
725 4636 777 4691 in
812 4638 1064 4693 omnibus
1092 4638 1443 4709 perfruantur
1458 4642 1683 4697 arbitrio
1703 4640 1954 4699 faciendi.

376 4723 446 4778 Et
470 4725 647 4780 nullus
672 4742 739 4781 ex
771 4726 1014 4784 fidelibus
1043 4740 1245 4785 sancta:
1273 4732 1369 4786 Dei
1390 4731 1648 4788 Ecclesiae
1675 4742 1730 4788 et
1754 4735 1958 4791 nostris

377 4814 444 4869 de
473 4816 809 4886 prazscriptis
836 4819 999 4873 rebus
1024 4834 1055 4873 a
1081 4820 1238 4876 nobis
1258 4820 1482 4890 praefato
1510 4826 1844 4881 monasterio
1869 4827 1956 4882 vel

373 4906 781 4977 congregationi
816 4907 1015 4963 ibidem
1050 4909 1268 4979 degenti
1297 4912 1572 4967 concessis
1616 4914 1820 4984 aliquid
1847 4917 1951 4971 mi-

373 5011 541 5051 nuere
591 5006 792 5065 tentet;
836 5015 938 5055 nec
992 5001 1238 5056 homines
1290 5003 1489 5059 ibidem
1547 5016 1956 5063 commanentes

372 5085 723 5158 distringere,
772 5105 872 5144 nec
915 5089 1262 5161 lidejussores
1294 5091 1551 5166 [tollere],
1584 5110 1686 5151 nec
1736 5107 1955 5168 paratas

374 5177 677 5245 requirere,
695 5194 795 5233 nec
818 5179 954 5233 ullas
979 5181 1365 5237 redhibitiones
1394 5183 1609 5253 exigere
1638 5196 1949 5256 prtesumat.

373 5265 481 5322 Sed
508 5270 648 5325 sicut
674 5270 829 5326 nobis
851 5272 921 5326 ob
949 5285 1187 5326 amorem
1216 5273 1308 5327 Dei
1339 5274 1651 5345 praescripta
1678 5275 1794 5331 loca
1826 5292 1950 5333 cum

369 5360 622 5416 omnibus
673 5376 860 5416 eorum
915 5362 1252 5431 appendiciis
1303 5362 1479 5417 eidem
1539 5367 1949 5437 congregationi

370 5449 626 5521 delegari,
655 5460 819 5522 atque
865 5454 1253 5523 perpetualiter
1278 5455 1347 5509 ad
1373 5455 1680 5512 habendum
1730 5460 1949 5516 tradere

366 5540 552 5607 libuit;
581 5543 677 5610 ita,
703 5541 934 5599 Domino
961 5554 1299 5617 protegente,
1330 5546 1535 5619 absque
1564 5549 1790 5622 alicujus
1820 5566 1951 5608 con-

434 5668 460 5727 f
496 5654 827 5727 Legendum,
868 5661 1129 5714 antedicto
1170 5661 1390 5715 tradidit
1430 5666 1768 5719 monasterio.

434 5724 463 5764 ι’
498 5724 774 5799 Αάἰὸἱεηίι
800 5736 884 5785 est
912 5729 1059 5786 locus
1089 5731 1246 5801 vulgo
1268 5732 1463 5801 Sigean
1494 5734 1690 5800 dictus,
1718 5735 1771 5791 in
1816 5736 1948 5793 dia:-

2063 4629 2218 4698 cujus
2238 4634 2487 4701 petitioni
2514 4652 2796 4693 assensum
2834 4644 3189 4717 praebuimus,
3235 4629 3418 4715 ethoc
3445 4629 3650 4724 nostr;

2063 4723 2405 4825 auctoritatis
2452 4735 2779 4797 praeceptum
2828 4731 2946 4789 fieri
2978 4737 3337 4812 decrevimus,
3373 4763 3470 4818 per
3501 4759 3645 4825 quod

2062 4812 2405 4870 decernimus
2431 4826 2592 4886 atque
2612 4819 2889 4890 jubemus,
2923 4834 2982 4881 ut
3016 4830 3275 4901 quidquid
3311 4812 3492 4896 rerum

2061 4918 2180 4957 rum
2207 4905 2496 4974 praedictus
2523 4907 2796 4966 Arnaldus
2832 4915 2915 4968 ad.
2939 4918 3221 4984 praefatum
3252 4934 3640 4989 monasterium

2059 4993 2330 5051 Anianum
2360 4999 2715 5069 praedonavit,
2771 5003 2986 5061 lirmum
3018 5018 3073 5065 et
3095 5011 3403 5075 inviolabile
3430 5038 3644 5091 perma-

2060 5094 2216 5151 neat;
2269 5087 2343 5141 ita
2370 5088 2620 5146 videlicet
2665 5103 2724 5147 ut
2757 5096 3018 5167 quidquid
3056 5100 3123 5155 de
3151 5102 3284 5173 ipsis
3311 5107 3394 5162 vel
3424 5087 3477 5164 in
3509 5111 3639 5181 ipsis

2059 5185 2297 5234 rectores
2323 5187 2379 5235 et
2397 5181 2631 5238 ministri
2649 5201 2808 5276 supra
2826 5193 3111 5248 memorati
3132 5202 3445 5256 monasterii
3465 5203 3643 5276 dispo-

2052 5283 2188 5324 nere
2230 5279 2394 5341 atque
2442 5276 2696 5332 ordinare
2723 5266 2807 5334 vél
2855 5282 3019 5337 etiam
3062 5284 3244 5343 facere
3282 5305 3382 5360 pro
3407 5266 3638 5354 utilitate

2055 5360 2294 5431 ejusdem
2326 5367 2642 5423 monasterii
2678 5371 2966 5439 voluerint,
3012 5377 3217 5448 absque
3248 5380 3409 5440 ullius
3436 5385 3635 5455 injusta

2055 5455 2483 5512 contradictione
2507 5459 2760 5515 ordinent
2815 5472 2978 5532 atque
3004 5464 3313 5536 disponant,
3353 5481 3408 5527 et
3431 5473 3634 5535 faciant

2050 5545 2311 5614 quidquid
2334 5546 2550 5602 utilitati
2607 5552 2854 5620 praedicti
2902 5560 3216 5614 monasterii
3251 5552 3549 5637 congruere
3576 5578 3634 5626 et

2050 5659 2159 5716 cesi
2188 5659 2522 5717 Narbor-ensi
2550 5665 2617 5719 ad
2645 5681 2815 5720 mare.

2123 5742 2143 5771 ε
2188 5727 2462 5788 Leibulfus
2492 5749 2674 5791 comes
2697 5746 2814 5791 erat
2845 5735 3223 5800 Narbonensis.
