4014 6186
286 318 425 374 1435

1272 312 1331 368 S.
1371 308 1805 367 BENEDICTUS
1842 306 2065 364 ABBAS
2096 303 2528 362 ANIANENSIS.

2863 352 2893 377 ,
3394 304 3525 360 μω

281 426 569 486 convenire
587 422 1139 498 prospexerint.Etut
1160 422 1276 478 haec
1297 424 1635 478 auctoritatis
1654 428 1853 477 nostrae
1879 427 1931 485 Α
1954 394 2165 474 ciendis
2192 417 2535 490 opposuerit,
2579 424 2674 469 aut
2715 412 2951 483 aliquam
2999 412 3263 483 iniustam
3293 417 3534 471 occasio-

281 517 570 589 pmceptio
617 514 823 571 firmior
864 513 1148 578 habeatur,
1179 520 1235 566 et
1286 527 1385 582 per
1408 511 1591 568 futura
1614 520 1856 583 tempora

283 607 477 662 melius
498 614 873 670 conservetur,
888 604 1071 659 annuli
1098 603 1269 659 nostri
1293 604 1648 675 impressione
1671 604 1859 661 subter

282 714 402 754 eam
442 698 643 769 signari
662 698 937 767 iussimus.

354 789 734 843 Hirminmaris
756 788 1014 843 diaconus
1039 789 1107 843 ad
1135 788 1309 844 vicem
1351 787 1627 859 Fridugisi
1647 787 1859 843 abbatis

284 877 590 948 recognovi.

354 965 491 1019 Data
518 982 611 1022 xix
628 966 851 1021 Kalend.
876 966 1174 1037 Septemb.,
1193 982 1353 1031 anno,
1370 965 1587 1023 Christo
1606 966 1858 1038 propitio,

284 1070 343 1109 ιι
367 1055 580 1124 imperii
606 1057 787 1110 domni
808 1056 1062 1111 Ludovici
1081 1057 1305 1127 piissimi
1330 1056 1576 1126 Augusti,
1597 1055 1858 1111 indict....

284 1141 481 1198 Actum
515 1142 829 1201 Carbonaco
859 1145 985 1200 villa
1029 1146 1231 1217 palatio
1262 1147 1410 1219 regio
1440 1147 1493 1201 in
1516 1145 1613 1203 Dei
1643 1145 1862 1202 nomine

285 1232 536 1290 feliciter.
561 1234 755 1290 Amen.

1008 1328 1142 1383 XIV.

604 1415 857 1488 Ejusdem
879 1436 973 1490 pro
997 1420 1176 1474 eodem
1204 1421 1542 1475 monasterio.

901 1509 1080 1580 (Anno
1113 1510 1262 1583 835.)

692 1598 870 1670 [Apud
891 1602 953 1654 D.
979 1601 1266 1671 Bouquet.,
1300 1601 1454 1674 ibid.]

356 1688 415 1743 ln
467 1689 685 1744 nomine
727 1690 940 1745 Domini
967 1690 1063 1746 Dei
1086 1701 1142 1747 et
1193 1692 1491 1748 Salvatoris
1535 1693 1707 1748 nostri
1736 1692 1865 1749 Jesu

1959 524 2084 563 nem
2132 517 2361 564 conatus
2409 506 2573 562 fuerit
2621 505 2917 573 adbibere,
2960 506 3224 575 praedicto
3272 506 3537 562 advocato

1960 598 2291 668 iniunximus
2335 605 2395 653 ut
2443 597 2598 652 nobis
2640 597 2939 663 renuntiet,
2989 604 3050 651 ut
3074 596 3294 662 nosilli,
3322 596 3415 666 qui
3444 612 3539 652 no-

1959 699 2127 745 stram
2146 689 2444 759 iussionem
2469 688 2791 760 neglexerit,
2829 690 3130 745 secundum
3163 688 3293 744 facti
3315 690 3398 744 sui
3429 706 3539 745 me-

1960 780 2122 834 ritum
2150 780 2531 834 retribuamus.
2567 778 2712 832 Dixit
2732 779 2896 833 etiam
2924 780 3079 834 nobis
3104 779 3397 848 prtedictus
3437 780 3543 834 Er-

1960 870 2243 925 menaldus
2292 871 2460 926 abbas
2494 884 2559 924 eo
2606 870 2748 940 quod
2780 870 3051 938 mancipia
3097 870 3163 925 de
3209 871 3543 926 monasterio

1961 961 2134 1015 sancti
2163 959 2398 1024 Martini,
2443 958 2586 1030 quod
2614 974 2714 1014 nos
2751 958 3053 1029 largitionis
3087 967 3286 1014 nostra:
3316 973 3538 1012 munere

1964 1052 2033 1106 ad
2061 1052 2379 1122 praedictum
2400 1050 2713 1104 Ananiense
2737 1049 3121 1104 monasterium
3147 1050 3541 1112 concessimus,

1961 1158 2060 1213 per
2084 1142 2200 1197 loca
2227 1142 2440 1197 diversa
2470 1140 2695 1212 fugitiva
2719 1141 2847 1196 sint.
2874 1139 3134 1196 Volumus
3160 1149 3219 1194 ut
3247 1142 3542 1210 prmdictus

1963 1233 2337 1288 advocatusea
2368 1240 2604 1302 tinxerat;
2629 1239 2685 1285 et
2711 1231 3017 1301 ubicunque
3055 1232 3272 1285 inventa
3303 1232 3536 1295 fuerint,

1956 1326 2018 1379 'et
2050 1324 2342 1379 secundum
2367 1323 2537 1395 legem
2565 1323 2865 1379 Romanam
2889 1323 3151 1378 tricennio
3174 1339 3234 1377 se
3249 1323 3535 1378 defendere

1964 1415 2262 1481 voluerint;
2295 1425 2350 1471 et
2374 1415 2477 1471 hoc
2498 1415 2788 1485 praedictus
2812 1415 3106 1468 advocatus
3129 1429 3192 1468 ex
3221 1414 3536 1484 propinquis

1963 1516 2151 1557 eorum
2187 1501 2647 1565 circumcinxerit,
2679 1508 2773 1555 aut
2802 1501 3112 1556 testimonia
3142 1501 3334 1555 idonea
3375 1501 3539 1556 dede-

1967 1592 2067 1658 rit;
2094 1591 2187 1647 fiat
2215 1592 2281 1648 de
2306 1592 2386 1648 eis
2412 1592 2708 1648 secundum
2729 1591 2988 1647 Romante
3024 1593 3159 1663 legis
3182 1592 3537 1657 sanctionem,

1966 1691 2029 1736 ut
2053 1683 2374 1739 tricennium
2407 1700 2471 1740 ea
2499 1684 2787 1742 excludere
2832 1700 2938 1741 non
2968 1685 3158 1754 possit.
3208 1684 3276 1739 Et
3304 1685 3461 1739 liceat
3489 1687 3540 1739 ei

284 1778 507 1842 Christi,
548 1779 851 1836 Ludovicus
910 1781 1091 1836 divina
1137 1782 1523 1854 repropitiante
1577 1783 1864 1840 clementia

1974 1788 2092 1827 suas
2136 1788 2225 1829 res
2259 1774 2508 1845 proprias
2559 1776 2764 1845 absque
2790 1774 3079 1843 cujuslibet
3104 1774 3539 1845 interpellatione

288 1868 584 1939 imperator
606 1870 901 1940 Augustus.

362 1958 419 2013 Si
444 1959 796 2028 petitionibus
824 1973 1103 2014 servorum
1134 1959 1225 2014 Dei
1246 1960 1410 2031 justis
1437 1969 1491 2015 et
1526 1962 1865 2018 rationabili-

287 2050 391 2105 bus
429 2051 595 2105 divini
629 2052 804 2106 cultus
847 2068 1031 2107 amore
1060 2050 1325 2120 favemus,
1370 2054 1425 2109 id
1478 2055 1634 2110 nobis
1670 2056 1862 2125 procul

288 2141 456 2196 dubio
490 2142 558 2196 ad
586 2151 844 2197 teternam
869 2143 1256 2197 beatitudinem
1300 2144 1715 2213 promerendam
1744 2160 1868 2215 pro-

289 2231 532 2286 tuturum
554 2232 849 2287 credimus.
878 2233 1086 2287 Idcirco
1108 2240 1294 2287 notum
1318 2247 1437 2288 esse
1463 2234 1711 2289 volumus
1737 2249 1869 2289 cun-

286 2322 392 2376 ctis
423 2320 669 2377 ﬁdelibus
698 2331 897 2378 sanctae
944 2323 1200 2378 Ecclesiae
1250 2324 1346 2379 Dei
1380 2332 1435 2380 et
1461 2325 1677 2390 nostris,
1724 2341 1865 2397 prte-

288 2410 535 2466 sentibus
572 2411 781 2466 scilicet
803 2420 857 2469 et
885 2411 1099 2478 futuris,
1125 2415 1268 2483 quod
1291 2415 1651 2472 Ermenaldus
1699 2418 1868 2474 abbas

290 2501 603 2557 monasterii
631 2503 825 2569 nostri,
856 2503 998 2573 quod
1026 2504 1226 2559 dicitur
1264 2505 1495 2572 Aniana,
1524 2507 1591 2561 ad
1623 2515 1869 2563 nostram

289 2595 555 2651 accedens
584 2597 1069 2661 mansuetudinem,
1098 2598 1335 2652 ostendit
1353 2606 1553 2654 nostras
1573 2598 1870 2669 maiestatis

291 2687 571 2742 obtutibus
615 2688 905 2758 quamdam
957 2689 1369 2759 praeceptionem
1399 2705 1561 2760 quam
1594 2706 1695 2746 nos
1739 2690 1868 2747 olim

292 2778 362 2832 ad
391 2777 706 2846 petitionem
730 2778 1145 2848 prtedecessoris
1179 2780 1262 2833 sui
1307 2779 1583 2835 Benedicti
1618 2779 1829 2836 abbatis
1853 2819 1870 2847 ,

290 2871 363 2924 ob
385 2883 626 2926 amorem
644 2868 740 2924 Dei
760 2877 817 2925 et
836 2871 1149 2927 monasterii
1174 2870 1479 2937 utilitatem,
1495 2871 1614 2927 fieri
1626 2869 1871 2940 iussera-

290 2976 443 3027 mus;
472 2962 537 3017 de
551 2962 902 3017 advocatione
927 2962 1289 3018 videlicet.....
1316 2963 1381 3019 ad
1412 2964 1516 3019 hoc
1546 2965 1601 3019 in
1626 2973 1872 3023 nostram

290 3064 723 3120 prteceperamus
756 3051 1301 3117 commendationem,
1338 3057 1395 3105 ut
1425 3050 1648 3107 liberius
1680 3053 1875 3122 praedi-

1964 1861 2163 1931 iniusta
2205 1872 2299 1919 aut
2326 1864 2696 1935 inquietudine
2746 1866 2928 1936 quiete
2950 1862 3262 1936 possidere;
3309 1872 3364 1920 et
3413 1866 3540 1936 quia

1965 1965 2264 2011 memorata
2307 1957 2375 2012 ad
2416 1958 2855 2029 peragendnmei
2889 1958 3239 2029 iniunximus,
3287 1959 3355 2013 ab
3395 1960 3543 2014 omni

1965 2045 2121 2103 hoste
2143 2047 2224 2101 vel
2246 2057 2436 2117 wasta,
2461 2038 2574 2106 sive
2598 2051 2666 2106 ab
2691 2050 2838 2106 omni
2863 2050 3078 2120 publico
3098 2050 3316 2105 servitio
3351 2050 3541 2106 immu-

1966 2152 2089 2192 nem
2122 2138 2356 2194 existere
2399 2159 2411 2194 :
2442 2140 2698 2211 quatinus
2722 2142 3133 2200 advocationem
3176 2159 3204 2197 a
3253 2143 3409 2199 nobis
3440 2143 3542 2199 sibi

1967 2226 2267 2296 iniunctam
2298 2229 2523 2286 liberius
2550 2240 2713 2301 atque
2737 2232 2922 2288 utilius
2949 2247 3208 2303 peragere
3235 2233 3430 2288 valeat.
3462 2232 3544 2287 Li-

1968 2320 2201 2373 centiam
2224 2321 2387 2374 etiam
2416 2320 2666 2377 dedimus
2701 2322 2877 2378 eidem
2906 2324 3090 2379 abbati
3136 2324 3202 2379 de
3244 2324 3546 2385 minoribus

1967 2413 2130 2475 atque
2168 2407 2462 2465 levioribus
2498 2412 2677 2467 causis
2724 2412 2889 2466 alium
2938 2414 3263 2468 advocatum
3308 2415 3545 2482 mittere,

1967 2495 2061 2565 qui
2107 2487 2321 2566 prtefati
2372 2501 2687 2556 monasterii
2745 2517 2939 2558 causas
2985 2512 3147 2572 atque
3198 2507 3548 2564 necessitates

1969 2586 2176 2642 utiliter
2209 2588 2550 2661 fideliterque
2590 2592 2976 2649 administrare
3024 2594 3217 2664 possit.
3246 2596 3313 2650 Et
3336 2604 3396 2650 ut
3446 2599 3551 2654 bas

1969 2678 2179 2735 litteras
2202 2695 2323 2737 esse
2348 2684 2529 2739 verius
2554 2685 2811 2753 credatis,
2843 2686 2909 2742 de
2930 2687 3133 2743 annulo
3154 2696 3339 2744 nostro
3361 2691 3548 2746 subter

1970 2785 2066 2825 eas
2088 2769 2352 2838 iussimus
2380 2774 2638 2846 sigillare.

2042 2859 2439 2917 Hirminmarus
2480 2864 2725 2923 notarius
2773 2864 2841 2921 ad
2884 2867 3057 2922 vicem
3105 2866 3348 2939 [lagonis
3399 2888 3549 2927 γρου-ν

1972 2952 2154 3023 gnovL

2042 3043 2175 3097 Data
2202 3059 2278 3098 ιιι
2303 3043 2420 3099 Kal.
2450 3045 2877 3117 Augusti,anno,
2902 3046 3119 3104 Christo
3147 3051 3401 3120 propitio,
3433 3068 3551 3107 xm

293 3138 367 3192 cti
398 3139 715 3195 monasterii
766 3139 1026 3194 utilitates
1075 3148 1129 3194 et
1177 3137 1532 3196 necessitates
1576 3155 1871 3210 procurare
1897 3130 1943 3193 C
1974 3134 2188 3206 imperii
2216 3135 2397 3191 domni
2432 3136 2690 3194 Ludovici
2716 3140 2948 3211 piissimi
2979 3141 3224 3214 Augusti,
3253 3144 3551 3199 indictione

294 3229 516 3283 valeret.
541 3229 648 3284 Sed
676 3230 866 3284 eodem
904 3228 1166 3285 advocato
1194 3230 1373 3285 divina
1400 3232 1682 3287 vocatione
1709 3234 1872 3290 rebus

293 3320 547 3375 humanis
570 3328 839 3388 exempto,
887 3327 1130 3374 nostram
1156 3321 1417 3390 expetivit
1442 3321 1785 3377 clementiam
1811 3331 1873 3378 ut

292 3410 538 3465 eamdem
562 3410 932 3467 advocationis
957 3426 1141 3467 curam
1167 3412 1408 3467 Maurino
1429 3413 1661 3470 vassallo
1683 3424 1873 3472 nostro

290 3502 772 3557 committeremus.
825 3500 990 3571 Cuius
1026 3502 1339 3572 petitionem
1380 3504 1582 3559 nostris
1633 3504 1874 3576 indigere

291 3590 508 3645 auxiliis
532 3591 950 3662 perpendentes,
980 3591 1162 3646 divino
1198 3591 1327 3645 tacti
1353 3606 1576 3646 munere
1603 3592 1874 3661 postulata

290 3683 679 3749 concessimus,
716 3682 1116 3738 committentes
1159 3681 1336 3737 eidem
1361 3682 1597 3738 vassallo
1640 3692 1828 3739 nostro
1854 3725 1870 3749 ,

293 3772 539 3828 Maurino
570 3772 807 3837 nomine,
852 3787 1033 3827 rerum
1088 3773 1399 3827 monasterii
1433 3772 1516 3828 sui
1567 3788 1774 3840 curam,
1815 3775 1873 3830 in

292 3864 640 3934 acquirendis
668 3864 920 3919 videlicet
936 3864 1186 3936 iustitiis,
1213 3872 1270 3919 et
1296 3864 1416 3919 aliis
1438 3865 1715 3921 faciendis.
1742 3866 1874 3922 Pro-

292 3965 413 4026 pter
441 3958 546 4012 hoc
570 3957 673 4012 hos
710 3966 913 4013 nostra:
941 3958 1280 4013 auctoritatis
1311 3957 1490 4028 apices
1514 3958 1562 4011 ei
1589 3974 1872 4015 successo-

293 4048 551 4118 ribusque
592 4064 688 4119 per
726 4057 969 4118 tempora
1020 4048 1255 4104 labentia
1310 4048 1415 4104 sibi
1459 4050 1874 4107 succedentibus

295 4138 411 4193 ﬂeri
456 4155 521 4194 ac
548 4140 666 4193 dari
693 4139 1080 4208 praecepimus;
1113 4153 1212 4209 per
1236 4153 1372 4209 quos
1412 4139 1767 4209 prtecepimus
1793 4148 1875 4194 at-

292 4242 398 4298 que
418 4227 669 4297 iubemus
690 4227 794 4300 [ut]
820 4228 1001 4282 omnia
1028 4244 1365 4298 quaecunque
1390 4230 1682 4300 praedictus
1706 4227 1879 4285 κιαι-οῖ

294 4326 447 4374 catus
495 4333 636 4389 saepe
692 4318 822 4374 dicti
876 4319 1193 4374 monasterii
1238 4317 1604 4384 Anianensis,
1658 4322 1874 4377 nomine

295 4408 595 4473 Maurinus,
637 4409 934 4463 secundum
963 4407 1136 4480 legem
1182 4408 1474 4478 quaesierit,
1510 4417 1601 4462 aut
1622 4424 1870 4481 quaeren-

1975 3240 2096 3280 XIII.

2042 3315 2238 3372 Actum
2287 3317 2587 3376 Stremiaco
2625 3319 2753 3377 villa
2797 3321 2855 3377 in
2894 3322 2991 3379 Dei
3035 3324 3251 3380 nomine
3293 3322 3545 3381 feliciter.

1971 3404 2161 3462 Amen.

2710 3503 2825 3561 XV.

2290 3592 2546 3664 Ejusdem
2566 3612 2661 3666 pro
2690 3595 2870 3651 eodem
2896 3601 3234 3655 monasterio.

2586 3685 2765 3757 (Anno
2790 3685 2941 3758 857.)

2325 3771 2503 3846 [Apud
2530 3772 2594 3829 D.
2627 3773 2919 3845 Bouquet.,
2952 3775 3113 3848 ibid.]

2040 3859 2099 3915 ιιι
2126 3860 2343 3917 nomine
2390 3862 2603 3916 Domini
2649 3861 2745 3919 Dei
2770 3872 2825 3918 et
2852 3862 3155 3921 Salvatoris
3203 3868 3378 3923 nostri
3426 3866 3552 3925 Jesu

1970 3947 2191 4012 Christi,
2207 3950 2517 4007 Ludovicus
2529 3951 2710 4007 divina
2733 3954 3122 4024 repropitiante
3148 3955 3438 4013 clementia
3457 3960 3552 4014 ἱιιι⁴

1970 4049 2191 4106 perator
2234 4038 2511 4110 Augustus

2042 4129 2304 4187 Omnibus
2331 4131 2578 4187 fidelibus
2610 4140 2814 4188 sancta:
2842 4134 2938 4190 Dei
2958 4134 3219 4191 Ecclesiae
3246 4145 3305 4192 et
3324 4140 3547 4201 nostris,

1970 4220 2328 4289 praesentibus
2356 4220 2563 4275 scilicet
2609 4229 2663 4276 et
2692 4221 2911 4290 futuris,
2948 4232 3138 4280 notum
3176 4226 3249 4281 sit
3270 4227 3398 4297 quia
3421 4227 3551 4283 olim

1973 4309 2149 4365 adhuc
2188 4310 2241 4365 in
2270 4309 2560 4381 Aquitania
2588 4313 2891 4379 constituti,
2922 4321 2978 4368 et
3007 4316 3241 4370 necdum
3283 4317 3547 4388 imperiali

1975 4398 2183 4454 honore
2230 4407 2285 4454 et
2314 4401 2532 4456 nomine
2570 4400 2787 4457 coalitus
2816 4402 3083 4474 insigniti,
3114 4405 3555 4463 beneﬁciavimus

294 4498 443 4553 tibus
459 4498 754 4564 obstiterit,
779 4507 873 4553 aut
892 4473 1042 4570 iuste
1064 4473 1414 4564 satisiecerit,
1439 4508 1601 4568 atque
1624 4473 1870 4570 legalitcr
1895 4473 1948 4532 Β
1973 4492 2262 4559 quamdam
2294 4492 2479 4547 Villam
2520 4493 2574 4547 in
2607 4508 2747 4564 pago
2789 4473 3089 4551 Lutevense
3121 4496 3319 4552 Aniani
3366 4514 3555 4554 mona-

295 4589 521 4646 ditlinita
560 4590 780 4657 fuerint,
810 4600 929 4645 rata
971 4599 1026 4646 et
1054 4590 1291 4646 stabilita
1322 4598 1699 4661 permaneant,
1748 4591 1870 4645 ubi-

296 4698 510 4754 cunque
547 4684 613 4737 ad
639 4683 756 4738 loca
787 4691 841 4738 et
884 4691 1178 4754 potestates
1224 4697 1319 4739 seu
1368 4682 1668 4740 ministeria
1694 4680 1873 4750 cuius-

294 4792 508 4846 cunque
556 4776 813 4831 comitum
850 4777 1148 4841 advenerit,
1193 4776 1549 4847 undecunque
1595 4777 1663 4832 de
1712 4777 1873 4833 rebus

293 4865 532 4936 eiusdem
556 4866 867 4921 monasterii
908 4866 1173 4937 justitiam
1204 4867 1501 4937 quaesierit,
1530 4868 1735 4937 absque
1765 4867 1872 4922 ulla

293 4955 555 5011 dilatione
583 4955 876 5010 secundum
909 4956 1083 5026 legem
1110 4956 1480 5027 plenissimam
1511 4957 1765 5027 reperiat,
1795 4966 1875 5012 at—

294 5063 401 5119 que
439 5049 804 5119 quterentibns
836 5050 1019 5104 faciat.
1056 5050 1121 5104 Et
1169 5050 1294 5120 quia
1327 5058 1539 5107 constat
1568 5052 1710 5106 idem
1756 5068 1873 5108 mo-

294 5139 591 5193 nasterium
618 5146 862 5193 nostrum
892 5140 1172 5209 proprium
1203 5156 1346 5207 esse,
1388 5140 1633 5196 volumus
1658 5150 1715 5197 et
1734 5157 1872 5213 prte-

295 5229 537 5295 cepimus
565 5236 625 5282 ut
668 5244 811 5298 saepe
854 5230 1163 5285 nominatus
1194 5230 1486 5287 advocatus
1514 5230 1659 5286 nulla
1684 5232 1872 5290 ullate-
1930 5300 1935 5305 .

293 5332 398 5372 nus
438 5319 747 5374 testimonia
800 5335 962 5390 super
1008 5329 1193 5377 nostra
1240 5320 1477 5391 eiusdem
1531 5321 1870 5379 immunitate

296 5411 608 5464 monasterii
648 5418 812 5466 testes
838 5412 1065 5482 recipiat
1098 5427 1114 5468 :
1148 5413 1241 5469 sed
1266 5412 1525 5484 quidquid
1543 5413 1689 5483 iuste
1717 5422 1771 5467 et
1796 5412 1871 5467 lc-

293 5494 491 5565 galiter
513 5500 789 5566 qutesierit
817 5502 932 5558 sive
980 5501 1287 5559 defenderit
1313 5519 1437 5557 cum
1465 5511 1663 5557 nostra:
1701 5502 1869 5570 partis

296 5587 539 5651 testibus,
558 5590 806 5647 effectum
837 5594 915 5647 rei
935 5594 1244 5651 evindicare
1267 5603 1320 5648 et
1347 5593 1610 5664 perficere
1632 5593 1863 5647 studeat.

292 5677 351 5737 Si
380 5678 604 5753 quilibet
638 5696 766 5740 vero
791 5684 1028 5761 aliquam
1075 5686 1384 5768 dilationem
1414 5686 1467 5740 in
1512 5685 1737 5760 iustitiis
1785 5683 1865 5741 fa-

1973 4579 2142 4643 sterii,
2176 4595 2296 4651 qua:
2323 4589 2408 4636 est
2434 4582 2487 4636 in
2523 4581 2728 4639 honore
2749 4583 2920 4637 sancti
2953 4582 3269 4649 Salvatoris,
3299 4601 3397 4641 seu
3424 4587 3554 4642 bea-

1973 4681 2041 4727 tae
2062 4672 2244 4727 Mariae
2270 4673 2517 4745 virginis,
2549 4683 2605 4730 et
2629 4673 2774 4729 Petri
2796 4683 2852 4730 et
2872 4674 3019 4729 Pauli
3049 4678 3442 4745 apostolorum,
3471 4686 3555 4731 at-

1973 4776 2079 4830 que
2107 4762 2417 4833 archangeli
2445 4762 2722 4819 Michaelis
2774 4764 2976 4830 dicata,
3029 4773 3250 4834 petente
3292 4766 3554 4820 nimirum

1974 4851 2265 4907 Benedicto
2284 4852 2527 4923 ejusdem
2557 4854 2871 4908 monasterii
2897 4862 3024 4909 tunc
3053 4858 3309 4926 temporis
3336 4857 3560 4920 abbate,

1972 4951 2027 4995 et
2057 4956 2156 5011 per
2200 4942 2581 4998 auctoritatem
2633 4951 2875 4998 nostram
2916 4944 3165 5015 delegare
3215 4947 3548 5001 curavimus.

1974 5031 2080 5088 Sed
2104 5033 2232 5103 quia
2252 5033 2506 5103 deinceps
2527 5026 2788 5089 divinitus
2811 5036 2965 5091 nobis
2984 5036 3250 5106 imperiali
3274 5038 3409 5093 solio
3427 5038 3557 5092 sub.

1972 5122 2194 5188 limatis,
2239 5122 2457 5179 easdem
2510 5137 2601 5179 res
2653 5124 2850 5193 potiori
2896 5126 3222 5183 auctoritate
3267 5129 3561 5183 roboratas

1973 5214 2139 5269 fuisse
2161 5214 2392 5270 necdum
2416 5229 2538 5270 esse
2563 5216 2910 5281 consisterat,
2933 5217 3258 5272 venerabilis
3277 5216 3558 5272 Ermenal-

1976 5308 2078 5362 dus
2122 5304 2362 5375 eiusdem
2402 5307 2719 5362 monasterii
2771 5307 2939 5362 abbas
2981 5318 3180 5364 nostra:
3232 5307 3559 5379 supplicavit

1975 5398 2275 5453 clementiae
2299 5407 2358 5454 ut
2382 5398 2559 5454 denuo
2584 5409 2824 5453 nostram
2871 5400 3250 5455 auctoritatem
3280 5415 3443 5469 super
3468 5416 3557 5454 rc-

1975 5494 2076 5548 bus
2098 5493 2255 5558 villae,
2271 5508 2391 5563 qua:
2404 5493 2602 5547 dicitur
2621 5492 2947 5557 Caussenas,
2964 5494 3209 5563 accipere
3224 5503 3552 5555 mereretur,

1973 5602 2070 5655 per
2112 5601 2273 5655 quam
2300 5602 2395 5639 eas
2421 5583 2626 5639 ﬁrmius
2652 5586 2927 5655 possidere
2972 5585 3194 5639 valeret.
3224 5584 3320 5638 Cui
3366 5584 3554 5638 divino

1976 5694 2160 5737 amore
2202 5688 2258 5735 et
2307 5677 2512 5736 honore
2556 5690 2837 5732 assensum
2861 5675 3185 5747 prmbentes,
3210 5674 3305 5728 hos
3332 5681 3550 5733 [10st
