4014 6186
348 377 481 439 145⁸1

1582 374 1886 436 cuiam
1927 376 2378 463 AMANENSES.

3468 380 3611 440 1258

346 495 534 565 apices
577 489 695 547 ﬁeri
731 485 1016 560 iussimus,
1054 502 1152 559 per
1196 504 1333 558 quos
1372 488 1717 545 decernimus
1759 496 1924 559 atque
1949 495 2002 553 Α
2025 490 2172 545 omni
2198 488 2527 561 integritate,
2557 489 2699 546 sicut
2721 505 2753 544 a
2795 478 3128 560 temporibus
3158 489 3340 546 domui
3371 499 3427 546 et
3452 490 3608 562 geni-

346 583 622 640 sancimus
648 576 833 647 utjam
868 578 1013 634 dicta
1036 579 1162 633 villa
1184 577 1490 635 Caussenas
1507 594 1631 634 cum
1656 579 1805 634 omni
1848 579 1928 632 in-

347 674 600 745 tegritate
621 685 718 725 sua
738 669 930 725 diebus
955 670 1081 724 vitae
1104 678 1306 725 nostra:
1331 668 1684 724 beneﬁciario
1704 686 1930 725 munere

349 769 405 824 in
447 764 815 822 dominatione
854 771 909 816 et
953 762 1346 831 gubernatione
1377 761 1574 816 Aniani
1614 761 1928 816 monasterii

349 864 731 923 tectorumque
778 852 922 907 illius
961 863 1124 922 atque
1158 852 1552 906 sustentatione
1600 851 1829 904 fratrum
1874 851 1931 904 in

347 950 460 1010 Deo
482 946 717 1002 Domino
740 945 1084 999 militantium
1104 944 1394 1013 persistat;
1422 951 1477 998 et
1499 941 1759 1013 quidquid
1778 941 1845 996 de
1866 957 1931 997 ea

344 1041 466 1112 iure
486 1040 857 1097 ecclesiastico
891 1046 948 1093 et
970 1038 1128 1093 modo
1163 1036 1511 1092 beneﬁciario
1534 1035 1712 1090 facere
1750 1035 1933 1104 dispo-

349 1131 579 1196 suerint,
612 1129 837 1185 liberam
872 1128 1106 1183 habeant
1128 1134 1474 1197 potestatem.
1513 1126 1580 1180 Et
1609 1134 1667 1180 ut
1693 1126 1810 1180 haec
1836 1140 1933 1178 aus

349 1223 576 1281 ctoritas
616 1229 799 1276 nostra
847 1220 1055 1275 ﬁrmior
1097 1220 1382 1284 habeatur,
1411 1219 1478 1275 de
1500 1219 1701 1274 annulo
1744 1226 1933 1274 nostro

350 1312 540 1370 subter
557 1311 821 1381 iussimus
856 1310 1117 1380 sigillare.

423 1399 649 1467 Signum
672 1398 927 1455 Ludovici
955 1399 1289 1457 serenissimi
1314 1399 1682 1469 imperatoris.

419 1486 806 1544 Hirminmaris
854 1487 1098 1543 notarius
1150 1487 1218 1545 ad
1265 1488 1438 1544 vicem
1498 1488 1743 1561 Hugonis
1783 1504 1937 1544 reco-

352 1577 535 1649 gnovL

424 1669 560 1723 Data
605 1685 696 1723 xxv
717 1668 836 1726 Kal.
861 1667 1199 1734 Novembris,
1225 1685 1389 1733 anno,
1412 1669 1633 1725 Christo
1675 1668 1931 1739 pr0pitio,

352 1774 482 1814 xxrv
520 1759 731 1829 imperii
757 1760 940 1815 domui
963 1759 1222 1814 Ludovici
1252 1759 1481 1830 piissimi
1523 1759 1776 1830 Augusti,
1800 1771 1827 1799 α
1856 1760 1937 1813 iu-

351 1848 590 1904 dictione
627 1866 717 1904 xv.

422 1941 621 1998 Actum
658 1942 984 2013 Aquisgrani
1013 1941 1214 2013 palatio
1238 1940 1388 2013 regio
1410 1941 1463 1995 in
1504 1941 1599 1996 Dei
1621 1941 1841 1998 nomine
1862 1937 1939 1997 fe-

349 2032 551 2092 liciter.
591 2032 785 2087 Amen.

1062 2124 1202 2181 XVI.

665 2213 920 2284 Ejusdem
944 2231 1038 2285 pro
1072 2214 1252 2267 eodem
1275 2214 1613 2267 monasterio.

966 2303 1140 2375 (Anno
1165 2299 1316 2372 837.)

543 2397 717 2471 [Apud
747 2395 971 2455 Mabill.,
996 2394 1128 2447 Acta
1159 2392 1267 2448 SS.
1308 2392 1424 2446 0rd.
1452 2392 1508 2447 S.
1536 2390 1762 2462 Bened.]

432 2491 491 2545 In
515 2488 734 2544 nomine
765 2484 976 2539 Domini
1011 2483 1105 2538 Dei
1158 2491 1213 2537 et
1243 2481 1543 2536 Salvatoris
1595 2478 1768 2533 nostri
1813 2477 1941 2532 Jesu

354 2582 582 2646 Christi,
613 2579 916 2634 Ludovicus
937 2577 1116 2633 divina
1149 2576 1434 2635 ordinante
1464 2571 1804 2647 providentia
1835 2571 1941 2624 im-

360 2684 584 2752 perator
609 2673 903 2744 Augustus.

437 2765 496 2823 Si
528 2780 656 2835 erga
705 2766 826 2821 loca
877 2765 1077 2821 divinis
1122 2764 1354 2821 cultibus
1382 2762 1690 2832 mancipata
1719 2768 1941 2833 propter

360 2873 606 2916 amorem
636 2858 730 2912 Dei
757 2871 957 2926 eosque
987 2857 1041 2910 in
1071 2856 1279 2911 eisdem
1324 2853 1458 2907 locis
1487 2853 1589 2907 sibi
1617 2851 1945 2906 famulantes

356 2947 627 3006 beneﬁcia
655 2956 960 3021 opportuna
985 2946 1270 3016 largimur,
1300 2944 1582 3015 praemium
1614 2942 1769 2997 nobis
1799 2941 1943 3015 apud

356 3038 652 3097 Dominum
680 3047 896 3094 aeternae
925 3036 1299 3092 retributionis
1348 3033 1571 3105 rependi
1609 3048 1717 3091 non
1753 3031 1944 3088 diﬁidi-

357 3143 505 3183 mus.
537 3126 746 3183 Idcirco
800 3135 986 3182 notum
1034 3126 1104 3180 sit
1133 3125 1386 3180 omnibus
1435 3123 1683 3177 ﬁdelibus
1713 3121 1938 3188 nostris,

2032 580 2165 635 toris
2188 581 2359 635 nostri
2390 580 2459 635 ab
2486 581 2688 635 eisdem
2722 580 3001 635 monachis
3045 595 3355 650 possessum
3383 579 3504 634 fuit.
3538 579 3610 633 Et

2029 670 2206 726 locum
2256 672 2349 740 qui
2403 672 2603 727 dicitur
2655 671 2887 725 Auraria
2913 687 3038 726 cum
3065 671 3212 725 omni
3266 672 3602 742 integritate,

2031 765 2171 817 sicut
2221 763 2350 818 olim
2391 780 2422 818 a
2465 763 2618 818 home
2669 765 2946 819 memoria:
2998 765 3366 834 Ermengarde
3425 764 3612 833 regina

2032 854 2293 922 prmdicto
2321 855 2651 909 monasterio
2705 855 2965 909 traditum
2989 862 3096 909 est.
3130 854 3195 907 Et
3221 855 3273 908 in
3301 869 3435 923 pago
3466 854 3614 923 Mag—

2033 941 2326 997 daloncnse
2383 952 2625 997 castrum
2682 945 2827 1012 quod
2856 943 3052 999 dicitur
3099 942 3615 1007 Monte—Calmense,

2033 1036 2195 1091 situm
2217 1036 2375 1105 juxta
2402 1036 2624 1092 ﬂuvium
2654 1038 2852 1104 Araur,
2911 1054 3034 1094 cum
3066 1038 3294 1093 ecclesia
3319 1038 3493 1093 sancti
3525 1037 3615 1091 Hi-

2033 1126 2176 1191 larii,
2218 1144 2249 1182 a
2289 1129 2521 1183 termino
2595 1130 2834 1199 ejusdem
2907 1126 3222 1184 monasterii
3290 1129 3617 1183 Anianensis

2034 1232 2204 1287 usque
2252 1219 2320 1272 ad
2375 1220 2666 1273 terminum
2719 1235 2925 1286 rerum,
2981 1220 3124 1275 sicut
3182 1220 3398 1291 genitor
3429 1228 3615 1275 noster

2036 1317 2187 1364 trans
2216 1311 2385 1380 ripam
2421 1310 2632 1379 praefati
2688 1310 2924 1367 fluminis
2973 1328 3070 1383 per
3098 1328 3253 1366 suum
3283 1321 3611 1382 pneceptum

2035 1400 2101 1455 ad
2125 1400 2400 1471 proprium
2429 1400 2541 1470 iam
2570 1401 2714 1455 dicto
2745 1402 2965 1457 tradidit
3000 1402 3351 1466 monasterio,
3385 1410 3614 1471 excepto

2033 1492 2313 1560 proprium
2346 1492 2702 1563 ingenuorum
2730 1492 3030 1548 hominum
3063 1493 3205 1564 quod
3265 1494 3406 1548 infra
3434 1493 3619 1562 conja-

2036 1588 2145 1634 cet.
2167 1579 2244 1634 -Et
2275 1595 2440 1650 super
2492 1580 2779 1653 prmfatum
2810 1582 3050 1649 ﬂuvium,
3100 1582 3397 1638 Caucinum
3428 1584 3493 1637 ad
3523 1600 3620 1653 pa-

2037 1683 2167 1723 scua
2215 1678 2588 1725 armentorum
2624 1680 2679 1725 et
2707 1671 2899 1726 alenda
2930 1687 3123 1741 pecora
3161 1687 3255 1726 seu
3308 1671 3443 1725 alias
3471 1672 3619 1725 utili-

2038 1765 2200 1825 tates,
2253 1775 2375 1814 cum
2407 1760 2609 1816 villulis
2649 1772 2704 1816 et
2740 1762 2990 1816 omnibus
3019 1761 3353 1831 aspicientiis
3382 1761 3513 1815 suis.
3547 1760 3614 1815 Et

1964 1858 2011 1917 Β
2040 1847 2147 1903 alio
2175 1848 2294 1904 loco
2320 1848 2639 1919 Comajagas
2669 1866 2793 1905 cum
2826 1850 3021 1905 ﬁnibus
3050 1858 3103 1905 et
3129 1851 3451 1919 adjacentiis
3480 1850 3621 1915 suis,

2040 1956 2136 1995 seu
2159 1951 2214 1997 et
2238 1941 2480 1997 Paliarcs
2509 1959 2632 1998 cum
2664 1942 2996 2011 appendiciis
3045 1943 3178 1997 suis.
3212 1943 3279 1996 Et
3306 1943 3356 1996 in
3388 1942 3507 1996 loco
3529 1942 3623 2011 qui

2039 2031 2238 2086 dicitur
2268 2030 2510 2102 Sogrado
2530 2073 2543 2098 ,
2577 2032 2826 2087 cellulam
2855 2047 3018 2102 quam
3051 2032 3150 2101 ipsi
3208 2032 3459 2086 monachi
3488 2032 3623 2086 cedi-

2039 2121 2343 2176 ﬁcaverunt
2389 2137 2511 2176 cum
2562 2122 2882 2192 adjacentiis
2910 2122 3043 2176 suis.
3100 2120 3295 2176 Omnia
3350 2123 3468 2176 haec
3496 2137 3621 2176 cum

2039 2214 2186 2268 omni
2216 2214 2548 2284 integritate,
2579 2214 2738 2269 sicuti
2768 2229 2797 2268 a
2824 2214 2992 2269 misso
3036 2215 3295 2284 genitoris
3324 2215 3493 2269 nostri
3520 2213 3625 2268 Ca-

2042 2305 2145 2360 roli
2178 2304 2451 2376 Leydrath
2481 2306 2890 2377 archiepiscopo
2943 2307 3196 2360 traditum
3220 2316 3276 2361 ct
3326 2308 3614 2361 marmori-

2043 2396 2146 2450 bus
2183 2412 2283 2465 per
2315 2412 2507 2453 cruces
2534 2405 2590 2451 et
2645 2397 3056 2451 terminationes
3105 2398 3443 2467 assignatum
3496 2397 3623 2461 fuit,

2042 2496 2098 2542 et
2127 2487 2196 2542 ab
2223 2487 2357 2557 ipsis
2388 2488 2670 2543 monachis
2698 2503 2728 2541 a
2760 2487 3096 2557 temporibus
3150 2488 3413 2558 genitoris
3451 2489 3623 2543 nostri

2042 2599 2372 2654 possessum.
2397 2585 2465 2640 Et
2493 2586 2550 2640 in
2609 2586 2728 2656 ipso
2756 2601 2916 2658 pago,
2954 2586 3010 2640 in
3044 2585 3175 2642 ﬁsco
3203 2597 3391 2642 nostro
3417 2604 3625 2644 nuncu-

2045 2681 2209 2745 pante
2278 2671 2584 2739 Juviniaco,
2639 2673 2819 2729 locum
2893 2674 3036 2744 quod
3088 2675 3312 2743 antiquo
3362 2675 3627 2730 vocabulo

2043 2762 2481 2836 Fons-Agricola:
2522 2766 2826 2832 dicebatur,
2879 2782 3023 2820 nunc
3077 2777 3256 2820 autem
3307 2764 3626 2821 Nova-Cella

2044 2852 2366 2924 appellatur,
2394 2870 2555 2925 quam
2587 2855 2806 2925 proprio
2827 2871 2992 2925 opere
3021 2855 3123 2926 ipsi
3171 2854 3423 2910 monachi
3454 2856 3629 2909 mani-

2044 2943 2146 2999 bus
2173 2944 2286 2999 suis
2338 2943 2781 3010 :ediﬁcaverunt;
2813 2946 2977 3000 etiam
3017 2954 3073 3000 et
3104 2946 3302 3001 molina
3350 2946 3457 3001 duo
3485 2945 3628 3000 infra

2043 3037 2216 3106 ipsius
2244 3036 2360 3091 ﬁsci
2390 3038 2683 3093 terminum
2712 3053 2875 3108 super
2899 3037 3122 3092 ﬂuvium
3151 3035 3290 3092 Lero
3318 3036 3388 3091 ab
3417 3037 3625 3092 eisdem

2043 3136 2357 3184 constructa
2390 3142 2514 3182 cum
2554 3128 2703 3182 omni
2751 3128 3083 3199 integritate,
3134 3127 3278 3182 sicut
3306 3128 3569 3182 hactenus
3594 3142 3628 3181 a

356 3220 721 3293 prtesentibus
748 3228 802 3274 et
826 3219 1044 3282 futuris,
1096 3217 1223 3287 quia
1249 3217 1450 3288 placuit
1481 3215 1638 3270 nobis
1671 3229 1769 3285 pro
1797 3228 1941 3268 mer-
1967 3204 2012 3266 C
2046 3218 2380 3291 temporibus
2405 3220 2671 3290 pmlibati
2702 3220 2964 3291 genitoris
3003 3220 3175 3275 nostri
3222 3220 3407 3289 quieto
3434 3219 3629 3275 ordine

359 3310 513 3366 cedis
542 3318 741 3365 nostrae
770 3316 1064 3381 augmento
1092 3308 1160 3362 ad
1183 3307 1590 3362 monasterium
1637 3304 1781 3373 quod
1809 3304 1943 3359 dici-

364 3410 458 3459 tur
487 3400 713 3463 Aniana,
747 3401 912 3456 situm
962 3400 1014 3454 in
1039 3414 1177 3469 pago
1225 3397 1660 3467 Magdalonense,
1694 3403 1945 3448 constru.

365 3499 518 3544 ctum
551 3490 605 3543 in
654 3490 860 3544 honore
912 3488 1125 3543 Domini
1152 3493 1207 3540 et
1251 3483 1551 3538 Salvatoris
1599 3481 1772 3535 nostri
1817 3478 1943 3535 Jesu

372 3578 601 3645 Christi,
659 3586 714 3633 et
744 3586 946 3633 sancta:
976 3591 1040 3630 ac
1094 3588 1308 3643 semper
1355 3572 1578 3643 virginis
1608 3571 1810 3632 Mariae,
1849 3586 1945 3625 seu

368 3669 604 3725 aliorum
654 3676 991 3731 sanctorum,
1044 3666 1137 3719 ubi
1183 3663 1510 3719 venerabilis
1556 3660 1947 3716 Hcrmenaldus

362 3761 540 3819 abbas
568 3773 799 3828 praeesse
830 3758 1063 3822 videtur,
1089 3754 1293 3824 aliquid
1320 3770 1388 3810 ex
1419 3754 1580 3808 rebus
1609 3752 1824 3809 tradere
1850 3767 1949 3807 no-

364 3851 520 3915 stris,
548 3851 601 3904 id
632 3858 714 3904 est
752 3849 1040 3918 quamdam
1080 3847 1332 3902 cellulam
1366 3853 1773 3916 nuncupantem
1825 3843 1949 3899 Gel-

363 3940 531 4005 lonis,
563 3940 726 3993 sitam
757 3938 812 3996 in
866 3953 1002 4009 pago
1032 3938 1358 4003 Lutovense,
1414 3952 1535 3991 cum
1576 3936 1829 3990 omnibus
1855 3951 1951 4005 ap-

363 4032 632 4106 pendiciis
662 4031 795 4096 suis,
821 4029 903 4084 vel
930 4028 1193 4102 quidquid
1244 4028 1317 4083 ibi
1347 4026 1649 4082 Willelmus
1677 4026 1948 4096 quondam

363 4138 575 4187 comes,
626 4123 719 4193 qui
750 4124 925 4193 ipsam
956 4120 1201 4176 cellulam
1233 4121 1288 4174 in
1318 4135 1480 4175 causa
1505 4118 1690 4173 domni
1719 4126 1772 4172 et
1802 4118 1952 4189 geni-

366 4211 509 4267 toris
538 4211 709 4267 nostri
739 4211 1068 4277 construxit,
1100 4225 1196 4265 seu
1224 4218 1280 4265 et
1309 4209 1399 4264 alii
1434 4208 1562 4264 boni
1588 4208 1834 4263 homines
1856 4222 1953 4278 per

368 4308 678 4358 stramenta
733 4301 1045 4354 chartarum
1104 4300 1460 4357 tradiderunt.
1505 4300 1573 4355 Et
1600 4300 1657 4357 in
1694 4300 1952 4370 praedicto

364 4406 509 4466 pago
564 4390 748 4444 villam
781 4406 901 4460 qua:
936 4389 1136 4444 dicitur
1198 4390 1618 4461 Magaranciate,
1664 4398 1719 4445 et
1774 4389 1952 4445 locum

364 4486 464 4556 qui
495 4485 696 4540 dicitur
722 4482 1168 4539 Castra-Pastum
1194 4483 1263 4538 ad
1289 4499 1487 4553 pecora
1514 4498 1704 4537 eorum
1736 4481 1950 4545 alenda,

364 4590 469 4630 seu
523 4575 753 4630 diversis
806 4575 1019 4641 usibus,
1073 4590 1196 4630 cum
1250 4574 1498 4629 terminis
1551 4582 1607 4628 et
1635 4572 1953 4642 adjacentiis

367 4666 508 4721 suis.
541 4665 608 4719 Et
636 4666 690 4720 in
719 4666 908 4721 eodem
958 4681 1096 4736 pago
1122 4665 1313 4720 ﬁscum
1369 4674 1616 4719 nostrum
1651 4664 1952 4719 Curcenate

367 4774 498 4812 cum
548 4758 798 4813 omnibus
827 4758 1147 4828 adjacentiis
1171 4757 1305 4811 suis.
1338 4757 1397 4810 In
1451 4771 1588 4826 pago
1618 4770 1833 4825 quoque
1862 4754 1954 4810 Bi-

372 4858 628 4903 terrense
666 4847 854 4902 ﬁscum
883 4858 1149 4912 nostrum,
1184 4847 1276 4916 qui
1309 4846 1508 4901 dicitur
1537 4844 1800 4909 Miliacus,
1829 4859 1953 4898 cum

366 4939 603 4995 ecclesia
631 4940 805 4993 sancti
833 4938 1107 5009 Paragorii
1138 4946 1193 4992 et
1217 4937 1488 4991 Miliciano
1515 4934 1663 5000 villa,
1689 4950 1811 4989 cum
1838 4949 1956 4989 om-

368 5032 537 5086 nibus
567 5030 903 5099 appendiciis
957 5038 1013 5084 et
1060 5026 1378 5097 adjacentiis
1417 5027 1550 5081 suis.
1584 5026 1654 5080 Et
1680 5026 1735 5080 in
1762 5025 1950 5079 eodem

367 5135 514 5200 pago
544 5120 1080 5176 Villam-Ciucianum
1107 5134 1230 5173 cum
1257 5116 1587 5187 appendiciis
1613 5124 1668 5170 et
1695 5113 1950 5183 adjacen-

371 5215 472 5275 tiis
498 5213 632 5269 suis.
664 5212 731 5266 Et
750 5212 894 5266 inter
920 5210 1152 5266 conﬁnia
1178 5210 1244 5264 de
1271 5223 1408 5280 pago
1439 5207 1704 5262 Butenico
1732 5221 1826 5260 seu
1848 5203 1954 5258 Ne—

369 5318 668 5361 mausense
720 5301 867 5371 alpes
925 5301 993 5355 ad
1018 5314 1213 5369 pecora
1269 5297 1458 5351 alenda
1517 5310 1610 5351 seu
1657 5292 1793 5347 alios
1820 5307 1952 5347 usus

372 5412 512 5474 quas
533 5396 721 5452 dicunt
743 5392 937 5456 Jaullo,
968 5406 1091 5445 cum
1122 5388 1367 5444 terminis
1392 5396 1447 5442 et
1478 5384 1795 5453 adjacentiis
1815 5383 1948 5449 suis,

377 5503 513 5558 quas
540 5487 669 5541 olim
705 5484 929 5555 praefato
969 5480 1298 5535 monasterio
1346 5493 1444 5549 per
1491 5478 1684 5532 missos
1734 5483 1951 5529 nostros

376 5576 745 5649 ﬂagainbaldo
773 5589 867 5629 seu
913 5571 1204 5627 Fulcoaldo
1254 5570 1450 5627 comite
1482 5567 1800 5623 tradidimus
1827 5578 1951 5620 cum

456 5712 749 5784 {Cuintius
789 5715 890 5768 hoc
918 5720 1243 5784 pneceptum
1286 5709 1452 5784 refert
1476 5710 1542 5764 ad
1569 5723 1768 5784 annum
1822 5705 1948 5767 836,

376 5782 733 5840 indictionum
788 5778 1021 5840 ineundo
1051 5778 1358 5838 a'lialcndis
1400 5778 1755 5851 Septembris,
1780 5790 1952 5834 annos

2044 3317 2380 3376 tenuerunt;
2411 3319 2467 3364 et
2492 3311 2633 3365 inter
2664 3326 2814 3365 mare
2861 3319 2918 3366 et
2942 3318 3193 3381 stagnum
3222 3310 3399 3365 locum
3427 3310 3520 3379 qui
3544 3325 3632 3365 vo-

2046 3409 2206 3454 catur
2232 3400 2536 3469 porcarias,
2570 3414 2729 3468 quem
2760 3400 2862 3453 sibi
2911 3400 2979 3453 ad
3039 3414 3237 3468 porcos
3261 3399 3514 3454 alendqu
3543 3399 3625 3455 vel

2046 3489 2115 3542 ad
2137 3487 2453 3558 piscationis
2482 3488 2963 3555 opportunitatem,
2996 3502 3092 3542 seu
3135 3487 3269 3543 alias
3297 3487 3630 3555 adjacentias

2048 3578 2115 3632 de
2143 3576 2277 3631 locis
2330 3577 2529 3631 eremis
2556 3575 2766 3647 praefati
2823 3579 3074 3632 monachi
3108 3586 3485 3648 susceperunt,
3519 3587 3575 3633 et
3600 3596 3632 3633 a

2050 3669 2300 3740 genitore
2325 3676 2517 3723 nostro
2565 3669 2648 3723 eis
2696 3683 2795 3739 per
2849 3677 3179 3739 praeceptum
3230 3670 3429 3724 collata
3482 3678 3628 3724 sunt.

2048 3759 2181 3815 Item
2212 3759 2266 3814 in
2302 3759 2490 3814 eodem
2520 3774 2660 3829 pago
2698 3759 2817 3816 illos
2840 3775 2997 3831 segos
3025 3776 3148 3815 cum
3185 3761 3300 3832 ipsa
3338 3762 3630 3832 piscatoria

2050 3858 2106 3904 et
2133 3849 2308 3919 plagis
2338 3848 2505 3903 maris
2531 3856 2586 3902 et
2610 3848 2802 3904 ﬁscum
2829 3858 3077 3904 nostrum
3127 3850 3494 3904 adhaerentem
3525 3850 3631 3906 illis

2051 3940 2143 4009 qui
2166 3946 2509 4009 nuncupatur
2534 3937 2673 4003 Sita,
2702 3939 2796 4007 qui
2824 3947 2909 3994 est
2940 3938 3082 3992 inter
3108 3954 3259 3993 mare
3286 3947 3341 3994 et
3359 3948 3630 4011 stagnum,

2051 4036 2107 4083 et
2133 4026 2410 4096 subiungit
2460 4042 2598 4098 pago
2652 4027 2928 4097 Agatensi,
2961 4042 3084 4082 eum
3139 4027 3403 4093 ecclesiis,
3433 4028 3635 4083 villari-

2054 4121 2182 4184 bus,
2213 4119 2499 4189 mancipiis
2532 4119 2704 4190 plagis
2730 4120 2896 4173 maris
2917 4127 2972 4175 et
3001 4120 3330 4188 piscatoriis,
3364 4135 3488 4175 cum
3514 4136 3633 4175 om-

2053 4209 2214 4264 nibus
2242 4209 2574 4279 aspicientiis
2599 4219 2655 4266 et
2696 4209 3014 4279 adjacentiis
3066 4212 3200 4277 suis,
3232 4228 3354 4266 cum
3402 4211 3553 4268 silvis
3577 4221 3635 4267 et

2053 4300 2341 4354 arboribus
2367 4314 2530 4370 supra
2556 4301 2764 4371 positis,
2803 4315 2975 4370 usque
3003 4300 3071 4355 ad
3101 4300 3276 4355 locum
3326 4303 3417 4372 qui
3437 4302 3634 4357 dicitur

2054 4390 2392 4454 Caraiacum,
2424 4400 2906 4460 quantumcunque
2935 4390 3019 4445 vel
3059 4390 3545 4461 quomodocunque
3571 4392 3628 4447 in

2055 4481 2259 4535 eisdem
2291 4481 2425 4536 locis
2447 4480 2588 4536 idem
2617 4481 2830 4550 genitor
2857 4488 3041 4534 noster
3084 4478 3355 4549 quondam
3379 4481 3446 4535 ad
3473 4496 3630 4535 suum

1976 4546 2245 4627 I)habuit
2266 4586 2421 4642 opus.
2462 4572 2529 4627 Et
2578 4546 2643 4626 in
2688 4586 2823 4640 pago
2872 4546 3227 4625 Narbonense
3282 4569 3485 4625 salinas
3511 4587 3632 4641 quae

2055 4670 2181 4718 sunt
2228 4670 2574 4730 nuncupante
2618 4660 2907 4730 Ad-Signa,
2969 4669 3419 4731 quantascuuque
3447 4669 3633 4717 noster

2055 4754 2254 4808 missus
2287 4751 2564 4808 Leibult‘us
2592 4767 2775 4807 comes
2806 4753 2887 4808 eis
2915 4752 3243 4823 designavit,
3298 4766 3422 4807 cum
3447 4755 3635 4807 termi-

2055 4846 2141 4899 nis
2170 4852 2226 4899 et
2268 4844 2684 4899 laterationibus
2736 4844 2872 4899 suis.
2904 4843 3131 4913 Insuper
3153 4851 3209 4898 et
3254 4843 3447 4898 cellam
3494 4841 3635 4911 juris

2056 4934 2250 5001 nostri,
2278 4950 2397 5005 quae
2419 4943 2504 4989 est
2533 4943 2844 4989 constructa
2874 4935 2929 4988 in
2955 4934 3161 4990 honore
3212 4935 3384 4990 sancti
3415 4934 3632 4989 Martini

2059 5025 2202 5079 infra
2230 5039 2414 5080 muros
2442 5024 2679 5080 civitatis
2707 5024 3064 5091 Arelatensis,
3093 5041 3215 5080 cum
3236 5025 3487 5080 omnibus
3512 5040 3633 5095 qua:

2059 5115 2125 5169 ad
2150 5129 2267 5169 eam
2316 5114 2369 5167 in
2414 5113 2605 5169 eodem
2653 5129 2790 5185 pago
2814 5113 3115 5169 Arelatensi
3148 5115 3232 5170 vel
3276 5115 3629 5170 Aviuionensi

2057 5208 2312 5278 praesenti
2374 5216 2617 5278 tempore
2664 5209 2958 5279 pertinent.
2996 5208 3064 5263 Et
3108 5208 3285 5262 locum
3336 5208 3429 5277 qui
3457 5215 3541 5262 est
3576 5208 3632 5261 in

2059 5313 2197 5369 pago
2223 5297 2545 5363 Arausione,
2594 5298 2856 5355 vocabulo
2905 5297 3222 5363 Murenatis,
3274 5298 3535 5367 quidquid
3563 5298 3634 5354 ad

2059 5389 2235 5457 ipsum
2264 5386 2443 5442 locum
2470 5388 2735 5458 pertinet;
2772 5395 2827 5443 et
2852 5388 3034 5442 villam
3057 5403 3178 5457 qua:
3205 5386 3404 5442 dicitur
3430 5386 3634 5444 Massa-

2059 5478 2144 5531 cia
2168 5492 2291 5531 cum
2338 5478 2592 5533 omnibus
2637 5476 2969 5546 appendiciis
3000 5476 3134 5540 suis,
3189 5476 3474 5530 habentem
3505 5476 3626 5546 plus

2062 5568 2239 5622 minus
2266 5582 2483 5622 mansos
2507 5583 2600 5631 XL,
2624 5582 2743 5637 qua:
2766 5574 2932 5621 estex
2965 5566 3173 5621 ratione
3199 5565 3466 5636 praedicta:
3480 5567 3630 5622 cellze

2064 5712 2191 5751 vero
2219 5697 2427 5771 imperii
2467 5696 2815 5771 Ludoviciaui
2859 5697 2927 5751 τὶ)
2956 5712 3096 5753 anno
3128 5697 3248 5763 813,
3275 5712 3381 5768 quo
3404 5712 3433 5752 a
3474 5706 3627 5768 patre

2065 5768 2525 5840 cotisors'inmerii
2547 5768 2848 5828 declaratus
2871 5776 2971 5823 est.
