4014 6186
401 314 535 374 1439

1471 294 1683 354 INDEX
1733 290 1976 350 RERUM
2026 292 2112 347 ET
2173 286 2552 345 VERBOBUM

3520 277 3659 331 1%40

398 422 569 479 sancti
618 416 868 483 Martini;
901 432 995 471 seu
1047 422 1102 470 et
1157 412 1385 469 insulam
1413 409 1793 466 Suburbanam
1835 420 1972 460 nun-
1998 406 2050 466 Α
2075 401 2158 458 vel
2184 408 2403 472 paratas
2429 397 2725 462 faciendas,
2756 403 2850 450 aut
2877 391 3229 483 ﬁdeiussores
3253 389 3546 456 tollendos,
3569 400 3665 444 aut

401 521 669 585 cupatam,
726 522 846 579 quae
902 507 1140 575 cingitur
1168 505 1235 558 ab
1265 503 1413 557 omni
1452 508 1607 571 parte
1636 514 1666 552 a
1718 496 1978 552 Rhodano

404 584 635 663 ﬂumine,
663 614 784 654 cum
807 596 1051 651 ecclesiis
1082 608 1144 648 ac
1167 594 1328 648 rebus
1353 607 1447 646 seu
1481 585 1813 659 appendiciis
1836 584 1971 646 suis,

406 695 546 747 sicut
574 687 845 758 quondam
900 682 1178 738 Leibull‘us
1211 696 1398 737 comes
1445 693 1540 748 per
1591 676 1976 731 auctoritatem

406 792 646 839 nostram
704 793 829 835 cum
881 775 1093 831 Notone
1139 774 1547 843 archiepiscopo
1582 785 1649 825 ex
1673 784 1771 824 suo
1828 767 1982 821 ainde

405 891 430 919 ι
471 871 829 931 excambiavit
854 877 906 924 et
927 867 1047 937 iure
1067 867 1325 939 possedit,
1375 873 1537 932 atque
1585 878 1681 932 per
1734 861 1979 916 chartam

406 965 711 1021 donationis
743 962 966 1034 praefato
1009 959 1236 1015 contulit
1289 957 1647 1012 monasterio.
1680 953 1902 1008 Necnon
1929 957 1985 1005 et

406 1058 460 1113 in
487 1072 625 1127 pago
659 1055 881 1111 Ucetico
911 1054 1178 1107 donamus
1204 1050 1454 1105 cellulam
1513 1045 1858 1118 proprietatis
1888 1058 1985 1097 no-

409 1159 556 1215 strae,
583 1165 702 1220 quae
725 1155 1064 1217 nuncupatur
1086 1144 1414 1210 Casa-Nova,
1440 1160 1559 1214 qua:
1581 1144 1684 1198 sita
1716 1151 1800 1197 est
1824 1140 1984 1209 juxta

407 1240 585 1294 locum
613 1237 731 1307 Equi
781 1244 1008 1291 vocatur
1044 1234 1400 1299 Gordauicus,
1439 1248 1600 1303 super
1652 1231 1870 1285 ﬂuvium
1898 1228 1987 1284 Ci-

410 1344 524 1394 cer,
561 1328 703 1383 sicut
728 1342 847 1382 eam
868 1333 923 1380 et
953 1326 1166 1396 genitor
1193 1333 1374 1379 noster
1422 1323 1693 1394 quondam
1722 1322 1984 1393 possedit,

414 1427 469 1475 et
494 1434 593 1473 nos
643 1418 769 1472 olim
815 1415 1041 1488 praefato
1091 1417 1424 1471 monasterio
1455 1431 1553 1486 per
1609 1415 1986 1470 auctoritatem

410 1519 653 1567 nostram
697 1508 1083 1563 concessimus.
1116 1506 1243 1562 Haec
1289 1507 1471 1562 omnia
1524 1506 1839 1577 praescripta
1865 1519 1986 1559 cum

412 1601 561 1657 omni
592 1600 899 1670 integritate
926 1597 1187 1670 praedicto
1212 1597 1541 1652 monasterio
1593 1612 1691 1665 per
1719 1597 1860 1651 hanc
1884 1611 1984 1650 uo-

415 1698 541 1747 straa
569 1689 907 1744 auctoritatis
936 1690 1278 1744 donationem
1319 1689 1707 1759 perpetualiter
1733 1688 1986 1743 concedi-

2080 493 2331 549 homines
2375 489 2548 562 ipsius
2590 484 2910 542 monasterii
2944 492 3052 537 tam
3100 482 3365 553 ingenuos
3393 494 3667 551 quamque

2083 598 2289 647 servos,
2320 582 2411 650 qui
2443 594 2606 649 super
2634 587 2835 632 terram
2862 573 3144 629 memorati
3177 571 3497 627 monasterii
3525 572 3659 625 resi-

2083 677 2212 731 dere
2242 676 2510 738 videntur,
2544 668 2964 739 distringendos,
2993 680 3092 720 nec
3115 664 3250 719 ullas
3272 662 3668 719 redhibitioues

2084 774 2178 820 aut
2213 763 2430 819 illicitas
2473 760 2790 815 occasiones
2844 754 3234 826 perquirendas
3269 753 3378 807 ulto
3427 767 3668 822 unquam

2087 866 2328 926 tempore
2356 851 2564 924 ingredi
2594 850 2792 904 audeat
2822 847 2907 901 vel
2930 855 3113 901 exact;
3128 861 3185 899 re
3240 851 3559 914 praesumat.
3596 842 3665 895 Et

2085 945 2342 1017 quidquid
2373 945 2439 998 de
2462 943 2621 997 rebus
2647 938 2858 1011 praefati
2906 936 3224 993 monasterii
3256 934 3420 989 ﬁscus
3447 948 3671 1004 sperare

2084 1041 2322 1107 poterat,
2354 1039 2524 1086 totum
2554 1045 2652 1085 nos
2683 1043 2782 1098 pro
2820 1037 3025 1082 aeterna
3072 1024 3513 1080 remuneratione
3532 1038 3671 1093 pra-

2087 1126 2233 1181 dicto
2261 1121 2591 1178 monasterio
2615 1120 2985 1183 concedimus,
3008 1125 3069 1172 ut
3088 1116 3365 1187 perpetuis
3412 1116 3670 1184 tempori-

2088 1219 2188 1274 bus
2212 1218 2265 1272 in
2297 1215 2607 1271 alimoniam
2640 1227 2942 1283 pauperum
2974 1218 3029 1266 et
3056 1210 3326 1281 stipendia
3376 1210 3672 1264 monacho-

2089 1324 2208 1364 rum
2238 1308 2438 1363 ibidem
2462 1307 2571 1361 Deo
2600 1304 2978 1358 famulantium
3028 1302 3281 1371 proﬁciat
3311 1302 3365 1356 in
3410 1316 3670 1372 augmen-

2089 1408 2224 1455 tum.
2269 1398 2336 1453 Et
2391 1396 2825 1467 quandoquidem
2880 1394 3060 1450 divina
3098 1393 3379 1447 vocatione
3428 1394 3670 1462 supradi-

2090 1498 2209 1545 ctus
2240 1489 2408 1544 abbas
2437 1495 2494 1542 et
2518 1500 2860 1542 successores
2886 1483 3006 1554 ejus
3035 1484 3103 1539 de
3128 1484 3232 1539 hac
3258 1483 3381 1539 luce
3407 1484 3674 1552 migrare-

2093 1580 2221 1646 rint,
2251 1578 2490 1649 quandiu
2537 1578 2636 1648 ipsi
2685 1575 2933 1630 monachi
2966 1574 3106 1629 inter
3144 1590 3205 1629 se
3248 1573 3387 1629 tales
3426 1573 3675 1629 invenire

2091 1670 2388 1742 potuerint,
2451 1668 2543 1740 qui
2600 1668 2775 1738 ipsam
2835 1666 3312 1739 congregationem
3376 1665 3674 1719 secundum

415 1793 536 1834 mus
566 1778 632 1833 ad
661 1779 926 1850 stipendia
955 1776 1186 1832 fratrum
1212 1749 1552 1833 ibidem-Deo
1578 1776 1981 1845 famulantium,
2016 1749 2061 1808 Β
2091 1762 2349 1833 Ῑῖεὲυίθηῖ
2379 1761 2557 1816 sane”
2583 1759 2858 1815 Βθηθάίθίί
2903 1773 3091 1830 regem
3123 1756 3360 1850 valeam,
3534 1757 3675 1850 ΜΨ)

417 1870 491 1925 ita
528 1877 586 1922 ut
615 1867 872 1938 quidquid
903 1869 971 1923 ab
1022 1868 1282 1923 hodierno
1309 1868 1396 1921 die
1417 1875 1470 1921 et
1497 1875 1737 1937 tempore
1763 1868 1829 1923 de
1856 1882 1992 1936 prce-

425 1959 587 2013 dictis
610 1957 771 2013 rebus
815 1958 995 2013 facere
1020 1958 1105 2012 vel
1134 1959 1385 2013 ordinare
1438 1958 1707 2013 voluerint
1754 1957 1991 2013 ministri

417 2047 521 2103 loci
551 2048 741 2118 ipsius,
770 2047 942 2103 libero
965 2048 1018 2101 in
1044 2048 1297 2103 omnibus
1330 2048 1692 2117 perfruantur
1740 2047 1987 2102 arbitrio.

416 2137 587 2204 Quam
615 2138 683 2192 ob
712 2153 826 2192 rem
852 2138 991 2192 hanc
1012 2139 1426 2207 praeceptionem
1472 2146 1674 2192 nostrae
1697 2137 1992 2192 auctorita-

423 2229 495 2284 tis
519 2242 617 2299 pro
643 2227 918 2282 ﬁrmitatis
975 2227 1153 2281 studio
1198 2227 1315 2281 ﬁeri
1360 2226 1625 2295 iussimus
1656 2246 1668 2280 :
1698 2241 1796 2296 per
1826 2241 1991 2297 quam

418 2319 639 2371 omnino
665 2317 1008 2387 praecipimus
1033 2326 1194 2387 atque
1209 2315 1481 2384 iubemus,
1529 2326 1591 2371 ut
1619 2316 1799 2371 nullus
1832 2331 1899 2370 ex
1932 2316 1993 2370 ﬁ-

414 2408 624 2464 delibus
654 2416 855 2464 sancta:
884 2409 978 2463 Dei
1030 2407 1284 2463 Ecclesia:
1313 2423 1378 2463 ac
1402 2409 1602 2463 nostris
1634 2409 1699 2462 de
1728 2407 1979 2477 praescri-

416 2497 527 2568 ptis
553 2498 716 2552 rebus
736 2511 767 2550 a
795 2497 949 2551 nobis
974 2495 1202 2566 prcet'ato
1228 2498 1556 2552 monasterio
1586 2496 1671 2551 vel
1691 2510 1989 2566 congrega-

417 2589 550 2645 tioni
580 2588 775 2643 ibidem
806 2587 1020 2659 degenti
1081 2589 1356 2644 concessis
1405 2588 1608 2658 aliquid
1668 2588 1989 2644 abstrahere

418 2685 513 2733 aut
558 2677 806 2733 minuere
868 2683 1060 2742 tentet,
1113 2692 1214 2732 nec
1235 2678 1289 2731 in
1330 2678 1575 2733 ecclesiis
1628 2685 1724 2731 aut
1761 2676 1881 2731 loca
1905 2675 1991 2731 vel

418 2782 578 2839 agros
603 2782 697 2822 seu
723 2766 960 2836 reliquas
985 2768 1355 2837 possessiones
1379 2768 1622 2838 praedicti
1649 2767 1985 2832 monasterii,

418 2871 556 2928 quas
606 2857 866 2912 moderno
916 2866 1158 2927 tempore
1207 2873 1305 2928 per
1359 2858 1680 2913 donationes
1731 2856 1990 2927 genitoris

419 2948 595 3003 nostri
622 2962 687 3003 ac
712 2955 927 3002 nostras
957 2962 1052 3002 seu
1079 2955 1398 3002 ceterorum
1425 2947 1661 3002 ﬁdelium
1695 2946 1843 3016 iuste
1866 2961 1991 3017 pos-

419 3038 598 3093 sidere
625 3039 838 3093 videtur
860 3039 913 3092 in
937 3038 1267 3108 quibuslibet
1295 3038 1450 3103 locis,
1504 3037 1764 3107 quidquid
1789 3037 1989 3091 ibidem

2091 1863 2332 1909 nostram
2364 1852 2742 1907 auctoritatem
2789 1858 2845 1905 et
2878 1864 3226 1911 consensum,
3275 1848 3438 1903 sicuti
3472 1848 3526 1901 in
3554 1848 3679 1902 aliis

2091 1958 2282 2000 eorum
2312 1943 2620 1998 continetur
2641 1941 2928 2012 praeceptis
2953 1955 2982 1995 a
3008 1940 3165 1995 nobis
3195 1939 3277 1995 vel
3310 1939 3558 2010 genitore
3580 1954 3669 1993 nov

2093 2043 2205 2090 stro
2238 2034 2341 2089 sibi
2370 2033 2600 2097 collatis,
2629 2032 2910 2087 licentiam
2935 2031 3173 2086 habeant
3197 2044 3415 2101 semper
3444 2030 3675 2101 eligendi

2092 2128 2339 2191 abbates,
2366 2134 2633 2196 quatenus
2666 2125 2798 2195 ipsis
2843 2124 3016 2179 servis
3058 2123 3155 2178 Dei
3184 2122 3277 2193 qui
3330 2122 3528 2178 ibidem
3562 2122 3671 2179 Deo

2091 2216 2342 2273 famulari
2370 2215 2643 2282 videntur,
2671 2231 2771 2287 pro
2814 2215 2972 2270 nobis
3023 2221 3082 2268 et
3131 2210 3366 2283 coniuge
3411 2212 3668 2281 proleque

2093 2316 2280 2363 nostra
2310 2315 2366 2360 et
2391 2306 2690 2361 stabilitate
2718 2305 2885 2360 totius
2914 2303 3130 2373 imperii
3175 2318 3205 2356 a
3234 2301 3345 2362 Deo
3369 2301 3528 2355 nobis
3551 2316 3669 2354 con-

2093 2397 2230 2453 ccssi
2260 2394 2345 2451 vel
2371 2394 2726 2451 conservandi
2761 2393 2967 2464 iugiter
2997 2392 3211 2447 Domini
3242 2390 3670 2446 misericordiam

2091 2503 2322 2544 exorare
2353 2486 2668 2542 delectetur.
2700 2484 2767 2539 Et
2795 2492 2856 2538 ut
2885 2484 3000 2538 hac
3042 2482 3341 2537 auctoritas
3369 2480 3569 2535 nostris
3590 2478 3672 2533 fu-

2092 2581 2336 2649 turisque
2366 2580 2702 2649 temporibus
2741 2577 2972 2632 Domino
3023 2583 3341 2647 protegente
3384 2573 3564 2628 valeat
3592 2573 3671 2628 in-

2092 2673 2351 2729 convulsa
2400 2687 2642 2736 manere,
2671 2686 2836 2724 manu
2877 2670 3095 2740 propria
3144 2667 3591 2737 subscripsimus,
3619 2676 3673 2721 et

2092 2763 2277 2820 annuli
2306 2764 2478 2818 nostri
2520 2763 2874 2832 impressione
2896 2761 3099 2832 signari
3120 2759 3407 2829 iussimus.

2162 2852 2545 2909 Hirminmaris
2567 2854 2810 2909 notarius
2825 2852 2891 2906 ad
2907 2852 3080 2906 vicem
3104 2849 3346 2922 Hugonis
3365 2852 3672 2922 recognovi.

2160 2944 2299 2999 Data
2342 2959 2418 2998 xu
2450 2943 2570 2998 Kal.
2606 2941 2953 3005 Novembris,
2985 2956 3145 3006 anno,
3171 2939 3394 2995 Christo
3419 2941 3671 3010 propitio,

2094 3052 2221 3091 xxxv
2251 3036 2462 3106 imperii
2490 3036 2672 3092 domui
2716 3033 2975 3091 Ludovici
3030 3032 3263 3104 piissimi
3306 3034 3555 3104 Augusti,
3594 3033 3676 3086 in—

419 3136 644 3199 propter
688 3129 929 3182 divinum
954 3101 1223 3183 utmorem
1275 3101 1538 3183 collatum
1581 3101 1703 3194 fuit,
1760 3141 1989 3198 quicque
2017 3101 2063 3164 (ἶ
2097 3101 2451 3182 dictione'xv.

420 3219 588 3272 etiam
610 3217 864 3286 deinceps
892 3217 946 3270 in
965 3216 1087 3284 iure
1113 3217 1282 3287 ipsius
1311 3220 1484 3273 sancti
1520 3218 1621 3273 loci
1650 3227 1741 3272 aut
1763 3233 1863 3290 per
1889 3233 1990 3274 nos

420 3316 515 3362 aut
537 3323 634 3378 per
658 3308 797 3363 alios
823 3306 1054 3363 voluerit
1094 3308 1276 3364 divina
1325 3310 1500 3380 pietas
1523 3311 1731 3381 augeri,
1770 3311 1838 3364 ad
1864 3325 1994 3364 cau-

419 3412 508 3452 sas
558 3395 854 3452 audiendas
902 3396 986 3451 vel
1018 3395 1169 3452 {reda
1208 3400 1491 3470 exigenda,
1553 3408 1647 3455 aut
1676 3402 1989 3457 mansiones

492 3520 518 3549 ι
560 3506 751 3562 Exstat
776 3508 830 3562 in
872 3508 1138 3565 tabulario
1160 3510 1476 3567 Aniauensi.

423 3646 2963 3678 ψ

2164 3217 2359 3273 Actum
2393 3217 2720 3288 Aquisgrani
2767 3216 2971 3295 palatio
3015 3215 3167 3288 rcgio
3212 3216 3264 3270 in
3312 3214 3405 3269 1)τὶ
3455 3213 3675 3268 nomine

2099 3306 2350 3364 feliciter.
2402 3308 2592 3362 Amen.

2942 3648 3655 3677 ἕψω

1133 3764 1511 3853 INDEX
1582 3763 1991 3852 REBUM
2063 3764 2215 3852 ET
2281 3761 2940 3855 VERBORUM

2022 3949 2103 3990 AD

832 4071 1111 4132 SANCTI
1155 4069 1582 4131 BENEDICTI
1629 4068 2102 4130 ANIANENSIS
2145 4064 2674 4129 CONCORDIAM
2719 4066 3233 4128 REGULARL'M.

994 4288 1060 4345 In
1086 4288 1183 4342 hoc
1217 4287 1403 4343 Indice
1444 4298 1716 4342 revocatur
1763 4287 1949 4341 Lector
1991 4288 2060 4342 ad
2095 4303 2338 4342 numeros
2367 4288 2729 4343 columnarum
2763 4296 3082 4342 nostrarum.

907 4462 954 4515 Α

483 4598 643 4648 Ahbas
665 4593 820 4657 qualis
845 4604 966 4657 esset
999 4589 1171 4657 debet,
1196 4590 1306 4657 7515,
1332 4590 1446 4657 76S}.

419 4659 490 4710 Ex
511 4652 891 4715 congregatione
908 4654 1181 4715 eligendus.
1205 4652 1314 4715 755,
1332 4652 1438 4715 760.

419 4721 522 4770 Non
568 4711 853 4776 ni-ophytns,
892 4711 1000 4776 76οζ
1047 4713 1161 4776 Eius
1192 4711 1440 4776 ordinandi

419 4786 559 4837 ratio,
596 4774 1051 4837 762.,Urdinaudu‘~
1093 4774 1153 4821 ab
1190 4774 1437 4837 episcOpo,

417 4840 523 4890 7m.
550 4833 670 4887 Non
693 4835 806 4884 olim
851 4838 1110 4883 tenebatur
1131 4846 1243 4882 esse
1264 4833 1442 4892 incer-

415 4906 522 4964 40.,
562 4902 669 4964 δεῇ.
712 4896 931 4964 υιιάίωμ-
959 4902 1145 4964 peccet
1186 4899 1443 4964 iniere-tn

419 4955 753 5023 [enipnratimu
793 4958 1223 5023 administratione,
1248 4955 1358 5023 775.
1383 4955 1442 5005 Ei

412 5017 533 5073 μηδ’
558 5022 833 5069 innnasterii
862 5017 1078 5065 vendere
1102 5026 1183 5063 aut
1220 5017 1443 5066 alienare

418 5100 512 5132 non
536 5085 668 5140 licet,
693 5081 801 5140 7115ὲ
830 5078 927 5123 Non
954 5078 1105 5125 debet
1131 5077 1315 5126 habere
1342 5091 1445 5140 pro.

416 5150 591 5203 prium,
612 5138 723 5203 775,
765 5138 879 5203 Non
902 5140 1052 5203 debet
1078 5141 1146 5203 uti
1184 5138 1445 5203 Iibera'po-

417 5200 613 5260 iestate,
640 5201 750 5258 782.
773 5201 904 5249 1019.
930 5200 1050 5247 Sine
1075 5201 1180 5258 eius
1206 5201 1441 5258 permissu

415 5267 529 5313 nihil
555 5266 846 5315 faciendum,
882 5260 1013 5309 1197.
1054 5260 1211 5310 Debet
1240 5262 1446 5310 reﬁcere

412 5338 520 5374 cum
563 5340 653 5376 sna
698 5329 1100 5384 congregatione,
1162 5322 1293 5370 1255.
1340 5321 1447 5370 Eis-

1518 4457 1677 4509 lectus
1704 4465 1748 4509 in
1774 4465 1938 4513 mrdio
1954 4467 2240 4529 dormitorii,
2266 4468 2377 4516 967.
2405 4468 2556 4529 Quam

1516 4534 1888 4592 cur-anigerere
1912 4528 2067 4577 debet
2109 4530 2173 4578 de
2221 4528 2556 4577 excommuni-

1518 4587 1655 4643 catis,
1688 4587 1821 4637 1107.

1514 4644 1854 4754 mlAiﬂntissa
1902 4649 2142 4699 ordinatio
2194 4649 2257 4699 ah
2309 4651 2553 4712 episeopo,

1578 4767 1716 4817 Abbo
1738 4769 1835 4829 is.)
1858 4771 2023 4828 auitae.
2042 4773 2151 4822 793.

1580 4830 1898 4887 Ablactatum,
1927 4834 2038 4880 8715.

1577 4891 1775 4955 Ablutio
1821 4904 2041 4955 manuum
2081 4900 2194 4944 ante
2228 4894 2554 4955 sumptionem

1518 4952 1843 5010 eucliaristize,
1869 4954 2002 5003 1007.
2341 4952 2351 4955 '
2494 4980 2497 4983 π

1578 5012 1842 5075 Abnegare
1864 5016 2181 5075 setnelipsum
2217 5015 2327 5073 sibi,
2347 5016 2457 5064 799.

1578 5073 1825 5138 Absentes
1858 5075 1933 5138 ab
1964 5073 2077 5123 oratr
2102 5081 2172 5125 rio
2211 5090 2297 5138 pro
2337 5079 2554 5126 utilitate

1516 5136 1820 5195 mOuasterii,
1849 5136 1987 5185 11238.
2026 5136 2312 5186 Absenlium
2337 5151 2552 5187 comme-

1516 5197 1717 5243 moratio
1741 5199 1790 5242 tu
1812 5200 2041 5258 oratorio,
2072 5198 2208 5246 1515.

1578 5265 1913 5315 Ahsolutiouis
1936 5268 2105 5322 turma,
2134 5269 2270 5317 1050.
2304 5318 2308 5322 _

1579 5325 1869 5374 Absolvendi
1897 5330 2116 5378 monachi
2137 5332 2550 5383 excoxumuuicati

412 5386 525 5434 dem
565 5386 762 5435 fratrum
809 5384 932 5448 cibis
976 5384 1129 5448 debet
1175 5394 1287 5448 esse
1321 5395 1441 5430 oon—
1512 5387 1985 5448 ritus,1005,10t19.

417 5453 599 5505 ζσήῑιις,
645 5448 776 5498 11117.
823 5444 973 5492 Lavet

418 5502 555 5569 1201.
586 5502 872 5569 Ἡοεριῑυηι,
898 5502 1033 5554 1217.
1074 5504 1184 5569 Ejus
1207 5502 1439 5569 coqttina',

413 5567 529 5616 ibid.
557 5565 771 5627 Litigare
811 5580 907 5614 nou
945 5565 1118 5620 debet,
1167 5565 1297 5627 760,
1323 5565 1438 5627 761.

413 5628 604 5681 Cubare
626 5626 777 5680 debet
797 5629 845 5678 iu
868 5627 1168 5691 dormitorio,
1188 5626 1297 5678 968.
1327 5626 1444 5690 Eius

1017 5444 1171 5506 pedes
1221 5444 1437 5506 fratrum,

1575 5447 1859 5509 Absteutus,
1882 5449 2020 5509 quid,
2049 5450 2159 5500 986.

1576 5510 1879 5573 Abstinentia
1902 5511 2171 5573 moderata.
2214 5513 2238 5562 1
2255 5517 2265 5562 Ι
2285 5514 2355 5564 17.
2381 5512 2549 5573 Qualis

1516 5582 1626 5620 esse
1649 5571 1849 5627 debeat,
1881 5571 2015 5620 1211.

1580 5632 1839 5682 Abstinere
1865 5636 2093 5696 aliquem,
2129 5636 2239 5685 986.

2695 4464 2932 4522 Acceptin
2956 4475 3195 4525 personat,
3224 4462 3332 4514 771.

2631 4526 2953 4636 1()étﬁccusatio
2976 4527 3071 4585 sui,
3098 4526 3230 4577 1025.
3256 4527 3406 4584 Quam
3431 4526 3494 4574 sit
3516 4527 3674 4585 υιὶιεςι,

2690 4648 2891 4706 Acedta,
2913 4646 3026 4697 000.
3049 4644 3167 4706 Ejus
3197 4648 3438 4706 remedia,
3463 4648 3575 4699 961.

2688 4709 2866 4767 Achar,
2891 4709 3072 4767 Achan,
3098 4708 3203 4767 U32.

2690 4771 2809 4817 Acta
2836 4770 3197 4830 Apostolorum.
3224 4770 3365 4819 1221.

2692 4829 2886 4891 Actum,
2914 4838 3153 4889 emnctum,
3178 4830 3291 4879 739.

2691 4891 2957 4940 Adalardus
2987 4892 3087 4951 (3.)
3112 4892 3282 4950 abbas,
3309 4893 3418 4942 795.

2689 4953 2970 5013 Atlalaricus
2995 4950 3116 5013 (3.),
3144 4953 3276 5001 1118.

2687 5012 2871 5061 Adusto
2902 5012 3106 5072 corpore
3149 5027 3272 5072 puer
3313 5019 3473 5061 inanrt
3498 5014 3674 5059 immn-

2625 5072 2762 5185 ἒὲὃθ,
2810 5087 2873 5124 ne
2917 5074 3202 5124 sacriﬁcium
3258 5076 3672 5135 interrumpatur,

2625 5139 2732 5180 990.

2685 5203 2938 5253 Editicans
2979 5217 3122 5266 supra
3145 5211 3353 5267 petram,
3398 5201 3475 5252 vel
3510 5216 3677 5267 super

2622 5274 2838 5324 arenam,
2854 5267 2963 5315 715.

2684 5326 2810 5387 @gil
2838 5326 2938 5387 (Β.)
2964 5327 3112 5373 abbas
3133 5325 3406 5382 Ριιιιιιιιιςίς,
3428 5327 3537 5375 ἵξῃ,

2623 5385 2996 5498 1oggroiantes
3017 5391 3065 5437 in
3091 5390 3270 5437 itinere
3313 5396 3366 5434 ut
3394 5388 3667 5450 tractandi,

2684 5508 2868 5569 Εενοῑὶ
2894 5510 3106 5557 monachi
3145 5516 3196 5556 ut
3221 5510 3481 5566 tractandi,
3517 5511 3668 5560 1089.

2624 5568 2685 5618 Ut
2702 5568 2938 5630 te’ntan-ti,
2971 5569 3104 5619 109'».
3130 5569 3234 5618 Non
3256 5579 3370 5618 sunt
3386 5571 3585 5620 fovendi
3613 5576 3667 5620 ia

2624 5631 2813 5681 adibus
2834 5640 3105 5694 parentum,
3142 5632 3275 5681 1036.
