1918 3086
1122 198 1158 215 i‘

1002 196 1712 222 Em

86 214 278 221 rm

701 279 1122 366 ΦΩΤΙΟΥ

256 419 825 487 ΜΥΡΙΟΒΙΒΛΟΝ
888 422 948 485 Η
997 419 1547 488 ΒΙΒΛΙΟΘΗΚΗ.

740 628 1072 706 ΡΗΟΤΙΙ

185 774 741 838 MYRIOBIBLON
813 773 995 839 SIVE
1065 773 1618 838 BIBLIOTHECA.

617 974 805 1006 NOBILISS.
823 977 870 1006 ET
891 977 1062 1007 AMPLISS.
1083 978 1188 1007 VlRiS

488 1030 648 1066 OUIRINO
675 1031 958 1070 RECIILINGERO,
986 1033 1115 1063 MARCO
1142 1033 1323 1068 VELSERO,

421 1095 610 1125 AUGUSTAE
624 1095 919 1126 VINDELICORUM
940 1097 1158 1127 DUUMYIRIS
1173 1098 1389 1128 I-‘R/EFECTIS

619 1155 976 1192 SEPTEMVIRUMQUE
992 1157 1133 1186 CULLEG
1141 1157 1187 1193 l0,

359 1213 521 1243 DOMINIS
550 1214 596 1243 AC
631 1213 820 1243 I’ATRONIS
845 1214 1053 1243 PLURIMUM
1080 1214 1343 1244 OBSERV'ANDIS
1384 1215 1414 1245 S.
1432 1215 1463 1245 P.

119 1272 235 1299 Photius
262 1270 319 1301 ille,
339 1271 462 1297 omnium
477 1272 644 1298 eruditorum
660 1276 731 1297 tanto
747 1271 844 1305 petitus
860 1271 970 1304 ambitu,
986 1276 1060 1298 tanta
1073 1271 1152 1298 datus
1171 1271 1220 1307 (α),
1240 1272 1347 1298 tandetn
1362 1279 1378 1299 c
1399 1273 1518 1299 tenebris
1538 1277 1631 1300 erutus
1655 1274 1721 1302 exit.

89 1317 141 1343 Etsi
156 1317 234 1343 enim
252 1322 286 1341 ea
303 1320 365 1341 sunt
384 1320 477 1341 nostra
502 1321 636 1349 tempora,
652 1315 752 1349 quibus
770 1323 823 1342 non
850 1315 948 1349 injuria
981 1314 1099 1346 dubites,
1119 1315 1214 1349 plusne
1238 1315 1371 1342 commodi
1389 1323 1422 1342 an
1442 1316 1605 1343 incommodi
1627 1324 1721 1352 respu~

88 1361 151 1386 blica
169 1359 310 1386 litteraria
327 1358 378 1385 sibi
395 1358 492 1385 habeat
506 1358 648 1393 polliceri:
665 1364 809 1394 propterea
827 1360 898 1393 quod
917 1359 977 1385 alibi
999 1358 1080 1390 bella,
1096 1358 1159 1386 alibi
1177 1359 1291 1386 eruditae
1309 1359 1437 1386 doctrinae
1453 1364 1625 1395 contemptus
1640 1365 1722 1396 atque

88 1406 186 1433 odium,
206 1403 319 1430 ruinam
337 1402 457 1436 aliquam
474 1403 572 1429 minari
590 1403 756 1430 videantur:
775 1408 864 1430 tamen
880 1411 940 1430 cum
957 1402 991 1429 ab
1006 1403 1085 1429 annis
1103 1402 1174 1429 haud
1194 1403 1230 1429 ita
1247 1402 1349 1435 tnultis,
1364 1408 1460 1438 prmter
1477 1404 1721 1438 exspectationem,

89 1448 200 1474 diversis
219 1455 236 1474 e
255 1447 336 1479 locis,
353 1450 380 1473 et
405 1447 515 1480 quidem
541 1447 678 1473 nonnullis
701 1455 796 1481 parum
820 1448 924 1482 pacatis
944 1452 971 1473 et
996 1446 1163 1481 tranquillis,
1187 1446 1351 1480 COIIlplUI‘CS,
1370 1451 1439 1472 noue
1457 1446 1576 1480 optimm,
1600 1451 1721 1475 veterum

90 1496 232 1517 aucturum
249 1490 312 1516 libri
329 1489 356 1516 in
374 1489 462 1516 lucem
479 1490 642 1524 prodierint,
657 1495 739 1523 atque
754 1490 836 1517 etiam
850 1498 921 1517 nttnc
937 1490 1059 1525 quotidie
1078 1489 1267 1525 proferantur;
1284 1490 1404 1517 animum
1419 1497 1590 1524 nequaquam
1605 1491 1721 1526 despon-

90 1534 203 1560 dendutn
225 1534 372 1560 duxerim.
391 1532 489 1560 Verum
509 1534 534 1560 id
551 1533 662 1568 quidem
681 1538 733 1566 est,
747 1534 879 1562 steculum
895 1534 959 1561 illttd
975 1542 1098 1567 aureum,
1112 1533 1182 1569 quod
1194 1534 1280 1567 aiunt,
1296 1534 1378 1562 fuisse
1396 1533 1558 1569 ἡγεμονικόν
1571 1555 1579 1567 ,
1595 1535 1719 1568 alterunt,

89 1578 199 1613 θυμικόν
213 1585 223 1593 ·
239 1577 341 1611 quibus
357 1582 386 1604 et
407 1578 549 1612 sapientia:
567 1582 594 1604 et
615 1578 783 1606 fortitudinis
803 1579 881 1605 laude
898 1578 1020 1605 homines
1037 1578 1063 1605 in
1080 1578 1175 1612 primis
1191 1578 1375 1604 excelluerunt
1389 1587 1397 1604 :
1416 1581 1462 1605 sed
1478 1586 1565 1614 neque
1579 1579 1631 1606 hoc
1653 1585 1722 1607 tetu-

90 1628 162 1655 pore,
184 1621 262 1655 quod
288 1620 491 1655 ἐπιθυμητικὸν
515 1621 672 1656 indigitanl,
698 1624 850 1656 sapientum
876 1622 997 1649 virorutn
1020 1621 1154 1656 exempla,
1172 1621 1326 1655 virtuteque
1350 1621 1458 1649 heroica
1479 1623 1652 1656 praadilorum
1674 1623 1722 1651 de-

91 1672 164 1693 sunt:
184 1665 318 1701 Ἀρχαῐαι
335 1665 358 1691 δ’
374 1665 473 1700 ἀρεταὶ
489 1665 530 1700 (ιιι
542 1665 631 1701 Lyrici
646 1666 737 1693 verbis
755 1666 848 1702 utar)d

965 1674 1020 1697 ται,
1038 1664 1240 1699 ἀλλασσόμεναι
1253 1665 1361 1699 γενεαῖς
1376 1664 1494 1700 ἀνδρῶν,
1514 1665 1618 1697 σθένος.
1634 1665 1721 1694 Nimi-

92 1717 145 1735 rum
164 1711 298 1736 omnibus
321 1709 433 1737 saeculis
455 1710 538 1744 aliqui
560 1710 691 1737 divinitus
712 1710 877 1741 excitantur,
898 1709 943 1744 qui
960 1709 1117 1743 disciplinas
1138 1708 1263 1736 liberales
1282 1714 1459 1743 propagatum
1481 1713 1556 1742 eunt,
1578 1717 1638 1744 qua:
1657 1711 1722 1738 sola:

92 1761 170 1786 genus
189 1753 336 1779 hominum
360 1753 466 1780 Salvum
491 1759 572 1788 atque
595 1753 732 1780 incolume
756 1759 930 1781 conservant.
948 1753 1007 1786 Quo
1030 1753 1178 1780 feliciorem
1199 1754 1268 1780 hanc
1285 1758 1392 1780 natalem
1410 1758 1531 1780 nostram
1549 1754 1652 1788 judico.
1668 1763 1721 1790 qua

93 1805 148 1822 cum
163 1797 208 1823 alii
232 1797 388 1830 scriptores
402 1797 506 1831 antiqui
522 1797 691 1830 revixerunt,
709 1802 764 1823 tum
783 1798 855 1824 inter
868 1803 982 1825 caeteros
998 1798 1042 1825 ille
1061 1798 1118 1832 ipse
1131 1797 1224 1832 (quem
1243 1796 1309 1832 dixi)
1326 1797 1352 1824 in
1371 1798 1444 1824 omni
1464 1804 1564 1832 genere
1582 1798 1721 1826 doctrina-

95 1848 147 1866 rutn
163 1840 415 1874 praestantissimus
430 1841 548 1874 scriptor
559 1841 682 1875 Photius.
696 1840 745 1868 Cui
763 1845 792 1868 tit
806 1848 820 1867 a
835 1841 936 1868 lumine
950 1848 1058 1873 nOmeu,
1077 1842 1112 1868 ita
1128 1841 1187 1868 luce
1203 1840 1294 1867 tanditt
1307 1841 1457 1868 carendum
1474 1840 1569 1874 fuisse,
1583 1842 1720 1876 demiror;

99 1884 212 1914 auctori,
235 1883 516 1918 cnjuseMyriobiblo
536 1884 664 1918 theologi,
685 1884 794 1916 medici,
815 1885 950 1918 historici,
970 1889 1105 1918 oratores,
1130 1884 1257 1920 philologi
1277 1885 1396 1920 denique
1415 1885 1582 1912 uberrimum
1602 1885 1720 1913 fructum

93 1927 360 1962 rtjucundissimutu
377 1935 477 1962 capere
493 1934 617 1962 possunt.
640 1928 667 1955 Id
684 1929 755 1962 qttod
775 1929 881 1964 eulogia
902 1929 1012 1960 docent,
1031 1935 1091 1962 qua:
1110 1928 1173 1954 huic
1193 1928 1269 1962 operi
1293 1936 1366 1955 nttuc
1381 1928 1498 1962 primum
1516 1937 1530 1956 ιι
1550 1929 1628 1957 nobis
1647 1930 1720 1957 edito

93 1971 270 2005 pnponenda
293 1971 465 1998 curavimus.
487 1971 552 1998 Nam
578 1971 704 2007 Eclogas,
724 1980 785 1999 cum
807 1973 941 2005 censuris,
957 1979 1009 1998 non
1030 1979 1062 1998 ex
1085 1971 1117 1998 iis
1137 1971 1270 1997 duntaxat
1288 1970 1377 2003 libris,
1395 1971 1441 2005 qui
1464 1976 1524 1998 sunt
1546 1972 1571 1998 iu
1595 1973 1720 2000 manibus

93 2013 145 2040 iere
159 2014 300 2045 omnium,
316 2014 432 2042 I’hotius
443 2016 534 2042 attulit
551 2025 558 2042 :
572 2017 619 2043 sed
635 2016 715 2051 longe
730 2016 807 2051 plura
829 2023 861 2043 ex
878 2016 985 2042 iliorutn
1003 2015 1187 2042 monumentis
1201 2015 1429 2050 ἁποσπασμάτια,
1445 2016 1490 2049 qtti
1511 2016 1551 2043 vel
1567 2021 1718 2051 temporum

96 2057 188 2090 injuria
204 2066 322 2092 prorsus
335 2060 440 2091 amissi,
455 2060 497 2086 vel
512 2061 691 2094 quorumdam
709 2060 890 2096 βιϐλιοτάφων
908 2058 1009 2086 invidia
1026 2058 1131 2086 nonnisi
1149 2058 1241 2086 blattis
1254 2058 1370 2093 expositi
1388 2063 1461 2086 sunt.
1475 2059 1570 2094 Neque
1583 2067 1616 2087 ex
1632 2060 1719 2088 sacris

95 2106 206 2133 tantum,
234 2104 283 2128 sed
307 2108 333 2129 et
351 2104 455 2130 exteris
478 2104 670 2138 scriptoribus.
695 2104 762 2131 Tam
786 2105 858 2131 enim
879 2104 976 2131 horum
1001 2103 1112 2138 prodest
1136 2102 1227 2136 lectio,
1245 2102 1378 2137 judicium
1398 2103 1421 2130 si
1446 2103 1718 2140 adhibeatur,.quant

94 2145 171 2179 Moysi
197 2153 254 2172 non
282 2146 370 2173 obfuit
397 2147 604 2182 AEgyptiorum,
636 2148 740 2175 Danieli
768 2148 975 2180 Chaldaeorum,
1006 2146 1037 2174 D.
1062 2146 1146 2174 Paulo
1175 2145 1331 2174 Graecorum
1360 2146 1518 2181 disciplinas
1546 2148 1717 2182 cognovisse.

93 2187 220 2215 lsraelitis
235 2189 356 2224 denique
371 2197 437 2218 vasa
452 2199 485 2218 cx
497 2190 616 2226 Egypto
630 2192 656 2218 ῑιι
673 2191 844 2219 Ριιιδεειίιιειιιι

980 2190 1162 2218 transtulisse.
1179 2189 1241 2217 Ideo
1263 2197 1367 2218 summa
1389 2190 1434 2217 ltic
1453 2190 1515 2222 (ide,
1533 2192 1578 2226 qui
1597 2191 1717 2220 delectus

93 2233 191 2265 haberi,
209 2233 284 2260 unde
300 2233 360 2267 plus
382 2234 507 2261 ntinusve
522 2236 678 2269 exspectari
697 2235 793 2270 possit.
808 2235 922 2262 Photius
940 2235 1071 2262 ostendit.
1095 2234 1152 2261 Hoc
1174 2242 1242 2269 optts
1256 2233 1330 2261 varia
1345 2238 1373 2261 et
1392 2234 1534 2270 multiplici
1552 2240 1607 2262 tam
1627 2243 1716 2263 rerum

92 2283 167 2308 quam
184 2276 333 2303 verborum
348 2276 480 2304 refertum
495 2279 674 2313 supellectile,
689 2280 739 2306 viri
754 2279 929 2311 nobilissimi,
943 2286 992 2306 cur
1005 2279 1038 2306 Λ.
1058 2277 1089 2306 ν.
1108 2283 1297 2306 consecratum
1317 2278 1409 2310 velim,
1430 2279 1522 2306 multa;
1540 2287 1628 2306 eauste
1642 2283 1716 2307 sunt.

91 2318 116 2344 lu
128 2320 181 2347 hac
198 2321 273 2347 enim
291 2321 359 2348 urbe
377 2321 416 2348 illi
435 2325 551 2356 renasci,
570 2323 738 2350 characteris
761 2323 896 2357 elegantia
916 2322 1055 2354 exornari,
1068 2329 1084 2349 e
1101 2327 1189 2349 vestra
1208 2321 1307 2348 illustri
1327 2321 1493 2350 Bibliotheca
1514 2322 1623 2349 vulnera
1641 2331 1716 2358 que-

91 2363 147 2389 dam
163 2364 272 2396 sanari,
292 2366 469 2393 accessiones
493 2366 608 2401 denique
635 2367 705 2399 ﬁeri,
729 2366 854 2401 contigit.
879 2365 908 2392 ltt
932 2366 984 2393 hac
1006 2373 1090 2393 musae
1107 2370 1133 2392 et
1152 2366 1246 2400 gratim
1264 2365 1431 2392 domicilium
1452 2370 1537 2392 nactae
1556 2366 1715 2399 creduntur.

90 2407 158 2440 quod
175 2407 193 2434 ii
210 2408 398 2441 gubernacula
421 2409 577 2444 reipublicae
592 2415 712 2444 teneant,
726 2409 772 2444 qui
788 2411 821 2438 ab
840 2411 952 2438 ineunte
967 2415 1048 2437 actate
1062 2409 1161 2436 litteris
1175 2409 1302 2436 otunibus
1319 2409 1403 2436 dediti
1424 2409 1476 2436 hoc
1491 2417 1574 2444 genus
1593 2409 1714 2438 laborum

91 2456 115 2476 ει
129 2452 260 2485 probant,
272 2456 301 2478 ct
317 2460 364 2480 eos
382 2454 511 2488 adjuvare
527 2456 658 2489 gestiunt.
675 2456 721 2490 qui
741 2463 850 2483 omnem
869 2455 896 2482 in
917 2455 1012 2481 eodem
1033 2461 1143 2489 operam
1161 2458 1277 2488 ponunt.
1295 2453 1322 2480 In
1340 2455 1402 2485 hac,
1419 2459 1510 2481 VBSIPO
1525 2454 1657 2489 ειυςρῖοὶο.
1673 2462 1716 2483 W-

92 2495 212 2522 ceutibus
230 2495 320 2530 iisque
340 2498 514 2531 pervenustis
536 2499 607 2533 typis
627 2498 678 2525 alia
694 2504 777 2534 atque
791 2499 843 2526 alia
861 2499 1002 2532 utriusque
1017 2497 1116 2531 lingua:
1130 2497 1297 2531 πονημάτια,
1313 2496 1388 2524 brevi
1409 2497 1538 2531 temporis
1554 2498 1652 2532 spatio,
1666 2505 1714 2526 ea-

90 2545 152 2565 cuaa
175 2543 252 2566 sunt.
276 2540 304 2566 In
331 2541 383 2568 hac
407 2541 528 2576 denique
550 2550 689 2577 nunquam
713 2541 859 2569 defuerunt
879 2542 942 2576 viri,
956 2549 1072 2577 quorum
1105 2542 1267 2568 auctoritate
1284 2541 1364 2568 codd.
1386 2548 1451 2568 mss.
1474 2545 1501 2568 et
1522 2541 1714 2576 impressorum

95 2581 236 2609 thesaurus
259 2590 409 2618 augeretur
432 2590 515 2620 atque
545 2590 701 2613 ornaretur.
726 2585 800 2612 inter
820 2594 888 2620 quos
909 2586 973 2613 huic
992 2593 1100 2620 quoque
1116 2585 1249 2613 Photiano
1271 2585 1346 2619 operi
1366 2584 1454 2612 locum
1470 2585 1618 2614 decernere
1633 2587 1666 2614 A.
1684 2586 1713 2614 V.

95 2632 185 2660 "teque
202 2629 369 2661 patrocinio,
383 2636 438 2663 quo
453 2629 594 2662 hactenus,
610 2629 760 2658 clementer
780 2630 923 2664 complecti
947 2635 976 2657 ttt
996 2630 1135 2664 dignetur,
1153 2636 1202 2656 oro
1219 2629 1301 2656 etiant
1320 2633 1400 2663 atque
1415 2628 1507 2656 etiam.
1529 2629 1601 2657 Bene
1618 2631 1714 2664 valete,

95 2668 141 2694 viri
155 2671 332 2705 amplissimi,
349 2672 455 2707 publice
470 2677 496 2699 et
512 2674 638 2707 privatim
655 2674 813 2705 incolumes,
830 2681 863 2700 ac
877 2679 1009 2708 perpetuo
1024 2673 1164 2700 ﬂorentes.

264 2715 394 2750 Augusta:
415 2715 492 2743 Vind.
508 2725 545 2744 att
566 2717 630 2744 Kal.
648 2717 732 2751 April.
754 2719 821 2744 Anu.
843 2716 945 2744 MDC].

657 2767 687 2792 Α·
716 2766 744 2793 ¹-
768 2767 800 2794 θ’
973 2800 1089 2828 υΑγιι)
1112 2800 1384 2836 IIOESCHELIUS,
1399 2803 1414 2828 Α

973 2800 1018 2828 DA
1027 2800 1089 2828 ΗΒ
1112 2800 1384 2836 ιιοεδοηιῖιιυε,
1399 2803 1578 2838 Augurinum.

128 2866 165 2899 (tt)
184 2866 250 2892 Son.
268 2863 340 2892 Med.
356 2866 419 2894 39".

250 2916 386 2946 l’xmot"
407 2918 464 2946 ὕει.
484 2915 518 2946 Ci
525 2916 565 2946 li.

1542 2919 1554 2949 1
