1918 3086
208 164 237 197 11
771 164 820 194 ΑΙ)
837 163 965 195 ΡΗΟἸἪ

1082 162 1271 193 [OTHECAM
1807 161 1839 195 12

503 281 740 312 NOBILISSIMO
761 280 893 311 MARCO
913 280 1097 318 VELSERO,
1119 280 1290 311 CAESARIS
1310 279 1562 317 CONSILIARIO,

662 351 791 374 REIPUB.
814 350 1010 374 ΑυαυετΑΜζ
1029 351 1173 373 υυιιίνιιιο
1188 350 1370 378 ΡΚΛΕῈΕΟΤΟ,

577 416 636 436 Αιω.
657 415 789 436 εειιοττυε
807 416 935 436 Απτυειιιι.
956 417 990 435 DE
1008 416 1153 436 SOCIBTATE
1171 415 1243 441 JESU.
1263 416 1317 436 LIB.

707 416 789 436 OTTUS
807 416 935 436 ANTUEHP.
956 417 990 435 DE
1008 416 1153 436 SOCIBTATE
1171 415 1243 441 JESU.
1263 416 1317 436 LIB.
1337 415 1400 435 ΙΙΕιὶ.
1419 415 1464 435 DD.

243 466 271 494 Si
298 473 426 501 magnum
453 465 518 492 illud
543 464 686 492 militantis
708 465 735 492 in
759 465 842 492 terris
864 464 996 492 Ecclesia:
1021 464 1146 492 columen
1174 463 1205 492 Β.
1231 463 1424 501 Hieronymum
1448 464 1636 500 presbyterum
1665 472 1718 492 non
1743 465 1841 501 piguit,

207 512 297 540 Marce
313 512 453 544 duumvir,
466 511 618 545 catalogum
634 510 887 538 ecclesiasticorum
903 514 997 538 texere
1010 508 1190 543 scriptorum,
1204 515 1237 536 ex
1256 508 1374 536 Eusebio
1394 508 1569 540 Ca‘sariensi,
1587 516 1619 536 ac
1632 508 1741 543 scriptis
1753 510 1843 541 cujus-

206 564 269 591 que,
289 563 339 582 cur
358 555 461 590 pudere
482 561 525 582 me
542 554 652 588 debeat,
674 559 721 581 aut
746 554 882 590 poenitere
906 553 1009 582 laboris
1032 552 1171 585 immensi,
1193 552 1323 588 taediique
1341 557 1498 581 constanter
1517 553 1636 588 absorpti
1658 553 1685 580 in
1701 551 1843 580 Photiauu:

206 599 378 627 Bibliotheca
407 598 647 633 interpretatione,
669 605 751 632 quam
781 598 830 625 tibi
856 597 952 626 volens
976 597 1072 624 dedico
1096 603 1293 631 consecroque,
1320 596 1441 624 nondum
1471 597 1596 631 eqttidcm
1624 597 1842 624 animadvertere

206 651 328 679 pOssutu.
346 641 395 669 ille
413 642 468 676 jam
488 642 551 669 inde
570 642 604 668 ab
628 641 707 670 initio
727 642 864 670 nascentis
882 641 1014 670 Ecclesiae
1035 640 1116 668 telam
1134 648 1226 673 orsus,
1245 640 1380 676 altiusque
1397 648 1412 668 a
1429 641 1518 676 capite
1533 648 1686 675 arcessens,
1701 648 1841 669 sacrorum

207 686 336 714 Ecclesiae
353 685 519 720 scriptorum
536 686 635 713 seriem
657 686 690 713 ad
707 693 756 713 sua
776 692 863 720 usque
886 690 1010 720 tempora
1029 684 1169 719 produxit.
1188 689 1220 712 ut
1240 684 1360 720 legitima
1382 689 1409 712 et
1430 691 1498 720 pura
1519 692 1534 711 a
1553 685 1664 720 spuriis,
1681 689 1709 712 et
1728 692 1743 711 a
1764 685 1840 720 palea

208 730 328 757 triticum
355 729 457 765 posteri
485 733 672 764 segregarem.
701 728 779 757 iiunc
804 729 867 756 dein
894 729 1062 763 gloriosum,
1091 727 1254 764 publiceque
1278 729 1371 756 tttilem
1395 728 1535 761 laborem,
1559 729 1697 756 variarum
1719 729 1841 764 gentium

209 778 338 800 auctores
358 772 535 800 continenter
561 772 757 807 pertexendum
782 772 846 805 rati,
863 771 897 799 de
917 779 974 799 suae
996 772 1114 807 quisque
1137 772 1228 806 gentis
1254 771 1439 806 scriptoribus
1459 772 1599 806 catalogos
1621 772 1793 808 conscripsit.
1812 772 1840 800 In

206 816 294 844 Iberia
311 816 422 851 quidem
441 815 561 843 Isidorus
577 822 660 850 atque
675 815 828 843 lldefonsus
846 815 1014 843 sanctissimi
1028 816 1099 849 viri;
1123 816 1150 843 in
1170 816 1260 843 Gallia
1277 815 1435 844 Gennadius
1452 815 1640 849 Massiliensis,
1659 821 1687 844 ct
1705 816 1842 845 Honorius

205 859 481 896 Augustodunensis;
503 859 530 887 in
546 859 640 894 Belgio
658 864 752 887 nostro
764 858 920 894 Sigebertus
937 859 1162 892 Gemblacensis;
1188 859 1214 886 in
1236 859 1437 894 Germaniaque
1461 867 1546 895 nuper
1557 859 1725 887 Trithemius
1747 860 1841 890 abbas.

206 903 329 931 excussis
344 903 472 931 ontnibus
490 903 611 930 omnium
630 902 857 930 bibliothecarum
878 902 998 937 angulis,
1013 903 1039 929 id
1055 903 1250 938 praestiterunt.
1272 903 1299 930 In
1315 902 1418 930 Graecia
1436 911 1500 930 vero
1515 903 1611 938 primis
1628 903 1691 935 illis,
1708 909 1736 930 ut
1750 908 1841 937 mtale,

206 947 246 974 sic
261 951 289 974 et
305 947 459 975 eruditione
482 945 600 974 fortasse
621 946 735 981 aqualis
758 946 882 979 Photius,
898 946 969 973 hanc
986 953 1048 973 cum
1066 952 1220 978 sacrorum,
1238 951 1294 973 tttm
1314 952 1492 974 externorum
1514 946 1705 974 Bibliotheca»:
1727 948 1824 975 concin

207 990 282 1018 navit
299 990 445 1023 librorum,
469 997 540 1025 quos
562 997 577 1016 a
602 997 632 1017 se
653 990 750 1022 lectos,
775 989 882 1016 Tarasii
901 989 993 1017 fratris
1014 995 1109 1025 rogatu
1133 991 1284 1023 recensuit,
1301 992 1365 1018 dum
1392 992 1418 1018 in
1444 990 1522 1027 Syria
1547 991 1841 1027 Constantinopolitani

206 1034 381 1070 imperatoris
397 1039 491 1062 orator
507 1039 675 1067 versaretur,
691 1034 771 1069 idque
790 1034 866 1069 prius
881 1033 922 1070 (ut
939 1041 970 1062 ex
994 1041 1076 1070 opere
1098 1035 1216 1070 quisque
1238 1043 1344 1063 mecum
1368 1035 1524 1071 jndicabit),
1541 1043 1622 1070 quam
1644 1035 1731 1063 aulica
1755 1037 1843 1062 ambi-

208 1079 281 1106 tione
296 1082 453 1112 corruptus,
471 1077 661 1113 praecipitavit.
677 1076 778 1105 Verum
797 1078 849 1105 hoc
864 1077 957 1105 utilior
974 1085 1055 1112 quain
1072 1078 1240 1114 reliquorum
1256 1079 1283 1106 in
1298 1078 1448 1107 Occidente
1463 1084 1523 1114 post
1540 1078 1732 1115 Hieronymum
1750 1079 1839 1107 Pbotii

207 1121 252 1150 hic
267 1121 343 1149 labor
358 1121 475 1154 exstitit,
492 1126 523 1148 ut
544 1121 631 1154 majus
654 1121 735 1148 etiant
761 1120 840 1156 longe
860 1129 940 1155 quam
964 1127 1125 1151 cmterorum
1150 1123 1232 1151 simul
1250 1124 1372 1151 omnium
1391 1123 1518 1150 volumen
1541 1124 1674 1155 excrevit,
1694 1123 1765 1157 quod
1790 1131 1842 1150 non

207 1169 349 1193 recenseat
365 1165 448 1192 modo
464 1169 599 1197 veterum,
614 1164 660 1199 qui
677 1164 704 1191 in
720 1172 817 1191 manus
832 1165 987 1192 inciderunt
1009 1166 1124 1201 scripta,
1143 1168 1191 1195 sed
1208 1171 1235 1194 et
1252 1167 1362 1201 eclogas
1377 1166 1439 1193 inde
1456 1166 1615 1201 permultas,
1636 1173 1684 1194 seu
1701 1172 1842 1202 excerpta,

207 1209 319 1236 totidem
343 1208 446 1240 verbis,
472 1209 681 1235 enumeratione
702 1207 759 1235 sola
786 1207 900 1234 minime
925 1213 1082 1240 contentus.
1111 1209 1316 1244 transcripscrit
1334 1217 1340 1236 :
1359 1209 1429 1237 forte
1457 1209 1529 1244 quod
1556 1209 1649 1236 animo
1676 1210 1842 1244 provideret,

208 1257 352 1286 menteque
372 1251 541 1286 praesagiret,
558 1250 617 1278 fore
639 1255 669 1277 ut
689 1255 842 1285 temporum
864 1251 963 1286 injuria
984 1251 1117 1287 plerique.
1131 1256 1161 1279 ut
1175 1252 1284 1282 accidit.
1305 1252 1503 1279 interciderent
1519 1250 1694 1287 funditusque
1709 1253 1842 1288 perirent,

206 1303 321 1331 quorum
334 1299 407 1323 certe
423 1302 456 1321 ne
475 1295 583 1322 nomina
598 1294 719 1330 quidem,
734 1295 833 1322 nedutn
848 1295 948 1331 ingenii
963 1299 1151 1328 monumenta,
1162 1295 1264 1330 absque
1275 1294 1372 1323 Photio
1385 1299 1469 1329 esset,
1482 1300 1603 1324 nostram
1619 1295 1652 1323 ad
1666 1300 1773 1324 aetatem
1782 1304 1844 1332 per-

207 1339 356 1366 venissent.
374 1338 451 1371 Quod
466 1345 534 1372 opus
548 1345 596 1365 seu
612 1337 770 1365 tltesaurum
792 1338 894 1371 verius,
912 1339 1017 1374 pridem
1033 1344 1202 1374 exoptatum,
1219 1346 1252 1366 ac
1267 1339 1313 1367 diu
1330 1339 1498 1374 tnultumque
1514 1339 1618 1367 frustra
1637 1339 1841 1376 investigatum,

207 1389 268 1410 cum
289 1382 446 1410 Tarracone
469 1381 557 1409 Procli
577 1381 795 1408 Glirestomathia
812 1381 910 1410 Latine
926 1389 941 1409 a
955 1389 997 1409 me
1014 1383 1128 1414 reddita,
1143 1381 1217 1409 velut
1235 1390 1266 1409 ex
1290 1389 1381 1417 ungue
1396 1381 1512 1415 leonem,
1527 1383 1666 1410 aestimare
1686 1384 1842 1419 capissem,

208 1431 304 1454 nactus
319 1426 428 1453 tandem
439 1426 533 1453 Romae
547 1432 619 1453 sum.
633 1425 848 1453 Describendum
868 1427 939 1453 enim
963 1426 1095 1453 arbitratu
1112 1432 1173 1453 meo
1189 1425 1323 1461 permisit,
1341 1433 1423 1460 quem
1440 1426 1552 1454 honoris
1565 1434 1645 1454 causa
1660 1426 1776 1455 libenter
1789 1435 1842 1455 no-

208 1472 291 1504 mino,
312 1470 514 1498 illustrissimus
538 1470 674 1497 Ascanius
687 1470 831 1502 Columna,
846 1475 1055 1504 purpuratorum
1070 1475 1178 1505 patrum
1196 1475 1398 1497 ornamentum.
1413 1469 1484 1498 Post
1499 1477 1564 1498 vero
1578 1478 1641 1498 cum
1656 1471 1682 1498 id
1695 1471 1842 1507 diligenter

207 1516 240 1543 ad
254 1516 392 1543 variorum
407 1514 605 1550 exemplarium
629 1514 709 1542 fidem
732 1519 930 1549 comparatum,
949 1513 1134 1550 typographus
1154 1513 1330 1548 Augustanus
1347 1513 1518 1548 elegantibus
1534 1514 1603 1549 typis
1618 1513 1782 1549 evulgasset,
1800 1515 1843 1542 ef-

208 1560 362 1596 ﬂagitarunt
383 1566 452 1594 pene
473 1558 599 1586 convicio
627 1558 789 1590 fantiliares,
812 1558 912 1593 quibus
936 1558 1048 1585 multum
1073 1562 1101 1584 et
1119 1556 1217 1585 vellem
1233 1561 1262 1584 et
1284 1557 1423 1589 deberent,
1440 1562 1468 1584 ut
1483 1555 1579 1583 Latina
1597 1557 1701 1585 douare
1729 1558 1843 1586 civitate

207 1603 424 1638 promptuarium
439 1602 612 1634 eruditionis,
628 1609 683 1636 quo
695 1602 729 1629 ad
744 1601 835 1636 plures
848 1605 989 1629 emanaret
1010 1601 1123 1633 utilitas,
1142 1608 1191 1635 pro
1211 1600 1284 1627 virili
1298 1601 1503 1628 centenderem.
1516 1600 1593 1628 Cessi
1611 1609 1676 1636 ergo
1690 1601 1842 1630 amicorum

208 1648 334 1681 precibus
348 1647 447 1679 victus,
470 1650 498 1674 et
511 1646 669 1681 periculosae
692 1645 799 1680 plenum
827 1653 896 1681 opus
923 1645 989 1673 alea:
1005 1653 1160 1681 aggressus,
1177 1646 1211 1672 ad
1226 1645 1329 1673 exitum
1356 1646 1478 1678 tandem,
1508 1646 1562 1673 Deo
1579 1646 1651 1673 vires
1667 1646 1844 1682 animumque

207 1691 406 1726 suppeditante,
425 1694 584 1718 constanter
615 1689 727 1717 adduxi.
745 1689 816 1723 Quid
834 1690 885 1717 sim
906 1694 1061 1722 assecutus,
1087 1694 1200 1717 secutus
1221 1694 1306 1721 certe,
1325 1693 1413 1721 tuum,
1437 1689 1480 1716 vir
1492 1688 1662 1722 doctissime,
1677 1688 1843 1725 lectorisqne

208 1742 260 1762 non
275 1734 392 1769 imperiti
405 1733 538 1769 judiciutn
556 1737 626 1761 esto.
641 1733 710 1761 Num
727 1734 791 1768 quid
805 1733 943 1769 amplius?
959 1732 1058 1761 Etiam.
1080 1732 1268 1760 Patrocinium
1286 1732 1381 1761 adbzec
1404 1732 1506 1760 laboris
1519 1732 1599 1767 plane
1613 1732 1750 1767 Herculei,
1766 1742 1843 1762 more

207 1777 386 1812 institutoque
405 1777 549 1812 majorum,
569 1778 619 1805 abs
634 1782 661 1805 te
679 1777 851 1812 potissimum
872 1777 955 1812 justis
969 1778 1003 1805 de
1026 1777 1119 1805 causis
1142 1777 1270 1812 imploro.
1290 1777 1368 1810 Quod
1381 1777 1454 1804 enitn
1475 1777 1569 1805 Graece
1585 1777 1657 1811 apud
1671 1785 1720 1805 vos
1730 1777 1844 1806 Photius

207 1821 298 1848 iumen
319 1821 436 1856 primum
461 1821 608 1855 aspexerit,
627 1819 754 1848 Latinam
777 1829 885 1856 quoque
901 1821 1155 1857 interpretationem
1173 1820 1388 1856 subjungendam
1401 1820 1446 1854 jus
1462 1820 1558 1856 fasque
1570 1821 1677 1854 censui,
1692 1827 1748 1848 tum
1768 1822 1840 1856 quod

207 1866 372 1901 Angustanas
397 1865 568 1893 bibliothecas
591 1873 689 1893 nomen
719 1873 862 1894 comtuuue
891 1866 1032 1894 invitarit:
1053 1873 1114 1901 quae
1131 1865 1297 1893 bibliotheca
1314 1864 1532 1898 Vindelicoruut,
1552 1865 1672 1893 civitatis
1686 1865 1842 1894 Germania:

208 1917 270 1937 vere
289 1909 428 1945 Augustin,
444 1916 507 1937 cum
531 1909 600 1937 alios
625 1909 677 1936 alia
696 1910 728 1936 ad
743 1910 919 1944 spectandam
946 1910 1020 1938 urbis
1041 1910 1197 1945 civiumque
1222 1909 1385 1944 elegantiam
1401 1913 1538 1941 moveant,
1555 1917 1599 1937 me
1610 1910 1791 1944 potissimum,
1808 1911 1844 1938 ob

207 1953 340 1981 librorutu
364 1952 469 1980 calamo
483 1953 510 1980 in
529 1953 697 1981 membranis
711 1960 884 1981 exaratorum
897 1959 924 1981 et
944 1955 1061 1987 copiam,
1076 1959 1105 1982 et
1129 1959 1306 1988 vetustatem,
1322 1954 1348 1981 in
1367 1954 1408 1981 sui
1433 1954 1643 1982 admirationem
1665 1955 1755 1990 rapuit
1771 1954 1842 1982 deti—

207 1997 330 2032 nuitque.
348 1997 388 2023 Ad
407 2004 489 2031 quam
507 1996 615 2031 quidem
631 1997 781 2024 ornandam
801 1997 953 2032 respublica
978 2003 1067 2026 vestra
1083 1999 1236 2034 eatalogum
1261 1998 1530 2034 exetnplariumquze
1548 1999 1711 2034 possideret,
1726 2006 1774 2034 per
1788 1999 1845 2026 Eu-

207 2048 300 2074 ropam
320 2040 514 2068 disseminasse
530 2048 582 2067 non
595 2045 733 2072 contenta,
750 2041 846 2068 doctos
859 2042 941 2069 etiam
956 2041 1082 2069 homines
1097 2043 1225 2070 inusitata
1238 2048 1265 2070 et
1280 2050 1393 2078 prorsus
1408 2042 1541 2076 singulari
1560 2043 1728 2070 humanitate
1744 2043 1844 2071 invitat

208 2091 261 2118 quo
276 2091 324 2111 eos
347 2084 421 2118 ipsos
436 2082 520 2110 libros
548 2083 663 2111 invicem
679 2084 858 2117 conferendo,
877 2092 909 2112 ac
935 2085 1017 2112 veluti
1034 2085 1214 2120 gladiatorum
1230 2087 1306 2121 paria
1322 2087 1528 2119 committenda.
1548 2087 1575 2114 in
1592 2086 1730 2114 hominum
1755 2086 1844 2114 lucem

207 2132 401 2162 aspectumque
426 2127 569 2154 commodo
595 2126 704 2162 publico
720 2127 885 2160 producant.
901 2128 977 2161 Quod
1003 2129 1107 2156 utinatn
1125 2130 1279 2165 exemplum
1296 2131 1419 2166 dynastas
1435 2138 1468 2158 ac
1487 2137 1563 2166 rcges
1578 2130 1676 2163 secuti,
1698 2131 1723 2157 in
1745 2130 1842 2158 iisdem

208 2171 304 2206 pedem
329 2171 454 2206 vestigiis
467 2175 609 2206 ponerent,
637 2178 668 2197 ac
700 2170 784 2198 libros
798 2177 955 2199 Sanctorum
969 2172 1080 2199 Patrum
1100 2173 1218 2200 ineditos
1233 2174 1362 2207 cognosci
1376 2178 1459 2209 atque
1484 2173 1604 2209 evulgari
1631 2174 1773 2206 sinerent;
1799 2182 1841 2201 nte

212 2215 304 2250 plures
337 2214 416 2249 longe
432 2213 588 2241 Graecarum
604 2213 753 2241 litterarum
787 2211 863 2242 usum
885 2215 1089 2250 interpretando
1119 2222 1291 2250 revocarent,
1313 2225 1365 2245 nec
1388 2219 1504 2253 amplius
1518 2218 1600 2246 veluti
1619 2223 1691 2246 muta
1710 2223 1845 2251 tacerent,

208 2265 267 2293 qua:
296 2257 323 2284 in
350 2256 442 2284 densis
457 2257 537 2285 hodie
554 2257 681 2289 tenebris,
701 2259 786 2286 tineas
803 2258 948 2293 pascendo,
972 2260 1144 2288 deliteScunt.
1163 2261 1216 2288 Sed
1240 2261 1265 2288 id
1281 2266 1377 2296 optare
1395 2262 1479 2289 citius
1499 2269 1580 2297 quam
1605 2269 1718 2296 sperare
1742 2261 1842 2295 liceat;

209 2302 260 2329 nisi
283 2302 305 2329 si
322 2300 496 2329 Velserorum
518 2301 622 2329 similes
636 2303 805 2335 exoriantnr,
819 2303 864 2338 qui
882 2305 1088 2333 concordissimi
1114 2305 1215 2334 fratres
1237 2306 1298 2342 (vos
1309 2307 1382 2334 enim
1398 2307 1467 2334 bona
1485 2306 1563 2334 venia
1593 2306 1698 2341 appello
1723 2306 1838 2338 Antoni,

210 2345 345 2376 Mattluce,
362 2353 393 2372 ac
406 2344 498 2380 Paule)
515 2353 570 2373 rem
585 2345 745 2374 litterariam
761 2346 839 2381 longe
861 2347 969 2382 lateque
984 2349 1145 2382 provehitis,
1162 2350 1367 2385 disciplinarum
1389 2352 1521 2385 pommria
1539 2350 1679 2385 profertis,
1692 2351 1838 2384 doctisque

209 2389 364 2417 hominibus
380 2388 531 2416 doctissimi
548 2389 597 2424 ipsi
611 2397 689 2424 opem
706 2397 734 2417 re
750 2390 917 2426 corisilioque
931 2390 1003 2420 ferre
1022 2400 1074 2420 non
1091 2394 1208 2421 cessatis
1222 2403 1229 2421 :
1247 2399 1275 2421 ut
1289 2394 1345 2429 jam
1360 2394 1461 2429 ubique
1477 2394 1598 2429 gentium
1618 2401 1670 2421 non
1686 2394 1722 2421 sit
1735 2393 1840 2421 Phaibo

208 2434 312 2469 gratior
328 2433 392 2465 ulla,

672 2476 759 2509 Quam
778 2486 838 2512 qurc
855 2477 958 2506 Vclseri
973 2480 1134 2515 prwscriprit
1149 2481 1246 2516 pagina
1265 2489 1372 2508 nomen.

246 2519 296 2553 Te,
312 2526 337 2548 te
356 2521 447 2557 igitur,
468 2520 567 2554 Marce,
584 2527 676 2555 quaeso
691 2522 876 2556 obtestorque,
896 2528 925 2550 ut
948 2531 1001 2558 qua
1017 2525 1126 2558 coepisti
1144 2524 1345 2558 benevolentia,
1372 2529 1464 2552 nostra
1489 2523 1632 2559 complecti
1645 2531 1678 2551 ne
1701 2524 1844 2559 graveris;

210 2569 353 2599 exstctquc
370 2565 440 2600 apud
455 2569 579 2599 posteros
601 2571 668 2599 pace
684 2569 740 2596 tua,
755 2572 822 2592 mete
837 2566 863 2593 in
881 2571 908 2593 te
927 2568 1108 2595 observantia:
1131 2568 1317 2603 ntentorisque
1342 2568 1427 2595 auinti
1455 2568 1507 2595 hoe
1534 2568 1723 2602 qualecunque
1748 2575 1845 2595 monu-

209 2613 349 2642 mentum;
368 2609 438 2643 quod
459 2607 560 2640 locum,
588 2608 611 2636 si
630 2608 776 2641 videbitur,
794 2609 820 2636 in
848 2609 1021 2638 Bibliotheca
1047 2617 1151 2644 vestra,
1176 2620 1208 2639 ex
1226 2620 1279 2647 qua
1303 2619 1366 2639 cum
1385 2617 1425 2639 tot
1441 2611 1500 2639 aliis
1523 2611 1618 2639 Grece
1636 2612 1706 2647 typis
1733 2613 1844 2647 prodiit,

209 2652 306 2680 Latine
339 2660 448 2687 qucque
470 2652 597 2686 reperiat.
620 2651 648 2680 Si
667 2653 728 2687 quis
752 2657 843 2681 autem
863 2662 896 2682 ex
917 2656 959 2682 his
984 2655 1083 2690 vigiliis
1105 2655 1209 2683 fructus
1235 2656 1269 2682 ad
1287 2655 1355 2688 alios
1375 2655 1490 2691 legendo
1521 2655 1672 2690 perveniet,
1690 2656 1763 2690 quod
1785 2661 1844 2682 stu-

210 2697 284 2724 dium
302 2696 410 2731 quidctn
426 2701 511 2728 certe,
531 2696 565 2723 ad
578 2697 834 2732 interpretationem
855 2698 920 2726 locis
933 2699 1057 2727 obscuris
1073 2700 1160 2726 facem
1177 2699 1288 2726 scholiis
1312 2699 1468 2732 allucendo,
1484 2700 1531 2726 tibi
1544 2699 1631 2727 amice
1647 2706 1751 2734 magne,
1765 2707 1842 2734 grain

213 2740 357 2776 pOSlel‘ilaS
374 2745 513 2774 acceptum
530 2740 641 2768 referat.
659 2740 736 2768 Soles
758 2742 830 2768 enim
847 2742 970 2769 ἀκλείστο

1087 2751 1105 2774 ις
1121 2742 1253 2778 παρέχειν
1266 2743 1358 2777 σοφοῖς
1371 2742 1499 2778 ἀνδράσι,
1518 2742 1589 2777 quod
1605 2742 1637 2769 de
1650 2749 1679 2769 se
1696 2748 1765 2777 apud
1781 2741 1844 2768 Plii-

212 2783 353 2812 lostratunt
374 2784 556 2818 Vespasianus
575 2785 643 2820 Aug.
663 2785 818 2820 proﬁtetur,
834 2793 894 2813 cuin
911 2787 949 2814 sis
973 2787 1030 2822 ipsc
1042 2787 1151 2822 spirans
1167 2787 1289 2821 quredam
1312 2786 1491 2814 Bibliotheca.
1509 2785 1624 2821 Suscipe
1641 2786 1733 2821 itaque
1747 2787 1845 2812 adver-

213 2835 259 2855 sus
273 2828 486 2855 obtrectatorum
513 2828 675 2862 calumnias,
691 2830 782 2863 operis
804 2830 1009 2866 vigiliarumque
1035 2837 1188 2859 nostrarum
1204 2831 1291 2859 libens
1306 2831 1453 2865 volensque
1473 2830 1594 2858 tutelam.
1613 2830 1659 2859 Sic
1673 2831 1722 2858 tibi
1742 2830 1834 2857 illucc-

213 2876 300 2905 scant,
323 2871 405 2899 Deum
421 2879 553 2900 venerans
565 2879 675 2907 precor,
693 2873 811 2902 ineuntis
836 2874 899 2902 anni
916 2874 1020 2903 ιιυαγι
1036 2874 1163 2903 Kalendae
1179 2874 1303 2903 feliciter.
1323 2874 1489 2910 Antuerpiat.
