1918 3086
196 168 227 202 15
760 166 809 195 AD
829 163 962 195 PHOTII
982 164 1268 194 BIBLIOTHECAM
1795 161 1825 193 16

193 225 316 254 cernitet
335 229 422 256 notat,
440 229 470 252 ut
489 225 534 259 qui
553 230 677 252 summas
702 221 764 249 illas
785 221 868 255 legat,
889 224 959 247 totos
976 219 1060 246 libros
1082 224 1110 246 et
1132 219 1242 254 ingenia
1269 223 1412 247 auctorum
1429 225 1512 246 nosse
1535 218 1587 246 sibi
1608 219 1741 246 videatur.
1761 217 1825 252 Quis

193 271 276 305 igitur
299 275 398 296 nostrae
423 269 513 296 aetatis
526 276 556 296 se
571 275 632 296 cum
647 266 746 294 Photio
760 265 887 294 conferre
909 264 1022 294 audeat.
1039 263 1097 291 sive
1111 263 1250 298 ingenium
1276 263 1336 297 ejus
1358 268 1523 297 spectemus,
1541 264 1599 290 sive
1613 262 1786 298 πολυμαθίαν
1799 268 1826 291 et

191 313 369 349 πολυπειρίαν
378 321 386 346 ς

743 352 893 380 Ezlilleris
904 351 1020 379 Joannis
1033 351 1146 378 Livineii
1161 351 1196 377 ad
1210 351 1245 377 D.
1262 350 1298 377 Il.

227 400 315 429 Photii
328 400 460 436 scriptum
473 398 575 434 urgeri,
592 401 658 433 puto
673 397 850 424 vehementer
865 403 879 423 e
894 404 923 422 re
939 395 1071 423 litteraria
1087 402 1157 422 esse.
1178 395 1225 422 Est
1240 395 1312 422 enim
1331 395 1447 428 varimn,
1466 399 1493 421 et
1517 395 1645 421 Omnibus
1665 394 1779 428 ingeniis
1795 401 1827 421 ac

192 445 290 473 studiis
304 444 381 471 valde
393 444 527 471 serviens.
546 441 647 469 Deinde
665 440 759 475 quanti
781 440 912 472 aestimas,
925 439 998 466 scire
1020 446 1069 465 nos
1091 438 1188 466 saltem
1204 444 1272 473 quot
1293 438 1427 465 bonormn
1451 438 1616 473 scriptorum
1638 438 1663 465 in
1688 438 1762 465 omni
1779 445 1826 473 ge-

193 495 257 516 nere
271 487 414 520 doctrinaa,
432 487 477 522 qui
491 487 550 513 viro
562 486 600 513 illi
619 484 828 520 φιλολογωτάτῳ
842 484 892 510 visi
910 483 1038 517 lectique,
1057 481 1228 517 naufragium
1246 481 1405 510 fecerimus.

563 548 568 554 κ
726 527 769 554 Ea:
792 527 889 554 litteris
905 526 964 553 Jos.
981 525 1115 560 Scaligsri
1127 525 1161 552 ad
1178 525 1310 552 eumdem.

230 574 338 603 Utinam
352 595 360 606 ,
382 574 418 601 mi
444 572 592 605 llaaseheli,
607 572 633 600 in
653 572 742 600 Photii
757 571 876 598 editione
888 569 1047 597 exornanda
1061 573 1086 596 te
1098 569 1194 603 juvare
1207 577 1323 604 possem.
1346 569 1457 596 Librum
1476 569 1583 604 quidem
1609 574 1694 596 totum
1712 569 1739 596 in
1760 569 1827 596 duos

194 622 284 646 tomos
299 618 467 650 distinctum,
486 625 567 644 manu
585 616 696 644 Henrici
711 615 843 650 Stephani
858 615 989 649 scriptum
1006 612 1071 640 olim
1091 612 1153 648 legi,
1175 620 1242 648 opus
1258 613 1373 645 varium,
1394 621 1427 641 ex
1449 615 1525 647 cujus
1540 614 1660 641 editione
1681 612 1826 644 incertum,

195 663 322 697 majorne
339 662 522 689 redundatura
536 662 571 688 sit
585 662 611 688 in
637 665 664 688 te
680 660 778 696 gloria,
797 667 833 687 an
850 659 877 686 in
894 659 963 686 alios
976 657 1092 684 utilitas.
1106 658 1187 685 Certe
1207 663 1261 685 tam
1280 658 1418 692 egregium
1438 659 1566 692 scriptum
1581 658 1636 685 non
1655 658 1708 685 alio
1723 657 1827 684 editore

193 696 305 739 dignum
316 710 385 738 erat,
400 713 481 741 quam
500 710 537 737 te,
549 705 594 739 qui
610 709 649 731 tot
668 704 801 732 bonorum
821 707 965 730 auctorum
983 701 1105 730 editione
1122 706 1149 729 et
1161 702 1344 729 eruditionem
1369 708 1442 730 tuam
1459 708 1486 729 et
1502 709 1666 738 propenSum
1681 701 1707 728 in
1725 696 1828 728 littera's

193 750 312 776 animum
330 749 424 776 testari
440 749 568 776 volucris.
584 747 678 782 Neque
695 755 757 781 ego,
773 753 861 782 neque
875 745 1024 773 Vulcanius
1045 750 1141 773 noster
1161 750 1187 772 te
1199 744 1295 779 iuvare
1311 746 1336 772 in
1354 746 1405 772 hoc
1419 753 1573 780 possumus,
1588 746 1633 780 qui
1651 745 1723 772 nulla
1738 752 1829 772 exeru-

195 793 280 828 plaria
299 793 357 828 ejus
372 792 434 820 libri
452 793 594 820 habemus.
613 791 666 818 Sed
680 791 703 818 si
723 791 817 824 habes,
833 795 862 818 ut
876 789 956 822 dicis,
972 789 1039 822 duo,
1054 794 1120 823 puto
1138 793 1164 816 te
1175 789 1302 816 omnibus
1317 789 1377 817 aliis
1388 797 1467 824 aequo
1482 790 1573 817 animo
1592 797 1688 817 carere
1700 797 1788 824 posse.

711 834 752 862 Ea:
763 835 861 861 litteris
878 833 968 860 Isaaci
983 832 1133 860 Casaubom'
1144 834 1179 860 ad
1193 834 1326 861 eumdem.

230 880 292 908 Ain’
311 885 338 907 tu
352 880 464 908 autem?
480 887 540 907 esse
557 885 582 907 te
598 880 625 907 in
644 887 676 906 co
693 883 723 905 ut
743 878 833 906 Photii
848 876 1041 904 Bibliotheca»:
1059 877 1146 904 edas?
1162 886 1178 904 ο
1193 885 1291 904 munus
1309 885 1373 905 vere
1398 878 1555 905 muniﬁcum
1569 878 1576 905 l
1592 886 1608 905 ο
1622 883 1648 905 te
1676 877 1827 904 liberali-ml

196 924 276 953 facile
292 929 335 952 est
349 931 384 952 ex
399 924 432 952 iis
447 931 507 958 quae
518 929 582 951 sunt
597 924 670 951 edita
686 923 718 950 de
737 923 808 949 illius
824 921 901 948 libris
915 925 1043 955 tanquam
1059 929 1092 948 ex
1110 921 1247 956 unguibus
1262 921 1367 948 leonem
1383 922 1531 949 aestimare.

512 1047 665 1078 ISAACUS
683 1046 929 1077 CASAUBONUS
959 1045 1087 1075 DAVIDI
1117 1045 1343 1075 HCESCHEHO
1360 1045 1392 1075 S.
1415 1046 1450 1075 P.
1468 1045 1503 1075 D.

231 1123 356 1152 Photium
374 1128 449 1150 tuum
470 1126 571 1156 quanta
595 1126 718 1156 poteram
740 1121 880 1156 diligentia
907 1122 978 1147 inter
997 1120 1101 1146 aulicos
1124 1119 1267 1153 strepitus,
1281 1119 1441 1147 avidissime
1470 1124 1544 1147 certe
1565 1121 1698 1154 percurri.
1718 1120 1830 1149 Ostendi

198 1169 278 1196 etiam
294 1175 392 1194 munus
410 1172 483 1193 tuum
502 1166 591 1193 doctis
612 1165 774 1200 magnisque
792 1165 879 1191 viris:
898 1171 1013 1198 quorum
1043 1163 1069 1190 in
1093 1163 1144 1190 hac
1164 1163 1236 1197 regia
1263 1164 1331 1190 urbe
1356 1171 1484 1191 tunnerus
1506 1164 1713 1199 haudquaquam
1747 1168 1832 1200 ponn-

199 1212 307 1239 teudus.
325 1210 425 1237 Omnes
441 1209 488 1236 tibi
502 1214 530 1236 ct
548 1208 776 1242 prmstantissimo
796 1207 910 1234 Velsero
926 1206 1029 1240 gratias
1042 1213 1124 1241 agere
1146 1207 1326 1238 immortales,
1347 1214 1462 1241 quorum
1478 1208 1640 1235 auctoritate
1655 1212 1683 1235 et
1700 1209 1831 1236 industria

200 1255 373 1283 utilissimum
390 1253 551 1288 scriptorem
573 1252 698 1286 proximo
713 1256 845 1278 autumno
869 1259 899 1278 se
922 1250 1066 1277 habituros
1079 1255 1201 1285 sperant.
1221 1250 1374 1285 Principem
1391 1251 1460 1278 inter
1475 1251 1556 1285 hujus
1571 1252 1676 1279 ordinis
1693 1253 1767 1280 viros
1786 1253 1823 1280 lo-

199 1310 261 1330 cum
277 1302 383 1329 obtinet
398 1307 498 1337 praeses
511 1299 642 1327 Thuanus
659 1308 667 1326 :
685 1306 766 1333 quem
783 1305 834 1334 ego
849 1299 936 1325 virum
953 1298 1085 1326 divinitus
1104 1299 1196 1325 datum
1209 1305 1307 1325 censeo
1325 1299 1427 1326 smculo
1442 1299 1486 1326 isti
1503 1299 1529 1325 in
1543 1299 1696 1334 exemplum
1713 1300 1831 1334 pietatis,

201 1346 376 1381 integritatis,
391 1345 544 1380 probitatis,
564 1348 591 1371 et
605 1348 633 1370 ul
651 1351 704 1370 uno
724 1343 807 1370 verbo
835 1343 923 1370 dicam
947 1351 958 1368 ιι

1080 1343 1159 1378 ρετῆς
1172 1343 1219 1370 καὶ
1232 1343 1365 1378 καλλονῆς
1384 1343 1482 1379 ψυχῆς,
1506 1343 1574 1370 Sunt
1587 1349 1615 1371 et
1637 1345 1711 1371 multi
1724 1345 1768 1372 alii
1781 1353 1831 1380 qua

201 1390 228 1418 in
246 1389 319 1422 aula,
338 1388 427 1424 quain
445 1393 541 1416 senatu
556 1387 706 1414 Parisiensi
719 1387 876 1422 λάμποντες
892 1387 1009 1422 ἀστέρες
1021 1387 1060 1420 ὡς
1075 1387 1157 1414 vestri
1170 1388 1374 1420 studiosissimi,
1392 1394 1419 1415 et
1435 1389 1554 1424 purioris
1568 1389 1728 1417 litteraturae
1739 1397 1834 1417 aman-

202 1433 311 1462 tissimi.
331 1433 433 1460 Omnes
448 1432 476 1459 hi
498 1430 624 1459 Photium
645 1435 763 1458 vestrum
787 1431 963 1465 cupidissime
976 1435 1149 1466 exspectant,
1165 1431 1267 1458 eximie
1283 1437 1372 1459 autem
1387 1432 1552 1460 Franciscus
1572 1432 1705 1464 Pithoeus,
1729 1433 1763 1461 de
1775 1442 1833 1468 quo

202 1484 290 1512 nuper
318 1476 494 1511 scripseram,
510 1482 569 1502 esse
587 1475 614 1502 in
638 1474 697 1508 eius
713 1474 836 1501 manibus
853 1473 942 1501 Photii
955 1475 1104 1510 exemplar,
1118 1475 1281 1502 collaturum
1297 1483 1339 1503 me
1355 1481 1428 1503 tuum
1445 1477 1566 1504 codicem
1585 1485 1646 1504 cum
1664 1478 1710 1505 illo
1727 1484 1775 1506 :et
1788 1486 1835 1506 ex-

201 1525 310 1555 cerptas
328 1520 390 1547 inde
402 1519 512 1556 γραφὰς
526 1518 670 1556 διαφόρους
694 1518 784 1545 isthuc
798 1518 956 1547 missurum.
973 1518 1066 1553 Neque
1079 1521 1113 1546 ab
1129 1520 1175 1546 illo
1189 1527 1277 1554 neque
1291 1528 1305 1546 a
1327 1528 1369 1548 me
1394 1521 1506 1556 insuper
1528 1521 1619 1549 habita
1634 1530 1665 1549 ea
1685 1529 1764 1555 cura,
1787 1524 1835 1551 sed

203 1572 351 1600 paucorum
367 1563 493 1591 foliorum
507 1563 712 1597 comparatione
728 1562 882 1594 didicimus,
897 1562 963 1589 nihil
974 1568 1021 1589 aut
1032 1570 1125 1597 parum
1140 1564 1252 1591 omnino
1264 1564 1357 1592 auxilii
1375 1565 1407 1592 ad
1426 1566 1575 1592 ornandam
1592 1571 1664 1593 tuam
1688 1567 1835 1594 editionem

203 1616 217 1634 a
236 1607 335 1635 Pithmi
351 1606 418 1634 libro
431 1613 491 1634 esse
504 1605 729 1639 exspectandum.
746 1604 837 1637 Quare
852 1604 924 1631 aliud
938 1612 1037 1632 censeo
1055 1613 1176 1641 agamus.
1197 1607 1328 1642 Equidem
1348 1608 1370 1636 si
1383 1609 1455 1636 domi
1472 1609 1499 1636 in
1515 1609 1608 1637 Museo
1624 1618 1684 1637 meo
1701 1618 1761 1645 qua!
1771 1617 1836 1638 sunt

208 1659 222 1678 a
236 1655 262 1679 te
274 1651 356 1678 missa
371 1649 506 1685 legissem,
525 1655 572 1676 aut
587 1649 634 1676 otii
653 1649 805 1684 plusculum
820 1648 978 1676 habuissem
1003 1649 1036 1676 ad
1056 1650 1083 1676 id
1104 1651 1254 1685 negotium,
1271 1651 1346 1686 plura
1361 1657 1388 1679 et
1406 1652 1515 1679 meliora
1535 1653 1561 1679 in
1583 1660 1616 1680 eo
1633 1654 1773 1687 Scriptore
1788 1654 1838 1681 ob-

203 1702 356 1722 servassem
376 1699 402 1722 et
418 1699 505 1721 tecum
528 1693 788 1721 communicassem.
813 1692 867 1720 Sed
882 1693 964 1720 crede
987 1693 1054 1720 mihi
1067 1695 1138 1722 serio
1154 1695 1312 1728 allirmanli,
1339 1696 1405 1722 nihil
1419 1697 1589 1731 occupatius,
1614 1696 1681 1724 nihil
1704 1705 1719 1723 a
1738 1698 1838 1725 studiis

204 1738 319 1766 alienius
332 1745 364 1765 ea
380 1737 447 1769 vita,
460 1745 540 1771 quam
555 1737 582 1764 in
601 1737 651 1764 hac
664 1737 726 1763 aula
739 1737 873 1764 hactenus
881 1736 1011 1765 viximus.
1027 1736 1062 1764 Ut
1074 1737 1158 1765 scires
1173 1743 1261 1765 tamen
1276 1739 1360 1766 etiam
1377 1740 1402 1766 in
1430 1741 1545 1768 summis
1559 1741 1632 1768 hisce
1648 1741 1836 1776 occupationi-

206 1784 255 1810 bus
273 1781 397 1809 Photium
417 1786 491 1809 tuum
506 1781 585 1809 nobis
599 1789 660 1809 esse
674 1781 785 1813 lectum,
801 1781 915 1816 paucula
931 1781 1055 1815 quaedam
1071 1781 1207 1809 illevimus
1226 1783 1288 1810 huic
1303 1784 1416 1815 chartae,
1431 1792 1490 1818 qua:
1509 1790 1563 1811 tum
1587 1785 1666 1812 nobis
1677 1785 1702 1812 in
1719 1790 1837 1812 tuentem

205 1830 347 1853 venerunt.
363 1825 430 1853 Nam
449 1825 560 1860 gravius
572 1825 676 1860 aliquid
691 1825 791 1852 frustra
811 1833 882 1852 nunc
897 1833 911 1852 a
934 1831 978 1853 tne
997 1826 1210 1859 exspectaveris.
1224 1826 1299 1859 Vale,
1316 1827 1357 1854 vir
1376 1827 1543 1861 doctissime,
1563 1833 1591 1856 et
1616 1836 1659 1856 me
1680 1834 1839 1857 constanter

205 1877 277 1897 ama.
295 1868 408 1898 Lutetia:
418 1868 587 1897 Parisiorum
604 1869 621 1897 5
638 1869 750 1896 Kalend.
764 1868 856 1896 Junius
869 1877 931 1896 nnc.

728 2003 780 2033 EX
822 2003 932 2033 NOTIS
954 2004 1118 2035 ANDRE/E
1151 2006 1318 2043 SCHOTTI,

780 2073 822 2096 AD
843 2073 1127 2098 CHRESTOMATHIAM
1137 2076 1217 2098 PROC
1221 2077 1260 2098 ιι.

248 2139 431 2175 Ἀ-ιεγνώσοη,
445 2139 543 2167 lectum
564 2145 617 2170 est,
636 2139 677 2166 vel
705 2138 940 2175 Ἀνεγνώσθησαν,
958 2140 1005 2167 lecl

1085 2145 1116 2168 ιι.
1141 2142 1188 2169 Sic
1202 2142 1236 2169 de
1251 2142 1364 2177 singulis
1385 2150 1399 2170 a
1414 2151 1444 2171 se
1458 2151 1519 2171 cum
1535 2142 1637 2178 judicio
1660 2145 1738 2173 lectis
1763 2146 1841 2176 libris

208 2184 322 2212 Photius
348 2184 502 2219 patriarcha
517 2183 833 2217 Constantinopolitanus
850 2184 879 2210 ὲν
896 2185 930 2219 τῇ
949 2184 965 2210 Ε

1085 2193 1112 2221 cn
1133 2185 1189 2212 τῶν
1211 2186 1426 2221 ἀνεγνωσμένων
1446 2188 1521 2223 αὺτῳ
1533 2188 1642 2224 βιϐλίων
1665 2189 1793 2224 loquitur,
1812 2197 1842 2218 ιιι

211 2228 318 2256 oculato
333 2227 394 2255 testi
407 2228 473 2256 lldes
489 2227 633 2255 habeatur.
648 2226 703 2255 Nec
716 2227 789 2254 enim
803 2235 837 2254 ex
852 2227 966 2254 aliorum
987 2236 1123 2263 sermone,
1143 2231 1184 2257 vel
1206 2230 1306 2263 obiter,
1323 2236 1351 2258 et
1373 2236 1502 2266 tanquam
1522 2240 1570 2267 per
1599 2237 1775 2261 transennam
1801 2236 1842 2262 in-

211 2276 305 2307 specto
318 2279 412 2306 opere,
427 2275 456 2298 ut
473 2271 529 2299 fere
544 2271 594 2298 hoc
611 2271 720 2304 steculo,
742 2271 775 2299 de
789 2276 844 2299 toto
859 2279 941 2306 opere
955 2271 1086 2305 judicium
1111 2274 1161 2302 sibi
1180 2274 1323 2302 ferendum
1335 2275 1519 2308 existimabat,
1533 2278 1580 2303 sed
1597 2285 1610 2304 a
1627 2278 1716 2311 capite
1734 2279 1768 2305 ad
1786 2280 1844 2305 eal-

211 2324 270 2344 cem
289 2316 419 2352 perleelo,
437 2315 521 2343 libere
539 2315 643 2350 judicat
660 2323 759 2343 censor
774 2322 801 2342 et
823 2315 935 2342 rriticus
952 2317 1139 2350 gravissimus,
1158 2318 1256 2346 summi
1275 2323 1302 2345 et
1317 2319 1417 2354 ingenii
1438 2324 1465 2346 et
1485 2320 1591 2354 judicii,
1608 2322 1640 2348 de
1660 2322 1844 2356 scriptoribus

215 2361 340 2388 ducentis
353 2360 470 2394 amplius
491 2364 519 2386 ct
530 2359 715 2394 septuaginta,
737 2359 895 2394 philologis,
909 2360 1008 2393 poetis,
1025 2361 1174 2395 historicis,
1194 2363 1360 2395 oratoribus,
1383 2363 1549 2398 philosophis
1576 2370 1603 2391 et
1619 2365 1752 2400 theologis
1771 2375 1779 2394 :
1795 2367 1844 2400 qui

211 2406 356 2432 ttiaximam
372 2409 489 2439 partem,
502 2409 689 2438 temporumne
706 2404 814 2438 injuria,
830 2411 864 2431 an
895 2405 1027 2438 majorum
1044 2405 1160 2438 incuria,
1177 2406 1326 2440 perierunt.
1355 2406 1388 2434 Et
1401 2407 1512 2442 quidem
1531 2407 1564 2435 de
1581 2408 1644 2444 styli
1667 2409 1841 2442 charactere,

210 2450 372 2485 scriptorum
388 2456 512 2479 numero.
532 2453 559 2475 et
583 2447 680 2479 titulis,
700 2455 759 2483 quae
774 2449 886 2482 γνήσια,
912 2456 967 2482 qua:

1087 2449 1214 2484 τιγραφα,
1236 2451 1300 2485 quid
1319 2450 1407 2484 laude,
1423 2455 1450 2478 et
1477 2450 1639 2484 imitatione,
1660 2453 1723 2487 quid
1746 2457 1844 2480 contra

213 2493 412 2528 vituperatione
426 2493 536 2527 dignum
552 2491 578 2518 in
591 2491 705 2525 singulis
722 2492 958 2526 deprehendisset,
977 2492 1037 2520 sine
1055 2493 1117 2520 fuco
1130 2499 1160 2520 et
1179 2493 1253 2526 odio,
1274 2502 1348 2521 more
1364 2494 1510 2528 majormn,
1532 2487 1701 2529 pronuntiat.
1721 2496 1846 2532 Denique

213 2545 266 2572 qua
280 2537 395 2573 quisque
411 2541 572 2572 tempestate
587 2535 722 2568 ﬂoruerit,
743 2542 906 2570 caeteraque,
922 2536 1031 2572 longum
1049 2542 1121 2564 esset
1134 2538 1206 2564 enim
1221 2538 1260 2565 ire
1276 2546 1324 2574 per
1338 2539 1455 2573 singula,
1471 2539 1603 2567 audacter
1615 2540 1759 2575 dijudieat.

689 2665 717 2695 J.
733 2665 877 2695 LIPSIUS
893 2666 1021 2696 MARCO
1041 2665 1212 2695 VELSERO
1231 2664 1262 2694 S.
1275 2665 1314 2694 Μ.
1331 2665 1366 2694 D.

252 2729 384 2758 Senecam
406 2733 527 2756 nostrum
543 2736 557 2755 a
578 2733 604 2756 to
619 2733 773 2763 acceptum,
788 2733 815 2755 et
828 2736 891 2756 vere
905 2733 1056 2763 acceptum,
1074 2729 1098 2755 id
1118 2733 1170 2760 est,
1186 2733 1290 2763 gratum
1306 2727 1398 2760 fuisse,
1417 2729 1530 2763 gaudeo.
1546 2729 1642 2757 Annon
1659 2736 1744 2763 esset,
1770 2733 1844 2760 scri-

216 2780 275 2810 ptor
288 2773 406 2808 optimus
422 2773 479 2799 viro
495 2773 617 2807 optimo?
631 2772 707 2805 Quod
725 2773 766 2800 ais
781 2773 934 2799 desiderare
957 2773 1087 2806 quosdam
1108 2771 1210 2804 reliqua
1223 2780 1230 2798 :
1250 2779 1334 2805 pauca
1348 2777 1422 2804 sunt,
1439 2777 1465 2797 et
1480 2773 1560 2800 hodie
1574 2781 1632 2800 mos
1645 2774 1750 2801 obtinet
1775 2776 1845 2802 reli-

216 2822 345 2853 qnatores
365 2825 435 2849 esse,
460 2818 516 2844 imo
527 2818 749 2845 conturbatores.
769 2817 851 2844 Detur
870 2816 958 2848 venia,
972 2821 1019 2842 aut
1040 2820 1115 2842 certe
1138 2821 1212 2841 mora
1238 2815 1339 2848 aliqua,
1367 2815 1534 2842 valetudini:
1553 2820 1581 2844 et
1605 2815 1724 2844 fortasse
1749 2818 1840 2846 altera

216 2862 298 2890 editio
314 2861 397 2889 dabit.
416 2862 484 2888 Sunt
498 2866 526 2889 et
546 2863 574 2888 in
590 2861 642 2889 illis
658 2860 745 2894 libris,
761 2867 822 2895 quas
838 2860 939 2888 volenti
963 2858 1034 2887 haud
1055 2858 1192 2894 peribunt.
1211 2858 1245 2884 At
1259 2864 1285 2884 tu
1305 2859 1337 2885 de
1357 2857 1444 2892 elogio
1462 2858 1560 2886 debcrc
1578 2861 1729 2894 proﬁteris.
1751 2860 1783 2887 Et
1803 2862 1843 2896 si;
