1918 3086
108 154 133 186 Π
751 156 1046 189 PROLEGOMENA.
1682 165 1714 197 is

107 207 224 243 loqueris?
235 207 346 242 judicio,
366 207 459 236 dicere
479 208 619 236 debebas:
640 214 667 236 ct
693 209 754 237 ideo
778 211 846 237 nihil
871 212 982 240 debere.
1003 213 1068 241 Mihi
1082 213 1175 247 crede,
1196 214 1261 242 utsi
1277 214 1386 250 iuratus
1399 216 1427 244 in
1440 222 1535 245 senatu
1547 222 1711 250 sententiam

107 253 214 284 dicerem,
234 251 275 279 sic
287 251 353 299 dixi.
367 252 481 299 Amote
493 252 665 287 jamdudum,
683 253 719 281 mi
742 253 864 288 Velsere,
886 257 932 283 sed
955 256 1068 285 aﬂ'ectus
1086 257 1158 285 illam
1173 258 1258 285 animi
1277 259 1364 287 lucem
1378 268 1431 287 non
1446 261 1619 291 obtenobrat.
1647 264 1712 299 Sed,

107 297 168 328 hens,
181 301 218 323 est
229 296 299 330 quod
312 297 450 341 communi
465 296 650 341 litteratorum
671 299 782 326 nomine
795 300 1030 332 commendemus,
1044 301 1086 328 vel
1104 306 1241 336 petamus.
1254 302 1369 330 Andrere
1385 304 1504 337 Schotti,
1521 307 1613 341 magni
1627 296 1709 336 atnici

107 340 187 371 nostri,
199 339 321 370 Photius.
338 339 451 367 Latinus
471 339 578 375 jamdiu
604 341 674 375 apud
692 350 741 369 vos
764 347 816 375 est,
840 347 867 369 et
887 343 996 378 quando
1021 343 1079 378 ipse
1100 344 1198 377 lucem,
1216 352 1266 372 nos
1280 353 1341 373 eum
1358 346 1530 375 videbimus?
1545 339 1628 378 certe
1643 350 1713 379 inter

105 391 186 416 imi-cos
209 383 250 411 ille
266 383 387 418 scriptor
408 389 550 412 meretur:
566 385 612 420 qui
629 385 703 413 solus
721 391 760 412 tot
784 386 999 414 clarissimorum
1018 387 1189 423 ingeniorum
1211 393 1389 417 monumenta
1406 399 1420 418 a
1434 390 1491 419 fato
1512 392 1614 428 eripuit
1631 402 1640 420 :
1655 398 1712 422 toto

104 427 152 454 dico
163 427 222 460 lato,
237 432 265 455 et
278 427 378 454 saltem
397 428 507 455 nomina
521 434 547 456 et
563 429 729 462 scriptorum
746 430 818 457 velut
830 430 952 458 membra
965 431 1095 459 servavit.
1111 432 1198 465 Quam
1213 433 1312 460 multos
1325 433 1368 461 ille
1381 433 1456 469 legit,
1470 443 1503 462 ex
1518 427 1654 472 iisrelegit,
1669 443 1708 471 et,

104 471 172 498 utsic
184 471 287 506 loquar,
303 472 459 505 deﬂoravit,
473 480 542 507 quos
561 479 644 500 nosse
660 473 739 501 nobis
755 474 837 501 aliter
860 481 913 501 non
934 475 1023 502 esset?
1037 474 1058 501 Ε
1079 476 1175 508 sacris,
1192 476 1325 511 profanis,
1338 479 1543 511 tractatoribus.
1560 480 1710 513 historicis.

101 515 244 547 oratoribus,
260 516 358 550 poetis,
374 521 403 543 et
421 516 488 543 nihil
509 517 589 544 estin
604 516 697 544 Graeca
711 518 784 545 omni
798 517 964 549 litteratura,
977 523 1023 545 aut
1039 523 1068 545 ut
1084 519 1176 547 verius
1192 520 1292 553 dicam,
1310 520 1432 555 libraria,
1448 524 1520 557 quod
1535 523 1580 552 ille
1594 524 1636 552 vir
1654 532 1709 552 non

103 558 186 586 libarit.
198 558 398 587 Pulcherrimus
414 567 474 587 mos
488 560 513 587 in
529 567 621 587 mensa
637 560 754 596 legendi,
770 561 814 589 vel
836 561 962 589 audiendi
976 570 984 589 :
1001 562 1048 589 sed
1063 562 1115 590 iste
1135 563 1277 597 pulchrior
1289 564 1447 600 utiliorque,
1461 568 1626 600 anuotandi.
1643 576 1710 596 cen-

102 603 171 636 sendi,
184 603 357 638 exeerpendi.
373 602 489 631 Photius
503 603 578 637 fecit,
593 609 621 631 et
638 604 683 639 qui
705 604 739 632 ad
763 611 814 633 nos
839 612 1033 640 pervenerunt,
1056 608 1141 636 solus.
1161 607 1248 635 David
1263 608 1435 638 thschelius
1454 617 1554 645 vester,
1570 617 1598 640 et
1611 614 1711 642 vestris

100 648 165 675 etiam
177 648 313 682 auspiciis,
334 647 459 675 Graecum
475 649 613 683 primitus,
632 655 659 676 et
677 650 752 676 varie
773 654 856 686 atque
871 649 1005 678 industrie
1019 652 1194 686 castigatum,
1210 652 1304 680 dedit:
1331 654 1378 681 sed
1391 654 1463 682 nosti
1479 663 1534 690 quo
1549 661 1659 684 ventum
1675 658 1712 685 sit

101 692 186 726 ignavia
207 692 268 725 aevi,
293 692 375 727 pauci
394 692 452 720 haec
478 692 572 726 legunt
590 698 639 720 aut
655 693 776 727 capiunt,
792 698 819 721 et
837 694 889 721 nisi
912 694 1008 722 Latina
1035 696 1183 729 addantur,
1200 705 1268 731 pene
1293 698 1381 726 dicam
1409 707 1463 726 non
1490 700 1610 728 dedisse.
1640 700 1711 736 Ergo

101 736 265 771 A.Schottus,
281 737 324 764 vir
341 738 413 765 bono
426 737 535 772 publico
555 743 647 770 natus,
660 737 834 770 allahoravit,
849 743 877 766 et
897 738 1024 766 Latinum
1045 744 1131 767 totum
1145 741 1231 774 dedit,
1247 746 1274 768 et
1291 742 1338 769 tibi
1351 743 1500 771 commisit.
1516 742 1586 772 Ecce
1599 744 1663 780 jure
1681 749 1707 772 te

100 781 237 816 ﬂagitamus.
259 780 316 808 Fac
328 781 400 816 quod
413 781 486 808 soles
500 785 528 808 et
545 785 628 809 natus
642 789 683 814 es,
699 789 755 809 rem
777 782 912 817 publicam
931 784 974 811 vel
996 784 1109 818 privatae
1124 789 1178 812 tuae
1195 786 1294 813 damno
1307 786 1382 820 juva.
1397 786 1433 815 Mi
1449 787 1570 820 Velsere,
1587 789 1620 815 da
1639 788 1711 815 hanc

99 831 197 858 operam,
212 824 262 851 etsi
282 832 366 859 quam
381 824 494 858 trepidis
510 830 538 852 et
549 832 620 860 pene
631 825 781 860 desperatis
794 825 917 862 Europa!
931 827 1026 855 rebus!
1045 828 1196 864 Pannonia,
1216 835 1243 857 et
1256 829 1311 865 jam
1325 830 1461 866 Illyricum
1480 831 1638 866 ﬁnitimum,
1650 831 1708 861 sol-

99 867 166 895 licitos
178 875 225 896 nos
240 868 343 896 habent
355 876 362 895 :

566 912 627 946 Quo
638 913 742 947 pondus
760 914 832 940 istud
849 915 954 949 verget?
975 915 1018 941 ubi
1041 921 1118 949 ponet
1133 916 1241 944 minus?

99 953 238 991 meaeque,
254 961 374 989 stemus,
388 961 415 984 et
429 956 456 983 in
473 957 588 984 honesto
604 957 686 989 tirmi,
703 965 811 985 omnem
828 957 876 984 fati
891 959 944 984 vim
961 958 1138 992 excipiamus,
1155 960 1209 988 imo
1225 961 1378 994 vincamus,
1392 962 1418 990 id
1432 967 1484 996 est,
1505 962 1634 991 feramus.

127 998 189 1028 Vale.
203 1000 326 1034 Lovauii,
345 1001 478 1036 postridie
494 999 596 1028 Natalis
608 1001 754 1034 Dominici,
771 1010 842 1028 anno
858 1001 975 1029 MDCVI.

391 1116 430 1146 IN
458 1116 661 1147 ΡΗΟΤΙΑΝᾹΞ
690 1117 838 1147 BIBLIOT

914 1117 954 1147 ἱίἘ
981 1117 1388 1154 INTERPRETATIONEM,

335 1188 356 1210 Δ
374 1187 406 1209 R.
427 1187 456 1209 P.
479 1187 605 1210 ANDREA

633 1188 772 1210 SCHOTTO
804 1188 843 1209 DE
874 1187 1043 1209 SOCIETATE
1062 1187 1137 1210 JESU
1162 1188 1277 1210 LATINE
1306 1189 1434 1211 EDITAM.

722 1241 817 1269 cher.
833 1240 978 1273 Jumotius,
997 1240 1069 1268 Med.

95 1311 196 1344 Σιόηος
206 1311 259 1338 imo
269 1310 392 1337 σκοτίοιο
405 1309 564 1346 φερώνυμὸς
575 1311 649 1337 ἐστιν
657 1311 772 1346 ὁμίχλης

121 1357 212 1389 Φώτιος
220 1357 256 1389 ὡς
269 1356 403 1392 λαμπροῦ
420 1356 536 1390 κληδόνα
551 1357 640 1390 φωτὸς
652 1356 719 1391 ἔχει.

95 1403 155 1429 Τανέ
165 1403 236 1439 ἐπειὴ
249 1403 298 1429 καὶ
315 1403 448 1435 Σκόττος
459 1403 603 1436 ἀπήγαγεν
616 1402 715 1438 ἀχλύος
730 1403 809 1438 αἰνῆς

118 1449 214 1476 Φωτικὰ
221 1449 395 1484 λαμπρύνων
405 1448 557 1484 γράμματα
572 1457 643 1483 φωτί
652 1449 716 1484 νέῳ.

95 1495 159 1528 (Τοῖσι
170 1495 354 1530 παλαιγενέων
364 1495 552 1530 σφραγίσσατο
567 1494 678 1528 Φὼτιος
689 1496 794 1532 ἀνδρῶν

120 1541 247 1576 Μνήματα,
260 1542 386 1577 τιμήσας
402 1542 549 1576 στίγμασιν
561 1541 719 1577 ἁμφαδίοις)

97 1586 120 1612 ΕΞ
129 1587 193 1622 θέμις
209 1589 375 1624 ἁτρεκέεσσι
391 1587 562 1624 πανατρεκὲς
576 1587 680 1623 οὕνομα
694 1588 790 1621 θεῖναι⁷

121 1631 160 1665 ’ος
168 1642 226 1661 mea
237 1636 371 1667 Eminet;
380 1633 440 1668 ἔην,
453 1632 563 1665 Φὼτιος
575 1633 654 1665 ἄλλος
670 1633 721 1660 ἔοι.

97 1708 174 1739 Fraus.
193 1713 318 1742 Sclmttus
329 1714 397 1742 lure
411 1715 547 1742 consultus
568 1723 600 1742 ac
612 1719 718 1742 senator
732 1715 860 1747 Amuerp.

97 1766 156 1795 Pltoti
167 1771 272 1806 scripta,
288 1772 368 1806 prius
383 1772 429 1806 qui
451 1779 523 1799 caeco
540 1779 653 1799 carcere
669 1771 789 1803 clausus,

121 1813 244 1850 ilorridus,
261 1817 382 1850 invisus,
400 1822 481 1844 nocte
497 1817 599 1845 latebat
615 1817 700 1849 iners,

96 1857 171 1888 Eduxit
186 1863 311 1895 quoniam
329 1863 388 1889 dias
407 1862 433 1890 iu
451 1863 561 1890 luminis
576 1870 648 1895 oras,

119 1905 199 1934 Frater
211 1909 340 1941 amande,
357 1908 440 1935 animi
461 1908 659 1943 dimidiumque
677 1907 740 1938 mei,

94 1949 199 1979 Gratulor
208 1959 233 1981 et
245 1954 337 1986 laetor,
357 1955 450 1989 prisco
466 1954 565 1981 dehinc
584 1961 661 1981 more
681 1959 825 1988 parentum

118 1996 200 2026 Grates
211 2006 287 2034 grata
303 2001 371 2028 velit
386 2001 492 2028 solvere
505 2002 663 2035 posteritas.

94 2042 136 2070 Lux
149 2047 258 2073 tenebrae
273 2047 319 2074 hic
333 2045 424 2073 fausto
439 2046 601 2080 conspirant
616 2047 717 2077 omine,
732 2046 825 2073 lucens

118 2088 223 2125 Namque
239 2092 360 2120 obscura
373 2092 448 2126 prius
461 2091 628 2119 Bibliotheca
645 2097 730 2126 patet.

96 2134 136 2162 bu
148 2137 221 2165 micat
238 2147 253 2166 e
277 2139 402 2166 tenebris
425 2146 458 2166 eu
480 2143 573 2165 mutua
589 2147 597 2165 :
614 2146 721 2173 noxque
738 2138 859 2166 vicissim

118 2181 216 2215 Lumen,
232 2189 258 2212 et
271 2191 334 2212 atra
352 2185 411 2212 dies
430 2193 444 2212 a
455 2185 552 2220 iubare
568 2185 717 2219 accipiunt.

93 2225 163 2254 Fallor
172 2237 203 2256 an
219 2231 356 2265 aspicient
371 2231 448 2265 pulsa
465 2231 581 2264 caligine
596 2231 676 2257 ocelli

118 2272 213 2308 Luceln,
229 2281 322 2303 mente
333 2276 419 2303 Deum
432 2277 600 2312 justitiaaque
613 2275 718 2309 iubar?

94 2317 154 2347 I’hoti
168 2329 261 2350 manus
275 2324 331 2349 erit
344 2327 384 2350 tot
395 2322 464 2350 lecta
480 2323 616 2350 volumina
633 2321 758 2353 Graium,

117 2364 206 2394 Schotti
219 2368 272 2395 erit
286 2369 345 2396 haec
359 2368 437 2396 Latio
452 2369 554 2396 reddita
572 2375 654 2402 posse
671 2367 734 2402 legi.

92 2429 182 2459 Joannes
206 2433 323 2461 Bochius
335 2434 366 2462 S.
384 2434 417 2462 Ρ.
440 2434 475 2467 Q.
487 2435 675 2470 Antuerpieusi
696 2443 711 2461 α
729 2434 855 2461 Secretis.

92 2494 122 2521 Nl
133 2498 177 2525 nisi
196 2507 294 2528 nomen
310 2501 415 2528 habens
440 2508 455 2527 a
469 2501 582 2534 lumine,
599 2501 710 2528 luminis
726 2509 823 2536 expers

118 2541 226 2578 Photius,
241 2550 269 2573 ct
286 2547 412 2574 tenebris
423 2546 538 2575 obrutus
555 2552 636 2582 atque
652 2547 716 2578 situ,

93 2585 234 2624 Squallebal,
251 2592 397 2626 tineasque
415 2592 460 2620 diu
484 2594 613 2627 pascebat
628 2594 729 2620 inertes

118 2634 225 2670 Abditus,
236 2642 264 2665 et
278 2638 377 2673 patriis
391 2638 501 2666 sedibus
515 2639 594 2667 exsul
608 2644 679 2666 erat.

91 2678 241 2718 Aslimoque
263 2692 363 2712 carens
384 2685 537 2716 hominum,
564 2685 658 2720 procul
675 2685 742 2712 orbe
758 2685 858 2712 latebat

117 2722 245 2759 Hesperio,
260 2728 372 2756 clausus
385 2736 509 2762 carcere,
526 2729 594 2756 lucis
610 2730 697 2764 inops.

92 2767 117 2793 Αι
131 2768 233 2800 Scitam:
248 2773 376 2802 obscuris
393 2782 490 2802 nomen
508 2777 554 2810 qui
570 2776 644 2802 ducit
659 2776 692 2802 ab
704 2775 808 2803 umbris

117 2814 182 2847 illira
197 2825 265 2846 cano
281 2821 354 2848 tenui
374 2821 507 2853 carmine,
524 2829 586 2848 vera
612 2821 715 2856 tamen)

93 2858 151 2889 Emit
162 2863 186 2891 in
201 2866 286 2894 densa
303 2868 417 2902 positam
435 2868 550 2903 caligine
566 2867 651 2896 lucem
670 2877 676 2894 :

917 1312 1042 1339 διῄρηκε
1058 1312 1092 1338 ah
1105 1312 1222 1339 obscura
1235 1310 1308 1338 ducit
1322 1309 1438 1345 caligine
1452 1316 1550 1337 nomen

953 1358 1063 1385 Photiua
1078 1363 1106 1385 ut
1122 1357 1188 1384 clari
1202 1357 1313 1384 luminis
1330 1363 1410 1384 omen
1429 1356 1518 1383 habet.

916 1405 981 1431 Cum
995 1409 1084 1432 tamen
1097 1404 1168 1431 hunc
1177 1403 1302 1431 Schottus
1315 1401 1464 1430 tenebrosis
1472 1401 1575 1429 eximat
1585 1399 1702 1434 umbris,

953 1449 1066 1476 Lumine
1081 1457 1142 1476 etim
1157 1449 1255 1476 lustret
1271 1448 1383 1475 Pltotitza
1402 1448 1502 1483 scripta
1520 1454 1613 1477 novo:

917 1495 1034 1531 (Scripta
1041 1496 1139 1530 quibus
1150 1502 1249 1523 censor
1257 1499 1378 1522 veterum
1391 1498 1567 1521 monumenta
1581 1493 1704 1522 virorum

956 1541 1065 1568 Pltotius
1081 1541 1206 1576 obsignat
1220 1541 1350 1568 liberiore
1366 1539 1439 1574 uota)

919 1587 986 1614 Vera
1004 1587 1067 1614 licet
1080 1586 1151 1613 veris
1166 1585 1189 1613 si
1210 1593 1312 1621 ponere
1323 1585 1432 1613 nomina
1449 1584 1530 1612 rebus

953 1632 1004 1666 Qui
1018 1633 1096 1659 modo
1111 1631 1235 1659 Sc/tolius
1247 1636 1318 1665 erat,
1331 1630 1443 1658 Pltott'us
1458 1630 1526 1658 alter
1537 1630 1598 1658 erit.

950 1712 996 1740 Sic
1014 1716 1141 1747 reparant
1158 1710 1276 1739 teneer
1289 1709 1403 1743 lumina,
1419 1718 1528 1745 noxque
1546 1711 1631 1739 diem.
1654 1716 1657 1717 '

913 1758 1118 1793 (Edipodionia‘.
1134 1758 1249 1786 redeunt
1267 1757 1411 1793 aenigmata
1428 1757 1568 1794 Sphingis,

950 1803 1004 1831 Nec
1019 1811 1067 1831 sua
1087 1807 1178 1831 nostra
1196 1803 1286 1830 minus
1297 1802 1397 1830 saecula
1414 1808 1535 1831 monstra
1547 1802 1649 1830 ferunt.

914 1849 1043 1883 Quisquis
1058 1853 1086 1876 at
1101 1848 1259 1876 umbrarum
1277 1848 1328 1876 sub
1354 1848 1465 1876 nomine
1480 1847 1552 1876 clara
1569 1853 1668 1882 tuetur,

949 1893 1015 1927 Quae
1029 1893 1143 1922 Schotus
1159 1893 1258 1921 illustri
1275 1893 1377 1920 lumina
1394 1898 1486 1921 mente
1501 1895 1579 1930 tegit,

913 1937 1082 1972 lnsiguisque
1099 1938 1149 1964 viri
1162 1945 1239 1964 raras
1255 1937 1396 1964 examinat
1409 1942 1495 1971 artes,

949 1983 1021 2016 Quas
1035 1988 1127 2015 Stupet
1139 1987 1167 2011 et
1180 1983 1301 2016 Latium,
1315 1983 1422 2011 Grazcia
1438 1989 1493 2011 tota
1508 1988 1599 2019 stupet
1611 1995 1620 2013 :

912 2028 970 2056 Non
985 2029 1084 2056 mirum
1098 2033 1139 2056 est
1155 2029 1228 2056 illam
1242 2029 1333 2057 radios
1347 2030 1484 2065 emittere,
1500 2030 1583 2063 dicet,

949 2075 1096 2110 Lampada,
1111 2075 1202 2103 lumen
1217 2075 1298 2104 habet
1314 2076 1426 2104 Photiut
1444 2077 1516 2104 unde
1531 2084 1622 2106 suum.

912 2121 967 2149 Nec
987 2121 1083 2148 rutilas
1098 2121 1227 2156 praferre
1243 2121 1317 2150 iaces
1336 2121 1480 2150 mirabitur
1494 2123 1630 2156 umbram,

947 2168 1013 2201 Quae
1030 2168 1117 2196 lucem
1131 2169 1202 2196 hanc
1217 2169 1278 2197 aliis
1296 2169 1418 2204 pluribus
1431 2175 1494 2197 ante
1511 2170 1582 2198 tulit.

914 2213 1033 2246 Salvete,
1052 2222 1068 2242 ο
1084 2215 1213 2248 tenebrae,
1225 2214 1338 2250 fulgenti
1356 2215 1416 2243 luce
1436 2223 1570 2249 coruscat,

949 2260 991 2287 Sit
1002 2260 1070 2287 satis
1087 2261 1138 2288 hoc
1156 2261 1253 2288 vestris
1268 2261 1392 2288 muneris
1411 2269 1473 2292 esse
1487 2262 1572 2290 decus
1590 2271 1598 2290 :

914 2305 1024 2333 l’hotius
1045 2305 1072 2333 in
1091 2306 1209 2334 medium
1226 2307 1298 2341 quod
1314 2307 1407 2341 purior
1417 2313 1497 2336 exeat
1508 2308 1616 2341 orbem,

947 2351 1005 2379 Lux
1024 2359 1039 2379 e
1056 2352 1138 2383 nube,
1157 2352 1241 2379 redux
1258 2359 1379 2387 carcere,
1400 2359 1480 2381 nocte
1492 2355 1584 2389 jubar.

914 2407 1117 2436 Maximiliauus
1156 2408 1297 2436 Vriendius
1334 2412 1437 2438 senatui
1480 2410 1651 2439 Gandaueust'
1683 2421 1700 2439 α

1240 2444 1365 2473 Sacratis.

911 2501 965 2528 lies
979 2501 1058 2533 mira,
1075 2505 1102 2528 at
1118 2508 1181 2528 vera
1203 2506 1255 2534 est,
1274 2509 1326 2528 non
1349 2502 1425 2529 claro
1438 2502 1541 2530 lumine
1555 2502 1700 2531 Sdtottum

947 2547 1086 2574 Clarorem
1101 2554 1116 2573 a
1133 2547 1239 2574 nebulis
1253 2554 1381 2582 spargere
1396 2555 1477 2583 posse
1492 2545 1570 2576 suis.'

913 2593 994 2620 Ducis
1010 2597 1038 2619 et
1055 2597 1195 2628 expertem
1211 2593 1295 2621 decus
1307 2598 1335 2620 et
1351 2593 1432 2627 jubar
1447 2594 1549 2622 addere
1563 2594 1630 2626 luci,

950 2638 1112 2673 Scriptaque
1128 2643 1168 2666 tot
1183 2642 1305 2666 veterum
1322 2638 1502 2666 detenebrare
1516 2643 1635 2674 patrum.

913 2684 1042 2716 Mentior,
1059 2688 1086 2711 at
1100 2688 1176 2711 vetus
1191 2684 1235 2711 ille
1252 2691 1338 2711 novus
1359 2684 1441 2712 modo
1461 2684 1585 2717 Pltotittr,
1600 2685 1667 2713 olim

948 2729 1054 2762 Clarus,
1072 2734 1100 2756 at
1114 2729 1177 2756 inde
1190 2721 1248 2756 alvo
1264 2728 1372 2757 nubilus
1387 2734 1470 2764 atque
1484 2731 1550 2757 situ.

912 2776 963 2808 Qui
982 2776 1067 2810 patria
1084 2776 1116 2802 de
1130 2779 1209 2802 nocte
1226 2782 1310 2802 novas
1329 2776 1410 2803 modo
1426 2775 1493 2802 lucis
1509 2775 1535 2802 in
1550 2782 1614 2803 oras

948 2821 1050 2854 Emica,
1068 2821 1196 2848 Ausonia:
1213 2820 1327 2848 illustris
1342 2821 1446 2848 honore
1462 2825 1532 2854 togae
1548 2825 1556 2848 ξ

911 2867 957 2895 llic.
972 2875 1023 2895 suo
1039 2868 1114 2896 solus
1129 2867 1237 2902 dignam
1261 2875 1310 2903 pro
1324 2867 1432 2895 vindice
1448 2874 1563 2895 causam
