1918 3086
207 158 241 190 19
758 164 808 194 AD
836 165 968 196 PHOTII
989 167 1273 200 BIBLlOTHECAM

240 213 326 247 Dicet,
344 217 371 242 et
385 217 488 251 accepti
508 216 617 246 luminis
631 225 716 254 usque
734 226 848 253 memor,

206 260 258 289 Uni
271 260 332 296 plus
350 262 461 290 Schotto
477 263 577 292 debere
593 264 732 298 fatebitur,
749 266 801 301 ipsi

238 306 326 340 Quam
344 307 406 340 sibi,
422 315 502 342 quam
520 309 580 342 soli,
594 318 675 345 quam
691 311 835 346 patrioque
847 312 919 340 solo.

308 352 438 380 Jererm'us
454 353 632 382 Pieruenuzus
641 355 870 390 jure-consultus.

206 396 272 429 Quis
286 399 379 424 credat
395 406 478 427 cret-as
494 401 652 435 pregignere
666 409 745 436 posse
759 403 878 431 tenebras

239 439 364 474 Lumina,
381 441 509 471 Phoebeis
523 444 655 473 lucidiora
670 447 776 475 oculis?

203 486 261 514 Non
277 494 338 522 ego,
355 495 406 516 non
426 489 533 524 physica
550 491 692 527 quisquam
708 493 742 520 de
756 499 835 529 gente
851 497 987 530 sacerdos.

241 533 354 568 Ullaque
372 542 424 562 non
438 534 544 570 Sophia:
562 537 641 565 docta
660 540 828 574 magisteria.

202 577 258 605 lloc
271 579 324 606 nisi
336 579 392 614 jam
410 580 487 607 nobis
495 581 622 615 iussisset
637 585 749 612 credere
763 585 898 621 Schottux,

240 625 353 653 Photius
371 631 396 653 et
416 627 492 654 necis
506 628 610 656 lucidus
625 637 641 656 a
655 630 779 664 tenebris,

203 671 253 705 Qui
269 679 341 700 nunc
348 671 449 700 Scholti
457 681 537 708 opera
548 674 623 708 (ante
638 675 748 703 nitentia
765 677 873 706 nubilus
883 687 942 713 ora,
954 684 982 708 et

237 716 328 746 Multis
343 718 423 746 dente
438 719 487 746 azvi
500 720 593 747 saucia
610 721 777 756 vulneribus)

202 763 336 798 lnlegrior
347 765 435 800 patrio
446 766 536 800 prodit
548 767 688 795 redimitus
700 769 811 797 amictu.

238 809 293 838 Nee
308 810 397 839 minus
409 812 528 840 Ausonia
546 813 645 840 clarior
657 814 683 840 in
697 814 799 842 tunica.

201 854 260 882 Non
272 863 352 884 secus
364 864 397 885 ac
415 859 500 886 noctis
515 859 591 894 nigra
606 867 666 887 cum
680 864 755 887 veste
769 860 893 889 videmus

237 900 394 936 Obnuptum
406 901 509 935 Solem,
522 903 566 931 vel
584 904 682 938 pluviis
697 905 814 936 nebulis,

203 945 284 974 Veste
297 946 469 975 tenebrarum
482 948 577 982 scissa,
598 949 625 976 et
643 951 711 977 sudo
727 950 837 983 aethere,
852 951 904 979 tela

240 991 345 1026 Ejicere
361 993 489 1021 hesterna
508 994 638 1022 lucidiora
653 995 706 1023 die.

202 1038 291 1070 Quare
303 1038 366 1066 dum
385 1047 463 1067 roseo
482 1040 592 1076 fulgebit
609 1041 704 1069 lucifer
717 1049 776 1074 ore,

239 1083 273 1110 Et
288 1085 378 1111 veniet
393 1084 499 1113 fuscum
520 1094 572 1113 nox
588 1087 717 1122 adoperta
730 1093 821 1123 caput,
838 1112 848 1118 .

203 1129 285 1157 ΡΙιοιί
297 1130 331 1157 ab
346 1130 443 1158 illustri
458 1132 574 1159 radiabit
591 1132 690 1160 lumine
706 1133 841 1167 Schottus,

239 1175 271 1203 Et
289 1175 475 1205 Scholtica’cis
492 1177 603 1205 Phatius
618 1187 633 1206 α
644 1179 769 1207 tenebris.

533 1222 666 1257 Δδηλον.

204 1266 242 1294 lle
255 1267 290 1301 pii
305 1275 409 1300 manes,
427 1272 454 1295 et
470 1267 547 1295 Photi
561 1269 650 1296 nobile
668 1269 757 1297 lumen

236 1311 343 1344 Judicii,
363 1321 417 1346 qua
434 1314 475 1341 sol
490 1315 577 1350 porgit
592 1320 734 1350 utramque
753 1317 848 1344 facem.

204 1357 329 1386 Sullanus
351 1365 375 1386 te
391 1360 538 1394 Hesperiis,
555 1361 679 1388 Scltottus
695 1366 720 1388 te
734 1367 825 1389 sacrat
843 1362 917 1394 Eois,

236 1404 360 1433 Scitottua
374 1411 400 1434 et
413 1406 476 1434 Eois
490 1412 585 1442 gratus
598 1412 625 1435 et
639 1408 788 1443 Hesperiis.

202 1451 308 1478 Cuncta
321 1453 414 1480 videns
428 1453 555 1480 nimirum
567 1454 623 1481 haec
636 1455 737 1481 munde
749 1454 815 1482 scita
829 1454 907 1482 dabat
916 1463 988 1481 mens

239 1497 319 1525 Stare
335 1497 394 1525 loco
409 1499 501 1526 mundi
518 1500 602 1534 prima
618 1500 750 1527 elementa
764 1499 879 1534 jubens,

204 1542 240 1570 Ut
254 1550 326 1570 caeco
341 1543 385 1570 lux
404 1543 475 1571 alma
491 1545 559 1572 chao
579 1546 686 1572 viduata
704 1551 811 1573 serenet

1793 173 1830 205 20

1077 223 1185 257 Omnia,
1203 230 1258 253 tum
1273 226 1360 254 lucem
1371 233 1424 254 nox
1440 226 1548 255 inimica
1562 232 1667 263 premat
1681 237 1688 256 :

1040 269 1124 305 Inque
1141 271 1227 298 vicem
1243 272 1330 299 noctis
1347 280 1417 300 nova
1430 272 1475 300 lux
1489 279 1663 309 superenatet
1676 282 1778 309 aequor,

1077 316 1110 344 Et
1122 317 1208 344 niteat
1223 318 1308 345 veteri
1325 323 1400 353 grata
1415 324 1525 354 parente
1540 320 1636 355 magis.

1040 361 1069 389 In
1085 367 1206 390 veterum
1219 363 1316 391 molem
1332 364 1497 399 scriptorum
1512 364 1625 393 Photius
1639 365 1703 393 olim

1077 408 1216 435 ludiderat
1229 408 1330 441 lucem,
1342 409 1440 443 judicii
1457 410 1534 437 radio
1554 419 1561 437 :

1041 453 1077 480 At
1093 455 1196 480 radium
1216 455 1356 489 excipiens
1373 455 1441 482 texit
1458 455 1606 491 longinqua
1623 462 1765 486 vetustas:

1075 497 1196 526 Schottua
1211 499 1245 525 ab
1262 499 1371 534 ingenio
1385 499 1491 527 rettulit
1501 507 1564 528 ecce
1581 501 1664 528 diem.

1039 543 1116 571 Nunc
1132 544 1240 572 tandem
1257 546 1343 579 portis
1356 545 1447 572 mundi
1466 545 1652 580 bipatentibus
1665 547 1746 580 infer,

1076 591 1238 618 Damnatum
1251 591 1371 618 tenebris
1386 590 1475 618 nobile
1489 590 1580 618 Pltotii
1590 599 1666 626 opus.

1043 636 1152 663 Photius
1167 636 1269 671 ingenti
1286 636 1373 671 potuit
1387 636 1494 663 clarere
1511 636 1593 664 nitela
1610 646 1618 664 :

1076 682 1130 709 Sed
1147 689 1226 717 mage
1239 682 1357 717 praesidii
1373 682 1475 709 lumine
1488 682 1595 710 Schotte
1609 683 1659 710 tui.

1041 727 1078 755 Ite
1094 728 1129 763 pii
1144 735 1238 756 manes
1252 728 1362 756 Scholto
1377 729 1456 762 duce,
1469 733 1496 756 et
1511 729 1620 764 auspice
1635 729 1757 764 Scltatto,

1040 773 1247 809 Semiadaperta
1267 773 1353 808 prius,
1368 781 1440 801 nunc
1454 774 1580 810 adaperta
1594 775 1637 802 via
1652 779 1705 804 est.

1363 832 1391 859 'A
1395 832 1501 866 δηλον.

1040 887 1143 915 Nomen
1160 886 1256 919 babes,
1271 886 1359 920 Scots,
1373 894 1388 914 a
1407 888 1537 920 tenebris,
1550 895 1564 914 a
1576 887 1679 915 lumine
1693 895 1791 915 nomen

1076 931 1189 959 Plautius
1204 940 1214 959 .'
1232 932 1277 959 ille
1287 932 1398 965 librum,
1415 932 1526 960 conﬁcis
1541 933 1598 966 ipse
1615 938 1704 958 notas.

1041 977 1144 1006 Umbra
1157 979 1186 1004 tit
1200 977 1335 1011 interpres
1351 977 1431 1008 lucis,
1444 977 1505 1012 quis
1516 977 1640 1004 crederet
1657 975 1794 1011 unquam?

1075 1022 1132 1049 Hoc
1149 1021 1235 1049 lucem
1249 1027 1291 1049 est
1312 1022 1433 1049 tenebris
1449 1022 1572 1057 gignere,
1586 1027 1668 1049 nocte
1683 1022 1765 1049 diem.

1039 1067 1113 1101 Quas
1133 1075 1186 1095 non
1200 1068 1328 1095 discutict
1344 1072 1388 1094 tua
1405 1067 1463 1099 lux.
1476 1076 1493 1096 ο
1507 1067 1595 1100 Scote,
1612 1069 1751 1096 tenebras‘

1075 1112 1104 1140 Si
1117 1113 1203 1141 lucem
1219 1112 1339 1140 illustrat
1355 1113 1473 1140 nominis
1486 1113 1580 1140 umbra
1597 1114 1652 1141 tuil

1364 1168 1502 1202 Ἄδηλον.

1041 1224 1108 1252 Dum
1125 1229 1170 1252 tua
1185 1225 1330 1260 praeclaros
1341 1232 1467 1254 auctores
1484 1227 1584 1261 scripta
1603 1231 1759 1260 recensent,

1076 1271 1132 1298 Hos
1142 1271 1213 1298 inter
1223 1270 1315 1298 Scotto
1328 1272 1421 1299 debuit
1434 1279 1496 1299 esse
1511 1271 1595 1299 locus.

1040 1316 1109 1350 Quid
1131 1316 1226 1349 facias,
1242 1317 1320 1344 docte
1337 1325 1353 1344 ο
1370 1316 1461 1350 Photi,
1475 1325 1538 1345 cura
1557 1323 1680 1353 tempora
1697 1323 1789 1347 nostra

1077 1362 1138 1389 Sint
1155 1362 1247 1397 procul
1261 1370 1277 1390 a
1293 1363 1391 1390 vestris
1406 1363 1500 1390 dissita
1516 1363 1704 1397 temporibus?

1040 1407 1080 1434 Ne
1095 1407 1186 1435 dubita
1203 1416 1211 1435 :
1229 1407 1345 1440 Scottus,
1357 1416 1412 1443 quo
1429 1416 1499 1435 nunc
1511 1409 1660 1443 interprete
1675 1409 1776 1443 prodis,

1077 1453 1149 1486 Quot
1160 1453 1282 1481 celebras
1294 1454 1430 1486 homines,
1448 1458 1488 1481 tot
1499 1454 1573 1481 subit
1587 1455 1644 1489 ipse
1659 1455 1743 1483 locos.

1041 1499 1069 1527 Si
1091 1506 1127 1531 te,
1144 1499 1242 1532 Scotte,
1259 1505 1337 1534 potes
1353 1505 1488 1527 transacta
1503 1500 1529 1527 in
1545 1500 1643 1528 stecula
1656 1500 1738 1534 ferre,

1075 1546 1116 1573 An
1131 1551 1239 1574 taceant
1258 1554 1357 1574 nomen
1369 1546 1441 1574 secla
1457 1546 1548 1573 futura
1564 1551 1639 1573 tuum
1649 1546 1662 1573 l

221 1610 1808 1624 —-—————_——————

519 1685 608 1716 ΛΝΒ.
623 1685 781 1717 SCHOTTI
804 1687 881 1718 SOC.
898 1688 996 1718 JESU.
1020 1688 1061 1719 IN
1085 1688 1215 1719 ΡΙΙΟΤΙΙ
1229 1687 1509 1719 BIBLIOTHECAM

781 1772 1208 1818 ΠΡΟΛΕΓΟΜΕΝΑ.

239 1907 291 1942 Qui
306 1907 356 1936 sibi
374 1907 524 1943 scriptores
535 1907 660 1942 antiquos
677 1908 872 1943 interpretandi
897 1912 988 1943 partes

201 1954 266 1982 olim
279 1959 464 1988 sumpserunt,
478 1953 566 1988 utqui
590 1953 729 1982 Platonem
754 1958 836 1988 atque
856 1954 990 1982 Aristote-

202 1998 254 2027 lem
284 1999 506 2034 philosophorum
539 1999 676 2035 principes
702 2000 880 2028 illustrandos
902 1999 988 2028 Graeci

201 2050 376 2077 censuerunt,
394 2045 547 2073 Alexander
563 2045 759 2080 Aphrodisieus
771 2065 779 2077 ,
807 2045 986 2078 Themistius,

203 2090 371 2125 Simplicius,
389 2090 511 2123 Proelus,
537 2090 756 2126 Olympiodorus,
777 2091 947 2123 Ammonius,
962 2095 990 2118 et

202 2135 379 2169 Philoponus,
411 2136 429 2163 ii
459 2136 516 2164 fere
542 2136 651 2170 prafari
685 2135 774 2163 solent
800 2136 929 2170 copiose,
956 2137 990 2163 de

202 2187 324 2215 auctore,
342 2182 455 2217 scripto,
472 2186 640 2214 argumento,
663 2181 743 2209 modo
756 2189 788 2209 ac
801 2182 991 2215 methodo,or-

201 2227 264 2254 dine
276 2232 304 2254 et
327 2232 465 2263 tempore;
483 2232 540 2254 tum
554 2228 588 2254 de
605 2227 714 2261 seipsis,
734 2235 837 2262 suaque
849 2235 942 2262 opera,
962 2232 990 2255 et

201 2273 238 2300 ita
251 2281 280 2301 re
293 2273 442 2309 ﬂagitante,
455 2273 589 2301 interdum
602 2273 635 2300 de
646 2274 736 2301 causis
759 2273 877 2308 suscepti
900 2273 990 2307 operis

201 2318 352 2346 disserunt.
372 2319 444 2346 Idem
459 2318 524 2346 mihi
554 2325 629 2346 more
651 2318 830 2352 institutoque
858 2317 989 2352 majorum

205 2364 231 2390 in
260 2372 388 2398 presens,
405 2365 456 2392 etsi
477 2364 656 2400 μετάφρασιν,
685 2371 739 2391 non
770 2367 799 2390 ut
832 2363 869 2390 illi
897 2362 988 2399 παρά-

201 2418 302 2446 φρασιν
315 2409 440 2442 atl'cram,
455 2410 542 2437 visum
555 2409 780 2437 est-faciundum.
794 2409 924 2444 Equidem
937 2417 989 2436 non

201 2456 374 2490 lgnombam,
389 2456 468 2483 simul
487 2460 569 2490 atque
582 2456 697 2483 arduam
712 2455 781 2482 hanc
789 2454 929 2482 Photiame
944 2454 990 2481 Bi-

201 2501 337 2529 bliotheca
362 2500 458 2528 Latine
473 2501 682 2535 interpretanda:
701 2501 867 2535 provinciam
886 2499 973 2535 efllagi

203 2547 328 2574 tantibus
343 2546 439 2573 amicis
454 2546 570 2580 suscepi,
589 2545 648 2573 fore
660 2545 803 2580 plerosque
817 2545 862 2580 qui
878 2545 904 2572 id
922 2544 988 2572 mihi

202 2591 269 2618 vitio
281 2596 431 2624 verterent,
442 2599 591 2626 parumque
606 2599 649 2618 me
661 2591 769 2625 dignum
790 2591 988 2624 existimarent,

203 2645 271 2665 caesa
288 2637 359 2664 inter
374 2642 402 2664 et
416 2643 553 2673 porrecta,
574 2637 645 2672 quod
660 2637 746 2669 aiunt,
758 2636 854 2664 alienis
869 2637 896 2664 in
907 2637 988 2664 vesti-

204 2683 256 2720 giis
269 2685 366 2718 pedem
383 2691 492 2719 ponere.
509 2683 629 2717 Quorum
645 2688 734 2710 autem
752 2683 778 2709 in
801 2683 989 2717 reprehensio-

207 2737 268 2758 nem
281 2735 373 2758 noster
385 2731 430 2758 bic
440 2729 516 2757 labor
528 2729 659 2761 incurret,
676 2729 695 2755 ii
711 2728 766 2756 fere
779 2729 891 2755 duorum
909 2735 990 2762 gene-

202 2783 262 2803 rum
278 2781 352 2804 sunt.
367 2775 421 2803 Alii
435 2775 508 2802 enim
525 2782 568 2802 me
583 2773 798 2809 reprehendent;
813 2773 903 2807 plures
920 2773 991 2800 Pho-

203 2823 270 2850 tium
298 2821 388 2850 infesti
417 2822 581 2848 damnabunt
602 2829 609 2847 :
626 2820 759 2854 utrisque,
778 2819 800 2847 si
827 2824 930 2854 potem,
948 2819 989 2846 fa-

205 2869 276 2895 tlttlll
295 2870 378 2901 satis;
395 2872 470 2896 certe
487 2867 508 2895 si
535 2867 560 2895 id
587 2875 639 2894 non
665 2873 826 2901 consequar,
844 2866 913 2894 dabo
939 2874 988 2900 pro

1040 1909 1112 1937 virili
1126 1915 1248 1943 operam,
1270 1913 1301 1936 ut
1322 1916 1337 1936 a
1352 1909 1466 1944 legendo
1486 1909 1598 1938 minime
1620 1910 1825 1939 deterreantur.

1040 1953 1177 1988 Principio
1191 1955 1282 1988 itaque
1305 1953 1339 1981 de
1354 1961 1407 1988 me,
1420 1955 1513 1989 paucis
1534 1959 1636 1988 tamen,
1653 1961 1680 1983 et
1689 1956 1748 1983 sine
1762 1956 1826 1983 fuco

1039 2007 1071 2027 ac
1083 2000 1203 2027 modeste
1219 2007 1226 2026 :
1243 2007 1304 2026 mox
1320 2000 1353 2026 de
1369 1999 1464 2027 Photio
1475 1999 1635 2027 videbimus.
1655 1999 1823 2028 lnaudieram

1040 2046 1154 2079 pridem,
1173 2053 1256 2072 unum
1267 2050 1294 2073 et
1318 2045 1382 2072 item
1403 2045 1516 2073 alterum
1528 2046 1554 2072 in
1569 2046 1654 2073 Iberia
1666 2045 1825 2073 Graecarum

1039 2091 1192 2118 litterarum
1231 2091 1446 2125 peritissimum,
1474 2090 1563 2119 Photii
1591 2091 1781 2119 Bibliothecam
1809 2100 1827 2119 e

1039 2137 1134 2165 Graeco
1162 2138 1188 2163 in
1212 2136 1339 2163 Latinum
1369 2143 1521 2164 sermonem
1549 2138 1692 2164 commodo
1717 2138 1828 2172 publico

1039 2187 1198 2210 convertere
1229 2183 1357 2216 cmpisse,
1384 2182 1429 2209 sed
1458 2183 1573 2216 coepisse
1599 2187 1714 2216 tantum,
1731 2191 1762 2210 ac
1781 2184 1827 2211 vix

1040 2228 1152 2255 dimidia
1168 2228 1259 2262 operis
1287 2233 1365 2262 parte
1381 2228 1579 2262 supersedisse,
1598 2229 1655 2255 sive
1678 2228 1764 2256 Graeci
1778 2236 1829 2255 ex-

1039 2273 1169 2309 emplaris
1183 2274 1287 2301 mendis
1302 2273 1457 2306 deterritos,
1467 2281 1514 2301 seu
1523 2273 1622 2301 laboris
1632 2273 1693 2309 fuga
1711 2274 1736 2300 in
1751 2278 1828 2301 tanta

1041 2318 1198 2351 voluminis,
1221 2325 1285 2345 cum
1306 2317 1388 2349 mole,
1407 2322 1462 2344 tum
1487 2318 1630 2349 varietate,
1645 2325 1692 2345 seu
1710 2317 1830 2351 denique

1041 2369 1155 2398 utraque
1168 2364 1202 2391 de
1228 2371 1310 2391 causa
1339 2363 1466 2391 cessisse.
1484 2362 1577 2390 Romae
1593 2370 1701 2397 quoque
1717 2362 1829 2390 tertium

1040 2409 1189 2445 perfecisse
1213 2410 1325 2444 quidem
1354 2410 1514 2442 narrabant,
1528 2409 1574 2436 sed
1586 2409 1619 2435 ad
1633 2409 1765 2435 edendum
1778 2409 1830 2434 atl-

1043 2455 1104 2482 duci
1118 2463 1170 2482 non
1186 2455 1316 2489 potuisse.
1334 2454 1456 2482 Gra‘cum
1474 2454 1564 2488 itaque
1593 2453 1715 2481 codicem
1731 2461 1832 2488 magno

1040 2508 1095 2528 mre
1115 2506 1222 2532 nactus,
1237 2501 1418 2527 constantiam
1430 2506 1444 2525 a
1458 2500 1512 2526 Deo
1526 2503 1663 2532 precatus,
1677 2498 1829 2532 urgendum

1042 2553 1111 2580 opus
1126 2546 1234 2573 assidue
1251 2546 1284 2572 ad
1297 2551 1461 2577 extremum,
1472 2545 1494 2571 si
1507 2553 1558 2579 qua
1575 2545 1638 2571 hinc
1651 2545 1683 2570 ad
1697 2544 1763 2571 alios
1774 2545 1831 2571 uti-

1043 2592 1105 2618 litas
1135 2591 1245 2622 rediret,
1271 2590 1434 2618 existimavi.
1456 2589 1549 2624 Neque
1576 2597 1618 2617 me
1641 2590 1772 2623 fugiebat,
1795 2598 1831 2617 ex

1042 2645 1096 2671 quo
1109 2635 1252 2663 interiores
1274 2635 1361 2662 hasce
1392 2634 1494 2661 litteras
1516 2635 1640 2666 tractavi,
1663 2641 1744 2668 quam
1758 2635 1832 2660 ditii—

1043 2682 1094 2710 cile
1107 2682 1142 2710 sit
1154 2681 1253 2709 bonum
1270 2689 1351 2716 agere
1364 2680 1552 2716 interpretem,
1569 2681 1704 2714 alienique
1731 2687 1831 2709 sensus

1044 2729 1256 2763 metaphrastcn,
1270 2734 1311 2761 ut,
1322 2727 1372 2755 nisi
1384 2734 1432 2761 par
1443 2727 1480 2754 sis
1496 2727 1521 2754 in
1538 2727 1678 2762 utriusque
1694 2726 1832 2754 orationis

1044 2773 1190 2805 facultate,
1214 2773 1316 2806 justam
1345 2771 1583 2807 reprehensionem
1614 2780 1667 2798 non
1689 2771 1830 2805 effugias:

1043 2827 1150 2854 quoque
1161 2819 1247 2854 major
1261 2819 1312 2846 hac
1325 2819 1350 2846 in
1362 2826 1390 2845 re
1403 2819 1435 2845 de
1445 2818 1523 2845 honis
1535 2817 1637 2845 Graecis
1648 2816 1745 2844 Latina
1758 2816 1832 2844 bona

1043 2865 1216 2893 cﬂicicntium
1242 2865 1348 2898 raritas,
1378 2871 1410 2892 eo
1430 2863 1563 2891 ditlicilior
1583 2862 1722 2895 provincia
1736 2862 1832 2890 doctis
