1918 3086
102 145 126 177 ιι
731 153 1026 188 PROLEGOMENA.
1478 151 1481 154 ’
1658 164 1695 195 22

101 202 233 236 hominibus,
248 202 291 238 qtti
306 210 366 230 eam
383 203 432 239 ipsi
447 204 608 241 plerumque
623 207 772 244 refugiunt.
789 219 855 238 cen-

100 253 178 280 seatur.
193 253 219 276 ut
230 249 261 276 ad
275 249 345 277 hanc
370 250 442 278 diem
459 259 654 287 usquequaque
674 255 720 289 qui
745 257 856 284 satisfe—

100 295 173 327 eerint,
184 295 223 322 vix
240 295 359 330 singulos
367 297 480 331 singulae
490 302 586 326 a-tates
599 300 693 329 tulisse
702 302 854 331 videantur:

100 346 144 366 tum
155 339 233 367 decem
250 341 364 374 amplius
378 341 536 370 Aristotelis
559 344 655 372 Etltica
669 345 857 381 Nicomachia,

100 385 235 420 totidemque
247 386 402 419 Rhetorica,
418 393 510 416 nostra
527 396 728 427 parentumque
751 400 857 421 memo-

99 432 126 458 ria
139 432 293 467 interpretari
320 433 376 461 sint
398 436 502 468 conati,
518 436 590 470 quod
617 437 644 464 in
675 438 789 473 singulis
811 440 856 475 qui

97 480 295 512 antecessissent,
319 481 486 515 posteriores
518 482 621 517 aliquid
656 483 855 512 desiderarent.

97 522 173 555 Quidni
195 523 271 558 igitur
284 530 458 558 posterorutn
474 527 507 554 de
529 527 714 563 mejudicium
731 530 857 558 reformi-

97 569 156 596 dem?
170 569 301 599 Elaboravi
325 572 464 607 equidem,
484 574 574 608 quoad
599 574 659 609 ejus
681 575 740 604 ﬁeri
755 577 856 612 potuit,

95 620 170 642 utnon
185 624 257 644 sensa
288 618 369 645 modo
393 619 483 645 verbis
502 621 703 655 comprehensa
727 630 857 657 sequerer

96 661 263 694 (rsecutnsne
295 664 346 690 sim
384 664 429 690 alii
462 664 622 701 statuent),
655 670 683 694 et
715 675 769 695 non
801 673 856 696 tam

95 708 156 734 verba
170 716 344 741 numerarem,
360 717 441 744 qnatn
461 718 570 738 sensum
590 718 623 739 ex
649 713 701 740 ftde
727 714 797 741 bona
812 722 859 749 ap-

95 752 221 787 penderetn.
235 755 281 782 sed
296 755 391 787 etiam.
402 761 431 783 ut
448 764 493 784 res
505 757 588 792 ipsas,
609 759 751 794 fontesque
760 765 856 787 auclo-

97 808 138 825 mut
153 808 165 826 ι
177 800 265 828 ΡΙιοιίο
290 801 424 829 lectorum
445 805 566 832 studiose
589 805 796 840 investigarem.
811 806 859 835 Ve-

96 852 138 871 nun
152 852 205 871 cum
218 852 311 873 eorum
328 847 453 882 plerique
473 853 625 884 temporttm
657 851 754 886 injuria
772 852 858 880 inter-

96 889 197 922 cideriut.
224 899 256 918 eo
290 893 433 920 molestior
461 894 598 922 interdum
625 896 704 923 labor
721 897 857 932 interpre-

95 936 148 962 tandi
161 937 268 971 exstitit,
284 942 314 965 ut
328 939 518 967 hariolandum
535 949 732 977 nonnunquam
761 943 856 978 fuerit,

95 983 148 1014 dum,
163 983 203 1017 qui
217 984 305 1011 adhuc
331 985 417 1012 latent
443 988 602 1022 scriptores,
615 987 704 1016 Pltotii
731 996 816 1024 opera
830 991 856 1017 in

96 1033 189 1061 apertum
203 1031 388 1064 proferantur,
413 1033 485 1066 quod
507 1038 536 1060 ut
558 1039 678 1068 ereptum
706 1043 803 1069 nuper,
822 1036 857 1063 ita

96 1073 185 1102 futurum
196 1076 309 1109 amplius
328 1077 470 1104 doctorum
486 1079 626 1107 hominum
644 1081 859 1117 investigatione

96 1120 228 1149 noudillido.
245 1122 421 1151 Diversorunt
445 1124 510 1152 item
530 1126 695 1160 scriptorutn
722 1132 797 1154 tanta
813 1136 860 1155 va-

97 1163 164 1196 rietas,
188 1172 283 1200 quanta
306 1172 351 1194 est
376 1167 402 1194 itt
427 1169 501 1195 omni
528 1169 695 1206 philologia,
720 1173 858 1206 oratoria,

97 1209 183 1238 historia
196 1219 255 1239 cum
285 1220 379 1245 sacra,
406 1219 461 1241 tum
485 1216 611 1249 profatta,
627 1217 654 1244 in
675 1218 858 1254 philosophia,

95 1263 138 1285 arte
150 1259 256 1293 medica,
272 1268 304 1289 ac
313 1261 433 1296 denique
445 1263 625 1292 scientiarum
648 1266 740 1301 regina
756 1267 861 1295 theolo-

95 1305 274 1341 ghncgotium
300 1315 412 1342 quoque
441 1308 594 1344 facessivit,
613 1314 684 1347 quod
708 1313 763 1341 Deo
793 1315 861 1341 bene

94 1352 180 1385 l'ltlnle
192 1357 295 1384 tandem
314 1357 517 1392 superavimus.
542 1358 626 1385 Auxit
648 1363 676 1385 et
691 1360 729 1386 rei
746 1358 861 1386 diﬂicul-

96 1402 157 1425 latent
168 1399 191 1426 in
203 1400 316 1436 singulis
345 1402 505 1429 auctoribus
532 1403 624 1438 κρίσις
640 1403 721 1438 idque
746 1403 862 1431 Hermo-

96 1444 151 1474 genis
161 1446 325 1479 potissimum
341 1447 376 1475 de
407 1448 475 1475 ideis
500 1449 647 1477 ntethodo:
663 1457 724 1484 quae
752 1455 781 1477 ut
804 1451 862 1477 Ari-

95 1490 182 1518 stotelea
191 1500 221 1520 ac
232 1492 356 1520 Tulliana
366 1493 445 1528 lottge
458 1494 586 1522 subtilior
603 1499 655 1527 est,
664 1495 700 1522 ita
710 1496 859 1522 admirato-

97 1537 226 1571 resqnidem
240 1539 378 1573 plurimos
408 1541 454 1567 sed
470 1541 624 1569 imitatores
656 1549 756 1575 paucos
778 1542 860 1569 hodie

97 1583 180 1616 reperit.
204 1584 301 1613 Praeter
339 1585 499 1621 Dionysium
524 1587 596 1613 enim
624 1587 860 1616 Halicarnasseuut

97 1626 267 1664 ittfllutoricir,
295 1636 326 1660 et
354 1631 498 1666 Ulpianum
522 1632 647 1661 Graecum
670 1634 862 1662 DemoSIbenis

95 1673 289 1709 explanatorem,
324 1683 425 1712 qttotus
454 1686 514 1705 eam
542 1679 657 1713 quisque
677 1680 729 1707 hoc
762 1681 862 1707 stmulo

97 1720 184 1747 luctati
199 1721 376 1758 Trapezuntii
403 1723 468 1751 olim
497 1723 577 1751 talent
606 1724 775 1752 Rhetoricam
801 1733 861 1753 cutn

96 1768 182 1797 stupore
193 1767 257 1795 vidit
278 1768 378 1801 Italia;
396 1769 465 1797 duos
491 1769 606 1797 fortasse
635 1770 781 1797 Germania
811 1779 858 1798 ttu-

96 1812 190 1843 merarit,
204 1811 357 1840 Sturtniutn
386 1817 414 1840 et
447 1812 638 1848 Erythrmum;
662 1814 748 1842 Gallia
760 1814 862 1842 Juliutn

97 1852 234 1890 Saligerum
256 1857 338 1885 libris
359 1857 397 1885 De
418 1859 538 1892 poetica;
555 1858 682 1895 Hispania
704 1868 788 1888 unum
821 1860 864 1887 lit-

97 1899 144 1927 teris
156 1903 282 1938 cognitum
295 1905 411 1932 laudare
441 1909 529 1939 potest
552 1904 611 1933 Pet.
630 1905 761 1933 Joannem
786 1905 862 1934 Nun-

97 1946 179 1973 ntsiutn
192 1951 331 1977 rhetorem
345 1958 378 1977 ac
396 1950 597 1986 philosophum.
610 1951 692 1979 editis
707 1951 863 1979 Rhetorica-

96 1998 140 2018 ηυι
151 1992 191 2020 lib.
208 1994 250 2027 IV,
268 1995 450 2030 Hermogenis
460 1997 568 2030 quidem
581 1991 819 2032 praecepttonibus,
837 2003 864 2025 et

95 2037 216 2069 Aphthonii
231 2048 263 2068 ac
279 2040 413 2074 Theonis,
428 2042 475 2069 sed
486 2041 619 2070 Tullianis
634 2044 776 2078 exemplis.
794 2044 865 2073 Sunt

96 2087 166 2110 autem
179 2085 354 2122 Hermogenis
365 2088 487 2116 idearum
496 2097 594 2125 genera
602 2095 704 2124 septem
713 2091 861 2126 Σαφήνεια,

95 2127 203 2164 Μέγεθος,
218 2133 339 2167 Κάλλας,
362 2133 508 2170 Γθργότης,
527 2133 625 2169 Ἦθος,
647 2135 785 2170 ⁹Δλήθειιπ..
803 2137 864 2163 Δει-

95 2174 163 2209 Vim;-
188 2178 286 2206 Deinde
307 2179 464 2215 Σαφήνειαν
491 2180 590 2208 dividit
618 2180 645 2208 itt
661 2181 863 2218 Καθαρότητα,

95 2220 131 2245 καὶ
142 2220 315 2258 Εὐκρίνειανς
332 2225 442 2252 tandem
451 2225 482 2252 τὸ
497 2226 612 2261 μέγεθος
625 2227 650 2253 in
662 2234 711 2254 sex
728 2227 796 2254 alias
810 2227 864 2254 for-

94 2270 138 2292 mas
149 2269 256 2300 partitur
269 2279 276 2296 :
292 2270 320 2296 itt
347 2270 516 2306 Σεμνότητα,
539 2271 716 2307 Τραχύτητα,
731 2273 865 2308 Λαμπρό-

93 2315 154 2344 squ,
172 2312 469 2350 Σφοόρότητα,Ἀκμὴν
480 2315 528 2342 καὶ
540 2316 708 2351 περιϐολήν;
724 2322 785 2351 post
801 2326 864 2344 mo-

94 2360 162 2382 νσιιιιιι
175 2361 318 2387 orationem
331 2367 449 2395 quatuor
459 2362 569 2389 metitur
578 2363 684 2390 dicendi
697 2362 793 2391 formis
807 2373 814 2390 :
829 2365 863 2400 τῇ

98 2398 213 2449 ἶΔφελείᾳ.
240 2406 411 2442 Γλυχύτητι,
437 2407 588 2443 Δριμύτητι
620 2409 668 2435 καὶ
699 2398 862 2449 Ἐπιεικείᾴξ

93 2444 136 2474 Dici
147 2450 220 2477 etiam
240 2453 283 2479 vix
299 2457 391 2488 potest
413 2458 544 2488 quantum
564 2454 609 2482 hic
625 2455 697 2483 ttcdii
713 2444 865 2484 absorberi-

93 2493 149 2526 dum,
169 2504 228 2524 cum
246 2504 316 2533 quot
347 2499 512 2534 quantisque
538 2500 700 2529 mendorum
733 2503 865 2530 monstris

92 2539 279 2570 conflictandum
296 2544 393 2579 fuerit,
410 2545 455 2572 vix
480 2551 511 2573 ut
530 2547 647 2580 amplius
666 2547 811 2575 Herculem
825 2548 866 2575 fa-

92 2581 194 2629 ltlllosutn
212 2587 288 2616 illum
304 2589 389 2617 heroa
403 2590 430 2617 in
442 2590 535 2626 Augiaa
549 2592 656 2620 stabulo
674 2594 865 2629 perpurgando

92 2627 207 2661 laborasse
219 2635 389 2664 existimem.

119 2677 150 2704 Ad
165 2679 261 2715 stylum
289 2681 362 2716 quod
389 2683 497 2715 attinet,
521 2683 566 2718 qtti
586 2684 613 2711 in
640 2684 737 2713 Pbotio
760 2693 811 2720 pro
834 2693 865 2713 re

93 2727 141 2748 nata
154 2726 241 2753 varius
254 2726 374 2759 exsistit,
388 2728 516 2762 equidem
533 2729 574 2757 sic
594 2730 754 2765 temperavi,
766 2735 796 2758 ut
810 2735 865 2758 ter-

93 2771 116 2791 to
136 2774 255 2805 castoque
283 2779 411 2800 sermone
425 2772 532 2808 Latino,
559 2775 610 2803 hoc
625 2781 667 2804 cst
687 2775 820 2810 Romane,
842 2778 865 2805 si

94 2819 191 2848 Macelo.
213 2818 346 2850 dicerem,
364 2826 502 2854 sensaque
533 2823 631 2850 mentis
654 2824 798 2858 perspicue
823 2833 864 2852 re-

95 2866 276 2892 tmentarem.
302 2863 372 2893 Nam
386 2865 427 2894 vel
441 2866 520 2896 Tullii
543 2869 682 2902 umbraut,
703 2870 738 2897 ob
752 2869 862 2898 dicendi-

911 214 1135 248 perspicuitatem
1150 215 1226 250 juxta
1247 223 1279 244 ac
1301 217 1474 251 suavitatem,
1491 219 1578 248 libens
1593 222 1697 257 amplc-

906 263 974 290 ctor,
996 267 1051 294 pne
1071 259 1182 288 ltorrido
1201 261 1258 294 illo,
1285 262 1365 295 huius
1388 263 1437 290 aevi
1460 269 1542 298 atque
1566 266 1695 299 obscuro,

905 305 987 339 qttale
1010 305 1140 333 Heracliti
1169 308 1310 334 σκοτεινοῦ
1339 308 1400 342 fuit,
1428 310 1560 338 orationis
1585 319 1694 346 genere.

906 349 1014 377 Scholia
1038 351 1077 378 rei
1097 351 1263 380 illustrandae.
1291 354 1325 381 ad
1342 361 1417 382 oram
1449 356 1496 382 καὶ
1519 357 1697 393 ταυτολογοὺ-

907 402 976 430 μενα
991 395 1139 424 identidem
1150 398 1273 432 apposui,
1286 404 1393 433 sumpto
1404 401 1525 428 subsidio
1539 410 1554 430 a
1564 405 1695 431 memoria

905 440 1077 476 lectioneque
1094 442 1258 476 scriptorum
1272 449 1412 473 veterum:
1430 450 1457 473 et
1480 447 1508 474 in
1533 449 1629 476 critico
1645 449 1696 476 hoc

907 494 1006 520 genere
1034 487 1133 515 similia
1160 489 1278 516 invicem
1308 492 1506 525 componendo,
1534 493 1647 529 digitum
1662 495 1696 521 ad

906 532 1019 565 fontem,
1035 532 1107 567 qttod
1122 532 1207 566 aiunt,
1224 534 1366 563 intendere
1381 536 1479 570 potius,
1507 545 1587 572 quam
1621 544 1697 567 tran-

906 578 1026 606 scribere
1040 580 1160 614 pretium
1182 587 1272 615 oper:e
1288 581 1363 609 duxi.
1379 581 1517 611 interdum
1534 589 1622 612 tamen
1638 586 1697 613 lon-

906 625 981 660 giora
997 625 1077 660 paulo
1100 625 1202 653 scholia
1218 627 1340 660 adhibui,
1353 636 1414 656 cum
1429 635 1476 656 attt
1493 631 1616 658 antidoto
1628 639 1698 666 opus

907 671 968 704 fuit,
985 671 1058 706 iique
1077 676 1156 698 erant
1178 671 1334 706 refellendi,
1354 674 1400 709 qui
1418 675 1444 702 in
1461 676 1514 714 alia
1533 677 1625 705 omnia
1643 678 1699 705 dis—

906 717 1017 749 cedunt,
1042 721 1090 744 aut
1107 717 1182 752 plura
1203 718 1323 752 ejusdem
1348 721 1467 748 auctoris
1492 722 1644 756 attulimus,
1668 728 1699 751 ιιι

907 770 1001 790 eoruut
1014 771 1047 791 ex
1071 769 1147 798 parte
1163 764 1285 792 laborem
1304 765 1471 800 minuerem,
1495 768 1540 802 qui
1557 769 1598 796 vel
1612 769 1699 797 eccle-

906 809 1033 838 siasticos
1047 810 1159 838 annales
1171 819 1271 846 magno
1286 811 1413 841 Ecclesia
1424 815 1567 842 commodo
1581 815 1699 843 moliun-

909 859 963 887 tur,
976 855 1018 883 vel
1031 861 1157 883 auctores
1174 857 1248 888 ipsos
1269 857 1348 892 longe
1364 865 1447 892 quam
1464 864 1544 887 antea
1562 861 1699 888 auctiores

909 900 1090 935 melioresque
1117 902 1233 930 dabunt.
1259 903 1326 931 Cum
1355 909 1445 932 autem
1472 907 1641 934 enumeratio
1667 915 1700 935 ac

907 955 1023 975 censura
1039 947 1138 975 Pltotio
1151 953 1224 977 esset
1244 950 1379 986 principio
1391 952 1524 980 duntaxat
1549 953 1698 987 proposita,

907 998 979 1028 post,
994 996 1070 1030 quasi
1088 1000 1222 1023 metanata
1239 996 1348 1029 ductus,
1363 997 1450 1024 eidem
1473 998 1576 1033 placuit
1597 999 1699 1027 Excer-

908 1045 951 1075 pta
967 1045 1048 1075 atqtte
1069 1041 1137 1068 adeo
1155 1042 1285 1076 opuscula
1307 1043 1475 1075 describere,
1490 1049 1518 1071 et
1539 1045 1567 1072 in
1596 1050 1699 1073 tomum

907 1084 1022 1112 alterum
1050 1085 1196 1120 conjicere,
1217 1086 1316 1114 mentis
1335 1088 1458 1122 augurio,
1482 1094 1614 1123 qttantunt
1635 1097 1701 1117 con-

905 1130 982 1166 jicio.
1000 1130 1060 1158 fore
1075 1135 1105 1158 ut
1122 1131 1253 1166 pleraque
1266 1132 1368 1167 scripta
1383 1137 1533 1167 temporum
1549 1133 1700 1168 longinqui-

909 1181 964 1203 tate
977 1176 1146 1209 fatiscerent,
1163 1181 1210 1204 aut
1226 1176 1346 1205 funditus
1377 1179 1508 1212 perirent.
1528 1178 1583 1206 Nec
1603 1179 1700 1207 fefellit

909 1222 1063 1257 augurium.
1089 1222 1215 1257 Plerique
1241 1223 1313 1250 enim
1331 1229 1456 1252 auctores
1480 1233 1532 1259 qna
1559 1225 1699 1252 hominum

910 1268 1027 1300 incuria,
1043 1276 1096 1303 qua
1112 1263 1262 1297 vetustatis
1275 1270 1366 1296 omnia
1383 1271 1515 1297 vastantis
1532 1269 1641 1303 injuria,
1659 1271 1701 1297 itt-

911 1314 1089 1342 terciderunt.
1108 1313 1292 1348 Quamobrem
1313 1316 1338 1342 in
1359 1315 1494 1351 Excorpta
1515 1316 1560 1343 illa
1579 1316 1700 1352 longiora

909 1361 1054 1395 pauciores
1071 1365 1151 1388 notas
1164 1361 1190 1388 in
1216 1365 1343 1389 extremo
1360 1370 1441 1396 opere
1456 1364 1630 1396 npponendas
1654 1371 1701 1390 cu-

909 1406 977 1440 ravi.
994 1406 1062 1434 utin
1078 1405 1230 1440 Plutarchl,
1246 1407 1386 1440 Aristidis.
1405 1407 1566 1441 Memnonis,
1582 1413 1610 1436 et
1631 1409 1702 1444 Aga-

910 1453 1060 1481 tltarchidaa
1073 1454 1306 1489 ὰποσπασμάτιατ
1322 1462 1438 1490 quorum
1455 1455 1618 1491 interpretes
1636 1464 1701 1484 eru-

909 1498 993 1531 ditos,
1007 1504 1037 1526 ut
1048 1507 1101 1526 non
1113 1500 1275 1534 contempsi,
1286 1500 1327 1528 sic
1337 1505 1363 1527 et
1375 1500 1484 1527 illorum
1497 1500 1703 1528 observationes

912 1545 1020 1573 admisi.
1037 1546 1064 1573 ltt
1081 1545 1178 1574 Ctesite
1189 1545 1307 1574 Persicis
1321 1552 1402 1582 atque
1416 1547 1527 1579 Indicis.
1542 1555 1575 1575 ne
1589 1547 1628 1575 sis
1641 1555 1704 1574 nes-

909 1592 978 1623 cius,
1000 1592 1136 1619 diversam
1165 1592 1415 1627 interpretationem
1447 1593 1557 1620 adhibui
1587 1598 1615 1621 et
1629 1593 1704 1620 ilius-

912 1637 980 1664 travi
998 1637 1032 1664 ab
1044 1644 1087 1670 ea,
1105 1645 1166 1672 qua;
1187 1638 1212 1664 in
1228 1642 1351 1665 extrento
1365 1637 1503 1666 Herodoto
1522 1638 1704 1673 typographu-

911 1691 972 1711 rum
988 1684 1127 1718 Στεφάνου
1151 1691 1234 1719 opera
1261 1684 1464 1712 circumfertur.
1491 1684 1524 1711 Et
1546 1692 1611 1712 vero
1631 1685 1706 1712 curis

911 1729 1048 1763 secundis,
1064 1735 1288 1765 posterorumque
1311 1730 1451 1758 industria?
1467 1730 1568 1766 aliquid
1595 1730 1640 1758 hic
1654 1730 1706 1758 fuit

912 1776 1128 1811 relinquendum.
1155 1775 1221 1803 Nam
1248 1777 1320 1811 quod
1341 1784 1403 1805 vere
1424 1781 1574 1812 togatorum
1593 1777 1633 1804 ait
1652 1777 1704 1804 do-

911 1821 1050 1849 ctissimus
1080 1821 1114 1848 Μ.
1142 1821 1228 1850 Varro
1248 1823 1273 1849 itt
1288 1822 1347 1858 lege
1369 1822 1469 1850 Moenia
1486 1832 1493 1850 :
1510 1832 1520 1848 ι
1539 1823 1575 1851 Ut
1592 1823 1617 1850 itt
1635 1823 1704 1850 bona

913 1872 1004 1901 segete
1021 1875 1106 1902 neque
1122 1868 1224 1896 nullutn
1236 1873 1277 1896 est
1298 1870 1401 1905 spicum
1421 1877 1549 1904 nequam,
1576 1877 1662 1904 neque
1678 1869 1703 1896 in

914 1914 983 1940 tuala
999 1921 1050 1941 non
1067 1914 1174 1948 aliquod
1185 1915 1304 1946 bonum;
1322 1916 1358 1943 ita
1375 1923 1453 1942 nemo
1464 1921 1506 1943 est
1521 1915 1703 1950 reprehensus

913 1958 1022 1993 (inquit,
1044 1966 1070 1986 vt
1102 1959 1139 1986 De
1162 1959 1254 1994 lingua
1275 1960 1396 1996 Latina),
1419 1961 1465 1996 qui
1501 1968 1516 1988 e
1553 1965 1644 1996 segete
1671 1960 1705 1987 ad

913 2005 1082 2040 spicilegium
1111 2005 1222 2040 reliquit
1237 2007 1374 2041 stipulam.
1392 2017 1401 2034 ι
1420 2006 1447 2034 Si
1463 2008 1526 2041 quid
1547 2013 1637 2037 autem
1661 2007 1705 2036 hic

913 2055 1063 2086 peccatum,
1080 2051 1160 2078 homo
1172 2052 1244 2079 enim
1260 2059 1329 2083 sum.
1348 2060 1381 2079 ne
1398 2053 1510 2081 modica:
1527 2057 1553 2080 te

985 2119 1129 2154 Offendunt
1146 2119 1267 2151 maculae.
1283 2128 1350 2154 quas
1367 2125 1413 2147 aut
1431 2121 1535 2147 incuria
1549 2121 1632 2156 fudit,

1020 2164 1073 2190 Aut
1084 2164 1200 2190 huttmna
1213 2172 1307 2198 parum
1322 2165 1390 2191 cavit
1405 2170 1512 2193 natura.

914 2220 1012 2254 Quam)
1037 2228 1146 2255 qttoque
1161 2228 1280 2257 rogoque
1294 2222 1443 2254 doctiores,
1461 2223 1558 2257 quibus
1573 2223 1631 2251 ha-c
1651 2231 1704 2250 non

913 2266 1062 2299 elaboravi,
1097 2271 1126 2294 ut
1158 2266 1268 2294 meliora
1304 2267 1473 2301 proferant;-
1500 2267 1570 2302 qttod
1601 2273 1704 2295 tantum

914 2312 991 2340 abest
1005 2317 1035 2339 ιιι
1047 2312 1151 2339 laturus
1165 2311 1217 2340 sim
1237 2312 1362 2344 moleste,
1379 2318 1409 2340 ut
1424 2314 1539 2347 gratiam
1553 2313 1604 2340 sint
1622 2314 1703 2341 etiam

914 2357 1057 2385 habiturus
1084 2358 1248 2392 maximam;
1277 2366 1378 2394 nosque
1403 2360 1527 2391 doceant.
1554 2359 1705 2386 maledictis

915 2403 994 2430 modo
1014 2407 1041 2430 et
1065 2403 1208 2430 calumniis
1233 2404 1400 2436 abstineant,
1431 2403 1529 2430 studiis
1554 2401 1707 2438 φιλανθρωο

914 2447 980 2479 quia;
1006 2448 1104 2475 nedum
1128 2447 1286 2476 Christiano
1308 2449 1417 2476 homine
1433 2448 1561 2483 indignis.
1591 2447 1706 2475 Valeant

915 2501 979 2521 vero
989 2494 1033 2528 qui
1047 2498 1150 2520 tantttm
1166 2494 1217 2521 sibi
1233 2494 1405 2521 falszelaudis
1420 2498 1560 2528 arrogant,
1574 2498 1705 2528 quantunt

914 2539 951 2567 de-
960 2539 1019 2567 aliis
1039 2547 1087 2574 per
1107 2539 1182 2567 nefas
1203 2540 1370 2567 detrahunt:
1391 2539 1445 2566 Illis
1470 2547 1520 2574 ego
1544 2545 1624 2567 vetus
1640 2539 1705 2566 illud

914 2585 1035 2613 accinatn
1052 2585 1133 2612 ι’Ίδοὺ
1143 2585 1231 2617 Ῥόδος
1246 2586 1311 2618 ἰδοὺ,
1328 2586 1376 2613 καὶ
1386 2586 1416 2613 τὸ
1433 2587 1559 2623 πηδημα.

950 2641 1040 2670 Habes
1070 2642 1103 2668 de
1135 2642 1379 2677 interpretatione;
1411 2643 1490 2671 venio
1511 2643 1546 2671 ad
1578 2643 1705 2676 alterunt,

914 2689 1025 2723 gravius
1044 2693 1134 2715 tamen
1151 2695 1184 2716 ac
1206 2687 1340 2716 difﬁcilius
1364 2689 1397 2716 ad
1414 2688 1612 2724 profligandum
1632 2696 1707 2723 qua:-

915 2735 1012 2763 stiouis
1051 2740 1144 2770 caput,
1195 2735 1228 2762 de
1264 2735 1362 2762 Photio
1401 2734 1706 2770 Constantinopolitano

915 2779 1029 2814 ejusque
1060 2779 1182 2814 scriptis,
1212 2779 1241 2806 u't
1285 2779 1355 2807 hanc
1382 2779 1576 2807 Bibliolltecam
1603 2780 1706 2808 erroris

916 2824 977 2852 labe
1001 2833 1100 2852 vacare
1126 2824 1320 2853 demonstrem.
1348 2825 1388 2854 Ac
1402 2826 1518 2860 primum
1532 2826 1567 2853 de
1584 2825 1707 2854 moribus

918 2871 1068 2905 videamus,
1083 2871 1146 2899 ltinc
1161 2871 1195 2899 de
1210 2871 1310 2907 ingenii
1330 2871 1522 2904 monumentis,
1532 2879 1602 2907 quso,
1612 2873 1711 2907 paucis.
