1918 3086
195 146 230 177 23
751 146 802 176 AD
822 145 956 176 PHOTII
973 145 1258 176 BIBLIOTHECAM
1785 149 1821 180 24

194 205 321 241 demptis,
354 206 387 233 ad
411 206 481 234 banc
502 206 572 233 diem
585 205 611 233 in
631 205 750 233 tenebris
769 205 848 232 nimis
864 206 907 231 diu
932 205 980 232 de-

195 251 338 284 lituerunt,
365 259 436 279 nunc
460 251 574 279 illustris
593 251 671 286 juxta
692 258 725 278 ac
751 252 822 277 docti
847 251 979 277 duumviri

197 296 281 325 Marci
297 296 399 324 Velscri
418 297 548 332 auspiciis
563 302 677 331 utraque
698 296 786 331 lingua
802 302 910 328 exeunt,
928 305 980 323 non

196 341 248 370 levi
265 347 396 377 proventu
413 342 565 378 fructuque,
578 347 605 370 ut
625 349 704 376 spero
717 347 744 369 et
758 346 833 377 opto,
850 342 980 368 bonarum

195 389 292 416 artium
308 396 339 416 ac
352 388 565 423 disciplinarum,
582 396 635 423 quo
650 388 788 423 pauciores
806 389 857 416 hoc
870 387 980 420 sa‘culo,

196 438 294 461 caetera
316 434 435 461 felicium
456 434 624 469 ingeniorum
647 433 740 466 feraci,
765 433 907 461 interiores
936 433 980 460 lit-

197 486 280 512 teras,
294 480 401 508 Grtecas
415 479 575 514 praesertim,
590 484 764 514 pertractant.
779 481 913 507 Auctores
925 479 981 514 ejus

196 525 258 553 vita:
272 527 442 553 recensettdte
459 525 610 557 laudamus,
626 532 660 552 ne
679 526 741 560 quid
756 525 824 553 falso
836 525 981 552 commenti

195 571 346 602 videamur,
369 571 402 597 de
426 570 526 598 Cra-cis
551 571 680 605 antiquis,
694 578 726 598 ac
741 578 809 605 pene
821 571 980 605 aequalibus,

197 617 340 649 Zonaram,
354 616 474 652 Glycam,
496 616 658 648 Manassem,
677 616 811 648 Nicetam,
835 616 982 651 Cnropala-

198 667 262 693 tam,
277 661 376 696 quique
392 662 463 688 ltuttc
479 669 602 696 magnam
624 667 728 696 partem
742 661 910 696 transcripsit
930 661 981 689 Ce-

197 708 323 740 drenum,
349 707 532 742 Mctrophanis
555 708 618 735 item
643 713 670 735 et
698 708 812 743 Styliani
840 708 980 742 epistolas,

197 755 257 778 acta
296 751 411 786 denique
432 752 525 786 synodi
556 756 658 779 octavae
695 752 829 787 legitima.
858 753 983 780 Exstaret

196 795 340 831 Nicepltori
364 796 468 824 Callisti
498 796 567 824 liber
581 797 723 824 Annalium
745 798 983 825 ecclesiasticarum

196 842 294 869 tertitts
319 847 346 869 et
370 843 523 876 vicesimus,
545 851 597 878 quo
622 845 654 871 de
672 844 777 876 Photio,
797 845 915 879 ejusdem
933 844 982 871 ιενί

197 888 279 915 rebus
305 889 388 923 gestis
417 890 519 916 diserte
543 893 736 924 pertractarat,
762 898 813 916 non
838 891 981 916 admodum

197 933 390 966 laboraremus,
407 935 454 961 sed
474 935 587 962 extremi
610 935 647 961 illi
665 934 724 961 libri
749 940 897 970 temporum
912 935 983 962 cala-

198 978 330 1012 tnitateut,
348 979 453 1005 caneris
472 979 564 1012 salvis,
592 980 702 1006 minime
731 979 900 1013 eﬂ‘ugerunt:
930 979 982 1006 nisi

198 1025 267 1052 forte
290 1025 316 1052 iIt
346 1024 467 1057 Grtecite,
500 1032 560 1058 qute
587 1025 739 1052 libertatem
764 1033 852 1058 suam,
878 1026 981 1052 studio-

196 1077 311 1104 rumque
334 1070 457 1097 ardoretn
485 1071 588 1105 pridem
613 1071 731 1102 decoxit,
761 1071 859 1105 angulo
883 1071 982 1105 aliquo,

196 1116 317 1149 pulvere,
337 1116 401 1149 situ,
428 1124 460 1143 ac
483 1116 609 1149 squalore
630 1116 724 1148 obsiti,
741 1121 769 1141 ιιι
791 1117 841 1142 alia
869 1117 982 1150 plurima

196 1166 317 1189 veterum
335 1163 448 1196 scripta,
467 1162 635 1188 delitescant.
661 1162 701 1188 Ab
722 1162 825 1196 Ignatio
839 1163 921 1197 igitur
934 1170 982 1195 pa-

195 1208 314 1235 triarcha
330 1207 494 1234 narrationis
509 1207 615 1234 initium
629 1208 707 1242 paulo
723 1207 803 1234 altius
817 1213 982 1242 repetamus.

231 1253 376 1288 Nicephori
412 1253 539 1288 Augusti,
556 1253 613 1287 ejus
636 1254 679 1287 qui
705 1253 809 1280 lrencm
834 1254 981 1288 Augustam

197 1300 311 1334 imperio
328 1299 441 1334 expulit,
467 1306 499 1326 ex
529 1299 582 1325 ﬁlia
605 1299 733 1334 Eutropia
755 1304 834 1333 atqtte
854 1299 983 1326 Micliaele

197 1344 361 1378 imperatore
374 1349 553 1378 cognomento
574 1343 712 1378 liangabe,
734 1351 817 1378 nepos
835 1343 884 1370 fuit
908 1342 983 1376 lgna-

197 1390 261 1418 tius.
279 1389 355 1416 llttnc
368 1389 395 1416 in
418 1390 514 1417 tninori
528 1394 618 1422 actate,
634 1394 661 1416 et
682 1389 914 1424 Theophylactunt
929 1389 984 1415 fra-

201 1441 269 1463 trem
287 1435 416 1470 majorem
433 1441 508 1469 natu,
525 1435 650 1464 virilibus
663 1435 784 1462 exsecuit
799 1443 806 1467 ;
825 1442 877 1468 quo
899 1433 981 1467 facto,

197 1483 336 1517 repetendi
371 1482 487 1516 imperii,
521 1481 646 1516 quamvis
667 1481 772 1515 paterni
800 1486 882 1515 atque
906 1481 982 1512 aviti,

198 1535 244 1563 spe
264 1527 371 1563 penitus
395 1527 580 1555 arcebantur:
611 1532 740 1562 praeterea
762 1527 893 1561 lgnatium
924 1534 982 1553 uto-

198 1574 277 1601 naclti
302 1574 354 1600 ritu
386 1574 550 1601 tondendum
579 1572 694 1600 curavit.
719 1571 826 1598 Timcat
848 1571 919 1598 enim
944 1576 984 1606 ty-

198 1618 319 1646 rannidis
342 1618 382 1646 vis
407 1626 458 1645 non
486 1618 575 1644 ntinus
605 1625 684 1652 quant
714 1621 848 1644 metuatur
874 1622 984 1643 necesse

197 1667 248 1697 est,
275 1671 324 1691 nec
348 1663 438 1690 minus
466 1663 502 1690 sit
530 1663 585 1697 ipsa
616 1662 730 1690 sollicita
765 1670 846 1697 quam
872 1662 981 1689 subditi.

198 1709 315 1735 Omnino
330 1709 411 1735 rebus
426 1708 609 1748 commutatis,
626 1708 793 1742 imperioque
805 1708 837 1734 ad
852 1708 984 1742 Theophi-

198 1754 253 1781 lum
279 1753 418 1781 Michaelis
446 1754 537 1781 Trauli
570 1754 651 1781 filittttt
674 1754 812 1786 devolulo,
839 1755 984 1781 ’l'beodora

198 1799 339 1834 Theophili
365 1808 445 1832 uxor,
462 1807 522 1826 cum
540 1800 599 1827 viro
623 1800 751 1826 defuncto
776 1800 916 1834 imperiunt
936 1808 984 1834 pro

199 1845 331 1872 Micltaele
355 1845 411 1872 fllio
445 1845 680 1880 l’orpbyrogeueta
705 1849 876 1879 procuraret,
914 1845 983 1872 fama

198 1898 258 1926 qua:
281 1890 314 1917 de
331 1890 426 1925 lgnatii
449 1890 592 1917 virtutibus
619 1890 733 1917 celebris
758 1896 827 1922 erat,
851 1897 984 1924 permota,

199 1941 227 1964 et
249 1936 351 1970 alioqui
374 1943 424 1971 pro
451 1936 574 1963 tnuliebri
601 1936 709 1971 ingenio
738 1937 898 1965 nobilissimi
933 1938 983 1964 viri

199 1983 381 2010 calamitatem
413 1983 552 2015 miserata,
574 1982 645 2009 nulla
673 1982 757 2016 ipsius
775 1983 862 2017 culpa,
898 1983 984 2010 aliena

199 2032 304 2055 tantum
333 2027 466 2063 pravitate
491 2033 670 2060 contractam,
692 2027 829 2056 Methodio
853 2029 986 2056 Constan-

200 2073 376 2108 tinopolitano
390 2073 556 2108 apatriarcha
585 2073 639 2100 vita
669 2073 769 2105 functo,
792 2074 925 2109 lgnatium
942 2083 986 2101 sa-

199 2118 264 2147 lutis
280 2128 351 2147 anno
368 2119 560 2152 DCCCXLVII,
586 2128 681 2154 magna
707 2121 838 2147 bonorum
864 2121 984 2147 omnium

199 2165 393 2199 gratulatione,
416 2165 633 2193 substituendum
651 2166 766 2193 curarit.
782 2166 861 2192 Initia
882 2174 914 2192 ac.
929 2174 986 2194 me-

200 2211 243 2238 dia
261 2211 319 2238 laeta
339 2212 457 2243 fuerunt,
477 2220 525 2246 par
542 2212 597 2246 spei
616 2211 728 2238 fructus.
748 2212 846 2239 Secuta
865 2217 907 2240 est
929 2221 986 2238 tita-

198 2256 242 2292 ,ἱοτ
263 2258 506 2292 Porpltyrogenetae
528 2264 603 2290 tetas,
631 2265 684 2292 qua
712 2259 753 2285 sui
770 2266 892 2293 compos,
913 2259 986 2286 vitiis

202 2304 380 2338 mancipatus,
408 2308 498 2330 matre
519 2303 658 2330 Tlteodora
687 2311 775 2331 rerum
798 2305 986 2337 procuratione

199 2354 301 2382 amota,
318 2349 413 2375 Barda:
439 2356 522 2383 seque
543 2353 570 2376 et
591 2349 734 2383 imperium
761 2351 906 2383 regendum
926 2359 987 2383 per-

200 2394 284 2427 ntisit,
317 2394 389 2422 nulla
414 2394 491 2421 fama:
517 2402 593 2427 cura,
620 2401 703 2429 pravo
734 2395 835 2422 homini
863 2396 985 2429 perditus

197 2441 324 2476 juvenis:
352 2440 399 2467 sed
417 2440 442 2466 in
463 2439 565 2474 reliqua
585 2440 702 2474 nequitia
726 2448 784 2467 eam
808 2446 897 2468 tamen
927 2441 985 2468 latt-

200 2488 259 2514 dctn
280 2487 388 2518 meruit,
418 2487 488 2520 quod
514 2486 664 2513 litterarum
689 2487 858 2521 professores
880 2489 985 2523 stipem

200 2534 245 2561 dio
273 2533 307 2560 de
330 2533 438 2568 publico
474 2533 625 2568 designato,
664 2533 895 2568 Constantinopoli
921 2541 985 2562 eru-

199 2579 304 2605 diendae
319 2577 454 2612 iuventuti
468 2579 618 2610 constituit,
631 2577 720 2605 Leone
732 2579 832 2605 scholis
847 2578 984 2613 prwfccto,

199 2624 291 2658 magni
312 2624 429 2651 nominis
451 2631 482 2651 ea
508 2628 668 2659 tempestate
705 2625 872 2659 philosopho.
898 2625 985 2653 Crete-

201 2677 259 2696 rum
283 2669 399 2696 Bardaut
421 2669 554 2696 Caesarem
576 2675 708 2701 creatum,
723 2675 751 2697 et
775 2676 914 2705 acceptant
939 2679 985 2706 po-

201 2720 325 2742 testatem
342 2723 394 2742 non
411 2715 516 2750 publica
534 2715 632 2748 salute,
658 2716 703 2742 sed
727 2716 859 2743 scelerum
878 2717 985 2745 licentia

200 2761 385 2796 dormientem,
415 2770 499 2797 usque
517 2771 559 2793 eo,
592 2767 620 2789 ut
648 2770 731 2790 uxore
759 2763 896 2796 repudiata
923 2772 984 2790 cuttt

200 2813 268 2834 nuru
295 2814 342 2834 sua
366 2809 450 2841 stupri
479 2808 699 2836 consuetudinem
722 2808 843 2840 haberet,
878 2809 983 2842 piorum

200 2856 271 2879 cuitu
294 2852 412 2887 Ιειιτιιὶιις
428 2854 606 2881 anathematis
624 2854 770 2889 ignominia
787 2858 906 2880 notatum
936 2862 983 2881 ex-

1034 204 1110 238 pulit,
1126 213 1158 232 ac
1169 205 1250 232 veluti
1266 204 1399 238 Baptisles
1419 204 1488 231 alter
1502 203 1637 232 Herodem
1655 203 1817 238 increpavit.

1029 249 1143 284 Magnus
1158 258 1224 277 sane
1249 251 1300 281 vir,
1316 251 1364 276 sed
1381 249 1491 277 meliore
1513 250 1612 277 saeculo
1629 250 1735 284 dignus.
1752 249 1817 276 Per-

1031 296 1097 322 culit
1113 304 1143 323 ea
1160 297 1290 324 severitas
1318 297 1489 331 impotentem
1503 296 1619 323 hominis
1631 296 1763 328 animttm,
1788 300 1817 323 ut

1032 349 1110 376 quem
1129 343 1258 375 revereri,
1282 347 1361 376 atque
1375 347 1404 368 ut
1419 342 1551 368 medicum
1568 348 1662 369 amare
1675 342 1817 372 debuerat,

1032 388 1135 423 synodo
1149 388 1218 415 facta
1237 389 1392 422 episoopatu
1409 387 1552 422 spoliatum
1568 387 1594 414 itt
1609 387 1762 422 .‘llytilenem
1775 387 1818 413 in-

1032 432 1117 459 sulam
1132 433 1269 467 relegavit.
1279 432 1457 460 Sobstituitur
1465 440 1512 467 per
1524 431 1599 459 nefas
1624 431 1818 466 Pltotinsnpw-

1031 477 1213 512 τοασηκρῆτις
1236 476 1357 508 Zonarte,
1376 477 1472 503 usitata
1486 477 1602 511 sequiori
1621 476 1719 504 stecttlo
1736 482 1815 507 voce,

1033 529 1047 548 a
1076 522 1284 550 Commentariis
1309 528 1336 549 et
1357 522 1474 550 Senator
1497 523 1616 550 urbanus
1641 530 1714 549 anno
1739 522 1815 548 Chri-

1032 567 1066 593 sti
1084 566 1240 598 DCCCLIX,
1266 568 1316 595 ltoc
1344 573 1397 600 εει,
1422 572 1482 601 post
1504 567 1675 594 undecimum
1701 566 1818 601 patriar-

1033 613 1128 641 chatus
1151 613 1256 648 lgnatii,
1279 614 1312 640 de
1334 613 1392 640 foro
1422 617 1530 647 repente
1553 613 1579 639 iu
1610 611 1737 639 Ecclesia
1751 618 1820 645 pras-

1034 662 1166 689 lecturam
1187 661 1345 688 translatus.
1369 661 1475 695 Raptim
1500 660 1590 687 omnia
1613 665 1641 686 et
1663 657 1820 694 perturbate

1032 714 1096 737 sunt
1113 708 1193 738 facta.
1212 716 1298 742 neque
1320 708 1383 741 quid
1409 707 1511 741 legibus
1532 711 1654 733 sanctum
1669 709 1711 732 est
1729 705 1821 732 consi-

1033 758 1138 787 derant,
1167 756 1206 782 ira
1233 760 1260 782 et
1283 754 1428 781 ambitione
1467 752 1591 788 pessimis
1616 751 1820 778 consultoribus

1034 803 1139 837 agitati.
1165 801 1290 829 Nicolaus
1321 801 1460 827 Romanus
1492 798 1616 825 Pontifex
1647 805 1680 825 eo
1710 797 1820 824 nomine

1034 848 1148 882 primus,
1164 847 1202 873 rei
1217 851 1300 882 gesta:
1313 846 1405 872 ntmtio
1422 849 1586 876 commotus,
1598 843 1740 878 episcopos
1753 843 1820 869 duos

1033 893 1200 921 Rodoaldum
1222 897 1249 919 et
1263 892 1422 918 Zachariam
1445 888 1707 922 Constantinopolim
1726 887 1820 920 mittit,

1034 946 1094 965 runt
1125 942 1258 971 potestate
1284 943 1422 962 sacrarunt
1447 934 1595 968 imaginum
1621 933 1712 959 hostes
1740 932 1820 966 (quas

1033 983 1116 1018 pestis
1139 982 1190 1009 late
1216 982 1242 1008 in
1269 981 1378 1008 Oriente
1399 978 1588 1014 grassabatur)
1616 978 1694 1004 novis
1723 976 1821 1004 edictis

1034 1027 1187 1059 coercendi,
1217 1031 1298 1060 atque
1324 1026 1348 1052 in
1372 1024 1469 1059 lguatii
1493 1031 1573 1050 causa
1599 1024 1658 1055 ejus
1678 1022 1771 1056 legati,
1790 1026 1820 1048 ut

1034 1073 1187 1107 cognitione
1216 1073 1350 1101 instituta.
1374 1071 1429 1097 visa
1456 1070 1536 1096 ntodo
1561 1070 1764 1102 explorataque,
1793 1067 1819 1094 in

1034 1127 1064 1146 re
1076 1119 1199 1154 prtesenti
1215 1118 1409 1144 renuntiarent.
1422 1115 1550 1149 Adjungit
1561 1115 1664 1141 litteras
1683 1113 1716 1140 ad
1730 1113 1820 1148 Augu~

1034 1170 1104 1191 stum
1134 1163 1283 1197 sigillatim,
1299 1170 1358 1196 quae
1382 1166 1498 1192 exstant,
1523 1161 1549 1187 in
1569 1159 1692 1186 Photiutn
1717 1159 1821 1192 gravis~

1033 1211 1116 1237 simas
1133 1219 1140 1236 :
1161 1214 1254 1236 contra
1281 1209 1320 1235 fas
1338 1215 1509 1242 tequutnqne,
1534 1211 1614 1240 atque
1627 1205 1718 1232 omnia
1742 1209 1820 1230 vetu-

1034 1255 1112 1281 statis
1130 1253 1252 1287 exetnpla
1271 1253 1296 1279 itt
1322 1252 1448 1279 Ecclesiae
1467 1252 1654 1286 prtefecturaut
1677 1249 1820 1283 irrupisse,

1034 1308 1065 1326 ex
1081 1300 1193 1334 profano
1219 1305 1329 1333 repente
1355 1298 1455 1326 Christi
1485 1303 1621 1331 paStorcnt
1638 1295 1728 1329 gregis
1753 1302 1820 1328 pro—

1034 1348 1126 1376 diissc,
1143 1353 1208 1372 vero
1231 1345 1380 1380 praesertim
1408 1348 1516 1378 pastore
1543 1342 1702 1376 superstite.
1726 1340 1820 1371 Legati

1035 1392 1127 1419 frattde
1156 1391 1267 1422 inducti,
1296 1391 1420 1417 stutliove
1446 1388 1614 1423 principibus
1640 1386 1820 1422 gratificandi,

1035 1439 1166 1471 lgtiatiunt
1179 1437 1240 1472 jure
1254 1438 1410 1463 damnatum
1427 1435 1510 1461 rideri
1531 1434 1732 1469 prtevaricando
1751 1440 1822 1467 prm-

1035 1485 1172 1511 nuntiant.
1195 1482 1321 1509 Nicolaus
1339 1482 1446 1516 quidem
1472 1480 1556 1507 atroci
1585 1479 1679 1505 nuntio
1698 1478 1822 1512 famaque

1036 1538 1178 1564 percussus
1212 1528 1441 1563 praevaricationis
1466 1527 1564 1552 factum
1591 1525 1740 1559 legatorum
1773 1530 1821 1549 ac-

1034 1577 1149 1603 cusavit.
1173 1575 1289 1602 Omnino
1312 1581 1343 1600 ea
1377 1572 1528 1598 temeritate
1553 1569 1741 1604 pronuntiandi
1765 1577 1822 1595 tita-

1034 1623 1075 1656 gis
1093 1621 1185 1656 lgttatii
1211 1628 1292 1647 causa
1320 1618 1475 1646 confirmari
1501 1619 1557 1644 visa
1581 1621 1633 1649 est,
1666 1623 1777 1650 prorsus
1793 1620 1822 1640 ttt

1034 1668 1121 1694 Barda
1143 1668 1250 1694 Ctrsare
1275 1666 1411 1699 deinceps,
1433 1670 1460 1691 et
1474 1663 1734 1696 MicliavleAugusto
1756 1661 1822 1687 insi-

1035 1716 1087 1743 diis
1104 1713 1195 1741 B:Isilii
1226 1711 1381 1739 Macedonis
1410 1710 1534 1740 sublatis,
1560 1708 1694 1735 Adrianus
1711 1707 1731 1733 ll
1756 1714 1823 1741 pott-

1036 1760 1099 1788 tifex
1127 1758 1263 1785 Romanus
1286 1756 1388 1783 Nicolai
1406 1754 1523 1781 defuncti
1541 1754 1661 1787 vestigiis
1681 1752 1822 1781 incedens.

1036 1805 1138 1840 synodo
1161 1800 1393 1835 Constantinopoli
1424 1800 1512 1826 habita
1548 1806 1585 1826 ctt
1621 1799 1822 1831 episcoporum,

1037 1860 1107 1879 anno
1131 1851 1226 1879 salutis
1251 1847 1492 1876 DCCCLXXXVIII
1518 1847 1595 1881 (quia
1622 1846 1693 1872 inter
1708 1852 1824 1879 genera-

1036 1898 1074 1924 les
1090 1903 1184 1924 octava
1199 1903 1325 1930 germana
1340 1899 1391 1926 est,
1406 1886 1555 1927 Grtcceque
1577 1899 1608 1917 ac
1623 1891 1717 1917 Latine
1734 1889 1825 1916 studio

1036 1942 1153 1969 Matth-ei
1183 1940 1281 1967 “aduri
1306 1945 1404 1966 nostra:
1428 1938 1566 1964 societatis
1585 1936 1749 1971 presbyteri,
1762 1940 1824 1970 post

1036 1987 1172 2015 Anastasii
1198 1985 1397 2013 Bibliothecarii
1426 1984 1589 2016 versionem,
1622 1982 1708 2009 lucem
1739 1989 1824 2015 nuper

1036 2034 1170 2068 aspexit),
1198 2032 1293 2060 Photio
1319 2035 1419 2062 amoto,
1447 2030 1566 2065 Ignatitts
1592 2034 1620 2055 ιιι
1636 2028 1825 2055 restitueretur

1037 2080 1190 2115 perfecerit.
1203 2078 1326 2105 Pontifex
1340 2085 1406 2104 sane
1417 2076 1506 2110 magni
1522 2075 1603 2102 animi
1616 2081 1702 2107 neque
1711 2072 1825 2099 minoris

1036 2125 1154 2157 consilii,
1174 2124 1219 2158 qui
1240 2128 1335 2150 exacta
1358 2129 1450 2149 senem
1474 2127 1565 2152 :ctate,
1590 2120 1670 2147 rebus
1691 2118 1816 2153 quamvis

1037 2170 1162 2205 gerendis
1190 2168 1324 2199 inutilem,
1350 2167 1445 2193 malttit
1477 2166 1606 2193 Ecclesia:
1633 2162 1825 2200 gubernaculis

1040 2214 1166 2246 restitui,
1189 2221 1269 2247 quam
1295 2212 1459 2244 concedere,
1486 2215 1515 2236 ttt
1535 2218 1605 2236 novo
1640 2217 1671 2236 ac
1693 2209 1824 2234 damnato

1036 2259 1160 2293 exemplo
1183 2257 1333 2291 disciplina“.
1357 2255 1551 2283 labefactatan
1572 2255 1661 2281 aditus
1688 2253 1825 2286 relinque-

1038 2312 1122 2334 retur.
1147 2304 1204 2332 Etsi
1233 2303 1386 2334 Net-larius,
1427 2302 1556 2328 Tarasius
1574 2300 1663 2327 Pltotii
1689 2304 1823 2334 patrons.

1036 2353 1148 2385 ejusque
1164 2357 1306 2377 successor
1320 2348 1496 2382 Nicephorus,
1512 2353 1538 2374 et
1557 2348 1582 2373 in
1595 2346 1742 2374 Occidente
1758 2346 1826 2372 Aut~

1037 2398 1143 2424 brosius
1161 2404 1175 2423 e
1197 2395 1273 2422 laicis
1293 2399 1403 2429 repente
1426 2390 1544 2428 episcopi
1567 2393 1622 2419 siut
1639 2391 1735 2418 creati.
1761 2389 1826 2417 Haec

1038 2444 1081 2470 ille
1108 2443 1244 2478 pt'atxtitit.
1269 2441 1362 2476 Igttatii
1385 2448 1449 2466 vero
1471 2440 1615 2465 subsecuta
1633 2443 1732 2468 morte,
1754 2445 1823 2462 nuru

1036 2488 1269 2522 Constantinopoli
1285 2487 1404 2522 synodus
1416 2485 1549 2522 λῃστρικὴ
1562 2485 1687 2511 Photiunt
1706 2483 1826 2510 restituit

1036 2546 1106 2566 anno
1138 2533 1354 2564 DCCCLXXVII.
1381 2533 1566 2567 episcoporum
1596 2538 1769 2561 cecuxxttt,
1795 2530 1824 2556 in

1038 2584 1178 2619 pristinum
1196 2582 1294 2612 locum,
1311 2580 1388 2606 initio
1403 2586 1537 2606 consensu
1561 2577 1640 2604 “om.
1652 2577 1729 2604 Pont.
1741 2575 1825 2603 Joan-

1037 2630 1078 2653 nis
1091 2619 1158 2657 \’ll|,
1174 2626 1211 2652 ttti
1235 2626 1293 2660 ejus
1306 2624 1402 2660 synodi
1419 2624 1504 2650 sessio
1518 2623 1604 2656 pritna
1624 2621 1755 2653 declarat,
1780 2621 1826 2648 his

1037 2672 1144 2700 verbis:
1167 2672 1244 2704 Quod
1261 2671 1389 2698 Dominus
1412 2675 1500 2696 uoster
1521 2669 1688 2702 Apostolt‘cus
1707 2666 1824 2693 admittit

1035 2720 1168 2745 dominum
1190 2717 1313 2744 Pltott'um
1341 2718 1368 2744 in
1385 2716 1574 2749 patriarcham,
1587 2719 1699 2741 testatur
1711 2712 1824 2746 l’onliﬁ-

1035 2763 1100 2790 calin
1121 2764 1186 2789 xloltt
1199 2771 1214 2788 tt
1232 2771 1334 2789 summa
1349 2762 1427 2788 Poni.
1446 2761 1551 2787 domino
1574 2765 1663 2787 nurtru
1674 2757 1778 2786 Joanne
1789 2758 1825 2785 ad

1035 2817 1094 2836 eum
1114 2810 1192 2835 missa
1207 2816 1215 2835 :
1232 2817 1309 2843 quam
1332 2814 1468 2842 propterea
1506 2806 1614 2837 direxit,
1634 2811 1661 2832 ut
1674 2813 1761 2831 omnes
1779 2804 1824 2830 in-

1037 2855 1165 2889 telligant,
1182 2860 1205 2882 et
1220 2860 1290 2882 certo
1307 2863 1333 2882 se
1345 2859 1402 2886 aut,
1416 2853 1551 2880 dominum
1576 2852 1703 2882 Photium
1716 2850 1795 2885 recipi
1808 2859 1825 2878 α
