1918 3086
82 150 120 181 25
756 143 877 173 PROLE

930 141 1055 174 DMENA.
1683 143 1721 174 26

79 212 182 232 ειη-κιο
205 203 330 237 ponti/ire
351 202 378 229 in
395 201 584 235 patriorcham.
601 200 717 234 Cumque
733 199 781 226 ltac
792 198 880 225 dixis-

80 255 130 281 ut,
142 250 216 276 dedit
237 248 334 275 Photio
356 246 535 282 pontiﬁcalem
556 246 663 277 stolam,
684 244 820 271 Ituuterole
839 244 882 270 in~

83 295 255 326 cinnamum,
275 294 412 328 penulam,
434 298 458 319 et
484 292 615 319 sandalio.
648 290 711 318 Haec
735 291 878 326 synodus:

80 347 248 376 argumento
271 340 426 367 conciliata:
448 339 526 365 initio
547 345 607 364 ctttn
630 336 736 364 Joanne
753 337 881 370 poutilice

79 388 178 421 gratia:
195 396 201 413 :
216 387 263 421 qui
284 393 346 413 cum
361 393 394 413 eo
415 385 536 417 nomine,
555 389 584 411 ut
600 391 695 418 parum
712 383 808 415 virilis,
832 390 880 408 au-

81 434 153 459 dirrt
169 433 254 463 male,
279 439 308 458 re
322 436 430 458 mature
446 430 568 464 cognita,
585 429 612 456 in
630 429 773 455 ambonem
791 427 879 462 publi-

79 486 142 504 cum
165 485 342 512 progressus,
356 476 494 508 Photium,
511 475 594 503 veleri
608 475 784 502 anathemate
799 482 880 507 rcpc—

80 525 148 555 tito,
177 523 249 550 diris
271 523 369 549 iterum
401 521 521 549 devovit.
545 521 636 554 Quare
659 520 809 547 Ecclesium
835 519 880 546 ille

80 575 263 603 [mc-postera,
278 569 395 602 primum
410 568 520 602 quidem
536 570 708 601 occupatam,
726 565 772 593 ditt
787 570 879 593 tenere

81 623 133 641 non
149 615 253 648 potuit.
270 615 292 640 A
309 613 399 640 Leone
413 613 545 648 Angusto,
563 617 743 648 cognomento
754 612 879 639 Philoso-

79 661 143 694 pho,
164 661 211 694 qui
234 660 305 694 patri
324 659 428 686 Basilio
441 659 573 686 successit
594 659 653 686 loco
671 663 771 690 motus,
787 659 813 686 in
830 660 879 685 Ar-

80 705 237 731 meniarum
260 704 456 730 monasterium
485 710 557 729 anno
595 701 817 729 DCCCLXXXVI
847 702 878 728 ad

80 752 142 777 vita:
163 750 271 776 exitum
288 750 340 784 (sic
349 749 480 783 arbitror)
495 748 550 775 sive
561 755 575 775 a
592 747 743 775 Catholicis
754 752 877 778 coactus,

81 804 126 822 seu
143 801 258 829 sponte,
276 795 423 826 incertum,
440 793 566 820 Secessit.
585 793 766 820 Santabareui
783 793 878 819 amici-

82 842 116 867 tia
128 842 157 867 in
171 841 272 874 primis
293 839 382 866 fraudi
405 839 443 866 illi
459 840 612 873 damnaque
628 839 688 871 fuit,
709 839 823 866 venefici
845 847 876 866 ac

82 886 306 921 praestigiatoris,
330 886 469 918 multaque
485 885 585 911 scelera
604 884 655 910 alia
680 885 706 911 iu
724 885 784 911 licta
817 892 881 911 san-

81 931 184 958 ctitatis
197 931 293 964 specie
315 930 440 963 tegentis.
458 929 503 956 Sic
521 929 656 962 Augustus
673 930 802 964 putabat;
819 930 876 962 alii,

83 977 107 1003 in
129 977 172 1003 his
184 977 248 1009 ipse
263 975 378 1009 Augusti
393 981 480 1010 pater,
492 974 517 1001 in
534 975 717 1002 sanctissimis
739 975 879 1001 llltilmt‘ilis

83 1029 230 1048 numerare
251 1021 326 1048 soliti
352 1026 442 1048 erant.
467 1021 511 1048 Sic
534 1024 597 1048 sunt
613 1021 753 1047 hominum
777 1022 877 1055 judicia

83 1077 141 1095 eam
156 1068 335 1102 temporibus
370 1068 542 1094 alternantia.
556 1067 677 1094 Tametsi
702 1068 762 1095 alite
789 1075 879 1095 causae

85 1113 174 1141 amet:
186 1119 267 1144 sunt,
290 1118 319 1140 ιιι
333 1114 393 1148 jure
407 1113 468 1147 pelli
483 1113 631 1146 vitlcrctnr,
653 1114 696 1141 illa
710 1114 815 1141 exstitit
832 1123 878 1141 ve-

84 1161 188 1187 rissima
205 1169 214 1187 :
236 1159 328 1193 paruis
343 1160 476 1186 scelerum
493 1160 637 1195 agentilms
648 1160 738 1186 divina
748 1160 877 1192 vindicta,

84 1210 160 1238 atque
186 1204 263 1230 male
296 1203 423 1235 occupati
446 1203 558 1230 honoris
584 1204 751 1231 conscientia
782 1204 879 1231 dedere

84 1250 266 1283 pracipitcm,
281 1248 421 1283 Stephano
437 1249 550 1283 Augusti
567 1249 651 1277 fratre
668 1251 693 1276 in
713 1250 771 1285 ejus
788 1250 877 1277 locum

83 1296 241 1329 salit-ngam.
257 1294 283 1321 Is
300 1295 495 1321 controversia:
510 1295 582 1321 inter
599 1294 735 1322 Rouianos
746 1300 772 1322 et
799 1295 874 1322 Con-

84 1341 347 1376 stantiu0politanos
363 1340 516 1375 pontiﬁces,
529 1341 626 1368 nobilis
642 1349 703 1368 cum
720 1341 815 1375 primis
838 1347 879 1369 at-

84 1396 133 1422 que
147 1388 303 1418 diutumaa,
327 1388 419 1414 exitus
438 1386 498 1419 fuit.
510 1386 534 1414 ls
550 1387 638 1413 Pltolii
653 1387 878 1420 pseudopatriar-

85 1435 138 1462 eine
151 1442 248 1462 casus.
272 1433 381 1465 Adhuc,
397 1433 472 1460 brevi
486 1438 574 1460 tamen
589 1434 649 1460 vita:
668 1432 806 1460 Photiana:
819 1440 879 1460 sce-

87 1490 143 1507 nam
157 1489 207 1508 seu
228 1480 394 1515 tragmdiam
422 1480 511 1506 verius
533 1485 670 1514 utcunque
691 1480 812 1513 exhibui,
833 1480 878 1514 qui

85 1526 124 1553 bis
136 1527 359 1561 patriarchalum
369 1525 507 1560 pernefas,
521 1531 687 1561 repugnante
700 1531 776 1560 pont.
788 1534 872 1558 man,

87 1573 159 1605 pulso
174 1573 294 1607 lgnatio.
308 1572 422 1603 invasit,
437 1572 478 1598 bis
492 1579 599 1606 quoque
611 1571 737 1599 abdicare
748 1577 876 1600 enactus:

89 1620 210 1652 privatus
230 1619 343 1645 tandem
359 1623 387 1645 et
408 1618 538 1652 inglorius
555 1618 685 1645 secedens
700 1618 789 1651 periit.
803 1618 879 1646 Nunc

87 1666 201 1700 elogium
232 1665 306 1700 ejus.
327 1665 468 1698 permistis
481 1671 570 1691 tamen
589 1665 682 1691 virtuti
700 1665 782 1697 vitiis,
799 1673 813 1691 e
833 1664 880 1692 Ni-

88 1716 143 1737 ceta
165 1710 346 1745 Paphlagmte
361 1711 387 1736 in
407 1709 465 1736 Vita
484 1709 513 1736 Β.
531 1709 626 1745 lgnatii
647 1710 811 1744 patriarchte
832 1717 880 1744 ap-

86 1763 179 1789 ponant
198 1753 279 1782 εἿΙν
303 1754 333 1781 δὲ
355 1751 433 1785 οὗτος
452 1755 466 1780 ὁ
484 1754 585 1786 Φὼτιος
598 1755 629 1780 οὺ
651 1754 704 1780 τῶν
724 1754 829 1788 ἀγενῶν
848 1763 879 1780 τε

88 1803 131 1828 καὶ
144 1801 299 1833 ἀνωνύμων
310 1821 317 1832 ,
334 1800 403 1827 ἀλλὰ
423 1800 469 1826 καὶ
487 1799 541 1826 τῶν
561 1799 681 1834 εὐγενῶν
704 1800 775 1826 κατὰ
789 1801 879 1836 σάρκα

87 1848 131 1874 καὶ
148 1847 325 1882 περιφανῶν,
348 1847 430 1882 σοφίᾳ
441 1855 470 1873 τε
489 1848 619 1881 κοσμικῇ,
636 1847 682 1873 καὶ
698 1847 804 1873 συνέσει
824 1846 879 1873 τῶν

86 1895 158 1929 ἑντῇ
174 1894 304 1929 πολιτείᾳ
321 1893 513 1928 στρεφομένων
532 1892 749 1928 εὐδοκιμώτατος
770 1893 879 1920 πάντων

86 1939 238 1974 ἐνομίζετο.
257 1939 457 1974 Γραμματικῆς
476 1939 525 1974 μὲν
538 1939 593 1973 γὰρ
606 1938 652 1965 καὶ
666 1939 810 1973 ποιήσεως,
831 1939 879 1974 ρη-

86 1986 198 2021 τορικῆς
210 1994 244 2012 τε
259 1985 307 2012 καὶ
324 1985 495 2020 φιλοσοφίας,
513 1986 557 2012 ναὶ
571 1985 603 2019 δὴ
618 1985 666 2011 καὶ
682 1985 818 2019 ἰατρικῆς,
832 1985 879 2011 καὶ

88 2033 184 2066 κάπης,
202 2031 297 2064 ὀλίγου
307 2031 362 2056 δεῖν
372 2051 379 2062 ,
398 2031 553 2066 ἐπιστήμης
567 2031 621 2057 τῶν
636 2030 762 2065 θύραθεν.
780 2030 880 2057 Τοσοιῖα

85 2088 127 2106 τον
138 2080 207 2106 αὐτὸ
220 2079 252 2105 τὸ
271 2079 375 2113 περιὸν,
396 2078 435 2109 ὡς
451 2079 488 2113 μὴ
512 2078 592 2113 μόνον
617 2079 710 2113 σχεδὸν
727 2079 811 2112 φάναι
824 2078 878 2104 τῶν

85 2126 154 2152 κατὰ
163 2125 216 2160 τὴν
226 2124 313 2151 αὐτοῦ
325 2126 423 2158 γενεὰν
433 2125 541 2150 πάντων
553 2124 712 2158 διενεγκεῖν,
727 2125 778 2159 ἤδη
792 2125 820 2150 δὲ
831 2125 879 2150 καὶ

86 2173 150 2207 πρὶς
165 2173 232 2203 τοὺς
248 2171 381 2202 παλαιοὺς
395 2171 477 2198 αὑτὸν
490 2170 692 2205 διαμιλλᾶσθαι.
712 2171 804 2198 Πάντα
824 2171 878 2205 γὰρ

86 2218 250 2252 συνέτρεχεν
268 2215 312 2242 ἐπ’
332 2216 408 2250 αὐτῷ
425 2217 441 2250 ἡ
458 2216 645 2251 ἐπιτηδειότης
662 2217 712 2250 τῆς
725 2216 841 2249 φύσεως,
860 2217 876 2251 ὴ

86 2263 196 2298 tmarii}.
213 2263 229 2289 ὁ
243 2261 369 2294 πλοῦτος,
390 2261 424 2288 δι’
437 2262 465 2288 ὃν
479 2262 526 2289 καὶ
541 2262 630 2297 βίϐλος
647 2262 690 2288 ἐπ’
707 2262 788 2288 αὐτὸν
802 2262 878 2297 ἐῤῥει

84 2311 169 2337 nam.
185 2309 273 2335 ι]λέον
287 2309 316 2335 δὲ
331 2309 453 2339 πάντων,
470 2309 542 2343 ὁτῆς
556 2309 636 2344 δόξης
650 2308 720 2343 ἔρως
739 2308 773 2334 δι’
787 2308 816 2335 ὃν
830 2309 879 2334 αὺ-

84 2355 122 2390 τῷ
136 2355 184 2381 καὶ
196 2354 297 2384 νύκτες
319 2353 422 2380 ἄϋπνον
440 2354 504 2388 περὶ
520 2353 568 2388 τὴν
581 2354 734 2386 ἀνάγνωσιν
747 2353 879 2388 ἐμμελῶς

86 2398 267 2432 πεφυλακότι.
292 2397 360 2424 Erat
388 2397 501 2424 Photius
523 2400 600 2424 homo
622 2399 729 2425 minime
751 2400 877 2426 obscurus

85 2450 131 2471 aut
144 2444 283 2479 ignobilis,
298 2443 344 2470 sed
360 2444 441 2471 claris
453 2449 478 2470 et
491 2445 641 2472 illustribus
656 2445 786 2472 arinndus
798 2451 876 2472 nata-

86 2489 163 2521 libus,
175 2497 319 2524 rerumque
333 2489 452 2516 civilium
464 2494 490 2516 et
506 2489 675 2522 politicarum
693 2498 743 2517 um
763 2492 877 2525 pruden-

86 2535 172 2567 tiaque
182 2539 207 2561 et
225 2535 358 2567 sapientia
373 2534 555 2567 clarissimus,-
572 2536 754 2569 grammaticte
773 2545 877 2571 quoque

85 2579 245 2606 litteratura
258 2583 284 2605 et
298 2579 425 2605 carminis
447 2580 589 2613 pangendi,
608 2580 762 2615 dicendique
785 2581 874 2613 (aude,

85 2626 147 2659 quia
170 2631 196 2652 et
222 2625 399 2659 philawphite
421 2630 444 2651 et
465 2626 620 2657 medicimc,
652 2631 730 2661 atque
757 2629 877 2655 omnium

86 2677 163 2702 prope
186 2669 338 2696 liberalium
368 2668 570 2702 disciplinarum
588 2675 757 2697 externarum
776 2672 876 2702 studio,

87 2715 283 2748 cognitumque
310 2719 446 2746 tantopere
466 2714 573 2747 ﬂorum,
606 2719 634 2740 ut
653 2716 701 2742 πιυί
730 2717 772 2742 sui
799 2717 877 2751 facile

88 2759 203 2791 princeps
215 2759 360 2785 haberetur
375 2765 382 2784 :
400 2758 453 2784 into
464 2765 486 2785 et
504 2767 562 2785 cum
582 2761 709 2786 veteribus
715 2761 772 2795 jam
788 2766 876 2795 posset

88 2804 214 2837 componi.
233 2802 333 2830 Omnia
347 2803 443 2837 quippe
452 2804 633 2836 con/luxerunt
650 2805 676 2831 in
690 2805 782 2832 illum:
804 2808 875 2840 apti-

90 2848 148 2882 ulla
162 2848 298 2884 qua-dam,
310 2854 333 2874 ει
348 2852 453 2874 ιιηιιινιυ
469 2848 504 2874 vis
518 2853 543 2876 ct
556 2849 682 2883 feliritas,
699 2859 770 2887 opes.l
779 2853 872 2887 quibus

933 196 983 222 sibi
999 197 1126 222 librorum
1136 197 1251 222 omnium
1269 197 1412 223 maximam
1430 197 1531 231 rapiam
1541 199 1722 232 comparabat;

932 243 1037 277 etquod
1055 250 1109 276 pra:
1129 243 1241 276 cunctis,
1261 243 1354 277 gloria:
1378 244 1516 278 laudisque
1541 244 1648 278 cupido,
1670 253 1723 279 qua

932 289 1060 323 ﬂagrans,
1076 294 1143 315 totas
1158 294 1255 320 noctrs,
1269 294 1296 315 ut
1310 289 1416 316 lectioni
1426 289 1533 316 assidua
1550 295 1666 324 vacaret,
1679 291 1721 316 in-

931 343 1035 362 somne:
1052 335 1174 362 ducebat.
1188 334 1316 371 Idemque
1335 335 1442 363 Nicetas
1455 336 1587 371 graphice
1600 343 1662 362 eum
1682 337 1722 362 vi-

932 382 1028 416 visque
1041 380 1181 408 coloribns
1192 381 1322 416 depingit.
1343 382 1381 408 Ex
1395 389 1460 416 quo,
1478 380 1724 416 ScriptisqueGrat-

932 434 1028 454 corum
1051 428 1188 458 omnium,
1209 427 1329 462 ampliss.
1349 428 1442 455 Caesar
1468 428 1542 454 card.
1568 427 1721 459 Baronius,

932 480 1017 500 sacrae
1033 477 1110 508 pater
1130 473 1250 499 historiae
1269 478 1341 500 tomo
1358 473 1501 499 Annalium
1513 472 1665 500 Εεειειὶιιδι.
1685 471 1721 505 x,

931 527 980 546 sua
995 525 1037 546 est
1054 523 1201 545 mutuatus.
1214 518 1345 553 Equidem
1362 527 1415 546 non
1432 526 1491 546 sum
1511 519 1578 545 adeo
1595 517 1720 552 demens,

933 565 1087 599 mentisque
1109 565 1205 599 inops,
1232 570 1260 591 ut
1282 564 1370 592 Pliotii
1395 565 1459 591 vitia
1482 564 1649 592 defendenda
1673 569 1722 592 aut

931 610 1031 645 flagitia
1056 612 1208 637 excusanda
1229 610 1388 645 suscipiam.
1409 610 1467 638 Jam
1488 610 1560 637 cuint
1580 609 1721 645 judicatus

931 662 984 683 eet.
1006 656 1105 683 Gravis
1127 661 1201 684 certe
1217 657 1257 682 ira
1274 657 1423 690 odiumque
1435 661 1517 690 atque
1532 656 1656 688 ambitio,
1671 656 1720 683 ho-

932 704 1030 730 minem
1046 708 1143 729 caztera
1159 702 1248 730 saeculi
1261 703 1303 729 sui
1320 702 1521 734 doctissimum.
1537 707 1652 737 egerunt
1665 707 1721 729 Ian-

931 749 992 776 dem
1009 749 1187 783 przccipitem.
1200 747 1268 775 Hinc
1287 748 1338 775 illa:
1351 748 1486 783 lacrytntc.
1507 748 1575 774 Aula
1593 748 1720 774 nimirum

930 801 991 828 qua:
1017 795 1109 821 inultis
1129 795 1262 828 hodieque
1283 798 1400 821 mentem
1424 794 1516 828 eripit,
1541 798 1568 820 et
1591 794 1720 826 infatuat,

930 839 1056 867 Photiqu
1079 847 1186 875 quoque
1208 841 1366 871 excatcavit.
1394 843 1422 866 ut
1444 846 1497 867 non
1517 839 1617 874 injuria
1641 844 1720 866 vetus

931 891 1021 921 poeta,
1035 886 1127 913 nescio
1147 887 1218 920 quis,
1237 886 1298 913 aula
1319 887 1406 918 exire,
1426 885 1471 920 qui
1487 885 1546 920 pius
1562 893 1622 912 esse
1637 885 1719 916 volet,

930 933 1055 959 suadeat.

967 977 1031 1005 Illud
1052 978 1116 1004 mihi
1139 979 1163 1004 iu
1189 978 1332 1011 prmscntia
1359 979 1391 1005 de
1416 976 1589 1009 Bibliotheca,
1612 985 1673 1011 quae.
1693 977 1718 1004 in

931 1023 1057 1051 manibus
1067 1028 1120 1054 est.
1137 1031 1203 1057 pace
1218 1024 1322 1058 piorum
1336 1024 1441 1058 prmfari
1457 1025 1609 1058 testarique
1628 1023 1718 1054 lit-eat.

929 1070 1058 1104 scriptam
1085 1077 1100 1097 ιι
1121 1068 1219 1097 Pbotio
1233 1069 1328 1102 videri,
1346 1070 1399 1096 imo
1422 1069 1500 1101 eliici,
1525 1070 1587 1096 dum
1605 1068 1721 1096 Cmsaris

929 1115 1047 1151 legatum
1072 1117 1098 1143 in
1123 1116 1236 1151 Assyria
1257 1123 1340 1150 agens
1353 1135 1360 1148 ,
1380 1116 1499 1141 nondum
1519 1115 1720 1149 patriarcliatus

930 1163 1085 1197 dignitatem
1103 1170 1150 1197 per
1164 1162 1239 1189 nefas
1251 1161 1353 1188 ambiit.
1372 1161 1540 1194 Argumenta
1559 1164 1624 1186 sunt
1639 1160 1718 1194 prin-

929 1209 1001 1242 cipio
1012 1208 1046 1234 de
1059 1215 1198 1235 sacrarum
1216 1207 1361 1242 imaginum
1378 1207 1452 1234 cttlttt
1468 1207 1569 1240 passim
1583 1206 1658 1232 illtttn
1670 1214 1718 1233 ca—

931 1254 1031 1282 tholico
1052 1254 1104 1280 ritu
1121 1260 1148 1281 et
1164 1254 1266 1280 soutirc
1285 1257 1312 1280 et
1331 1253 1491 1287 prmdicare.
1514 1257 1542 1278 ut
1556 1253 1584 1279 in
1603 1252 1720 1287 Evagrio

929 1301 1023 1327 codice
1040 1300 1089 1333 29;
1115 1300 1141 1327 in
1160 1300 1263 1336 synodo
1290 1300 1431 1331 Sidetana,
1449 1299 1510 1326 cod.
1537 1299 1592 1332 52;
1618 1301 1644 1326 in
1659 1299 1720 1326 Gle-

930 1351 1019 1371 mcnte
1039 1345 1233 1376 Alexandrino,
1258 1345 1320 1371 cod.
1347 1344 1414 1377 HO;
1436 1345 1463 1370 in
1483 1343 1566 1371 Lucio
1587 1343 1718 1374 Charino,

929 1390 990 1417 cod.
1007 1390 1076 1422 ιιις
1099 1390 1124 1416 in
1145 1390 1242 1422 l‘icrio,
1259 1389 1319 1416 cod.
1333 1389 1402 1422 H9;
1420 1389 1446 1416 in
1462 1388 1594 1423 Procopio
1609 1387 1718 1421 Ganeo.

929 1437 990 1463 cod.
1016 1435 1088 1463 160.
1113 1436 1226 1468 Deinde,
1251 1435 1321 1470 quod
1345 1442 1467 1462 summos
1486 1434 1565 1462 Rom.
1590 1435 1719 1461 Ecclesia:

929 1482 1081 1517 pontiﬁces,
1097 1487 1260 1516 sanctosque
1271 1481 1425 1510 Occidentis
1437 1481 1532 1508 Patms
1545 1481 1574 1507 B.
1589 1481 1718 1510 Leonem,

930 1527 1070 1561 lrenmum,
1094 1528 1278 1559 Ambrosium,
1304 1527 1498 1561 Augustinum,
1515 1532 1648 1560 caeteros,
1670 1527 1720 1554 hoc

931 1574 956 1601 in
974 1581 1056 1607 opere
1079 1574 1228 1601 lionorilicc
1248 1581 1356 1607 semper
1381 1573 1508 1608 appellet.
1529 1573 1622 1600 'l‘crtlo
1647 1573 1718 1607 quod

930 1620 1008 1647 initio
1030 1625 1132 1654 septem
1153 1624 1295 1646 enunieret
1315 1619 1433 1654 synodos
1445 1619 1630 1654 singularique
1662 1620 1718 1645 tra-

929 1671 1015 1697 ctatu,
1038 1671 1101 1692 tom.
1128 1665 1344 1697 lConci/iorum,
1364 1671 1486 1693 octavam
1507 1670 1598 1692 autem
1616 1673 1717 1696 veram.

929 1719 981 1745 qua
1005 1713 1146 1738 restitutus
1162 1712 1187 1738 in
1204 1711 1399 1746 patriarchium
1413 1711 1531 1746 Ignutius
1543 1732 1550 1744 ,
1570 1711 1680 1739 Adriani
1696 1711 1718 1737 ll

930 1757 1104 1789 auctoritate,
1120 1763 1150 1782 ac
1170 1763 1203 1783 ne
1219 1756 1332 1783 alteram
1359 1757 1466 1790 quidem
1485 1756 1655 1792 λῃστρικὴν,
1673 1757 1717 1783 ctti

930 1802 987 1836 ipse
999 1800 1132 1835 ﬂagitiose
1147 1800 1266 1835 przefuit,
1280 1801 1472 1834 damnatarum,
1486 1805 1515 1827 ut
1530 1801 1660 1832 diximus,
1675 1805 1718 1828 est

930 1851 958 1874 et
980 1847 1100 1881 explosa,
1119 1854 1251 1880 nusquam
1276 1847 1318 1873 hic
1334 1847 1453 1874 nominet
1479 1847 1590 1882 (citatur
1614 1851 1717 1877 tamen,

929 1893 980 1921 etsi
1013 1898 1178 1928 praepostere
1193 1901 1207 1919 ιι
1232 1892 1337 1920 Joanne
1360 1892 1476 1925 Zonara,
1499 1892 1641 1919 'l'hemloro
1658 1891 1719 1917 Bal-

930 1946 1052 1970 samone,
1069 1943 1097 1965 ct
1112 1938 1241 1965 Gratiano
1258 1939 1284 1964 in
1310 1937 1436 1968 Decretis.
1458 1945 1482 1965 c.
1496 1938 1523 1970 '1,
1542 1946 1569 1971 ιι.
1587 1945 1606 1969 1,
1619 1945 1644 1965 c.
1661 1936 1718 1963 Hoc

930 1992 1093 2019 nequaquam
1103 1983 1161 2018 45);
1170 1983 1286 2016 iactaret
1297 1984 1366 2009 haud
1381 1983 1472 2015 dubie,
1492 1983 1715 2017 prmdicaretque,

930 2036 958 2057 nt
971 2038 1020 2057 suo
1036 2030 1194 2065 plerumque
1208 2029 1297 2064 perire
1313 2037 1391 2056 sorex
1405 2030 1504 2056 imlicio
1519 2028 1672 2061 consuevit,
1685 2036 1717 2056 ac

930 2082 1019 2111 [cgere
1029 2076 1081 2103 odii
1097 2075 1230 2102 ﬂammam
1243 2076 1398 2110 praecordiis
1415 2076 1561 2102 ha-rentem
1576 2075 1640 2109 quin
1652 2082 1718 2101 evo-

930 2126 1014 2149 meret
1038 2122 1186 2156 nequisset.
1206 2122 1320 2154 Quidam
1344 2126 1431 2148 tamen
1455 2121 1580 2148 ltotuines
1603 2121 1715 2153 eruditi,

930 2167 1027 2201 quibus
1042 2172 1071 2193 ιιι
1086 2167 1238 2194 asseutirer
1256 2167 1372 2193 nondum
1398 2167 1460 2193 mihi
1478 2167 1612 2201 imperare
1630 2167 1715 2201 potui,

929 2219 1054 2240 secessus
1079 2211 1296 2246 opportunitate,
1315 2219 1377 2238 cum
1400 2211 1497 2238 ilcrtttn
1519 2211 1646 2238 abdicare
1670 2219 1717 2246 p-i-

929 2258 1078 2285 triarchatu
1094 2263 1206 2285 co:tctus
1221 2261 1303 2288 esset,
1320 2257 1474 2290 invitatum,
1492 2257 1526 2284 ad
1540 2258 1713 2284 scribendum

929 2305 1080 2331 accessisse
1102 2303 1282 2335 arbitrantur,
1302 2311 1356 2336 quo
1372 2303 1469 2330 solatio
1485 2303 1636 2330 litterarum
1655 2303 1714 2329 :tui-

930 2357 1001 2376 mum
1014 2350 1088 2376 curis
1102 2356 1210 2383 gravem
1227 2354 1406 2381 sustentaret,
1419 2350 1612 2383 molestiaSquc
1620 2357 1714 2377 omnes

928 2397 955 2422 in
971 2395 1100 2422 librorum
1123 2395 1239 2421 lectione
1261 2401 1289 2422 et
1305 2396 1441 2422 suavitate
1468 2396 1628 2429 deponeret.
1650 2394 1714 2422 Milli

928 2448 1004 2474 vero,
1023 2441 1096 2467 salva
1121 2440 1253 2471 amicitia,
1272 2441 1362 2467 verior
1380 2441 1514 2467 sententia
1533 2441 1608 2475 prior
1624 2440 1716 2467 videa—

930 2493 981 2514 tur.
1003 2487 1118 2514 Tantum
1142 2488 1175 2513 de
1196 2487 1353 2521 scriptionis
1372 2490 1512 2521 tempore,
1547 2486 1611 2513 illud
1634 2487 1715 2513 modo

928 2535 957 2560 ὲν
977 2533 1088 2568 παρόδῳ
1111 2532 1248 2566 adjiciam,
1271 2532 1421 2558 centesimo
1435 2531 1551 2566 amplius
1572 2539 1644 2558 anno
1655 2537 1716 2566 post

928 2579 1022 2614 lgnatii
1043 2578 1188 2612 Pbotiique
1206 2585 1302 2609 tcvum,
1328 2578 1356 2603 in
1372 2577 1465 2604 eadem
1486 2576 1633 2611 Byzantina
1650 2577 1714 2604 sede

928 2626 1061 2652 resedisse
1072 2623 1203 2651 Joannem
1223 2623 1621 2658 XiphilinnmTrapeznntium,
1637 2631 1714 2649 mon-

929 2672 962 2699 tis
979 2671 1085 2707 Olympi
1111 2671 1284 2701 monachum,
1308 2669 1387 2696 annis
1407 2677 1445 2701 χι,
1464 2677 1548 2697 mens.
1572 2678 1619 2701 vn,
1636 2669 1714 2702 cuius

927 2723 1034 2744 exstent
1047 2718 1230 2751 Augustorum
1244 2715 1311 2743 Vitae
1327 2722 1343 2742 e
1357 2716 1440 2742 Dione
1454 2716 1567 2750 Cassio;
1584 2715 1628 2749 qui
1643 2715 1711 2741 Dion

926 2764 997 2792 eain
1023 2768 1100 2798 parte
1126 2762 1258 2796 epitomes
1288 2769 1369 2796 opera
1398 2762 1537 2789 mutilatas
1564 2761 1710 2793 intercidit,

927 2809 1155 2847 quemadmodum
1166 2815 1193 2836 et
1208 2809 1240 2836 Τ.
1259 2808 1351 2836 Livius
1359 2809 1443 2836 multo
1454 2809 1597 2835 maximam
1606 2813 1710 2841 partem

929 2855 1125 2884 abbreviatoris
1133 2855 1222 2890 culpa,
1235 2859 1264 2882 ut
1273 2854 1370 2883 .Iustini
1381 2853 1538 2890 compendio
1553 2852 1711 2888 Pompeium
