1918 3086
194 114 231 146 ΞἼ
747 109 797 140 AD
817 109 950 140 ΡΗΟΤΙΙ
971 109 998 139 Βῖ

1053 109 1252 142 .IOTI-IECAM

196 170 317 205 Trogum
332 177 347 196 a
363 169 448 204 stirpe
469 167 624 196 amisimus.
638 166 705 195 Post
719 168 803 196 etiam
825 166 991 200 Theodosio,

196 217 240 244 cui
255 215 362 243 Maximi
380 219 590 249 cognomentum
614 213 723 241 Nicetes
745 214 851 244 tribuit.
872 213 991 247 patriar-

196 262 305 290 cheiutn
327 265 448 292 tenente.
481 259 640 288 Eustathius
657 259 912 287 Thessalonicensis
935 258 993 293 epi-

198 315 318 343 scopus,
343 314 403 334 cum
436 305 560 333 Manuele
587 305 800 340 Constantinop.
824 305 993 340 imperatore

198 353 400 381 contentionem
417 359 500 387 super
516 352 570 379 Deo
582 351 728 379 Mahometi
744 352 857 385 habuit;
872 351 951 385 cujus
966 355 993 378 et

198 400 225 427 in
253 399 398 426 Homerum
418 403 557 433 poetarum
581 405 665 433 prope
686 397 781 431 Deum,
817 403 846 425 et
872 397 991 432 Dionysii

197 447 255 474 Afri
271 445 438 482 περιήγησιν
455 444 654 479 explicationes
674 445 784 476 uberes,
806 449 833 472 et
847 443 991 478 multiplici

198 495 321 523 doctrina
337 493 453 521 refertas
467 493 601 527 hodieque
616 492 742 528 legimus,
753 500 806 520 non
815 497 905 519 autem
921 491 993 519 Pho-

200 541 263 571 tius.
284 544 402 567 uttetate
416 539 501 574 prior.
518 537 616 566 Poetas
631 538 809 573 ceteroquin,
833 545 902 573 quos
942 538 993 564 hoc

200 587 227 612 in
244 592 327 620 opere
346 592 401 612 non
428 585 519 620 attigit
541 584 613 612 haud
637 584 825 620 praeteriisset,
842 584 897 612 nisi
921 584 993 619 quod

200 631 337 660 labttlosas
355 631 543 664 narrationes,
559 638 619 666 qua:
633 631 666 658 ad
687 631 830 658 historiam
855 631 994 666 pertinere

199 676 355 709 videantur,
378 675 519 703 delibavit.
537 675 630 702 Redeo
647 683 663 702 a
689 675 850 703 diverticulo
870 675 992 702 domum.

201 723 300 751 Demus
310 722 531 750 scelestissimum
541 722 695 750 mortalium
706 723 831 750 Pliotium
841 724 991 755 exstitisse.

202 769 327 796 turbasse
341 767 460 795 Orientis
479 767 640 801 Ecclesiatn,
661 769 693 795 ad
712 768 948 803 defectionemque
966 769 992 796 in

201 814 346 851 προεδρίας
373 814 576 841 contentionem
603 813 713 841 Graecos
741 814 859 849 primum
892 814 995 841 sollici-

202 866 292 893 tasse,
313 858 532 895 quandoquidem
554 866 620 886 vero
649 859 752 886 nullum
780 859 806 885 in
831 859 883 886 hoc
910 865 994 894 opere

201 907 260 941 ejus
277 906 401 933 criminis
423 906 568 942 vestigium
593 909 733 940 appareat,
757 909 851 932 contra
877 904 992 939 plurima

202 955 359 983 occurrant,
376 959 436 986 quae
451 951 616 986 scriptorum
626 957 706 977 nemo
722 957 756 977 ne
770 946 860 983 attigit
870 950 992 985 quidem,

203 997 301 1023 nedum
326 997 517 1031 pertractavit,
540 1003 610 1030 quae,
635 996 760 1027 obsecro,
782 995 884 1022 invidia
897 995 933 1022 sit
949 1002 995 1022 re-

204 1041 316 1076 pudiare
336 1041 460 1075 omnino,
483 1049 516 1070 ac
535 1041 660 1075 rejicere,
680 1045 707 1067 et
728 1047 763 1068 ne
781 1040 866 1076 digito
884 1040 994 1074 quidem

203 1093 314 1123 tangere
329 1087 410 1120 velle,
430 1095 492 1115 cum
504 1087 655 1116 acerrimos
673 1087 735 1114 tidei
749 1086 915 1114 Christianas
932 1094 994 1121 per-

203 1135 308 1162 duelles
330 1134 524 1170 Porphyrium,
546 1133 708 1166 Lucianum,
723 1133 887 1168 Eunapinm,
900 1139 928 1161 et
942 1133 995 1160 Zo-

203 1179 301 1207 simum
315 1179 447 1213 legamus.
465 1179 514 1206 Hic
527 1186 593 1206 vero
605 1178 734 1206 Ecclesiae
746 1179 905 1206 orthodoxa:
919 1180 996 1213 capi-

203 1229 259 1252 tum
276 1224 355 1252 Rom.
372 1225 529 1259 pontiﬁcum
552 1225 674 1252 encomia
695 1224 815 1259 reperies
828 1244 836 1256 ,
856 1225 996 1252 beatorum

203 1270 358 1303 Ctelestini.
383 1270 493 1304 Leonis,
513 1278 546 1298 ac
570 1270 694 1306 Gregorii
711 1279 720 1298 :
735 1274 764 1297 ut
784 1276 812 1298 et
836 1269 996 1298 Latinorum

204 1315 299 1343 Patres
313 1315 483 1349 Ambrosios,
505 1316 685 1351 Augustines,
703 1315 782 1348 alios,
801 1315 904 1342 laudari
927 1315 998 1342 dixi-

204 1370 275 1389 mus.
289 1361 424 1395 llateses,
433 1362 621 1396 sectariosque
635 1361 748 1396 passim,
762 1366 792 1389 ut
806 1361 874 1389 diris
885 1361 997 1388 devotos

204 1408 451 1443 exsecrandosque,
471 1407 615 1443 fugiendos
631 1407 748 1436 Photins
773 1412 866 1435 monet
883 1416 890 1436 :
905 1407 998 1435 Euno-

205 1453 415 1489 mios,inquam,
431 1453 610 1486 Novatiauos,
626 1453 755 1481 Basiliam
772 1452 1000 1486 Cilicem,Philo-

204 1499 334 1535 storgium
344 1499 485 1534 Arianum,
497 1501 639 1535 ipsumque
646 1500 713 1528 adeo
723 1500 829 1527 scelesti
844 1499 899 1527 Arii
906 1506 998 1535 caput.

241 1545 394 1573 Oﬂcndilur
414 1553 522 1581 quoque
538 1553 591 1573 non
610 1553 690 1573 nemo
711 1545 789 1573 titulo
817 1545 998 1580 Βιὸιὶοιήεεω,

206 1592 233 1620 in
264 1592 614 1627 speciemlarrogantiore.
650 1590 743 1627 Neque
771 1594 844 1620 enim
873 1592 999 1620 volumen

206 1628 289 1666 unum
318 1638 530 1671 bibliothecam,
558 1643 589 1666 ut
620 1646 670 1666 nec
703 1639 858 1666 mortalium
892 1648 999 1674 unum,

205 1685 349 1720 collegium
364 1684 471 1712 edicere
485 1685 519 1712 de
528 1685 608 1720 plano
627 1685 795 1719 pronuntiat.
805 1684 1000 1721 Reprehendat

207 1730 279 1758 alius
301 1730 501 1766 Μυριόὸιϐλον,
525 1730 661 1763 inscribi,
692 1737 726 1758 ac
749 1730 831 1758 veluti
855 1730 880 1758 in
907 1731 1001 1759 limine

207 1776 279 1810 quod
299 1776 376 1803 aiunt
395 1775 537 1811 impingat.
557 1775 592 1803 At
626 1776 793 1807 meminerit,
823 1781 852 1803 ut
865 1781 1000 1803 sexcentos

208 1820 342 1853 Itoiiiane,
356 1820 397 1848 sic
409 1826 435 1848 et
448 1820 541 1848 Graece
552 1819 628 1848 mille
643 1827 692 1855 pro
701 1820 815 1848 inlinitis
831 1821 901 1848 dicis
913 1822 1001 1856 gtatia

208 1866 345 1895 adhiberi.
360 1865 449 1894 Priori
470 1873 534 1893 vero
555 1866 715 1901 respondeo,
730 1866 752 1893 si
770 1871 893 1894 veterum
909 1875 1001 1895 exem-

208 1912 251 1947 pla
271 1912 394 1947 requirat
408 1911 572 1947 (recentium
588 1911 660 1938 enim
683 1912 911 1940 bibliothecarum
929 1913 1000 1948 pleni

208 1963 273 1985 sunt
292 1965 386 1986 omnes
400 1958 521 1986 omnium
540 1957 633 1993 plutei,
646 1958 723 1994 plena
742 1958 869 1993 pulpita),
888 1959 996 1993 Apollo-

209 2005 267 2031 dori
282 2005 458 2032 Atheniensis
479 2012 508 2032 se
523 2004 636 2031 l’hotius
656 2012 688 2031 ac
703 2004 811 2031 Diodori
837 2004 921 2032 Siculi
952 2013 1003 2032 au-

209 2050 350 2082 ctoritate,
371 2051 417 2085 qui
442 2055 469 2078 et
490 2051 530 2078 sic
553 2050 719 2083 inscribunt,
735 2054 852 2077 tueatur.
867 2051 1001 2078 tlmterum

207 2096 308 2130 jnstius
323 2097 429 2124 titulum
448 2097 519 2123 hunc
539 2095 645 2123 foribus
667 2097 796 2131 appendit
813 2105 820 2124 :
844 2096 926 2130 quod,
941 2104 1001 2124 cum

212 2143 348 2171 fabulosas
368 2143 481 2171 deorum
500 2143 696 2178 hominumque
714 2143 887 2170 narrationes
903 2143 1003 2170 vendi-

212 2193 278 2222 tem,
295 2189 338 2216 hic
352 2196 445 2217 sacros
459 2188 536 2223 juxta
560 2196 593 2216 ac
607 2187 737 2223 profanos
754 2189 903 2223 scriptores
919 2188 1002 2216 hamo

211 2235 391 2269 Christianus,
406 2237 526 2271 jucunda
549 2237 666 2271 quadam
688 2234 880 2263 vicissitudine
894 2234 1002 2262 taedium

211 2289 292 2308 omne
301 2281 419 2314 levante,
433 2282 534 2316 partim
545 2285 687 2309 recenseat
699 2279 1004 2316 sigillatim,judicium-

211 2335 265 2362 que
280 2327 360 2360 lerat,
381 2328 479 2363 partim
492 2327 625 2360 Exeerpta
640 2332 767 2355 accurate
780 2326 908 2354 exhibeat
920 2326 1005 2354 libro-

214 2381 286 2407 rum,
316 2374 361 2409 qui
386 2374 554 2409 temporibus
575 2373 796 2401 interciderunt:
821 2372 1004 2408 Βιϐλιοθήκην

210 2419 270 2454 jure
284 2419 459 2454 indigitando,
468 2419 539 2454 quod
548 2418 656 2454 Aigypti
669 2419 879 2454 regesiibrorum
890 2419 1005 2453 optimo-

213 2472 272 2492 rum
294 2465 431 2492 cnnmlum
455 2464 562 2499 Ψυχῆς
581 2463 719 2498 ἰατρεῖον,
738 2463 825 2490 Animi
848 2463 1004 2497 medicinas,

214 2517 283 2540 teste
298 2511 427 2544 Diodoro,
444 2511 628 2542 'nominarint,
647 2514 675 2537 et
698 2510 809 2537 Asinius
831 2509 918 2536 Pollio
933 2510 1003 2544 apud

214 2557 330 2585 l'liuium
358 2556 451 2584 Bonus
477 2555 670 2584 bibliothecam
701 2555 869 2588 dedicanda,
899 2555 1004 2590 ingenia

214 2604 351 2631 hominum
362 2611 418 2630 rem
428 2603 562 2638 publicam
580 2602 686 2630 fecerit.
699 2602 756 2630 Hoc
764 2607 855 2629 autem
868 2603 895 2629 in
905 2609 1006 2635 genere

213 2649 356 2677 titulorum
380 2650 506 2677 sudatum
520 2648 683 2684 antiquitus,
701 2652 741 2681 ut,
766 2647 838 2682 quod
858 2648 885 2674 in
908 2647 1006 2674 merci-

214 2697 264 2723 bus
276 2696 392 2730 vinoque
406 2695 486 2727 solet,
503 2696 583 2722 edera
602 2701 720 2730 appensa
739 2694 817 2722 labor
831 2693 1006 2721 commenda-

215 2748 300 2769 retur.
324 2741 432 2768 Tironis
450 2740 532 2768 Tullii
551 2740 657 2776 vigiliae,
676 2747 790 2775 qumque
812 2744 922 2767 exstant
941 2747 1007 2775 pru-

215 2790 325 2816 dentum
339 2787 365 2815 in
381 2787 443 2821 jure
458 2795 599 2822 respousa,
614 2788 765 2822 pandectay,
786 2786 920 2822 inscripti.
934 2785 1001 2814 0m-

217 2836 342 2871 nigenam
370 2836 521 2868 historiam,
559 2835 697 2870 copia:th
719 2841 804 2862 cornu
825 2833 1005 2867 Phavorinus,

1807 112 1848 144 28

1046 167 1198 203 Hesychius
1216 167 1330 195 illustris
1349 171 1430 203 atque
1449 168 1575 197 Elianus
1597 177 1646 197 sua
1665 176 1844 206 nuncupant.

1044 213 1155 241 Cestnm
1174 221 1221 241 seu
1245 221 1260 240 a
1284 214 1343 241 dcte
1361 214 1462 247 balteo,
1481 216 1540 243 sive
1556 224 1570 243 a
1593 216 1714 251 pugilum
1739 219 1842 251 armis,

1045 257 1133 287 Julius
1150 259 1293 287 Africanus
1315 265 1342 288 et
1368 260 1475 294 Celsus,
1495 261 1520 288 in
1539 269 1620 296 quem
1642 263 1703 297 styli
1721 270 1844 292 acumen

1045 305 1177 338 Origenes
1196 306 1317 338 strinxit,
1340 306 1441 340 scripta
1458 307 1645 339 nominarunt,
1662 308 1706 342 qui
1732 314 1759 336 et
1775 308 1844 336 Ori-

1046 359 1129 386 genes
1149 351 1283 379 Stromata
1302 353 1463 387 scripserat,
1482 359 1512 380 ut
1538 354 1690 382 Stromutca
1708 354 1843 383 Clemens

1046 397 1249 426 Alexandrinus
1276 399 1310 426 ab
1329 405 1491 432 argumento
1518 401 1594 427 varie
1621 401 1707 436 picto,
1729 407 1843 435 stragu-

1046 442 1133 475 lisque
1158 443 1270 471 belluati
1293 446 1394 479 operis,
1412 446 1513 481 quibus
1532 445 1731 474 Themistocles
1746 448 1842 475 homi-

1047 489 1088 517 nis
1101 497 1256 518 sermonem
1266 498 1425 525 comparare
1434 491 1543 519 solitus.
1555 492 1585 518 Β.
1594 492 1712 528 Cyrillus
1720 494 1842 521 Alexan-

1045 536 1152 569 drinus,
1165 541 1192 565 et
1203 537 1260 572 ipse
1279 536 1418 573 Glaphyra
1433 546 1512 565 suum
1530 539 1556 566 in
1569 538 1797 573 Pentatcucltum,
1811 545 1843 568 et

1045 582 1161 610 alterum
1192 584 1258 620 περὶ
1278 584 1422 619 ὁμοουσίου
1448 584 1680 613 Commentarium
1705 585 1840 613 librorum

1045 629 1251 664 quatuordecim
1267 629 1429 658 Tliesaurum
1443 631 1593 658 nominavit
1610 631 1718 668 (quales
1728 640 1790 660 esse
1806 632 1841 659 li—

1045 674 1109 702 bros
1132 681 1228 702 omnes
1251 674 1385 703 Domitius
1401 674 1464 703 Piso
1484 681 1547 703 ante
1562 678 1726 712 exoptarat).
1740 676 1777 705 Ut
1810 682 1841 705 et

1045 727 1141 748 novem
1151 721 1291 748 Musarum
1307 721 1461 749 nominibus
1475 721 1627 750 Herodotus
1645 727 1674 750 et
1686 723 1838 758 Cephalion

1045 766 1118 800 apud
1141 767 1213 794 hunc
1235 767 1324 802 ipsum
1353 768 1479 795 Photiutu
1503 768 1606 803 scripta
1640 769 1839 797 distinxerunt.

1045 812 1145 845 Taceo,
1166 813 1299 848 prudens;
1321 818 1385 841 sunt
1408 813 1481 841 enim
1503 821 1588 848 prope
1622 814 1841 843 innumerabiles

1046 858 1175 892 reliquos,
1188 858 1233 892 qui
1244 858 1330 886 titulis
1350 859 1428 892 operi
1442 859 1542 886 additis
1557 860 1623 886 mira
1642 860 1774 887 varietate
1794 860 1841 888 Ιιι-

1046 908 1151 935 serunt,
1169 907 1329 938 tantumque
1340 904 1394 932 sibi
1410 904 1604 940 imlulgendum
1623 906 1686 937 rati,
1702 911 1839 941 quantum

1046 957 1095 977 sua
1110 950 1227 985 quisque
1247 951 1394 978 miraretur
1411 958 1443 978 ac
1458 952 1631 986 praedicaret.
1649 951 1742 987 Neque
1759 953 1842 982 libris

1047 997 1129 1023 modo
1149 995 1322 1024 Bibliotheca;
1339 997 1434 1024 titulus
1450 998 1543 1030 datus,
1562 998 1609 1025 sed
1634 998 1686 1026 hoc
1708 999 1840 1033 amplius,

1046 1046 1075 1069 et
1097 1042 1262 1076 hominibus,
1289 1047 1317 1070 ut
1345 1043 1502 1079 Dionysium
1527 1044 1677 1078 Longinum
1698 1046 1841 1073 rhetorem

1048 1087 1186 1123 Eunapius
1202 1088 1352 1117 Sardianus
1366 1089 1488 1125 ἔμψυχον
1497 1089 1684 1126 βιϐλιοθήκην,
1695 1092 1841 1125 spirantem

1047 1133 1235 1162 Bibliothecam
1254 1136 1391 1170 vivumque
1406 1137 1472 1164 adeo
1491 1136 1621 1164 Musaeum
1639 1138 1776 1174 appellare
1784 1146 1840 1166 non

1047 1179 1165 1207 dubitat.

1086 1223 1184 1250 Verum
1206 1223 1239 1251 de
1267 1229 1388 1251 veterum
1417 1223 1573 1252 Graecorum
1601 1224 1842 1260 Romanommque

1048 1267 1220 1296 bibliothecis
1236 1276 1288 1296 nou
1307 1269 1445 1301 describo,
1460 1270 1560 1297 scrinia
1574 1270 1736 1306 compilans,
1767 1272 1841 1299 otio-

1048 1321 1102 1349 que
1114 1314 1240 1347 abutens,
1258 1322 1318 1349 qua:
1335 1323 1421 1350 nuper
1441 1315 1524 1351 Belgii
1541 1317 1644 1345 ocellus
1657 1316 1763 1351 Lipsius
1789 1327 1841 1344 ito-

1049 1365 1108 1387 stcr
1123 1360 1226 1387 diserte
1240 1361 1273 1387 ad
1291 1361 1415 1389 nobiliss.
1441 1363 1530 1389 virum
1563 1363 1692 1390 Carolum
1725 1363 1841 1392 Croium

1049 1407 1199 1442 disseruit;
1219 1408 1351 1436 Analecta
1377 1409 1511 1437 duntaxat
1541 1409 1679 1438 corollarii
1705 1410 1765 1438 vice
1790 1412 1842 1439 da-

1050 1463 1120 1484 mIIS.

1082 1503 1171 1531 Missis
1189 1503 1280 1537 itaque
1291 1502 1374 1530 Paulo
1387 1501 1511 1534 Emilio,
1527 1502 1557 1529 L.
1580 1501 1663 1530 Corn.
1681 1502 1754 1530 Sulla
1765 1507 1792 1530 et
1806 1501 1842 1531 L.

1051 1546 1163 1575 Lucullo
1181 1547 1313 1574 librorum
1332 1546 1528 1574 servandorum
1545 1547 1593 1583 (ut
1623 1555 1770 1583 generosos
1784 1555 1843 1574 ma-

1051 1595 1124 1620 xime
1148 1593 1273 1620 homines
1295 1593 1397 1624 decuit,
1413 1600 1577 1628 semperque
1592 1593 1713 1628 derehit)
1738 1592 1844 1621 studio-

1051 1638 1101 1670 sis,
1116 1638 1148 1665 Τ.
1168 1637 1335 1673 Pomponius
1349 1637 1454 1665 Attii-us
1470 1637 1580 1672 elegans
1592 1643 1619 1666 et
1634 1638 1692 1672 ipse
1704 1638 1843 1666 Romanos

1053 1685 1126 1712 inter
1140 1688 1168 1711 et
1184 1683 1345 1718 splendidus
1360 1682 1553 1711 bibliothecam
1569 1683 1707 1711 instruens
1723 1683 1839 1711 llerma-

1053 1730 1153 1762 lhenis,
1171 1729 1289 1764 aliisque
1301 1729 1403 1757 statuis
1429 1734 1511 1764 atque
1527 1729 1694 1765 imaginibus
1721 1730 1842 1758 ornavit.

1052 1775 1123 1809 Quin
1147 1780 1177 1803 et
1199 1776 1233 1803 de
1261 1775 1426 1810 imaginibus
1451 1775 1478 1802 in
1511 1775 1684 1804 bibliothecis
1716 1775 1844 1804 collocari

1053 1819 1151 1851 solitis,
1168 1820 1261 1854 paucis
1273 1825 1315 1847 est
1333 1819 1455 1847 versibus
1473 1825 1685 1848 commentatus.
1703 1820 1743 1848 Ad
1759 1828 1840 1856 quem

1053 1872 1081 1894 ct
1100 1868 1192 1894 animo
1209 1867 1305 1894 fratris
1320 1867 1381 1894 loco
1396 1867 1639 1901 conjunctissimus
1657 1868 1692 1895 Μ.
1710 1868 1812 1896 Tullius
1827 1876 1838 1896 :

1056 1922 1065 1938 ι
1088 1913 1197 1945 Libros,
1225 1913 1326 1948 inquit,
1344 1917 1405 1940 tuos
1420 1921 1562 1946 conserva,
1581 1919 1608 1941 et
1625 1914 1680 1941 noli
1700 1915 1846 1948 desperare

1053 1966 1101 1986 eos
1117 1967 1192 1987 meos
1219 1959 1311 1986 facere
1329 1967 1411 1994 posse
1429 1968 1435 1986 :
1452 1960 1523 1994 quod
1536 1960 1559 1986 si
1582 1967 1725 1994 assequar,
1745 1967 1844 1994 supero

1053 2005 1181 2033 Crassum
1199 2006 1309 2038 divitiis,
1323 2011 1405 2040 atque
1421 2006 1543 2032 omnium
1561 2006 1635 2033 vicos
1650 2010 1677 2033 et
1689 2011 1764 2039 prata
1776 2013 1843 2034 con-

1054 2056 1155 2078 temno.
1178 2061 1187 2078 »
1205 2052 1293 2085 Quid?
1308 2057 1441 2085 praetereo
1464 2051 1551 2078 Asinii
1575 2051 1706 2079 l‘olliouis
1734 2052 1806 2079 illam
1827 2059 1845 2079 e

1053 2097 1238 2124 D..lmatarum
1263 2098 1400 2124 manubiis
1415 2097 1580 2132 publicatam
1595 2097 1688 2125 Romae
1702 2097 1845 2125 bibliothe-

1054 2150 1125 2175 cam,
1141 2142 1279 2170 Caesarum
1295 2150 1404 2177 quoque
1423 2150 1437 2169 a
1451 2142 1481 2170 C.
1497 2141 1571 2170 Julio
1587 2143 1756 2175 inchoatam,
1783 2151 1846 2178 per-

1054 2187 1207 2223 fectamque
1218 2188 1252 2215 ab
1262 2188 1393 2222 Augusto,
1405 2187 1548 2216 Octaviam
1559 2196 1590 2216 ac
1606 2188 1754 2215 Palatinam
1767 2188 1844 2221 sileo,

1056 2233 1168 2267 Trajani
1201 2238 1338 2269 praeterea
1370 2233 1491 2269 Ulpiam.
1516 2234 1655 2262 Adrianus
1676 2234 1749 2262 enim
1778 2233 1845 2268 imp.

1055 2278 1220 2313 Pompeiano
1234 2285 1262 2306 et
1273 2278 1421 2307 Commodo
1436 2286 1509 2307 coss.
1527 2287 1590 2307 cum
1617 2280 1738 2314 insignes
1748 2283 1775 2307 et
1788 2279 1848 2314 plu-

1056 2325 1140 2353 rimas
1160 2325 1233 2353 aedes
1260 2325 1375 2354 Athenis
1403 2325 1503 2353 Atticis
1529 2325 1649 2360 fecisset,
1676 2331 1704 2353 et
1732 2333 1844 2360 agonem

1056 2372 1227 2404 instituisset,
1246 2373 1269 2399 si
1288 2371 1365 2400 fastis
1378 2371 1535 2400 Cassiodori
1562 2371 1639 2405 ﬁdes,
1654 2371 1845 2400 bibliothecam

1056 2418 1118 2446 miri
1135 2418 1227 2453 operis
1248 2419 1393 2446 exstruxit.
1421 2418 1519 2446 Juliani
1532 2418 1634 2451 adhtec,
1651 2417 1698 2444 τοῦ
1720 2416 1846 2453 παραΰά-

1055 2473 1114 2497 sou,
1131 2469 1228 2492 eastern
1242 2465 1354 2497 eruditi,
1371 2466 1398 2492 in
1430 2464 1506 2492 libris
1535 2464 1696 2499 colligendis
1727 2463 1846 2490 studium

1055 2511 1170 2538 exstitit.
1186 2510 1276 2538 Testis
1308 2511 1366 2546 ipse
1393 2510 1513 2545 locuples
1536 2509 1624 2545 Epist.
1647 2511 1680 2537 ad
1709 2509 1846 2536 Ecdicium

1056 2556 1166 2592 Aﬂgypti
1189 2556 1344 2591 praefectum
1363 2565 1369 2584 :
1390 2555 1483 2583 ’Ἄλλοι
1505 2555 1554 2591 μὲν
1584 2555 1686 2588 ἵππων,
1705 2554 1781 2582 ἄλλοι
1807 2554 1836 2581 δὲ

1055 2603 1168 2639 ὀρνέων,
1189 2602 1264 2630 ἄλλαι
1294 2602 1397 2638 θηρίων
1431 2602 1534 2637 ἐρῶσιν
1563 2610 1571 2617 ·
1599 2602 1663 2637 ἐμοὶ
1690 2601 1718 2628 δὲ
1734 2600 1844 2636 βιόλιων

1057 2649 1179 2684 κτήσεως
1194 2649 1226 2676 ὲκ
1236 2648 1379 2684 παιδαρίου
1390 2648 1477 2680 δεινὸς
1488 2648 1618 2682 ἐντέτηκε
1628 2647 1721 2679 πόθος.
1736 2647 1851 2680 Quidam

1055 2695 1138 2730 equis,
1155 2695 1201 2721 alii
1217 2694 1318 2726 utribus,
1329 2694 1450 2722 nonnulli
1466 2693 1529 2729 feris
1545 2694 1705 2728 voluptatem
1721 2693 1847 2726 capiunt;

1056 2749 1101 2777 ego
1107 2743 1163 2776 jam
1174 2741 1235 2767 inde
1249 2749 1265 2767 a
1277 2749 1357 2775 puero
1365 2741 1491 2767 librorum
1505 2740 1648 2775 cupiditate
1661 2738 1781 2774 ﬂagravi.
1797 2738 1852 2766 llu-

1054 2788 1099 2823 jns
1115 2787 1227 2818 Augusti
1243 2786 1439 2814 Bibliothecam
1451 2785 1714 2819 vieissimlovianus,
1727 2785 1853 2812 hortante

1058 2834 1184 2871 conjuge,
1204 2839 1231 2861 ct
1246 2833 1387 2868 adjutaute
1404 2832 1556 2869 Theophilo
1569 2832 1708 2865 eunucho,
1720 2830 1853 2866 ringenti-
