1918 3086
64 165 96 198 29
741 165 1039 197 PROLEGOMENA.
1437 166 1442 170 “
1675 161 1710 193 30

65 226 114 253 bis
139 224 256 252 interim
284 223 474 256 Antiochenis.
496 228 527 251 ut
559 228 655 251 auctor
682 229 723 252 est
754 225 862 256 Suidas,

65 270 208 297 cremavit.
231 268 355 296 Externa
370 269 436 303 qttid
454 277 678 302 commemorem,
707 270 862 305 Egyptios,

65 319 91 342 et
106 314 244 342 Attalicos
257 322 336 349 reges
349 314 511 349 colligendis
527 314 605 342 libris
617 315 797 350 magniﬁcos?
810 323 860 343 no-

67 366 119 387 Ittm
161 359 343 387 Ptolemaeum
381 360 588 395 Philadelphum
626 361 861 395 septingentorum

66 405 178 432 millium
197 405 332 433 librorum
361 406 499 433 cumulum
516 406 676 439 contulisse,
703 407 748 442 qui
766 415 864 434 cumu-

66 453 106 479 lus
119 452 321 484 Alexandrino,
335 453 405 488 proh
416 452 508 480 dolor!
526 453 643 480 tutnultu
672 453 861 489 conﬂagravit.

64 497 164 532 Ecquis
182 498 254 524 adeo
268 498 295 524 iu
308 497 409 525 litteris
425 499 533 533 hospes,
549 498 594 532 qui
619 498 689 526 LXX
726 499 862 534 interpre-

65 550 119 570 tum
133 550 235 571 sacras
249 543 371 571 Litteras
384 552 416 571 ex
434 544 545 571 Hebrum
559 544 681 578 ejusdem
699 544 775 578 jussu
803 553 865 572 \‘er-

65 590 181 616 tentiam
213 590 360 617 historiam
396 590 525 625 ignoret?
550 589 665 619 Tacitus
687 596 775 618 tamen
803 591 864 618 sine

64 635 165 670 ﬂagitio
189 636 335 670 praeterire
350 643 404 663 non
424 644 546 671 possunt,
574 641 706 672 quantum
730 637 812 664 studii
836 637 862 664 itt

64 681 261 715 rouquirendis
274 681 350 709 libris
362 682 436 716 rbgio
451 687 531 717 atque
547 683 658 710 heroico
673 683 766 710 animo
789 683 860 710 idctn

63 726 231 754 Ptolemais
255 729 386 763 posuerit,
414 734 444 756 ut
478 733 517 756 est
536 737 551 756 a
570 729 674 757 Caleno
696 729 862 757 medicorutn

64 774 189 808 principe
203 773 251 800 lib.
269 782 275 800 ι
294 773 333 801 De
358 779 456 801 natura
470 775 594 806 Itominis,
611 782 774 809 rursumque
814 775 862 803 lib.

64 825 92 844 ttt
110 817 243 851 Epidem.
263 818 438 854 Hippocratis
451 820 587 847 memerize
613 820 763 855 proditutn,
781 821 864 848 Athe-

64 862 208 890 niensibus
239 864 382 897 nimirum,
416 863 545 892 frumenti
576 865 664 899 inopia
695 872 862 899 annonaque

63 907 200 935 maritate
215 908 416 940 laborantibus,
432 917 485 936 non
501 911 575 945 prius
600 909 768 938 frumentum
794 919 860 938 cott-

63 953 178 980 tessisse
200 954 294 989 (quod
317 959 391 981 esset
405 953 540 990 Egyptus
568 954 694 988 Grteciat,
722 961 753 982 ttt
768 955 861 982 Sicilia

63 999 146 1026 italiae
171 999 322 1027 fertilitate
350 1007 401 1027 sua
427 1001 570 1035 horreum)
597 1008 678 1036 qttam
697 1001 861 1035 tragiconum

63 1045 220 1080 principum
255 1045 394 1082 Eschyli,
425 1045 568 1080 Sophoclis
617 1051 698 1081 atque
724 1047 864 1082 Euripidis

66 1091 318 1119 describendorum
338 1092 446 1126 copiam
460 1091 601 1120 fecissent.
630 1092 658 1119 lu
676 1100 730 1127 qua
755 1093 863 1127 quidem

65 1145 90 1163 rc
103 1144 135 1164 ea
153 1137 211 1164 title
227 1142 377 1169 versatum,
394 1142 424 1164 ut
440 1143 540 1172 praeter
562 1137 738 1173 vectigalium
764 1138 861 1165 immu-

66 1183 187 1215 nitatem,
205 1189 243 1209 ιν
263 1182 367 1209 talenta
382 1182 479 1210 iisdem
501 1183 607 1218 pignori
631 1183 749 1215 dederit,
781 1191 862 1217 quant

66 1229 173 1261 quidem
190 1230 341 1263 pecuniam
362 1235 423 1263 post
443 1228 529 1256 libens
548 1230 696 1263 volensque
710 1228 784 1256 dono
812 1229 864 1256 tui-

63 1275 107 1307 sit,
129 1280 159 1302 et
174 1274 306 1308 exempla
322 1275 460 1309 descripta
482 1275 597 1302 remisit.
618 1274 687 1302 Nam
703 1275 736 1301 de
760 1275 866 1302 Aristo-

64 1318 122 1345 tc-lis
138 1318 335 1352 Peripateticae
346 1319 449 1346 schola:
468 1319 598 1354 principis
621 1327 654 1346 ac
681 1319 864 1353 Theophrasti

65 1364 233 1391 bibliotheca
250 1372 266 1390 a
277 1363 363 1392 Neleo
377 1364 480 1392 Corisci
496 1363 527 1392 F.
552 1369 695 1400 coempta,
711 1369 737 1391 et
756 1365 867 1392 haeredi-

65 1410 122 1443 bm,
135 1417 171 1437 ne
184 1410 223 1438 ab
239 1410 367 1438 Attalicis
386 1411 496 1446 regibus
505 1410 672 1444 auferretur,
687 1411 761 1438 hutui
778 1411 866 1438 defos-

64 1463 104 1487 sa,
119 1456 186 1491 quia
215 1464 306 1491 nuper
323 1457 350 1483 in
369 1456 513 1485 Parallelis
536 1457 729 1491 disseruimus,
755 1459 865 1485 verbum

67 1509 117 1529 non
145 1501 262 1529 addam.
295 1501 421 1529 Clearcbi
450 1509 559 1537 quoque
585 1502 723 1531 Heracleae
746 1503 867 1531 Ponticae

66 1548 141 1582 primi
159 1547 286 1583 tyranni,
298 1548 358 1582 ejus
373 1549 419 1583 qui
432 1548 551 1577 Platonis
564 1554 593 1577 et
614 1549 742 1578 Isocratis
759 1550 867 1578 auditor

64 1592 177 1625 exstitit.
197 1593 367 1622 bibliotheca
390 1601 406 1621 a
431 1594 574 1623 Memnone
596 1595 667 1630 apttd
689 1596 763 1624 hunc
777 1597 866 1630 ipsuut

67 1637 191 1666 Ptmtium
226 1640 299 1666 mire
330 1640 512 1674 praedicatur,
541 1642 619 1675 cujus
650 1641 738 1669 laudis
769 1642 868 1669 adorea

66 1691 178 1712 meros
203 1692 308 1713 omnes
330 1690 463 1722 tyrannos
483 1687 563 1721 longo
588 1691 649 1722 post
673 1694 704 1714 se
728 1687 869 1721 reliquerit

68 1730 223 1758 intervallo.
248 1730 305 1758 Sed
328 1731 400 1758 unde
422 1731 537 1766 digressi
560 1732 708 1766 paululum,
724 1740 756 1760 eo
773 1733 869 1760 redea-

70 1785 137 1805 mus.
157 1776 387 1805 Tumultuarium
406 1778 515 1812 quidem
531 1785 611 1812 opus,
629 1787 661 1807 ne
674 1779 740 1814 quid
758 1781 871 1807 tacitur-

68 1824 149 1851 nitate
169 1823 350 1858 praevaricari
369 1824 474 1856 videar,
494 1824 657 1852 Photiauant
677 1825 747 1853 hanc
764 1825 870 1853 Biblio-

67 1869 165 1896 theca:
188 1869 337 1897 exstitisse
362 1870 422 1897 haec
445 1870 565 1897 indicant
587 1879 595 1904 ;
618 1871 713 1898 cadent
735 1879 806 1906 saepe
829 1879 872 1899 re-

67 1915 158 1948 petita,
176 1915 274 1942 hiatus
298 1915 449 1948 interdum,
470 1922 552 1951 atque
577 1916 669 1945 hiulca
690 1917 760 1950 loca,
777 1917 870 1952 negle-

68 1966 122 1989 ctus
138 1962 246 1996 stylus,
263 1960 363 1995 reiecta
384 1962 502 1996 denique
517 1962 544 1989 in
560 1962 675 1990 alteram
697 1963 788 1997 operis
808 1971 871 1997 par—

70 2011 118 2034 tem
145 2007 308 2038 librorum,
338 2015 409 2042 qttos
432 2007 489 2041 jam
519 2013 714 2042 recensuerat,
742 2013 870 2043 excerpta

68 2053 199 2088 longiora.
220 2053 265 2080 Ad
287 2060 364 2080 orant
388 2061 495 2088 quoque
516 2054 644 2082 nonttulla
662 2054 812 2088 collocata;
830 2059 869 2086 et,

67 2101 134 2134 quod
161 2099 289 2131 mireris,
317 2099 429 2127 eosdem
454 2100 560 2128 libellos
582 2101 654 2127 xm
680 2100 775 2132 πόδας,
801 2107 870 2135 pene

68 2146 208 2180 περαίνω,
227 2149 259 2172 ιιι
282 2144 402 2180 Dionysii
426 2145 505 2181 ΑΞμί
528 2146 669 2181 Dictyaca,
690 2145 824 2173 Hieroclis
839 2149 867 2173 et

69 2189 178 2219 Himerii
197 2191 378 2226 aliorumque
394 2198 447 2218 non
465 2198 562 2226 pauca,
579 2198 692 2226 prorsus
711 2195 741 2218 ut
756 2190 865 2218 credant

68 2235 193 2266 Pbotium
221 2237 356 2265 memoria
388 2244 438 2265 sua
463 2237 581 2273 juvanda
606 2237 696 2273 potius
727 2244 808 2272 quam
837 2241 867 2263 ut

915 225 1024 252 cteteris
1049 223 1203 259 promiscue
1228 223 1380 258 prodesset,
1405 221 1456 248 hoc
1477 227 1545 254 opus
1569 221 1711 248 consarci-

916 279 1005 304 nasse,
1023 276 1070 297 attt
1087 275 1162 297 certe
1184 274 1350 304 postremam
1369 275 1477 294 manum
1493 274 1546 294 non
1565 265 1710 300 adjecisse,

915 318 978 344 liuta
1008 316 1129 344 nitidiori
1155 323 1238 350 opere
1261 314 1363 342 futuro.
1388 312 1491 340 Aulicis
1513 312 1641 339 nimirum
1665 320 1712 339 nc-

915 363 1007 399 goliis,
1025 368 1107 398 atque
1125 361 1274 389 ambitione
1298 359 1476 387 trausversim
1499 363 1617 394 raptum,
1636 365 1712 385 men-

917 414 968 436 tem
984 408 1050 440 aliu,
1068 407 1122 434 alio
1137 414 1218 434 aures
1234 405 1371 433 divisisse.

950 453 1087 481 Hactenus
1105 453 1138 480 de
1157 452 1246 480 Photii
1269 452 1334 482 vita,
1351 455 1378 478 el
1398 450 1561 477 Bibliotheca
1577 449 1709 477 lectorum

914 502 1044 529 librorum
1062 510 1069 527 :
1087 503 1172 527 restat
1201 504 1231 526 ut
1251 503 1350 526 caetera
1374 497 1435 530 ejus
1452 497 1552 531 scripta
1571 496 1596 523 in
1614 496 1711 531 vulgus

914 549 998 580 edita,
1019 555 1073 582 quo
1094 546 1137 574 vel
1162 545 1188 572 itt
1210 545 1289 573 hoste
1305 545 1431 571 virtutem
1456 543 1598 576 miremur,
1614 550 1710 569 recen-

914 603 1000 622 seam.
1024 593 1142 628 Scripsit
1167 592 1194 619 in
1221 591 1252 618 Β.
1275 590 1350 617 Pauli
1377 588 1513 623 Epistolas
1535 589 1710 615 Commenta-

915 642 985 668 rium
1011 648 1018 669 :
1043 639 1115 666 umle
1141 637 1272 673 pleraque
1299 636 1394 664 hausta
1421 636 1446 662 in
1472 634 1603 662 Calenam
1631 641 1708 661 suam

914 684 1097 713 (liicumeuius
1142 682 1300 714 transtulit,
1331 685 1360 708 ttt
1394 689 1447 708 non
1479 679 1708 707 contemnendum

915 731 1068 764 theologum
1079 736 1213 764 agnoscas
1232 738 1239 756 :
1254 727 1325 763 qttod
1347 734 1380 753 eo
1400 726 1502 759 gratior
1519 725 1606 753 doctis
1623 724 1710 752 homi-

915 778 995 805 nihus
1011 776 1068 812 (qui
1091 783 1124 804 eo
1144 782 1174 802 se
1194 774 1301 809 adiutos
1322 773 1348 800 in
1369 772 1456 799 Paulo
1479 771 1650 806 explananda
1670 769 1712 797 l‘a-

915 828 1024 851 teantur
1038 823 1168 857 ingenue)
1186 821 1263 848 labor
1278 820 1322 847 hic
1340 819 1464 851 exsistat,
1478 825 1531 852 quo
1545 816 1712 844 diliiciliores

915 870 940 897 itt
965 870 997 897 iis
1016 868 1139 904 epistolis
1163 867 1248 895 nodos
1268 873 1414 893 occttrrere
1430 865 1461 892 Β.
1482 864 1579 891 Petrus
1599 868 1710 898 aposto-

915 917 986 943 latus
1005 915 1108 951 collega
1134 913 1332 949 pronuntiavit.
1347 912 1459 939 Exstaut
1473 914 1501 938 et
1517 910 1607 937 Photii
1627 916 1710 943 opera

914 961 1036 988 Conone:
1056 958 1245 995 apostolorum,
1265 957 1488 991 conciliantqu
1505 960 1622 983 veterum
1642 955 1711 988 leges

915 1011 1094 1035 narraturich
1117 1006 1142 1032 in
1163 1004 1288 1031 volutuett
1312 1010 1396 1029 ttnum
1413 1008 1566 1036 corpusque
1582 999 1710 1032 collecta,

916 1053 1102 1086 distinctaque
1117 1050 1263 1083 capitibus,
1277 1048 1348 1084 quod
1372 1052 1399 1075 et
1416 1047 1608 1074 Nomocanona
1625 1045 1713 1072 nomi-

916 1099 1001 1130 navit,
1018 1105 1086 1132 opus
1103 1097 1219 1131 spissum
1230 1100 1258 1122 et
1276 1094 1393 1127 varium,
1413 1093 1559 1126 multaeque
1575 1090 1711 1123 lectionis,

915 1144 1067 1177 visiturqtte
1107 1142 1202 1170 Gratce
1235 1141 1262 1168 in
1301 1138 1455 1167 Germania:
1502 1136 1707 1168 bibliothecis;

916 1190 988 1225 quod
1021 1187 1180 1216 Theodorus
1208 1185 1352 1213 Balsamon
1378 1182 1566 1211 illustrandum
1594 1180 1711 1213 censuit,

916 1239 1113 1269 verterttntque
1146 1233 1242 1260 Latine
1275 1230 1426 1258 Genlianus
1462 1228 1606 1259 llervetus,
1630 1227 1714 1254 homo

917 1281 1022 1312 Gallus,
1039 1280 1158 1314 itemque
1181 1278 1263 1312 Belga
1286 1275 1419 1303 Henricus
1441 1274 1578 1309 Agylaeus.
1597 1272 1712 1304 Qualem

917 1328 988 1355 inter
1003 1326 1115 1354 Latinos
1131 1323 1298 1358 diligentiam
1310 1321 1484 1349 Burchardus
1502 1317 1712 1350 Vormatiensis,

918 1372 963 1400 lvo
987 1371 1176 1401 Caroolensis,
1202 1376 1234 1396 ac
1259 1367 1408 1396 Gratianus
1437 1364 1586 1392 monachus
1612 1362 1711 1389 imitati

918 1423 982 1446 sunt
1003 1418 1083 1451 longo
1110 1415 1265 1447 intervallo,
1281 1414 1352 1441 haud
1377 1412 1484 1440 ntinore
1504 1416 1594 1444 operte
1613 1408 1712 1442 pretio.

918 1463 1009 1491 Edidit
1024 1467 1053 1490 et
1065 1466 1168 1496 septem
1191 1459 1424 1488 meunteoicorum
1440 1455 1619 1483 conciliorum
1640 1458 1713 1486 acta,

919 1510 1099 1543 visunturque
1123 1506 1259 1542 principio
1287 1504 1465 1532 conciliorum
1490 1500 1571 1528 tomis
1595 1500 1714 1535 digesto-

919 1561 991 1585 rum,
1012 1560 1074 1587 qua:
1097 1551 1192 1580 Graece
1220 1551 1246 1578 iu
1272 1549 1387 1584 Belgicis
1412 1545 1586 1575 bihiiothecis
1607 1545 1714 1573 calamo

919 1604 1031 1627 exarata
1056 1602 1242 1626 asservantur.
1267 1595 1394 1630 Epistula:
1421 1595 1480 1628 ejus
1507 1595 1533 1621 in
1556 1593 1713 1628 Attgustana

921 1645 1087 1672 bibliotheca
1103 1643 1250 1671 ltabeutur.
1272 1641 1446 1677 Encyclicam
1466 1641 1499 1668 ad
1517 1638 1714 1676 patriarchales

920 1690 1040 1719 Orientis
1058 1689 1147 1722 sedes,
1163 1689 1222 1716 sive
1241 1688 1300 1720 eius
1320 1692 1373 1719 est,
1393 1695 1439 1714 seu
1461 1686 1585 1718 Sisittuii,
1602 1691 1630 1712 ut
1650 1684 1713 1720 qui-

921 1739 982 1765 dam
1007 1740 1114 1771 putant,
1137 1735 1285 1770 apostolica
1311 1734 1400 1765 sedes,
1418 1739 1447 1761 ut
1468 1739 1496 1762 et
1520 1732 1712 1768 praedatoriaut

920 1783 978 1818 ejus
992 1784 1137 1819 synodum,
1154 1782 1251 1809 merito
1266 1781 1387 1808 damnat.
1403 1780 1499 1808 Exstat
1520 1779 1584 1807 item
1600 1777 1713 1813 epistola

921 1830 954 1857 ad
981 1829 1140 1857 Michaeletn
1167 1827 1345 1862 Bulgarorunt
1375 1827 1546 1862 principem,
1571 1833 1585 1852 a
1613 1824 1712 1852 Franc.

922 1875 1056 1903 Turriano
1079 1873 1225 1902 Societatis
1248 1877 1348 1900 nostrae
1369 1876 1460 1903 eruta,
1479 1871 1631 1905 Latineque
1653 1869 1714 1896 red-

921 1921 987 1953 dita,
1003 1925 1033 1947 ut
1046 1925 1072 1948 et
1086 1927 1132 1947 seu:
1152 1919 1350 1946 dissertationes
1364 1918 1396 1945 de
1411 1917 1547 1944 divinitate
1577 1920 1602 1942 et
1621 1915 1712 1941 incar-

922 1967 1049 1998 natione,
1083 1965 1262 2000 legunturque
1289 1969 1363 1991 tomo
1388 1962 1410 1989 ν
1434 1961 1586 1989 Lectionum
1621 1960 1712 1995 Antio.

922 2011 1031 2038 llenrici
1050 2009 1151 2038 Cauisii
1176 2008 1356 2044 iureconsulti
1372 2007 1477 2034 clariss.
1501 2005 1559 2033 Huc
1580 2004 1713 2032 accedunt

921 2060 949 2083 et
976 2054 1098 2089 ejusdem
1124 2053 1214 2081 Photii
1249 2053 1389 2080 Tractattu
1419 2053 1451 2079 de
1481 2049 1656 2079 voluntatibus
1684 2049 1713 2076 in

922 2099 1040 2131 Christo,
1061 2107 1121 2134 quae
1147 2099 1274 2126 dicuutttr
1299 2098 1427 2132 γνωμικὰ
1450 2096 1594 2131 Θελήματα
1616 2094 1712 2121 eodem

921 2145 1056 2173 Turriano
1071 2146 1231 2179 interprete.
1247 2144 1301 2171 Sed
1313 2144 1370 2177 jatn
1387 2143 1445 2171 vela
1462 2141 1666 2172 eontrahamus,
1684 2143 1712 2167 et

922 2191 1048 2219 Photiuttt
1073 2191 1221 2226 scriptores
1246 2190 1320 2217 varie
1345 2193 1531 2217 rceensentem
1554 2186 1710 2218 audiamus;

919 2238 1020 2274 linguis
1034 2237 1187 2271 animisque
1204 2236 1303 2264 favete.

344 2405 474 2435 Faculttu
491 2407 521 2435 Β.
537 2406 571 2436 Ρ,
590 2407 769 2436 Provincialit
786 2406 926 2436 Societatit
942 2405 1018 2439 hut,
1031 2412 1078 2438 per
1092 2403 1251 2438 superiorem
1266 2399 1445 2429 Germaniam.

106 2476 182 2505 Hanc
211 2475 355 2503 Photianat
381 2475 558 2504 Bibliotheca
580 2484 613 2504 ex
638 2467 734 2504 Graeco
760 2475 925 2507 versionem,
948 2473 1099 2508 interprete
1123 2471 1154 2499 P.
1173 2471 1281 2498 Andrea
1299 2467 1422 2500 Schotto,
1446 2465 1590 2494 Societatis
1610 2467 1711 2508 nostra;

70 2522 222 2554 sacerdote,
238 2521 274 2547 ab
294 2519 400 2554 aliquot
417 2519 543 2548 Patribus
556 2519 713 2548 Graecarum
736 2519 889 2547 litterarum
915 2516 1012 2553 peritis
1023 2506 1119 2544 rvisam
1137 2521 1164 2542 et
1181 2514 1332 2549 probatam,
1348 2519 1398 2546 ego
1414 2506 1709 2554 Georgiuskoseflius,

71 2550 220 2592 Societatis-
233 2563 302 2591 Jesu
325 2550 375 2599 per
395 2562 569 2591 Germaniam
596 2564 765 2599 superiorem
787 2550 972 2597 provincialis,
993 2562 1125 2595 potestate
1141 2558 1205 2585 tttilti
1226 2559 1260 2584 ab
1273 2555 1419 2583 admodum
1486 2552 1517 2599 Ρ..
1539 2552 1572 2579 Ν.
1587 2550 1707 2599 genera-Ii

71 2607 181 2635 Claudio
192 2593 337 2642 Aquavira
350 2614 492 2639 concessa,
507 2607 577 2642 typis
591 2593 713 2634 mandari
728 2593 856 2642 permitto
869 2615 875 2633 :
889 2604 933 2633 cui
948 2603 986 2632 rei
994 2593 1053 2631 hoc
1068 2602 1224 2630 testimonio
1238 2607 1319 2628 manu
1336 2606 1395 2626 mea
1406 2596 1606 2631 subscripto,ct
1622 2593 1712 2629 sigillo

76 2651 185 2684 munito,
203 2650 287 2678 fidem
304 2649 397 2678 facere
413 2650 496 2678 volui.
516 2650 653 2686 Augustae,
667 2649 796 2678 Kalendis
812 2649 990 2685 Septembris.
1008 2647 1088 2675 Anno
1101 2644 1206 2674 MDCV.

1211 2699 1350 2727 Csenatus
1369 2696 1530 2724 ﬂossrrtos.
