  <div class='ocr_page' id='page_1' title='image "/cluster/home/n/w/nwhite01/storage/ocr_20150623/103/njp.32101010943882/023.png"; bbox 0 0 1918 3086; ppageno 0'>
   <div class='ocr_carea' id='block_1_1' title="bbox 218 146 1000 184">
    <p class='ocr_par' dir='ltr' id='par_1_1' title="bbox 218 152 1000 184">
     <span class='ocr_line' id='line_1_1' title="bbox 218 152 1000 184; baseline 0 -1"><span class='ocrx_word' id='word_1_1' title='bbox 218 152 249 184; x_wconf 84' lang='grc'><strong>31</strong></span> <span class='ocrx_word' id='word_1_2' title='bbox 765 154 814 184; x_wconf 84' lang='lat' dir='ltr'><strong>AD</strong></span> <span class='ocrx_word' id='word_1_3' title='bbox 834 153 966 184; x_wconf 83' lang='grc' dir='ltr'>ΙἮΟΤΙΙ</span> <span class='ocrx_word' id='word_1_4' title='bbox 988 154 1000 183; x_wconf 90' lang='grc'>1</span> 
     </span>
    </p>
   </div>
   <div class='ocr_carea' id='block_1_2' title="bbox 1074 146 1856 184">
    <p class='ocr_par' dir='ltr' id='par_1_2' title="bbox 1079 146 1856 184">
     <span class='ocr_line' id='line_1_2' title="bbox 1079 146 1856 184; baseline -0.006 -2"><span class='ocrx_word' id='word_1_5' title='bbox 1079 152 1269 184; x_wconf 78' lang='lat' dir='ltr'><strong>IOTHECAM</strong></span> <span class='ocrx_word' id='word_1_6' title='bbox 1817 146 1856 177; x_wconf 72' lang='lat'><strong>32</strong></span> 
     </span>
    </p>
   </div>
   <div class='ocr_carea' id='block_1_3' title="bbox 1457 239 1598 248">
    <p class='ocr_par' dir='ltr' id='par_1_3' title="bbox 1457 239 1598 248">
     <span class='ocr_line' id='line_1_3' title="bbox 1457 239 1598 248; baseline -0.007 0"><span class='ocrx_word' id='word_1_7' title='bbox 1457 239 1598 248; x_wconf 60' lang='lat'><strong>—_—-¢-</strong></span> 
     </span>
    </p>
   </div>
   <div class='ocr_carea' id='block_1_4' title="bbox 1403 241 1454 249">
    <p class='ocr_par' dir='ltr' id='par_1_4' title="bbox 1403 241 1454 249">
     <span class='ocr_line' id='line_1_4' title="bbox 1403 241 1454 249; baseline 0.039 -2"><span class='ocrx_word' id='word_1_8' title='bbox 1403 241 1454 249; x_wconf 45' lang='lat' dir='ltr'><strong>an.</strong></span> 
     </span>
    </p>
   </div>
   <div class='ocr_carea' id='block_1_5' title="bbox 614 295 1462 327">
    <p class='ocr_par' dir='ltr' id='par_1_5' title="bbox 614 295 1462 327">
     <span class='ocr_line' id='line_1_5' title="bbox 614 295 1462 327; baseline -0.001 -2"><span class='ocrx_word' id='word_1_9' title='bbox 614 295 734 325; x_wconf 80' lang='lat' dir='ltr'><strong>INDEX</strong></span> <span class='ocrx_word' id='word_1_10' title='bbox 748 296 956 326; x_wconf 78' lang='lat' dir='ltr'><strong>AUCTORUM</strong></span> <span class='ocrx_word' id='word_1_11' title='bbox 974 296 1238 327; x_wconf 71' lang='lat' dir='ltr'><strong>BlBLlOTlIEC/E</strong></span> <span class='ocrx_word' id='word_1_12' title='bbox 1257 295 1462 325; x_wconf 77' lang='lat' dir='ltr'><strong>PIIOTIAN/E</strong></span> 
     </span>
    </p>
   </div>
   <div class='ocr_carea' id='block_1_6' title="bbox 628 363 1443 400">
    <p class='ocr_par' dir='ltr' id='par_1_6' title="bbox 628 363 1443 400">
     <span class='ocr_line' id='line_1_6' title="bbox 628 363 1443 400; baseline -0.001 -1"><span class='ocrx_word' id='word_1_13' title='bbox 628 363 802 399; x_wconf 70' lang='lat' dir='ltr'><strong>ALPHADETI</strong></span> <span class='ocrx_word' id='word_1_14' title='bbox 814 377 903 399; x_wconf 80' lang='lat' dir='ltr'><strong>SERIE</strong></span> <span class='ocrx_word' id='word_1_15' title='bbox 916 378 956 399; x_wconf 86' lang='lat' dir='ltr'><strong>ET</strong></span> <span class='ocrx_word' id='word_1_16' title='bbox 971 379 1113 400; x_wconf 77' lang='lat' dir='ltr'><strong>CODICUM</strong></span> <span class='ocrx_word' id='word_1_17' title='bbox 1131 379 1264 400; x_wconf 74' lang='lat' dir='ltr'><strong>NUMERO</strong></span> <span class='ocrx_word' id='word_1_18' title='bbox 1281 377 1443 399; x_wconf 80' lang='lat' dir='ltr'><strong>ASCIIIPTO.</strong></span> 
     </span>
    </p>
   </div>
   <div class='ocr_carea' id='block_1_7' title="bbox 598 449 620 476">
    <p class='ocr_par' dir='ltr' id='par_1_7' title="bbox 598 449 620 476">
     <span class='ocr_line' id='line_1_7' title="bbox 598 449 620 476; baseline 0 0"><span class='ocrx_word' id='word_1_19' title='bbox 598 449 620 476; x_wconf 91' lang='lat' dir='ltr'><strong>A</strong></span> 
     </span>
    </p>
   </div>
   <div class='ocr_carea' id='block_1_8' title="bbox 253 494 1011 531">
    <p class='ocr_par' dir='ltr' id='par_1_8' title="bbox 253 494 1011 531">
     <span class='ocr_line' id='line_1_8' title="bbox 253 494 1011 531; baseline 0.003 -9"><span class='ocrx_word' id='word_1_20' title='bbox 253 495 373 523; x_wconf 83' lang='lat' dir='ltr'><strong>Achilles</strong></span> <span class='ocrx_word' id='word_1_21' title='bbox 386 494 493 523; x_wconf 82' lang='lat' dir='ltr'><strong>Tatius.</strong></span> <span class='ocrx_word' id='word_1_22' title='bbox 506 495 543 522; x_wconf 86' lang='lat' dir='ltr'><strong>De</strong></span> <span class='ocrx_word' id='word_1_23' title='bbox 556 497 636 523; x_wconf 88' lang='lat' dir='ltr'><strong>rebus</strong></span> <span class='ocrx_word' id='word_1_24' title='bbox 646 496 797 531; x_wconf 89' lang='lat' dir='ltr'><strong>Leucippes</strong></span> <span class='ocrx_word' id='word_1_25' title='bbox 810 499 839 523; x_wconf 83' lang='lat' dir='ltr'><strong>et</strong></span> <span class='ocrx_word' id='word_1_26' title='bbox 851 495 1011 531; x_wconf 84' lang='lat' dir='ltr'><strong>Clitophnu-</strong></span> 
     </span>
    </p>
   </div>
   <div class='ocr_carea' id='block_1_9' title="bbox 221 541 660 574">
    <p class='ocr_par' dir='ltr' id='par_1_9' title="bbox 221 541 660 574">
     <span class='ocr_line' id='line_1_9' title="bbox 221 541 660 574; baseline 0.005 -6"><span class='ocrx_word' id='word_1_27' title='bbox 221 541 256 570; x_wconf 87' lang='lat' dir='ltr'><strong>tis</strong></span> <span class='ocrx_word' id='word_1_28' title='bbox 271 542 332 569; x_wconf 83' lang='lat' dir='ltr'><strong>libri</strong></span> <span class='ocrx_word' id='word_1_29' title='bbox 351 549 409 574; x_wconf 91' lang='lat' dir='ltr'><strong>vnt,</strong></span> <span class='ocrx_word' id='word_1_30' title='bbox 427 543 488 569; x_wconf 87' lang='lat' dir='ltr'><strong>cod.</strong></span> <span class='ocrx_word' id='word_1_31' title='bbox 505 541 660 570; x_wconf 88' lang='lat' dir='ltr'><strong>LXXXVII.</strong></span> 
     </span>
    </p>
   </div>
   <div class='ocr_carea' id='block_1_10' title="bbox 256 588 1010 622">
    <p class='ocr_par' dir='ltr' id='par_1_10' title="bbox 256 588 1010 622">
     <span class='ocr_line' id='line_1_10' title="bbox 256 588 1010 622; baseline 0.004 -8"><span class='ocrx_word' id='word_1_32' title='bbox 256 588 322 615; x_wconf 85' lang='lat' dir='ltr'><strong>Acta</strong></span> <span class='ocrx_word' id='word_1_33' title='bbox 341 588 532 622; x_wconf 88' lang='lat' dir='ltr'><strong>disputationis</strong></span> <span class='ocrx_word' id='word_1_34' title='bbox 554 588 764 621; x_wconf 64' lang='lat' dir='ltr'><strong>haereticorum.</strong></span> <span class='ocrx_word' id='word_1_35' title='bbox 785 597 876 617; x_wconf 89' lang='lat' dir='ltr'><strong>coram</strong></span> <span class='ocrx_word' id='word_1_36' title='bbox 905 588 1010 617; x_wconf 79' lang='lat' dir='ltr'><strong>Joanae</strong></span> 
     </span>
    </p>
   </div>
   <div class='ocr_carea' id='block_1_11' title="bbox 220 632 884 668">
    <p class='ocr_par' dir='ltr' id='par_1_11' title="bbox 220 632 884 668">
     <span class='ocr_line' id='line_1_11' title="bbox 220 632 884 668; baseline 0.005 -10"><span class='ocrx_word' id='word_1_37' title='bbox 220 632 374 666; x_wconf 71' lang='lat' dir='ltr'><strong>patriarcha</strong></span> <span class='ocrx_word' id='word_1_38' title='bbox 388 632 699 668; x_wconf 69' lang='lat' dir='ltr'><strong>Constantinopolitano,</strong></span> <span class='ocrx_word' id='word_1_39' title='bbox 714 633 775 661; x_wconf 82' lang='lat' dir='ltr'><strong>eod.</strong></span> <span class='ocrx_word' id='word_1_40' title='bbox 789 633 884 661; x_wconf 86' lang='lat' dir='ltr'><strong>XXIV.</strong></span> 
     </span>
    </p>
   </div>
   <div class='ocr_carea' id='block_1_12' title="bbox 254 678 846 714">
    <p class='ocr_par' dir='ltr' id='par_1_12' title="bbox 254 678 846 714">
     <span class='ocr_line' id='line_1_12' title="bbox 254 678 846 714; baseline 0.005 -9"><span class='ocrx_word' id='word_1_41' title='bbox 254 678 367 705; x_wconf 85' lang='lat' dir='ltr'><strong>Adriani</strong></span> <span class='ocrx_word' id='word_1_42' title='bbox 383 678 495 714; x_wconf 77' lang='lat' dir='ltr'><strong>Isagoge</strong></span> <span class='ocrx_word' id='word_1_43' title='bbox 513 679 542 707; x_wconf 92' lang='lat' dir='ltr'><strong>S.</strong></span> <span class='ocrx_word' id='word_1_44' title='bbox 562 680 720 714; x_wconf 74' lang='lat' dir='ltr'><strong>Scripturze,</strong></span> <span class='ocrx_word' id='word_1_45' title='bbox 739 682 800 708; x_wconf 91' lang='lat' dir='ltr'><strong>cod.</strong></span> <span class='ocrx_word' id='word_1_46' title='bbox 814 680 846 709; x_wconf 90' lang='lat' dir='ltr'><strong>ll.</strong></span> 
     </span>
    </p>
   </div>
   <div class='ocr_carea' id='block_1_13' title="bbox 255 723 717 758">
    <p class='ocr_par' dir='ltr' id='par_1_13' title="bbox 255 723 717 758">
     <span class='ocr_line' id='line_1_13' title="bbox 255 723 717 758; baseline 0.011 -9"><span class='ocrx_word' id='word_1_47' title='bbox 255 723 364 750; x_wconf 87' lang='lat' dir='ltr'><strong>Adriani</strong></span> <span class='ocrx_word' id='word_1_48' title='bbox 379 724 600 758; x_wconf 78' lang='lat' dir='ltr'><strong>declamationes,</strong></span> <span class='ocrx_word' id='word_1_49' title='bbox 613 726 672 754; x_wconf 83' lang='lat' dir='ltr'><strong>cod.</strong></span> <span class='ocrx_word' id='word_1_50' title='bbox 683 726 717 754; x_wconf 87' lang='lat' dir='ltr'><strong>C.</strong></span> 
     </span>
    </p>
   </div>
   <div class='ocr_carea' id='block_1_14' title="bbox 253 767 1006 811">
    <p class='ocr_par' dir='ltr' id='par_1_14' title="bbox 253 767 1006 811">
     <span class='ocr_line' id='line_1_14' title="bbox 253 767 1006 811; baseline 0.008 -17"><span class='ocrx_word' id='word_1_51' title='bbox 253 767 418 811; x_wconf 63' lang='lat' dir='ltr'><strong>Enesidemi</strong></span> <span class='ocrx_word' id='word_1_52' title='bbox 434 769 511 805; x_wconf 68' lang='grc' dir='ltr'><strong>ΛΕεοὶ</strong></span> <span class='ocrx_word' id='word_1_53' title='bbox 528 771 561 799; x_wconf 87' lang='lat' dir='ltr'><strong>de</strong></span> <span class='ocrx_word' id='word_1_54' title='bbox 576 771 735 807; x_wconf 90' lang='lat' dir='ltr'><strong>Pyrrhoniis</strong></span> <span class='ocrx_word' id='word_1_55' title='bbox 763 772 824 800; x_wconf 82' lang='lat' dir='ltr'><strong>libri</strong></span> <span class='ocrx_word' id='word_1_56' title='bbox 856 780 917 804; x_wconf 82' lang='lat' dir='ltr'><strong>VIII,</strong></span> <span class='ocrx_word' id='word_1_57' title='bbox 946 773 1006 800; x_wconf 87' lang='lat' dir='ltr'><strong>cod.</strong></span> 
     </span>
    </p>
   </div>
   <div class='ocr_carea' id='block_1_15' title="bbox 217 812 320 839">
    <p class='ocr_par' dir='ltr' id='par_1_15' title="bbox 217 812 320 839">
     <span class='ocr_line' id='line_1_15' title="bbox 217 812 320 839; baseline 0 0"><span class='ocrx_word' id='word_1_58' title='bbox 217 812 320 839; x_wconf 90' lang='lat' dir='ltr'><strong>CCXII.</strong></span> 
     </span>
    </p>
   </div>
   <div class='ocr_carea' id='block_1_16' title="bbox 253 856 1007 897">
    <p class='ocr_par' dir='ltr' id='par_1_16' title="bbox 253 856 1007 897">
     <span class='ocr_line' id='line_1_16' title="bbox 253 856 1007 897; baseline 0.009 -13"><span class='ocrx_word' id='word_1_59' title='bbox 253 856 392 886; x_wconf 68' lang='lat' dir='ltr'><strong>Aisehinis</strong></span> <span class='ocrx_word' id='word_1_60' title='bbox 412 859 552 888; x_wconf 84' lang='lat' dir='ltr'><strong>orationes</strong></span> <span class='ocrx_word' id='word_1_61' title='bbox 569 868 599 888; x_wconf 90' lang='lat' dir='ltr'><strong>Ill</strong></span> <span class='ocrx_word' id='word_1_62' title='bbox 614 866 642 889; x_wconf 86' lang='lat' dir='ltr'><strong>et</strong></span> <span class='ocrx_word' id='word_1_63' title='bbox 666 862 789 897; x_wconf 74' lang='lat' dir='ltr'><strong>epistola:</strong></span> <span class='ocrx_word' id='word_1_64' title='bbox 807 871 845 895; x_wconf 76' lang='lat' dir='ltr'><strong>XI,</strong></span> <span class='ocrx_word' id='word_1_65' title='bbox 864 863 923 891; x_wconf 84' lang='lat' dir='ltr'><strong>cod.</strong></span> <span class='ocrx_word' id='word_1_66' title='bbox 947 863 1007 891; x_wconf 85' lang='lat' dir='ltr'><strong>LXI</strong></span> 
     </span>
    </p>
   </div>
   <div class='ocr_carea' id='block_1_17' title="bbox 215 902 395 930">
    <p class='ocr_par' dir='ltr' id='par_1_17' title="bbox 215 902 395 930">
     <span class='ocr_line' id='line_1_17' title="bbox 215 902 395 930; baseline 0.017 -3"><span class='ocrx_word' id='word_1_67' title='bbox 215 907 243 928; x_wconf 85' lang='lat' dir='ltr'><strong>et</strong></span> <span class='ocrx_word' id='word_1_68' title='bbox 258 902 395 930; x_wconf 92' lang='lat' dir='ltr'><strong>CCLXIV.</strong></span> 
     </span>
    </p>
   </div>
   <div class='ocr_carea' id='block_1_18' title="bbox 251 949 1005 991">
    <p class='ocr_par' dir='ltr' id='par_1_18' title="bbox 251 949 1005 991">
     <span class='ocr_line' id='line_1_18' title="bbox 251 949 1005 991; baseline 0.012 -16"><span class='ocrx_word' id='word_1_69' title='bbox 251 949 321 976; x_wconf 72' lang='lat' dir='ltr'><strong>Aetii</strong></span> <span class='ocrx_word' id='word_1_70' title='bbox 357 951 480 979; x_wconf 85' lang='lat' dir='ltr'><strong>Amideni</strong></span> <span class='ocrx_word' id='word_1_71' title='bbox 504 953 603 991; x_wconf 40' lang='lat' dir='ltr'><strong>&#39;operis</strong></span> <span class='ocrx_word' id='word_1_72' title='bbox 625 955 722 982; x_wconf 88' lang='lat' dir='ltr'><strong>medici</strong></span> <span class='ocrx_word' id='word_1_73' title='bbox 751 955 814 983; x_wconf 92' lang='lat' dir='ltr'><strong>libri</strong></span> <span class='ocrx_word' id='word_1_74' title='bbox 832 964 897 988; x_wconf 80' lang='lat' dir='ltr'><strong>xvi,</strong></span> <span class='ocrx_word' id='word_1_75' title='bbox 929 957 979 983; x_wconf 89' lang='lat' dir='ltr'><strong>cod</strong></span> <span class='ocrx_word' id='word_1_76' title='bbox 997 976 1005 984; x_wconf 96' lang='lat'><strong>.</strong></span> 
     </span>
    </p>
   </div>
   <div class='ocr_carea' id='block_1_19' title="bbox 215 995 331 1023">
    <p class='ocr_par' dir='ltr' id='par_1_19' title="bbox 215 995 331 1023">
     <span class='ocr_line' id='line_1_19' title="bbox 215 995 331 1023; baseline 0.009 -1"><span class='ocrx_word' id='word_1_77' title='bbox 215 995 331 1023; x_wconf 81' lang='lat' dir='ltr'><strong>CCXXI.</strong></span> 
     </span>
    </p>
   </div>
   <div class='ocr_carea' id='block_1_20' title="bbox 249 1041 1003 1084">
    <p class='ocr_par' dir='ltr' id='par_1_20' title="bbox 249 1041 1003 1084">
     <span class='ocr_line' id='line_1_20' title="bbox 249 1041 1003 1084; baseline 0.011 -17"><span class='ocrx_word' id='word_1_78' title='bbox 249 1041 456 1075; x_wconf 71' lang='lat' dir='ltr'><strong>Agatharehida:</strong></span> <span class='ocrx_word' id='word_1_79' title='bbox 470 1043 583 1077; x_wconf 82' lang='lat' dir='ltr'><strong>Histor..</strong></span> <span class='ocrx_word' id='word_1_80' title='bbox 593 1046 654 1073; x_wconf 87' lang='lat' dir='ltr'><strong>eod.</strong></span> <span class='ocrx_word' id='word_1_81' title='bbox 665 1046 778 1074; x_wconf 88' lang='lat' dir='ltr'><strong>CCXIII.</strong></span> <span class='ocrx_word' id='word_1_82' title='bbox 788 1047 851 1075; x_wconf 91' lang='lat' dir='ltr'><strong>Inde</strong></span> <span class='ocrx_word' id='word_1_83' title='bbox 866 1054 1003 1084; x_wconf 63' lang='lat' dir='ltr'><strong>excerpta,</strong></span> 
     </span>
    </p>
   </div>
   <div class='ocr_carea' id='block_1_21' title="bbox 213 1086 363 1114">
    <p class='ocr_par' dir='ltr' id='par_1_21' title="bbox 213 1086 363 1114">
     <span class='ocr_line' id='line_1_21' title="bbox 213 1086 363 1114; baseline 0.013 -3"><span class='ocrx_word' id='word_1_84' title='bbox 213 1087 275 1112; x_wconf 90' lang='lat' dir='ltr'><strong>cod.</strong></span> <span class='ocrx_word' id='word_1_85' title='bbox 287 1086 363 1114; x_wconf 86' lang='lat' dir='ltr'><strong>CCL.</strong></span> 
     </span>
    </p>
   </div>
   <div class='ocr_carea' id='block_1_22' title="bbox 246 1131 1003 1170">
    <p class='ocr_par' dir='ltr' id='par_1_22' title="bbox 246 1131 1003 1170">
     <span class='ocr_line' id='line_1_22' title="bbox 246 1131 1003 1170; baseline 0.015 -13"><span class='ocrx_word' id='word_1_86' title='bbox 246 1131 605 1167; x_wconf 56' lang='lat' dir='ltr'><strong>AlexandrigAdmirabilium</strong></span> <span class='ocrx_word' id='word_1_87' title='bbox 612 1136 878 1170; x_wconf 81' lang='lat' dir='ltr'><strong>eolleetio,rod.CLX</strong></span> <span class='ocrx_word' id='word_1_88' title='bbox 885 1139 930 1166; x_wconf 86' lang='lat' dir='ltr'><strong>XX</strong></span> <span class='ocrx_word' id='word_1_89' title='bbox 937 1140 1003 1169; x_wconf 92' lang='lat' dir='ltr'><strong>VIII.</strong></span> 
     </span>
    </p>
   </div>
   <div class='ocr_carea' id='block_1_23' title="bbox 245 1177 1004 1216">
    <p class='ocr_par' dir='ltr' id='par_1_23' title="bbox 245 1177 1004 1216">
     <span class='ocr_line' id='line_1_23' title="bbox 245 1177 1004 1216; baseline 0.013 -12"><span class='ocrx_word' id='word_1_90' title='bbox 245 1177 428 1212; x_wconf 81' lang='lat' dir='ltr'><strong>Amyntianus</strong></span> <span class='ocrx_word' id='word_1_91' title='bbox 437 1179 465 1207; x_wconf 92' lang='lat' dir='ltr'><strong>in</strong></span> <span class='ocrx_word' id='word_1_92' title='bbox 473 1181 655 1209; x_wconf 76' lang='lat' dir='ltr'><strong>Alexandrum</strong></span> <span class='ocrx_word' id='word_1_93' title='bbox 667 1183 700 1210; x_wconf 81' lang='lat' dir='ltr'><strong>Ill.</strong></span> <span class='ocrx_word' id='word_1_94' title='bbox 711 1191 733 1210; x_wconf 87' lang='lat' dir='ltr'><strong>et</strong></span> <span class='ocrx_word' id='word_1_95' title='bbox 746 1185 779 1211; x_wconf 88' lang='lat' dir='ltr'><strong>ali</strong></span> <span class='ocrx_word' id='word_1_96' title='bbox 790 1195 807 1216; x_wconf 88' lang='grc' dir='ltr'><strong>ι,</strong></span> <span class='ocrx_word' id='word_1_97' title='bbox 818 1187 878 1213; x_wconf 85' lang='lat' dir='ltr'><strong>cod.</strong></span> <span class='ocrx_word' id='word_1_98' title='bbox 887 1186 1004 1213; x_wconf 88' lang='lat' dir='ltr'><strong>CXXXI.</strong></span> 
     </span>
    </p>
   </div>
   <div class='ocr_carea' id='block_1_24' title="bbox 247 1223 761 1257">
    <p class='ocr_par' dir='ltr' id='par_1_24' title="bbox 247 1223 761 1257">
     <span class='ocr_line' id='line_1_24' title="bbox 247 1223 761 1257; baseline 0.014 -9"><span class='ocrx_word' id='word_1_99' title='bbox 247 1223 392 1250; x_wconf 71' lang='lat' dir='ltr'><strong>All‘iOCiII-‘l‘</strong></span> <span class='ocrx_word' id='word_1_100' title='bbox 407 1226 555 1257; x_wconf 85' lang='lat' dir='ltr'><strong>orationes,</strong></span> <span class='ocrx_word' id='word_1_101' title='bbox 570 1227 630 1253; x_wconf 85' lang='lat' dir='ltr'><strong>cod.</strong></span> <span class='ocrx_word' id='word_1_102' title='bbox 648 1227 761 1256; x_wconf 87' lang='lat' dir='ltr'><strong>CCLXI.</strong></span> 
     </span>
    </p>
   </div>
   <div class='ocr_carea' id='block_1_25' title="bbox 247 1268 950 1307">
    <p class='ocr_par' dir='ltr' id='par_1_25' title="bbox 247 1268 950 1307">
     <span class='ocr_line' id='line_1_25' title="bbox 247 1268 950 1307; baseline 0.017 -14"><span class='ocrx_word' id='word_1_103' title='bbox 247 1268 565 1298; x_wconf 79' lang='lat' dir='ltr'><strong>Andronicianuscmitra</strong></span> <span class='ocrx_word' id='word_1_104' title='bbox 582 1271 778 1307; x_wconf 70' lang='lat' dir='ltr'><strong>Eunomianm,</strong></span> <span class='ocrx_word' id='word_1_105' title='bbox 792 1277 853 1303; x_wconf 77' lang='lat' dir='ltr'><strong>eod.</strong></span> <span class='ocrx_word' id='word_1_106' title='bbox 871 1277 950 1306; x_wconf 88' lang='lat' dir='ltr'><strong>XLV.</strong></span> 
     </span>
    </p>
   </div>
   <div class='ocr_carea' id='block_1_26' title="bbox 247 1312 1004 1356">
    <p class='ocr_par' dir='ltr' id='par_1_26' title="bbox 247 1312 1004 1356">
     <span class='ocr_line' id='line_1_26' title="bbox 247 1312 1004 1356; baseline 0.016 -18"><span class='ocrx_word' id='word_1_107' title='bbox 247 1312 407 1349; x_wconf 85' lang='lat' dir='ltr'><strong>Annnynms</strong></span> <span class='ocrx_word' id='word_1_108' title='bbox 429 1321 525 1343; x_wconf 86' lang='lat' dir='ltr'><strong>contra</strong></span> <span class='ocrx_word' id='word_1_109' title='bbox 541 1316 649 1345; x_wconf 69' lang='lat' dir='ltr'><strong>Judaeos</strong></span> <span class='ocrx_word' id='word_1_110' title='bbox 676 1324 703 1346; x_wconf 86' lang='lat' dir='ltr'><strong>et</strong></span> <span class='ocrx_word' id='word_1_111' title='bbox 730 1321 1004 1356; x_wconf 66' lang='lat' dir='ltr'><strong>Qllal&#39;lddt&#39;cltlliIIIOS,</strong></span> 
     </span>
    </p>
   </div>
   <div class='ocr_carea' id='block_1_27' title="bbox 211 1358 366 1387">
    <p class='ocr_par' dir='ltr' id='par_1_27' title="bbox 211 1358 366 1387">
     <span class='ocr_line' id='line_1_27' title="bbox 211 1358 366 1387; baseline 0.019 -3"><span class='ocrx_word' id='word_1_112' title='bbox 211 1358 274 1385; x_wconf 88' lang='lat' dir='ltr'><strong>cod.</strong></span> <span class='ocrx_word' id='word_1_113' title='bbox 285 1359 366 1387; x_wconf 89' lang='lat' dir='ltr'><strong>CXV.</strong></span> 
     </span>
    </p>
   </div>
   <div class='ocr_carea' id='block_1_28' title="bbox 247 1405 1003 1448">
    <p class='ocr_par' dir='ltr' id='par_1_28' title="bbox 247 1405 1003 1448">
     <span class='ocr_line' id='line_1_28' title="bbox 247 1405 1003 1448; baseline 0.013 -17"><span class='ocrx_word' id='word_1_114' title='bbox 247 1405 383 1440; x_wconf 84' lang='lat' dir='ltr'><strong>Anonymi</strong></span> <span class='ocrx_word' id='word_1_115' title='bbox 409 1407 629 1436; x_wconf 68' lang='lat' dir='ltr'><strong>testimoniorum</strong></span> <span class='ocrx_word' id='word_1_116' title='bbox 646 1410 678 1437; x_wconf 87' lang='lat' dir='ltr'><strong>de</strong></span> <span class='ocrx_word' id='word_1_117' title='bbox 704 1411 813 1439; x_wconf 85' lang='lat' dir='ltr'><strong>Christo</strong></span> <span class='ocrx_word' id='word_1_118' title='bbox 841 1421 856 1440; x_wconf 76' lang='grc' dir='ltr'>ε</span> <span class='ocrx_word' id='word_1_119' title='bbox 882 1414 1003 1448; x_wconf 75' lang='lat' dir='ltr'><strong>gentium</strong></span> 
     </span>
    </p>
   </div>
   <div class='ocr_carea' id='block_1_29' title="bbox 211 1451 1003 1493">
    <p class='ocr_par' dir='ltr' id='par_1_29' title="bbox 211 1451 1003 1493">
     <span class='ocr_line' id='line_1_29' title="bbox 211 1451 1003 1493; baseline 0.014 -17"><span class='ocrx_word' id='word_1_120' title='bbox 211 1451 320 1486; x_wconf 82' lang='lat' dir='ltr'><strong>scriptis</strong></span> <span class='ocrx_word' id='word_1_121' title='bbox 343 1452 402 1479; x_wconf 85' lang='lat' dir='ltr'><strong>libri</strong></span> <span class='ocrx_word' id='word_1_122' title='bbox 425 1461 469 1487; x_wconf 78' lang='lat' dir='ltr'><strong>xv,</strong></span> <span class='ocrx_word' id='word_1_123' title='bbox 492 1455 552 1482; x_wconf 88' lang='lat' dir='ltr'><strong>cod.</strong></span> <span class='ocrx_word' id='word_1_124' title='bbox 575 1455 687 1483; x_wconf 82' lang='lat' dir='ltr'><strong>CLXX.</strong></span> <span class='ocrx_word' id='word_1_125' title='bbox 706 1473 742 1478; x_wconf 92' lang='lat'><strong>-—-</strong></span> <span class='ocrx_word' id='word_1_126' title='bbox 763 1457 921 1493; x_wconf 65' lang='lat' dir='ltr'><strong>Pythagora:</strong></span> <span class='ocrx_word' id='word_1_127' title='bbox 945 1460 1003 1487; x_wconf 85' lang='lat' dir='ltr'><strong>Vita</strong></span> 
     </span>
    </p>
   </div>
   <div class='ocr_carea' id='block_1_30' title="bbox 211 1496 1005 1535">
    <p class='ocr_par' dir='ltr' id='par_1_30' title="bbox 211 1496 1005 1535">
     <span class='ocr_line' id='line_1_30' title="bbox 211 1496 1005 1535; baseline 0.014 -13"><span class='ocrx_word' id='word_1_128' title='bbox 211 1496 271 1523; x_wconf 79' lang='lat' dir='ltr'><strong>rod.</strong></span> <span class='ocrx_word' id='word_1_129' title='bbox 295 1497 430 1526; x_wconf 87' lang='lat' dir='ltr'><strong>CCXLIX.</strong></span> <span class='ocrx_word' id='word_1_130' title='bbox 445 1514 481 1520; x_wconf 95' lang='lat'>—</span> <span class='ocrx_word' id='word_1_131' title='bbox 495 1500 524 1528; x_wconf 74' lang='grc' dir='ltr'><strong>ὃ.</strong></span> <span class='ocrx_word' id='word_1_132' title='bbox 540 1501 663 1535; x_wconf 64' lang='lat' dir='ltr'><strong>Gregorii</strong></span> <span class='ocrx_word' id='word_1_133' title='bbox 690 1503 761 1535; x_wconf 86' lang='lat' dir='ltr'><strong>Vita,</strong></span> <span class='ocrx_word' id='word_1_134' title='bbox 780 1505 842 1531; x_wconf 87' lang='lat' dir='ltr'><strong>cod.</strong></span> <span class='ocrx_word' id='word_1_135' title='bbox 858 1505 955 1534; x_wconf 85' lang='lat' dir='ltr'><strong>CCLII.</strong></span> <span class='ocrx_word' id='word_1_136' title='bbox 969 1520 1005 1525; x_wconf 92' lang='lat'>—</span> 
     </span>
    </p>
   </div>
   <div class='ocr_carea' id='block_1_31' title="bbox 213 1542 1001 1583">
    <p class='ocr_par' dir='ltr' id='par_1_31' title="bbox 213 1542 1001 1583">
     <span class='ocr_line' id='line_1_31' title="bbox 213 1542 1001 1583; baseline 0.013 -14"><span class='ocrx_word' id='word_1_137' title='bbox 213 1542 371 1578; x_wconf 79' lang='lat' dir='ltr'><strong>Martyrium</strong></span> <span class='ocrx_word' id='word_1_138' title='bbox 395 1552 431 1572; x_wconf 86' lang='lat' dir='ltr'><strong>VII</strong></span> <span class='ocrx_word' id='word_1_139' title='bbox 454 1554 597 1580; x_wconf 81' lang='lat' dir='ltr'><strong>puerorum</strong></span> <span class='ocrx_word' id='word_1_140' title='bbox 626 1549 677 1576; x_wconf 87' lang='lat' dir='ltr'><strong>sub</strong></span> <span class='ocrx_word' id='word_1_141' title='bbox 700 1550 790 1583; x_wconf 85' lang='lat' dir='ltr'><strong>Decio,</strong></span> <span class='ocrx_word' id='word_1_142' title='bbox 804 1552 865 1580; x_wconf 86' lang='lat' dir='ltr'><strong>cod.</strong></span> <span class='ocrx_word' id='word_1_143' title='bbox 885 1552 1001 1580; x_wconf 85' lang='lat' dir='ltr'><strong>CCLIII.</strong></span> 
     </span>
    </p>
   </div>
   <div class='ocr_carea' id='block_1_32' title="bbox 210 1588 1004 1626">
    <p class='ocr_par' dir='ltr' id='par_1_32' title="bbox 210 1588 1004 1626">
     <span class='ocr_line' id='line_1_32' title="bbox 210 1588 1004 1626; baseline 0.014 -13"><span class='ocrx_word' id='word_1_144' title='bbox 210 1588 404 1625; x_wconf 75' lang='lat' dir='ltr'><strong>—M.irtyrinm</strong></span> <span class='ocrx_word' id='word_1_145' title='bbox 429 1590 564 1619; x_wconf 82' lang='lat' dir='ltr'><strong>Timothei</strong></span> <span class='ocrx_word' id='word_1_146' title='bbox 595 1594 722 1626; x_wconf 82' lang='lat' dir='ltr'><strong>apostoli,</strong></span> <span class='ocrx_word' id='word_1_147' title='bbox 737 1597 807 1622; x_wconf 59' lang='lat' dir='ltr'><strong>coil.</strong></span> <span class='ocrx_word' id='word_1_148' title='bbox 832 1595 947 1623; x_wconf 84' lang='lat' dir='ltr'><strong>CCLIV.</strong></span> <span class='ocrx_word' id='word_1_149' title='bbox 970 1611 1004 1617; x_wconf 79' lang='lat'><strong>~—</strong></span> 
     </span>
    </p>
   </div>
   <div class='ocr_carea' id='block_1_33' title="bbox 211 1633 1003 1670">
    <p class='ocr_par' dir='ltr' id='par_1_33' title="bbox 211 1633 1003 1670">
     <span class='ocr_line' id='line_1_33' title="bbox 211 1633 1003 1670; baseline 0.01 -9"><span class='ocrx_word' id='word_1_150' title='bbox 211 1633 370 1670; x_wconf 80' lang='lat' dir='ltr'><strong>Martyrium</strong></span> <span class='ocrx_word' id='word_1_151' title='bbox 384 1635 412 1662; x_wconf 90' lang='lat' dir='ltr'><strong>S.</strong></span> <span class='ocrx_word' id='word_1_152' title='bbox 425 1636 562 1669; x_wconf 81' lang='lat' dir='ltr'><strong>Demetrii,</strong></span> <span class='ocrx_word' id='word_1_153' title='bbox 574 1640 633 1666; x_wconf 84' lang='lat' dir='ltr'><strong>cod.</strong></span> <span class='ocrx_word' id='word_1_154' title='bbox 644 1639 742 1667; x_wconf 86' lang='lat' dir='ltr'><strong>CCLV.</strong></span> <span class='ocrx_word' id='word_1_155' title='bbox 755 1655 790 1660; x_wconf 87' lang='lat'><strong>—-—</strong></span> <span class='ocrx_word' id='word_1_156' title='bbox 799 1642 864 1668; x_wconf 77' lang='lat' dir='ltr'><strong>Acta</strong></span> <span class='ocrx_word' id='word_1_157' title='bbox 879 1641 929 1668; x_wconf 89' lang='lat' dir='ltr'><strong>SS.</strong></span> <span class='ocrx_word' id='word_1_158' title='bbox 949 1642 1003 1669; x_wconf 58' lang='lat' dir='ltr'><strong>lli--</strong></span> 
     </span>
    </p>
   </div>
   <div class='ocr_carea' id='block_1_34' title="bbox 211 1681 1001 1716">
    <p class='ocr_par' dir='ltr' id='par_1_34' title="bbox 211 1681 1001 1716">
     <span class='ocr_line' id='line_1_34' title="bbox 211 1681 1001 1716; baseline 0.013 -11"><span class='ocrx_word' id='word_1_159' title='bbox 211 1681 352 1714; x_wconf 85' lang='lat' dir='ltr'><strong>tropbauis</strong></span> <span class='ocrx_word' id='word_1_160' title='bbox 375 1687 401 1708; x_wconf 82' lang='lat' dir='ltr'><strong>et</strong></span> <span class='ocrx_word' id='word_1_161' title='bbox 424 1682 582 1716; x_wconf 80' lang='lat' dir='ltr'><strong>Alexandri,</strong></span> <span class='ocrx_word' id='word_1_162' title='bbox 605 1685 666 1711; x_wconf 76' lang='lat' dir='ltr'><strong>rod.</strong></span> <span class='ocrx_word' id='word_1_163' title='bbox 698 1685 809 1713; x_wconf 90' lang='lat' dir='ltr'><strong>CCLVI.</strong></span> <span class='ocrx_word' id='word_1_164' title='bbox 837 1702 873 1707; x_wconf 95' lang='lat'><strong><em>—</em></strong></span> <span class='ocrx_word' id='word_1_165' title='bbox 889 1688 948 1715; x_wconf 82' lang='lat' dir='ltr'><strong>Vita</strong></span> <span class='ocrx_word' id='word_1_166' title='bbox 974 1693 1001 1715; x_wconf 85' lang='lat' dir='ltr'><strong>et</strong></span> 
     </span>
    </p>
   </div>
   <div class='ocr_carea' id='block_1_35' title="bbox 212 1727 1001 1765">
    <p class='ocr_par' dir='ltr' id='par_1_35' title="bbox 212 1727 1001 1765">
     <span class='ocr_line' id='line_1_35' title="bbox 212 1727 1001 1765; baseline 0.014 -15"><span class='ocrx_word' id='word_1_167' title='bbox 212 1727 373 1760; x_wconf 87' lang='lat' dir='ltr'><strong>martyrium</strong></span> <span class='ocrx_word' id='word_1_168' title='bbox 386 1727 460 1754; x_wconf 87' lang='lat' dir='ltr'><strong>Pauli</strong></span> <span class='ocrx_word' id='word_1_169' title='bbox 474 1729 557 1762; x_wconf 84' lang='lat' dir='ltr'><strong>episc.</strong></span> <span class='ocrx_word' id='word_1_170' title='bbox 570 1729 787 1765; x_wconf 75' lang='lat' dir='ltr'><strong>Conslanlinop.,</strong></span> <span class='ocrx_word' id='word_1_171' title='bbox 805 1733 866 1760; x_wconf 82' lang='lat' dir='ltr'><strong>cod.</strong></span> <span class='ocrx_word' id='word_1_172' title='bbox 878 1733 1001 1762; x_wconf 86' lang='lat' dir='ltr'><strong>CCLVII.</strong></span> 
     </span>
    </p>
   </div>
   <div class='ocr_carea' id='block_1_36' title="bbox 210 1769 1001 1809">
    <p class='ocr_par' dir='ltr' id='par_1_36' title="bbox 210 1769 1001 1809">
     <span class='ocr_line' id='line_1_36' title="bbox 210 1769 1001 1809; baseline 0.014 -14"><span class='ocrx_word' id='word_1_173' title='bbox 210 1769 308 1797; x_wconf 81' lang='lat' dir='ltr'><strong>—Vita</strong></span> <span class='ocrx_word' id='word_1_174' title='bbox 325 1776 352 1798; x_wconf 84' lang='lat' dir='ltr'><strong>et</strong></span> <span class='ocrx_word' id='word_1_175' title='bbox 367 1779 502 1800; x_wconf 77' lang='lat' dir='ltr'><strong>certanwn</strong></span> <span class='ocrx_word' id='word_1_176' title='bbox 518 1776 607 1809; x_wconf 76' lang='lat' dir='ltr'><strong>magni</strong></span> <span class='ocrx_word' id='word_1_177' title='bbox 622 1775 774 1809; x_wconf 82' lang='lat' dir='ltr'><strong>Athanasii,</strong></span> <span class='ocrx_word' id='word_1_178' title='bbox 789 1778 849 1804; x_wconf 89' lang='lat' dir='ltr'><strong>eod.</strong></span> <span class='ocrx_word' id='word_1_179' title='bbox 868 1779 1001 1806; x_wconf 87' lang='lat' dir='ltr'><strong>CCLVIII.</strong></span> 
     </span>
    </p>
   </div>
   <div class='ocr_carea' id='block_1_37' title="bbox 248 1816 998 1856">
    <p class='ocr_par' dir='ltr' id='par_1_37' title="bbox 248 1816 998 1856">
     <span class='ocr_line' id='line_1_37' title="bbox 248 1816 998 1856; baseline 0.015 -15"><span class='ocrx_word' id='word_1_180' title='bbox 248 1816 420 1851; x_wconf 77' lang='lat' dir='ltr'><strong>Antiphontis</strong></span> <span class='ocrx_word' id='word_1_181' title='bbox 438 1818 615 1848; x_wconf 80' lang='lat' dir='ltr'><strong>Atheniensis</strong></span> <span class='ocrx_word' id='word_1_182' title='bbox 633 1822 752 1849; x_wconf 82' lang='lat' dir='ltr'><strong>rhetoris</strong></span> <span class='ocrx_word' id='word_1_183' title='bbox 768 1823 917 1856; x_wconf 83' lang='lat' dir='ltr'><strong>orationes,</strong></span> <span class='ocrx_word' id='word_1_184' title='bbox 937 1825 998 1852; x_wconf 82' lang='lat' dir='ltr'><strong>rod.</strong></span> 
     </span>
    </p>
   </div>
   <div class='ocr_carea' id='block_1_38' title="bbox 211 1860 324 1889">
    <p class='ocr_par' dir='ltr' id='par_1_38' title="bbox 211 1860 324 1889">
     <span class='ocr_line' id='line_1_38' title="bbox 211 1860 324 1889; baseline 0.018 -2"><span class='ocrx_word' id='word_1_185' title='bbox 211 1860 324 1889; x_wconf 85' lang='lat' dir='ltr'><strong>CCLIX.</strong></span> 
     </span>
    </p>
   </div>
   <div class='ocr_carea' id='block_1_39' title="bbox 246 1908 995 1945">
    <p class='ocr_par' dir='ltr' id='par_1_39' title="bbox 246 1908 995 1945">
     <span class='ocr_line' id='line_1_39' title="bbox 246 1908 995 1945; baseline 0.012 -12"><span class='ocrx_word' id='word_1_186' title='bbox 246 1908 356 1935; x_wconf 79' lang='lat' dir='ltr'><strong>Antonii</strong></span> <span class='ocrx_word' id='word_1_187' title='bbox 378 1908 504 1945; x_wconf 81' lang='lat' dir='ltr'><strong>Diogenis</strong></span> <span class='ocrx_word' id='word_1_188' title='bbox 518 1910 718 1940; x_wconf 85' lang='lat' dir='ltr'><strong>Incredibiliqu</strong></span> <span class='ocrx_word' id='word_1_189' title='bbox 740 1913 773 1941; x_wconf 88' lang='lat' dir='ltr'><strong>de</strong></span> <span class='ocrx_word' id='word_1_190' title='bbox 789 1913 875 1941; x_wconf 87' lang='lat' dir='ltr'><strong>Tlmle</strong></span> <span class='ocrx_word' id='word_1_191' title='bbox 907 1915 995 1942; x_wconf 80' lang='lat' dir='ltr'><strong>insula</strong></span> 
     </span>
    </p>
   </div>
   <div class='ocr_carea' id='block_1_40' title="bbox 211 1952 576 1987">
    <p class='ocr_par' dir='ltr' id='par_1_40' title="bbox 211 1952 576 1987">
     <span class='ocr_line' id='line_1_40' title="bbox 211 1952 576 1987; baseline 0.014 -8"><span class='ocrx_word' id='word_1_192' title='bbox 211 1952 274 1980; x_wconf 84' lang='lat' dir='ltr'><strong>libri</strong></span> <span class='ocrx_word' id='word_1_193' title='bbox 290 1961 366 1987; x_wconf 79' lang='lat' dir='ltr'><strong>xxvr,</strong></span> <span class='ocrx_word' id='word_1_194' title='bbox 382 1955 443 1983; x_wconf 91' lang='lat' dir='ltr'><strong>cod.</strong></span> <span class='ocrx_word' id='word_1_195' title='bbox 461 1956 576 1984; x_wconf 82' lang='lat' dir='ltr'><strong>CLXVI.</strong></span> 
     </span>
    </p>
   </div>
   <div class='ocr_carea' id='block_1_41' title="bbox 245 1999 999 2037">
    <p class='ocr_par' dir='ltr' id='par_1_41' title="bbox 245 1999 999 2037">
     <span class='ocr_line' id='line_1_41' title="bbox 245 1999 999 2037; baseline 0.013 -12"><span class='ocrx_word' id='word_1_196' title='bbox 245 1999 392 2034; x_wconf 86' lang='lat' dir='ltr'><strong>Aphthonii</strong></span> <span class='ocrx_word' id='word_1_197' title='bbox 408 2001 541 2036; x_wconf 80' lang='lat' dir='ltr'><strong>Sophista:</strong></span> <span class='ocrx_word' id='word_1_198' title='bbox 549 2003 773 2037; x_wconf 74' lang='lat' dir='ltr'><strong>declamationes,</strong></span> <span class='ocrx_word' id='word_1_199' title='bbox 785 2005 847 2033; x_wconf 80' lang='lat' dir='ltr'><strong>cod.</strong></span> <span class='ocrx_word' id='word_1_200' title='bbox 857 2005 999 2036; x_wconf 78' lang='lat' dir='ltr'><strong>CXXXIII.</strong></span> 
     </span>
    </p>
   </div>
   <div class='ocr_carea' id='block_1_42' title="bbox 247 2045 999 2087">
    <p class='ocr_par' dir='ltr' id='par_1_42' title="bbox 247 2045 999 2087">
     <span class='ocr_line' id='line_1_42' title="bbox 247 2045 999 2087; baseline 0.013 -16"><span class='ocrx_word' id='word_1_201' title='bbox 247 2045 383 2080; x_wconf 75' lang='lat' dir='ltr'><strong>Apologia:</strong></span> <span class='ocrx_word' id='word_1_202' title='bbox 401 2048 433 2075; x_wconf 91' lang='lat' dir='ltr'><strong>de</strong></span> <span class='ocrx_word' id='word_1_203' title='bbox 453 2048 568 2084; x_wconf 82' lang='lat' dir='ltr'><strong>Origene</strong></span> <span class='ocrx_word' id='word_1_204' title='bbox 585 2055 613 2077; x_wconf 87' lang='lat' dir='ltr'><strong>et</strong></span> <span class='ocrx_word' id='word_1_205' title='bbox 632 2050 692 2084; x_wconf 84' lang='lat' dir='ltr'><strong>ejus</strong></span> <span class='ocrx_word' id='word_1_206' title='bbox 711 2050 884 2086; x_wconf 72' lang='lat' dir='ltr'><strong>dogmatibus</strong></span> <span class='ocrx_word' id='word_1_207' title='bbox 899 2053 959 2081; x_wconf 85' lang='lat' dir='ltr'><strong>libri</strong></span> <span class='ocrx_word' id='word_1_208' title='bbox 974 2062 999 2087; x_wconf 91' lang='lat' dir='ltr'><strong>v,</strong></span> 
     </span>
    </p>
   </div>
   <div class='ocr_carea' id='block_1_43' title="bbox 208 2091 392 2119">
    <p class='ocr_par' dir='ltr' id='par_1_43' title="bbox 208 2091 392 2119">
     <span class='ocr_line' id='line_1_43' title="bbox 208 2091 392 2119; baseline 0.011 -2"><span class='ocrx_word' id='word_1_209' title='bbox 208 2091 270 2118; x_wconf 82' lang='lat' dir='ltr'><strong>cod.</strong></span> <span class='ocrx_word' id='word_1_210' title='bbox 290 2091 392 2119; x_wconf 84' lang='lat' dir='ltr'><strong>CXVII.</strong></span> 
     </span>
    </p>
   </div>
   <div class='ocr_carea' id='block_1_44' title="bbox 245 2137 1000 2177">
    <p class='ocr_par' dir='ltr' id='par_1_44' title="bbox 245 2137 1000 2177">
     <span class='ocr_line' id='line_1_44' title="bbox 245 2137 1000 2177; baseline 0.015 -15"><span class='ocrx_word' id='word_1_211' title='bbox 245 2137 428 2171; x_wconf 82' lang='lat' dir='ltr'><strong>Apollinarius</strong></span> <span class='ocrx_word' id='word_1_212' title='bbox 453 2139 618 2176; x_wconf 87' lang='lat' dir='ltr'><strong>llierapolita</strong></span> <span class='ocrx_word' id='word_1_213' title='bbox 644 2141 683 2170; x_wconf 87' lang='lat' dir='ltr'><strong>De</strong></span> <span class='ocrx_word' id='word_1_214' title='bbox 711 2143 812 2177; x_wconf 87' lang='lat' dir='ltr'><strong>pietate</strong></span> <span class='ocrx_word' id='word_1_215' title='bbox 829 2148 857 2171; x_wconf 89' lang='lat' dir='ltr'><strong>et</strong></span> <span class='ocrx_word' id='word_1_216' title='bbox 886 2145 1000 2174; x_wconf 77' lang='lat' dir='ltr'><strong>veritate</strong></span> 
     </span>
    </p>
   </div>
   <div class='ocr_carea' id='block_1_45' title="bbox 209 2183 632 2218">
    <p class='ocr_par' dir='ltr' id='par_1_45' title="bbox 209 2183 632 2218">
     <span class='ocr_line' id='line_1_45' title="bbox 209 2183 632 2218; baseline 0.017 -11"><span class='ocrx_word' id='word_1_217' title='bbox 209 2183 340 2210; x_wconf 86' lang='lat' dir='ltr'><strong>adversus</strong></span> <span class='ocrx_word' id='word_1_218' title='bbox 356 2188 465 2218; x_wconf 80' lang='lat' dir='ltr'><strong>gentes,</strong></span> <span class='ocrx_word' id='word_1_219' title='bbox 484 2187 544 2213; x_wconf 88' lang='lat' dir='ltr'><strong>eod.</strong></span> <span class='ocrx_word' id='word_1_220' title='bbox 562 2186 632 2215; x_wconf 86' lang='lat' dir='ltr'><strong>XIV.</strong></span> 
     </span>
    </p>
   </div>
   <div class='ocr_carea' id='block_1_46' title="bbox 235 2229 996 2265">
    <p class='ocr_par' dir='ltr' id='par_1_46' title="bbox 235 2229 996 2265">
     <span class='ocr_line' id='line_1_46' title="bbox 235 2229 996 2265; baseline 0.012 -11"><span class='ocrx_word' id='word_1_221' title='bbox 235 2229 389 2263; x_wconf 74' lang='lat' dir='ltr'><strong>Apollodori</strong></span> <span class='ocrx_word' id='word_1_222' title='bbox 400 2233 569 2265; x_wconf 77' lang='lat' dir='ltr'><strong>grammatici</strong></span> <span class='ocrx_word' id='word_1_223' title='bbox 578 2233 751 2265; x_wconf 81' lang='lat' dir='ltr'><strong>Bibliotheca.</strong></span> <span class='ocrx_word' id='word_1_224' title='bbox 761 2235 821 2262; x_wconf 83' lang='lat' dir='ltr'><strong>cod.</strong></span> <span class='ocrx_word' id='word_1_225' title='bbox 832 2234 996 2263; x_wconf 83' lang='lat' dir='ltr'><strong>CLXXXVI.</strong></span> 
     </span>
    </p>
   </div>
   <div class='ocr_carea' id='block_1_47' title="bbox 244 2274 994 2314">
    <p class='ocr_par' dir='ltr' id='par_1_47' title="bbox 244 2274 994 2314">
     <span class='ocr_line' id='line_1_47' title="bbox 244 2274 994 2314; baseline 0.013 -15"><span class='ocrx_word' id='word_1_226' title='bbox 244 2274 359 2309; x_wconf 85' lang='lat' dir='ltr'><strong>Appiani</strong></span> <span class='ocrx_word' id='word_1_227' title='bbox 372 2276 546 2304; x_wconf 80' lang='lat' dir='ltr'><strong>Alexandrini</strong></span> <span class='ocrx_word' id='word_1_228' title='bbox 557 2276 683 2306; x_wconf 59' lang='lat' dir='ltr'><strong>Historias</strong></span> <span class='ocrx_word' id='word_1_229' title='bbox 696 2277 826 2307; x_wconf 74' lang='lat' dir='ltr'><strong>Romana:</strong></span> <span class='ocrx_word' id='word_1_230' title='bbox 844 2280 907 2308; x_wconf 87' lang='lat' dir='ltr'><strong>libri</strong></span> <span class='ocrx_word' id='word_1_231' title='bbox 920 2290 994 2314; x_wconf 79' lang='lat' dir='ltr'><strong>xxtv,</strong></span> 
     </span>
    </p>
   </div>
   <div class='ocr_carea' id='block_1_48' title="bbox 210 2319 368 2348">
    <p class='ocr_par' dir='ltr' id='par_1_48' title="bbox 210 2319 368 2348">
     <span class='ocr_line' id='line_1_48' title="bbox 210 2319 368 2348; baseline 0.013 -3"><span class='ocrx_word' id='word_1_232' title='bbox 210 2320 270 2346; x_wconf 79' lang='lat' dir='ltr'><strong>col.</strong></span> <span class='ocrx_word' id='word_1_233' title='bbox 285 2319 350 2347; x_wconf 94' lang='lat' dir='ltr'><strong>LVII</strong></span> <span class='ocrx_word' id='word_1_234' title='bbox 362 2341 368 2348; x_wconf 96' lang='lat'><strong>.</strong></span> 
     </span>
    </p>
   </div>
   <div class='ocr_carea' id='block_1_49' title="bbox 248 2366 999 2401">
    <p class='ocr_par' dir='ltr' id='par_1_49' title="bbox 248 2366 999 2401">
     <span class='ocr_line' id='line_1_49' title="bbox 248 2366 999 2401; baseline 0.008 -8"><span class='ocrx_word' id='word_1_235' title='bbox 248 2366 373 2394; x_wconf 76' lang='lat' dir='ltr'><strong>Aristidis</strong></span> <span class='ocrx_word' id='word_1_236' title='bbox 401 2368 488 2395; x_wconf 89' lang='lat' dir='ltr'><strong>oratio</strong></span> <span class='ocrx_word' id='word_1_237' title='bbox 512 2368 725 2401; x_wconf 84' lang='lat' dir='ltr'><strong>Panathenaica,</strong></span> <span class='ocrx_word' id='word_1_238' title='bbox 751 2370 811 2397; x_wconf 89' lang='lat' dir='ltr'><strong>cod.</strong></span> <span class='ocrx_word' id='word_1_239' title='bbox 836 2370 947 2398; x_wconf 86' lang='lat' dir='ltr'><strong>CCLVI.</strong></span> <span class='ocrx_word' id='word_1_240' title='bbox 965 2387 999 2392; x_wconf 98' lang='lat'><strong>—</strong></span> 
     </span>
    </p>
   </div>
   <div class='ocr_carea' id='block_1_50' title="bbox 209 2411 996 2449">
    <p class='ocr_par' dir='ltr' id='par_1_50' title="bbox 209 2411 996 2449">
     <span class='ocr_line' id='line_1_50' title="bbox 209 2411 996 2449; baseline 0.006 -11"><span class='ocrx_word' id='word_1_241' title='bbox 209 2411 333 2445; x_wconf 78' lang='lat' dir='ltr'><strong>Ejusdem</strong></span> <span class='ocrx_word' id='word_1_242' title='bbox 363 2414 502 2441; x_wconf 79' lang='lat' dir='ltr'><strong>orationes</strong></span> <span class='ocrx_word' id='word_1_243' title='bbox 527 2419 644 2448; x_wconf 86' lang='lat' dir='ltr'><strong>quatuor</strong></span> <span class='ocrx_word' id='word_1_244' title='bbox 670 2422 718 2449; x_wconf 92' lang='lat' dir='ltr'><strong>pro</strong></span> <span class='ocrx_word' id='word_1_245' title='bbox 753 2416 900 2449; x_wconf 82' lang='lat' dir='ltr'><strong>rhetorica,</strong></span> <span class='ocrx_word' id='word_1_246' title='bbox 935 2418 996 2444; x_wconf 82' lang='lat' dir='ltr'><strong>cod.</strong></span> 
     </span>
    </p>
   </div>
   <div class='ocr_carea' id='block_1_51' title="bbox 208 2458 995 2495">
    <p class='ocr_par' dir='ltr' id='par_1_51' title="bbox 208 2458 995 2495">
     <span class='ocr_line' id='line_1_51' title="bbox 208 2458 995 2495; baseline 0.008 -10"><span class='ocrx_word' id='word_1_247' title='bbox 208 2458 354 2486; x_wconf 89' lang='lat' dir='ltr'><strong>CCXLVII.</strong></span> <span class='ocrx_word' id='word_1_248' title='bbox 369 2474 404 2479; x_wconf 92' lang='lat'><strong>—-</strong></span> <span class='ocrx_word' id='word_1_249' title='bbox 414 2459 539 2494; x_wconf 79' lang='lat' dir='ltr'><strong>Ejusdem</strong></span> <span class='ocrx_word' id='word_1_250' title='bbox 554 2460 643 2487; x_wconf 85' lang='lat' dir='ltr'><strong>oratio</strong></span> <span class='ocrx_word' id='word_1_251' title='bbox 655 2468 703 2495; x_wconf 92' lang='lat' dir='ltr'><strong>pro</strong></span> <span class='ocrx_word' id='word_1_252' title='bbox 718 2460 919 2495; x_wconf 83' lang='lat' dir='ltr'><strong>Quatuorviris,</strong></span> <span class='ocrx_word' id='word_1_253' title='bbox 934 2464 995 2490; x_wconf 90' lang='lat' dir='ltr'><strong>cod.</strong></span> 
     </span>
    </p>
   </div>
   <div class='ocr_carea' id='block_1_52' title="bbox 209 2503 370 2531">
    <p class='ocr_par' dir='ltr' id='par_1_52' title="bbox 209 2503 370 2531">
     <span class='ocr_line' id='line_1_52' title="bbox 209 2503 370 2531; baseline 0 -1"><span class='ocrx_word' id='word_1_254' title='bbox 209 2503 370 2531; x_wconf 84' lang='lat' dir='ltr'><strong>CCXLVIII.</strong></span> 
     </span>
    </p>
   </div>
   <div class='ocr_carea' id='block_1_53' title="bbox 248 2549 995 2586">
    <p class='ocr_par' dir='ltr' id='par_1_53' title="bbox 248 2549 995 2586">
     <span class='ocr_line' id='line_1_53' title="bbox 248 2549 995 2586; baseline 0.009 -11"><span class='ocrx_word' id='word_1_255' title='bbox 248 2549 356 2576; x_wconf 85' lang='lat' dir='ltr'><strong>Arriani</strong></span> <span class='ocrx_word' id='word_1_256' title='bbox 373 2549 498 2577; x_wconf 83' lang='lat' dir='ltr'><strong>Parthica</strong></span> <span class='ocrx_word' id='word_1_257' title='bbox 511 2556 538 2578; x_wconf 88' lang='lat' dir='ltr'><strong>ct</strong></span> <span class='ocrx_word' id='word_1_258' title='bbox 557 2551 582 2578; x_wconf 94' lang='lat' dir='ltr'><strong>in</strong></span> <span class='ocrx_word' id='word_1_259' title='bbox 600 2551 750 2586; x_wconf 80' lang='lat' dir='ltr'><strong>Epictetum</strong></span> <span class='ocrx_word' id='word_1_260' title='bbox 768 2562 920 2585; x_wconf 82' lang='lat' dir='ltr'><strong>sermones.</strong></span> <span class='ocrx_word' id='word_1_261' title='bbox 935 2555 995 2582; x_wconf 80' lang='lat' dir='ltr'><strong>eod.</strong></span> 
     </span>
    </p>
   </div>
   <div class='ocr_carea' id='block_1_54' title="bbox 209 2593 1000 2633">
    <p class='ocr_par' dir='ltr' id='par_1_54' title="bbox 209 2593 1000 2633">
     <span class='ocr_line' id='line_1_54' title="bbox 209 2593 1000 2633; baseline 0.008 -13"><span class='ocrx_word' id='word_1_262' title='bbox 209 2593 298 2621; x_wconf 89' lang='lat' dir='ltr'><strong>L\lll.</strong></span> <span class='ocrx_word' id='word_1_263' title='bbox 316 2595 491 2629; x_wconf 75' lang='lat' dir='ltr'><strong>—I£jusdem</strong></span> <span class='ocrx_word' id='word_1_264' title='bbox 519 2596 552 2623; x_wconf 88' lang='lat' dir='ltr'><strong>de</strong></span> <span class='ocrx_word' id='word_1_265' title='bbox 578 2596 725 2624; x_wconf 81' lang='lat' dir='ltr'><strong>Alexandri</strong></span> <span class='ocrx_word' id='word_1_266' title='bbox 749 2597 784 2624; x_wconf 84' lang='lat' dir='ltr'><strong>III.</strong></span> <span class='ocrx_word' id='word_1_267' title='bbox 811 2598 892 2626; x_wconf 81' lang='lat' dir='ltr'><strong>rebus</strong></span> <span class='ocrx_word' id='word_1_268' title='bbox 915 2600 1000 2633; x_wconf 76' lang='lat' dir='ltr'><strong>gestis</strong></span> 
     </span>
    </p>
   </div>
   <div class='ocr_carea' id='block_1_55' title="bbox 209 2640 996 2678">
    <p class='ocr_par' dir='ltr' id='par_1_55' title="bbox 209 2640 996 2678">
     <span class='ocr_line' id='line_1_55' title="bbox 209 2640 996 2678; baseline 0.008 -12"><span class='ocrx_word' id='word_1_269' title='bbox 209 2640 269 2666; x_wconf 66' lang='lat' dir='ltr'><strong>labri</strong></span> <span class='ocrx_word' id='word_1_270' title='bbox 285 2648 334 2673; x_wconf 88' lang='lat' dir='ltr'><strong>vu,</strong></span> <span class='ocrx_word' id='word_1_271' title='bbox 349 2647 375 2668; x_wconf 88' lang='lat' dir='ltr'><strong>et</strong></span> <span class='ocrx_word' id='word_1_272' title='bbox 390 2640 491 2673; x_wconf 83' lang='lat' dir='ltr'><strong>Indica,</strong></span> <span class='ocrx_word' id='word_1_273' title='bbox 507 2643 567 2669; x_wconf 85' lang='lat' dir='ltr'><strong>cod.</strong></span> <span class='ocrx_word' id='word_1_274' title='bbox 584 2642 651 2670; x_wconf 93' lang='lat' dir='ltr'><strong>XCI.</strong></span> <span class='ocrx_word' id='word_1_275' title='bbox 664 2658 699 2662; x_wconf 98' lang='lat'>—</span> <span class='ocrx_word' id='word_1_276' title='bbox 715 2643 751 2670; x_wconf 87' lang='lat' dir='ltr'><strong>De</strong></span> <span class='ocrx_word' id='word_1_277' title='bbox 767 2645 845 2671; x_wconf 80' lang='lat' dir='ltr'><strong>rebus</strong></span> <span class='ocrx_word' id='word_1_278' title='bbox 863 2649 922 2678; x_wconf 87' lang='lat' dir='ltr'><strong>post</strong></span> <span class='ocrx_word' id='word_1_279' title='bbox 935 2645 996 2672; x_wconf 83' lang='lat' dir='ltr'><strong>Ale-</strong></span> 
     </span>
    </p>
   </div>
   <div class='ocr_carea' id='block_1_56' title="bbox 208 2686 999 2723">
    <p class='ocr_par' dir='ltr' id='par_1_56' title="bbox 208 2686 999 2723">
     <span class='ocr_line' id='line_1_56' title="bbox 208 2686 999 2723; baseline 0.005 -11"><span class='ocrx_word' id='word_1_280' title='bbox 208 2686 340 2712; x_wconf 82' lang='lat' dir='ltr'><strong>xandrum</strong></span> <span class='ocrx_word' id='word_1_281' title='bbox 366 2687 448 2720; x_wconf 75' lang='lat' dir='ltr'><strong>gestis</strong></span> <span class='ocrx_word' id='word_1_282' title='bbox 476 2687 536 2714; x_wconf 86' lang='lat' dir='ltr'><strong>bhri</strong></span> <span class='ocrx_word' id='word_1_283' title='bbox 565 2696 592 2721; x_wconf 82' lang='grc' dir='ltr'>ιι,</span> <span class='ocrx_word' id='word_1_284' title='bbox 610 2689 669 2715; x_wconf 83' lang='lat' dir='ltr'><strong>cod.</strong></span> <span class='ocrx_word' id='word_1_285' title='bbox 702 2688 782 2716; x_wconf 82' lang='lat' dir='ltr'><strong>XCII.</strong></span> <span class='ocrx_word' id='word_1_286' title='bbox 812 2705 847 2709; x_wconf 90' lang='lat'><strong>—-</strong></span> <span class='ocrx_word' id='word_1_287' title='bbox 873 2689 999 2723; x_wconf 78' lang='lat' dir='ltr'><strong>Ejusdem</strong></span> 
     </span>
    </p>
   </div>
   <div class='ocr_carea' id='block_1_57' title="bbox 207 2728 996 2768">
    <p class='ocr_par' dir='ltr' id='par_1_57' title="bbox 207 2728 996 2768">
     <span class='ocr_line' id='line_1_57' title="bbox 207 2728 996 2768; baseline 0.009 -13"><span class='ocrx_word' id='word_1_288' title='bbox 207 2728 362 2764; x_wconf 80' lang='lat' dir='ltr'><strong>Bitbyniea,</strong></span> <span class='ocrx_word' id='word_1_289' title='bbox 391 2731 452 2758; x_wconf 88' lang='lat' dir='ltr'><strong>cod.</strong></span> <span class='ocrx_word' id='word_1_290' title='bbox 471 2731 525 2758; x_wconf 88' lang='lat' dir='ltr'><strong>VIII</strong></span> <span class='ocrx_word' id='word_1_291' title='bbox 550 2736 577 2759; x_wconf 89' lang='lat' dir='ltr'><strong>et</strong></span> <span class='ocrx_word' id='word_1_292' title='bbox 594 2732 684 2761; x_wconf 86' lang='lat' dir='ltr'><strong>XCIII.</strong></span> <span class='ocrx_word' id='word_1_293' title='bbox 709 2749 743 2754; x_wconf 87' lang='lat'><strong>-—</strong></span> <span class='ocrx_word' id='word_1_294' title='bbox 764 2733 890 2768; x_wconf 74' lang='lat' dir='ltr'><strong>Ejus-.Iem</strong></span> <span class='ocrx_word' id='word_1_295' title='bbox 914 2734 996 2762; x_wconf 76' lang='lat' dir='ltr'><strong>Gesta</strong></span> 
     </span>
    </p>
   </div>
   <div class='ocr_carea' id='block_1_58' title="bbox 209 2775 888 2811">
    <p class='ocr_par' dir='ltr' id='par_1_58' title="bbox 209 2775 888 2811">
     <span class='ocr_line' id='line_1_58' title="bbox 209 2775 888 2811; baseline 0.006 -9"><span class='ocrx_word' id='word_1_296' title='bbox 209 2775 300 2803; x_wconf 85' lang='lat' dir='ltr'><strong>Dionis</strong></span> <span class='ocrx_word' id='word_1_297' title='bbox 313 2785 344 2803; x_wconf 80' lang='lat' dir='ltr'><strong>ae</strong></span> <span class='ocrx_word' id='word_1_298' title='bbox 359 2777 536 2805; x_wconf 81' lang='lat' dir='ltr'><strong>Timoleontis</strong></span> <span class='ocrx_word' id='word_1_299' title='bbox 557 2780 583 2806; x_wconf 94' lang='lat' dir='ltr'><strong>in</strong></span> <span class='ocrx_word' id='word_1_300' title='bbox 601 2779 704 2811; x_wconf 81' lang='lat' dir='ltr'><strong>Sicilia,</strong></span> <span class='ocrx_word' id='word_1_301' title='bbox 717 2781 778 2807; x_wconf 77' lang='lat' dir='ltr'><strong>cod.</strong></span> <span class='ocrx_word' id='word_1_302' title='bbox 797 2780 888 2807; x_wconf 84' lang='lat' dir='ltr'><strong>XCIII.</strong></span> 
     </span>
    </p>
   </div>
   <div class='ocr_carea' id='block_1_59' title="bbox 245 2822 996 2859">
    <p class='ocr_par' dir='ltr' id='par_1_59' title="bbox 245 2822 996 2859">
     <span class='ocr_line' id='line_1_59' title="bbox 245 2822 996 2859; baseline 0.007 -11"><span class='ocrx_word' id='word_1_303' title='bbox 245 2822 343 2850; x_wconf 79' lang='lat' dir='ltr'><strong>Asterii</strong></span> <span class='ocrx_word' id='word_1_304' title='bbox 357 2824 474 2851; x_wconf 74' lang='lat' dir='ltr'><strong>Amasitc</strong></span> <span class='ocrx_word' id='word_1_305' title='bbox 489 2824 575 2859; x_wconf 82' lang='lat' dir='ltr'><strong>episc.</strong></span> <span class='ocrx_word' id='word_1_306' title='bbox 598 2825 715 2852; x_wconf 64' lang='lat' dir='ltr'><strong>humilia:</strong></span> <span class='ocrx_word' id='word_1_307' title='bbox 731 2826 813 2853; x_wconf 76' lang='lat' dir='ltr'><strong>varia:</strong></span> <span class='ocrx_word' id='word_1_308' title='bbox 827 2835 833 2853; x_wconf 89' lang='lat'>:</span> <span class='ocrx_word' id='word_1_309' title='bbox 859 2827 881 2852; x_wconf 93' lang='lat' dir='ltr'><strong>l.</strong></span> <span class='ocrx_word' id='word_1_310' title='bbox 899 2826 996 2854; x_wconf 89' lang='lat' dir='ltr'><strong>Sermo</strong></span> 
     </span>
    </p>
   </div>
   <div class='ocr_carea' id='block_1_60' title="bbox 209 2867 993 2907">
    <p class='ocr_par' dir='ltr' id='par_1_60' title="bbox 209 2867 993 2907">
     <span class='ocr_line' id='line_1_60' title="bbox 209 2867 993 2907; baseline 0.006 -12"><span class='ocrx_word' id='word_1_311' title='bbox 209 2867 242 2895; x_wconf 80' lang='lat' dir='ltr'><strong>de</strong></span> <span class='ocrx_word' id='word_1_312' title='bbox 260 2869 419 2903; x_wconf 79' lang='lat' dir='ltr'><strong>pcenilentia</strong></span> <span class='ocrx_word' id='word_1_313' title='bbox 435 2879 442 2900; x_wconf 67' lang='grc' dir='ltr'>ί</span> <span class='ocrx_word' id='word_1_314' title='bbox 462 2871 488 2897; x_wconf 73' lang='grc'><strong>2.</strong></span> <span class='ocrx_word' id='word_1_315' title='bbox 511 2871 539 2898; x_wconf 91' lang='lat' dir='ltr'><strong>In</strong></span> <span class='ocrx_word' id='word_1_316' title='bbox 568 2871 732 2905; x_wconf 85' lang='lat' dir='ltr'><strong>Stephanum</strong></span> <span class='ocrx_word' id='word_1_317' title='bbox 749 2877 993 2907; x_wconf 78' lang='lat' dir='ltr'><strong>protomartyrem;</strong></span> 
     </span>
    </p>
   </div>
   <div class='ocr_carea' id='block_1_61' title="bbox 1064 446 1852 484">
    <p class='ocr_par' dir='ltr' id='par_1_61' title="bbox 1064 446 1852 484">
     <span class='ocr_line' id='line_1_61' title="bbox 1064 446 1852 484; baseline -0.005 -7"><span class='ocrx_word' id='word_1_318' title='bbox 1064 450 1091 477; x_wconf 82' lang='grc'><strong>5.</strong></span> <span class='ocrx_word' id='word_1_319' title='bbox 1109 450 1145 477; x_wconf 86' lang='lat' dir='ltr'><strong>De</strong></span> <span class='ocrx_word' id='word_1_320' title='bbox 1172 457 1204 477; x_wconf 89' lang='lat' dir='ltr'><strong>eo</strong></span> <span class='ocrx_word' id='word_1_321' title='bbox 1219 449 1263 484; x_wconf 82' lang='lat' dir='ltr'><strong>qui</strong></span> <span class='ocrx_word' id='word_1_322' title='bbox 1287 449 1313 475; x_wconf 91' lang='lat' dir='ltr'><strong>in</strong></span> <span class='ocrx_word' id='word_1_323' title='bbox 1339 448 1458 476; x_wconf 80' lang='lat' dir='ltr'><strong>latrones</strong></span> <span class='ocrx_word' id='word_1_324' title='bbox 1482 447 1578 474; x_wconf 88' lang='lat' dir='ltr'><strong>incidit</strong></span> <span class='ocrx_word' id='word_1_325' title='bbox 1595 455 1602 481; x_wconf 85' lang='lat'><strong>;</strong></span> <span class='ocrx_word' id='word_1_326' title='bbox 1617 447 1644 474; x_wconf 71' lang='grc'>4.</span> <span class='ocrx_word' id='word_1_327' title='bbox 1661 446 1696 474; x_wconf 85' lang='lat' dir='ltr'><strong>de</strong></span> <span class='ocrx_word' id='word_1_328' title='bbox 1712 446 1852 474; x_wconf 69' lang='lat' dir='ltr'><strong>Pbarisrco</strong></span> 
     </span>
    </p>
   </div>
   <div class='ocr_carea' id='block_1_62' title="bbox 1062 492 1855 528">
    <p class='ocr_par' dir='ltr' id='par_1_62' title="bbox 1062 492 1855 528">
     <span class='ocr_line' id='line_1_62' title="bbox 1062 492 1855 528; baseline -0.005 -5"><span class='ocrx_word' id='word_1_329' title='bbox 1062 501 1090 523; x_wconf 90' lang='lat' dir='ltr'><strong>et</strong></span> <span class='ocrx_word' id='word_1_330' title='bbox 1106 496 1252 523; x_wconf 83' lang='lat' dir='ltr'><strong>Publicano</strong></span> <span class='ocrx_word' id='word_1_331' title='bbox 1267 503 1276 528; x_wconf 90' lang='lat'><strong>;</strong></span> <span class='ocrx_word' id='word_1_332' title='bbox 1289 495 1315 523; x_wconf 84' lang='lat'><strong>5.</strong></span> <span class='ocrx_word' id='word_1_333' title='bbox 1330 495 1367 522; x_wconf 89' lang='lat' dir='ltr'><strong>De</strong></span> <span class='ocrx_word' id='word_1_334' title='bbox 1385 493 1516 521; x_wconf 69' lang='lat' dir='ltr'><strong>Zaccbaeo</strong></span> <span class='ocrx_word' id='word_1_335' title='bbox 1529 502 1536 524; x_wconf 84' lang='lat'><strong>:</strong></span> <span class='ocrx_word' id='word_1_336' title='bbox 1549 493 1576 521; x_wconf 82' lang='lat'><strong>6.</strong></span> <span class='ocrx_word' id='word_1_337' title='bbox 1594 493 1630 520; x_wconf 88' lang='lat' dir='ltr'><strong>De</strong></span> <span class='ocrx_word' id='word_1_338' title='bbox 1648 492 1703 520; x_wconf 88' lang='lat' dir='ltr'><strong>lilio</strong></span> <span class='ocrx_word' id='word_1_339' title='bbox 1715 493 1828 527; x_wconf 75' lang='lat' dir='ltr'><strong>prodigo</strong></span> <span class='ocrx_word' id='word_1_340' title='bbox 1846 501 1855 523; x_wconf 73' lang='grc' dir='ltr'>ς</span> 
     </span>
    </p>
   </div>
   <div class='ocr_carea' id='block_1_63' title="bbox 1063 539 1854 574">
    <p class='ocr_par' dir='ltr' id='par_1_63' title="bbox 1063 539 1854 574">
     <span class='ocr_line' id='line_1_63' title="bbox 1063 539 1854 574; baseline -0.004 -6"><span class='ocrx_word' id='word_1_341' title='bbox 1063 542 1089 569; x_wconf 91' lang='lat'><strong>7.</strong></span> <span class='ocrx_word' id='word_1_342' title='bbox 1106 542 1142 569; x_wconf 73' lang='lat' dir='ltr'><strong>lie</strong></span> <span class='ocrx_word' id='word_1_343' title='bbox 1162 541 1331 569; x_wconf 80' lang='lat' dir='ltr'><strong>centurionis</strong></span> <span class='ocrx_word' id='word_1_344' title='bbox 1347 548 1427 567; x_wconf 84' lang='lat' dir='ltr'><strong>servo</strong></span> <span class='ocrx_word' id='word_1_345' title='bbox 1442 540 1489 573; x_wconf 86' lang='lat'><strong>;8.</strong></span> <span class='ocrx_word' id='word_1_346' title='bbox 1514 539 1550 566; x_wconf 84' lang='lat' dir='ltr'><strong>De</strong></span> <span class='ocrx_word' id='word_1_347' title='bbox 1565 539 1687 574; x_wconf 81' lang='lat' dir='ltr'><strong>jejunio;</strong></span> <span class='ocrx_word' id='word_1_348' title='bbox 1705 539 1741 566; x_wconf 87' lang='lat' dir='ltr'><strong>De</strong></span> <span class='ocrx_word' id='word_1_349' title='bbox 1752 546 1825 566; x_wconf 65' lang='lat' dir='ltr'><strong>caeco</strong></span> <span class='ocrx_word' id='word_1_350' title='bbox 1839 547 1854 564; x_wconf 83' lang='lat' dir='ltr'><strong>a</strong></span> 
     </span>
    </p>
   </div>
   <div class='ocr_carea' id='block_1_64' title="bbox 1061 584 1856 619">
    <p class='ocr_par' dir='ltr' id='par_1_64' title="bbox 1061 584 1856 619">
     <span class='ocr_line' id='line_1_64' title="bbox 1061 584 1856 619; baseline -0.005 -5"><span class='ocrx_word' id='word_1_351' title='bbox 1061 587 1215 619; x_wconf 81' lang='lat' dir='ltr'><strong>nativitate;</strong></span> <span class='ocrx_word' id='word_1_352' title='bbox 1237 586 1280 614; x_wconf 86' lang='grc' dir='ltr'><strong>ιο.</strong></span> <span class='ocrx_word' id='word_1_353' title='bbox 1301 586 1337 612; x_wconf 84' lang='lat' dir='ltr'><strong>De</strong></span> <span class='ocrx_word' id='word_1_354' title='bbox 1350 585 1434 615; x_wconf 75' lang='lat' dir='ltr'><strong>.Iairo.</strong></span> <span class='ocrx_word' id='word_1_355' title='bbox 1453 590 1480 612; x_wconf 85' lang='lat' dir='ltr'><strong>et</strong></span> <span class='ocrx_word' id='word_1_356' title='bbox 1500 584 1612 611; x_wconf 84' lang='lat' dir='ltr'><strong>muliere</strong></span> <span class='ocrx_word' id='word_1_357' title='bbox 1634 584 1775 617; x_wconf 77' lang='lat' dir='ltr'><strong>sanguinis</strong></span> <span class='ocrx_word' id='word_1_358' title='bbox 1788 592 1856 618; x_wconf 85' lang='lat' dir='ltr'><strong>pro-</strong></span> 
     </span>
    </p>
   </div>
   <div class='ocr_carea' id='block_1_65' title="bbox 1061 629 1556 662">
    <p class='ocr_par' dir='ltr' id='par_1_65' title="bbox 1061 629 1556 662">
     <span class='ocr_line' id='line_1_65' title="bbox 1061 629 1556 662; baseline -0.012 -1"><span class='ocrx_word' id='word_1_359' title='bbox 1061 633 1143 661; x_wconf 83' lang='lat' dir='ltr'><strong>ﬂuvio</strong></span> <span class='ocrx_word' id='word_1_360' title='bbox 1161 632 1314 662; x_wconf 87' lang='lat' dir='ltr'><strong>laborante.</strong></span> <span class='ocrx_word' id='word_1_361' title='bbox 1330 631 1393 658; x_wconf 88' lang='lat' dir='ltr'><strong>cod.</strong></span> <span class='ocrx_word' id='word_1_362' title='bbox 1415 629 1556 658; x_wconf 85' lang='lat' dir='ltr'><strong>CCLXXI.</strong></span> 
     </span>
    </p>
   </div>
   <div class='ocr_carea' id='block_1_66' title="bbox 1097 675 1855 711">
    <p class='ocr_par' dir='ltr' id='par_1_66' title="bbox 1097 675 1855 711">
     <span class='ocr_line' id='line_1_66' title="bbox 1097 675 1855 711; baseline -0.005 -6"><span class='ocrx_word' id='word_1_363' title='bbox 1097 678 1242 706; x_wconf 69' lang='lat' dir='ltr'><strong>Athanasii</strong></span> <span class='ocrx_word' id='word_1_364' title='bbox 1263 676 1317 711; x_wconf 83' lang='lat'><strong>(8.)</strong></span> <span class='ocrx_word' id='word_1_365' title='bbox 1336 676 1533 711; x_wconf 67' lang='lat' dir='ltr'><strong>epistola‘,cod.</strong></span> <span class='ocrx_word' id='word_1_366' title='bbox 1550 675 1658 703; x_wconf 83' lang='lat' dir='ltr'><strong>XXXII.</strong></span> <span class='ocrx_word' id='word_1_367' title='bbox 1676 690 1713 697; x_wconf 80' lang='lat'><strong>-—</strong></span> <span class='ocrx_word' id='word_1_368' title='bbox 1726 675 1855 709; x_wconf 73' lang='lat' dir='ltr'><strong>Ejusdem</strong></span> 
     </span>
    </p>
   </div>
   <div class='ocr_carea' id='block_1_67' title="bbox 1061 722 1851 753">
    <p class='ocr_par' dir='ltr' id='par_1_67' title="bbox 1061 722 1851 753">
     <span class='ocr_line' id='line_1_67' title="bbox 1061 722 1851 753; baseline -0.006 -2"><span class='ocrx_word' id='word_1_369' title='bbox 1061 725 1090 752; x_wconf 90' lang='lat' dir='ltr'><strong>in</strong></span> <span class='ocrx_word' id='word_1_370' title='bbox 1106 724 1175 751; x_wconf 72' lang='lat' dir='ltr'><strong>Eerla</strong></span> <span class='ocrx_word' id='word_1_371' title='bbox 1187 724 1300 753; x_wconf 77' lang='lat' dir='ltr'><strong>siaslen.</strong></span> <span class='ocrx_word' id='word_1_372' title='bbox 1314 729 1338 749; x_wconf 83' lang='lat' dir='ltr'><strong>et</strong></span> <span class='ocrx_word' id='word_1_373' title='bbox 1357 723 1467 750; x_wconf 68' lang='lat' dir='ltr'><strong>Cantica</strong></span> <span class='ocrx_word' id='word_1_374' title='bbox 1496 722 1663 749; x_wconf 71' lang='lat' dir='ltr'><strong>canticorum</strong></span> <span class='ocrx_word' id='word_1_375' title='bbox 1683 727 1851 749; x_wconf 80' lang='lat' dir='ltr'><strong>commenta—</strong></span> 
     </span>
    </p>
   </div>
   <div class='ocr_carea' id='block_1_68' title="bbox 1060 768 1855 802">
    <p class='ocr_par' dir='ltr' id='par_1_68' title="bbox 1060 768 1855 802">
     <span class='ocr_line' id='line_1_68' title="bbox 1060 768 1855 802; baseline -0.003 -6"><span class='ocrx_word' id='word_1_376' title='bbox 1060 771 1126 802; x_wconf 89' lang='lat' dir='ltr'><strong>rius,</strong></span> <span class='ocrx_word' id='word_1_377' title='bbox 1143 771 1203 797; x_wconf 88' lang='lat' dir='ltr'><strong>cod.</strong></span> <span class='ocrx_word' id='word_1_378' title='bbox 1221 769 1363 797; x_wconf 84' lang='lat' dir='ltr'><strong>CXXXIX.</strong></span> <span class='ocrx_word' id='word_1_379' title='bbox 1383 769 1508 802; x_wconf 83' lang='lat' dir='ltr'><strong>Ejusdem</strong></span> <span class='ocrx_word' id='word_1_380' title='bbox 1524 773 1618 795; x_wconf 78' lang='lat' dir='ltr'><strong>contra</strong></span> <span class='ocrx_word' id='word_1_381' title='bbox 1640 769 1732 795; x_wconf 87' lang='lat' dir='ltr'><strong>Ariutn</strong></span> <span class='ocrx_word' id='word_1_382' title='bbox 1750 768 1810 795; x_wconf 88' lang='lat' dir='ltr'><strong>libri</strong></span> <span class='ocrx_word' id='word_1_383' title='bbox 1826 775 1855 801; x_wconf 77' lang='grc' dir='ltr'><strong>ν,</strong></span> 
     </span>
    </p>
   </div>
   <div class='ocr_carea' id='block_1_69' title="bbox 1059 815 1214 844">
    <p class='ocr_par' dir='ltr' id='par_1_69' title="bbox 1059 815 1214 844">
     <span class='ocr_line' id='line_1_69' title="bbox 1059 815 1214 844; baseline -0.006 -1"><span class='ocrx_word' id='word_1_384' title='bbox 1059 819 1119 844; x_wconf 87' lang='lat' dir='ltr'><strong>cod.</strong></span> <span class='ocrx_word' id='word_1_385' title='bbox 1135 815 1214 843; x_wconf 89' lang='lat' dir='ltr'><strong>CXL.</strong></span> 
     </span>
    </p>
   </div>
   <div class='ocr_carea' id='block_1_70' title="bbox 1094 859 1853 892">
    <p class='ocr_par' dir='ltr' id='par_1_70' title="bbox 1094 859 1853 892">
     <span class='ocr_line' id='line_1_70' title="bbox 1094 859 1853 892; baseline -0.001 -5"><span class='ocrx_word' id='word_1_386' title='bbox 1094 862 1218 888; x_wconf 69' lang='lat' dir='ltr'><strong>Ant-toris</strong></span> <span class='ocrx_word' id='word_1_387' title='bbox 1230 861 1325 888; x_wconf 88' lang='lat' dir='ltr'><strong>incerti</strong></span> <span class='ocrx_word' id='word_1_388' title='bbox 1338 860 1370 887; x_wconf 87' lang='lat' dir='ltr'><strong>de</strong></span> <span class='ocrx_word' id='word_1_389' title='bbox 1381 868 1459 888; x_wconf 85' lang='lat' dir='ltr'><strong>sacro</strong></span> <span class='ocrx_word' id='word_1_390' title='bbox 1472 860 1584 887; x_wconf 65' lang='lat' dir='ltr'><strong>Pascha:</strong></span> <span class='ocrx_word' id='word_1_391' title='bbox 1602 860 1672 887; x_wconf 66' lang='lat' dir='ltr'><strong>festo</strong></span> <span class='ocrx_word' id='word_1_392' title='bbox 1688 859 1790 887; x_wconf 87' lang='lat' dir='ltr'><strong>volum.</strong></span> <span class='ocrx_word' id='word_1_393' title='bbox 1807 867 1853 892; x_wconf 81' lang='lat' dir='ltr'><strong>Ill,</strong></span> 
     </span>
    </p>
   </div>
   <div class='ocr_carea' id='block_1_71' title="bbox 1058 906 1228 934">
    <p class='ocr_par' dir='ltr' id='par_1_71' title="bbox 1058 906 1228 934">
     <span class='ocr_line' id='line_1_71' title="bbox 1058 906 1228 934; baseline -0.006 -1"><span class='ocrx_word' id='word_1_394' title='bbox 1058 908 1119 934; x_wconf 85' lang='lat' dir='ltr'><strong>cutl.</strong></span> <span class='ocrx_word' id='word_1_395' title='bbox 1134 906 1228 934; x_wconf 72' lang='lat' dir='ltr'><strong>CXVI.</strong></span> 
     </span>
    </p>
   </div>
   <div class='ocr_carea' id='block_1_72' title="bbox 1093 997 1852 1032">
    <p class='ocr_par' dir='ltr' id='par_1_72' title="bbox 1093 997 1852 1032">
     <span class='ocr_line' id='line_1_72' title="bbox 1093 997 1852 1032; baseline -0.001 -7"><span class='ocrx_word' id='word_1_396' title='bbox 1093 998 1185 1026; x_wconf 80' lang='lat' dir='ltr'><strong>Basilii</strong></span> <span class='ocrx_word' id='word_1_397' title='bbox 1199 997 1291 1025; x_wconf 82' lang='lat' dir='ltr'><strong>Cilicis</strong></span> <span class='ocrx_word' id='word_1_398' title='bbox 1302 997 1542 1026; x_wconf 66' lang='lat' dir='ltr'><strong>Ecelchlistoriaa</strong></span> <span class='ocrx_word' id='word_1_399' title='bbox 1558 998 1618 1025; x_wconf 92' lang='lat' dir='ltr'><strong>libri</strong></span> <span class='ocrx_word' id='word_1_400' title='bbox 1634 1006 1675 1032; x_wconf 91' lang='lat' dir='ltr'><strong>Ill,</strong></span> <span class='ocrx_word' id='word_1_401' title='bbox 1691 998 1752 1026; x_wconf 86' lang='lat' dir='ltr'><strong>cod.</strong></span> <span class='ocrx_word' id='word_1_402' title='bbox 1770 998 1852 1025; x_wconf 90' lang='lat' dir='ltr'><strong>XLII.</strong></span> 
     </span>
    </p>
   </div>
   <div class='ocr_carea' id='block_1_73' title="bbox 1057 1044 1853 1079">
    <p class='ocr_par' dir='ltr' id='par_1_73' title="bbox 1057 1044 1853 1079">
     <span class='ocr_line' id='line_1_73' title="bbox 1057 1044 1853 1079; baseline 0.001 -9"><span class='ocrx_word' id='word_1_403' title='bbox 1057 1044 1217 1079; x_wconf 71' lang='lat' dir='ltr'><strong>——Ejusda,-m</strong></span> <span class='ocrx_word' id='word_1_404' title='bbox 1233 1049 1327 1071; x_wconf 87' lang='lat' dir='ltr'><strong>contra</strong></span> <span class='ocrx_word' id='word_1_405' title='bbox 1338 1044 1469 1071; x_wconf 83' lang='lat' dir='ltr'><strong>Joannem</strong></span> <span class='ocrx_word' id='word_1_406' title='bbox 1484 1044 1696 1079; x_wconf 72' lang='lat' dir='ltr'><strong>Seytltopolitam</strong></span> <span class='ocrx_word' id='word_1_407' title='bbox 1715 1044 1777 1072; x_wconf 75' lang='lat' dir='ltr'><strong>libri</strong></span> <span class='ocrx_word' id='word_1_408' title='bbox 1791 1052 1853 1077; x_wconf 70' lang='lat' dir='ltr'><strong>nt,</strong></span> 
     </span>
    </p>
   </div>
   <div class='ocr_carea' id='block_1_74' title="bbox 1058 1089 1217 1117">
    <p class='ocr_par' dir='ltr' id='par_1_74' title="bbox 1058 1089 1217 1117">
     <span class='ocr_line' id='line_1_74' title="bbox 1058 1089 1217 1117; baseline 0 -1"><span class='ocrx_word' id='word_1_409' title='bbox 1058 1091 1119 1117; x_wconf 85' lang='lat' dir='ltr'><strong>cml.</strong></span> <span class='ocrx_word' id='word_1_410' title='bbox 1138 1089 1217 1116; x_wconf 75' lang='lat' dir='ltr'><strong>CVII.</strong></span> 
     </span>
    </p>
   </div>
   <div class='ocr_carea' id='block_1_75' title="bbox 1093 1135 1848 1169">
    <p class='ocr_par' dir='ltr' id='par_1_75' title="bbox 1093 1135 1848 1169">
     <span class='ocr_line' id='line_1_75' title="bbox 1093 1135 1848 1169; baseline 0.001 -8"><span class='ocrx_word' id='word_1_411' title='bbox 1093 1135 1184 1162; x_wconf 75' lang='lat' dir='ltr'><strong>Basilii</strong></span> <span class='ocrx_word' id='word_1_412' title='bbox 1198 1135 1285 1169; x_wconf 73' lang='lat' dir='ltr'><strong>Magni</strong></span> <span class='ocrx_word' id='word_1_413' title='bbox 1302 1137 1496 1165; x_wconf 79' lang='lat' dir='ltr'><strong>eonfutationis</strong></span> <span class='ocrx_word' id='word_1_414' title='bbox 1510 1137 1632 1164; x_wconf 87' lang='lat' dir='ltr'><strong>Eunomii</strong></span> <span class='ocrx_word' id='word_1_415' title='bbox 1648 1138 1766 1164; x_wconf 76' lang='lat' dir='ltr'><strong>ha-rctici</strong></span> <span class='ocrx_word' id='word_1_416' title='bbox 1785 1137 1848 1163; x_wconf 88' lang='lat' dir='ltr'><strong>libri</strong></span> 
     </span>
    </p>
   </div>
   <div class='ocr_carea' id='block_1_76' title="bbox 1058 1179 1851 1214">
    <p class='ocr_par' dir='ltr' id='par_1_76' title="bbox 1058 1179 1851 1214">
     <span class='ocr_line' id='line_1_76' title="bbox 1058 1179 1851 1214; baseline 0.001 -7"><span class='ocrx_word' id='word_1_417' title='bbox 1058 1188 1098 1210; x_wconf 88' lang='grc' dir='ltr'>ιιι,</span> <span class='ocrx_word' id='word_1_418' title='bbox 1112 1180 1171 1207; x_wconf 89' lang='lat' dir='ltr'><strong>cod.</strong></span> <span class='ocrx_word' id='word_1_419' title='bbox 1193 1179 1309 1208; x_wconf 83' lang='lat' dir='ltr'><strong>CXXIX.</strong></span> <span class='ocrx_word' id='word_1_420' title='bbox 1323 1195 1356 1201; x_wconf 76' lang='lat'><strong>—</strong></span> <span class='ocrx_word' id='word_1_421' title='bbox 1370 1181 1494 1214; x_wconf 76' lang='lat' dir='ltr'><strong>Ejusdem</strong></span> <span class='ocrx_word' id='word_1_422' title='bbox 1515 1182 1635 1209; x_wconf 78' lang='lat' dir='ltr'><strong>Asretica</strong></span> <span class='ocrx_word' id='word_1_423' title='bbox 1645 1204 1651 1210; x_wconf 91' lang='lat'><strong>.</strong></span> <span class='ocrx_word' id='word_1_424' title='bbox 1669 1183 1728 1209; x_wconf 84' lang='lat' dir='ltr'><strong>rod.</strong></span> <span class='ocrx_word' id='word_1_425' title='bbox 1745 1182 1851 1210; x_wconf 88' lang='lat' dir='ltr'><strong>CXLIV</strong></span> 
     </span>
    </p>
   </div>
   <div class='ocr_carea' id='block_1_77' title="bbox 1057 1225 1851 1259">
    <p class='ocr_par' dir='ltr' id='par_1_77' title="bbox 1057 1225 1851 1259">
     <span class='ocr_line' id='line_1_77' title="bbox 1057 1225 1851 1259; baseline 0.004 -8"><span class='ocrx_word' id='word_1_426' title='bbox 1057 1230 1084 1252; x_wconf 89' lang='lat' dir='ltr'><strong>ct</strong></span> <span class='ocrx_word' id='word_1_427' title='bbox 1096 1225 1184 1252; x_wconf 89' lang='lat' dir='ltr'><strong>CXCI.</strong></span> <span class='ocrx_word' id='word_1_428' title='bbox 1202 1225 1328 1259; x_wconf 83' lang='lat' dir='ltr'><strong>Ejusdem</strong></span> <span class='ocrx_word' id='word_1_429' title='bbox 1339 1226 1537 1259; x_wconf 76' lang='lat' dir='ltr'><strong>Hexaemeron,</strong></span> <span class='ocrx_word' id='word_1_430' title='bbox 1555 1228 1615 1254; x_wconf 88' lang='lat' dir='ltr'><strong>cod.</strong></span> <span class='ocrx_word' id='word_1_431' title='bbox 1631 1227 1721 1254; x_wconf 84' lang='lat' dir='ltr'><strong>CXLI.</strong></span> <span class='ocrx_word' id='word_1_432' title='bbox 1735 1245 1768 1249; x_wconf 92' lang='lat'><strong>—</strong></span> <span class='ocrx_word' id='word_1_433' title='bbox 1783 1228 1851 1255; x_wconf 83' lang='lat' dir='ltr'><strong>Item</strong></span> 
     </span>
    </p>
   </div>
   <div class='ocr_carea' id='block_1_78' title="bbox 1057 1272 1845 1309">
    <p class='ocr_par' dir='ltr' id='par_1_78' title="bbox 1057 1272 1845 1309">
     <span class='ocr_line' id='line_1_78' title="bbox 1057 1272 1845 1309; baseline 0.001 -10"><span class='ocrx_word' id='word_1_434' title='bbox 1057 1272 1195 1299; x_wconf 86' lang='lat' dir='ltr'><strong>orationes</strong></span> <span class='ocrx_word' id='word_1_435' title='bbox 1224 1272 1332 1305; x_wconf 71' lang='lat' dir='ltr'><strong>ethiezu,</strong></span> <span class='ocrx_word' id='word_1_436' title='bbox 1356 1274 1417 1301; x_wconf 75' lang='lat' dir='ltr'><strong>cod.</strong></span> <span class='ocrx_word' id='word_1_437' title='bbox 1436 1273 1539 1302; x_wconf 86' lang='lat' dir='ltr'><strong>CXLII.</strong></span> <span class='ocrx_word' id='word_1_438' title='bbox 1565 1289 1601 1294; x_wconf 93' lang='lat'><strong>——</strong></span> <span class='ocrx_word' id='word_1_439' title='bbox 1619 1273 1756 1309; x_wconf 70' lang='lat' dir='ltr'><strong>Epistulae,</strong></span> <span class='ocrx_word' id='word_1_440' title='bbox 1783 1277 1845 1301; x_wconf 83' lang='lat' dir='ltr'><strong>end.</strong></span> 
     </span>
    </p>
   </div>
   <div class='ocr_carea' id='block_1_79' title="bbox 1056 1317 1169 1344">
    <p class='ocr_par' dir='ltr' id='par_1_79' title="bbox 1056 1317 1169 1344">
     <span class='ocr_line' id='line_1_79' title="bbox 1056 1317 1169 1344; baseline 0 0"><span class='ocrx_word' id='word_1_441' title='bbox 1056 1317 1169 1344; x_wconf 88' lang='lat' dir='ltr'><strong>CXLIII.</strong></span> 
     </span>
    </p>
   </div>
   <div class='ocr_carea' id='block_1_80' title="bbox 1091 1364 1849 1401">
    <p class='ocr_par' dir='ltr' id='par_1_80' title="bbox 1091 1364 1849 1401">
     <span class='ocr_line' id='line_1_80' title="bbox 1091 1364 1849 1401; baseline 0.001 -9"><span class='ocrx_word' id='word_1_442' title='bbox 1091 1364 1182 1392; x_wconf 77' lang='lat' dir='ltr'><strong>Basilii</strong></span> <span class='ocrx_word' id='word_1_443' title='bbox 1197 1365 1326 1393; x_wconf 62' lang='lat' dir='ltr'><strong>Seleuciae</strong></span> <span class='ocrx_word' id='word_1_444' title='bbox 1343 1367 1427 1401; x_wconf 74' lang='lat' dir='ltr'><strong>episc.</strong></span> <span class='ocrx_word' id='word_1_445' title='bbox 1444 1367 1582 1393; x_wconf 73' lang='lat' dir='ltr'><strong>orationes</strong></span> <span class='ocrx_word' id='word_1_446' title='bbox 1601 1375 1644 1393; x_wconf 75' lang='lat' dir='ltr'><strong>xv.</strong></span> <span class='ocrx_word' id='word_1_447' title='bbox 1666 1366 1697 1393; x_wconf 90' lang='lat' dir='ltr'><strong>Et</strong></span> <span class='ocrx_word' id='word_1_448' title='bbox 1714 1367 1772 1394; x_wconf 81' lang='lat' dir='ltr'><strong>Vita</strong></span> <span class='ocrx_word' id='word_1_449' title='bbox 1788 1368 1849 1401; x_wconf 85' lang='lat' dir='ltr'><strong>pri-</strong></span> 
     </span>
    </p>
   </div>
   <div class='ocr_carea' id='block_1_81' title="bbox 1057 1412 1596 1447">
    <p class='ocr_par' dir='ltr' id='par_1_81' title="bbox 1057 1412 1596 1447">
     <span class='ocr_line' id='line_1_81' title="bbox 1057 1412 1596 1447; baseline 0.007 -11"><span class='ocrx_word' id='word_1_450' title='bbox 1057 1418 1106 1437; x_wconf 78' lang='lat' dir='ltr'><strong>nue</strong></span> <span class='ocrx_word' id='word_1_451' title='bbox 1120 1413 1245 1447; x_wconf 79' lang='lat' dir='ltr'><strong>martyris</strong></span> <span class='ocrx_word' id='word_1_452' title='bbox 1258 1412 1375 1445; x_wconf 62' lang='lat' dir='ltr'><strong>Theclaa,</strong></span> <span class='ocrx_word' id='word_1_453' title='bbox 1385 1413 1446 1440; x_wconf 88' lang='lat' dir='ltr'><strong>eod.</strong></span> <span class='ocrx_word' id='word_1_454' title='bbox 1459 1412 1596 1440; x_wconf 84' lang='lat' dir='ltr'><strong>CLXVIII.</strong></span> 
     </span>
    </p>
   </div>
   <div class='ocr_carea' id='block_1_82' title="bbox 1092 1457 1849 1492">
    <p class='ocr_par' dir='ltr' id='par_1_82' title="bbox 1092 1457 1849 1492">
     <span class='ocr_line' id='line_1_82' title="bbox 1092 1457 1849 1492; baseline 0.005 -9"><span class='ocrx_word' id='word_1_455' title='bbox 1092 1457 1185 1485; x_wconf 83' lang='lat' dir='ltr'><strong>Boetbi</strong></span> <span class='ocrx_word' id='word_1_456' title='bbox 1221 1467 1316 1486; x_wconf 76' lang='lat' dir='ltr'><strong>vocum</strong></span> <span class='ocrx_word' id='word_1_457' title='bbox 1342 1459 1542 1486; x_wconf 79' lang='lat' dir='ltr'><strong>Platonicarum</strong></span> <span class='ocrx_word' id='word_1_458' title='bbox 1573 1459 1753 1492; x_wconf 84' lang='lat' dir='ltr'><strong>Collectauea,</strong></span> <span class='ocrx_word' id='word_1_459' title='bbox 1783 1460 1849 1487; x_wconf 85' lang='lat' dir='ltr'><strong>rod.</strong></span> 
     </span>
    </p>
   </div>
   <div class='ocr_carea' id='block_1_83' title="bbox 1056 1503 1849 1539">
    <p class='ocr_par' dir='ltr' id='par_1_83' title="bbox 1056 1503 1849 1539">
     <span class='ocr_line' id='line_1_83' title="bbox 1056 1503 1849 1539; baseline 0.004 -9"><span class='ocrx_word' id='word_1_460' title='bbox 1056 1503 1147 1531; x_wconf 86' lang='lat' dir='ltr'><strong>CLIV.</strong></span> <span class='ocrx_word' id='word_1_461' title='bbox 1164 1520 1199 1524; x_wconf 93' lang='lat'><strong><em>—</em></strong></span> <span class='ocrx_word' id='word_1_462' title='bbox 1221 1504 1346 1538; x_wconf 85' lang='lat' dir='ltr'><strong>Ejusdem</strong></span> <span class='ocrx_word' id='word_1_463' title='bbox 1373 1506 1407 1532; x_wconf 83' lang='lat' dir='ltr'><strong>de</strong></span> <span class='ocrx_word' id='word_1_464' title='bbox 1427 1505 1517 1532; x_wconf 85' lang='lat' dir='ltr'><strong>dubiis</strong></span> <span class='ocrx_word' id='word_1_465' title='bbox 1534 1506 1603 1539; x_wconf 92' lang='lat' dir='ltr'><strong>apud</strong></span> <span class='ocrx_word' id='word_1_466' title='bbox 1633 1505 1773 1532; x_wconf 77' lang='lat' dir='ltr'><strong>Platonem</strong></span> <span class='ocrx_word' id='word_1_467' title='bbox 1799 1513 1849 1533; x_wconf 92' lang='lat' dir='ltr'><strong>vo-</strong></span> 
     </span>
    </p>
   </div>
   <div class='ocr_carea' id='block_1_84' title="bbox 1055 1549 1479 1585">
    <p class='ocr_par' dir='ltr' id='par_1_84' title="bbox 1055 1549 1479 1585">
     <span class='ocr_line' id='line_1_84' title="bbox 1055 1549 1479 1585; baseline 0.002 -10"><span class='ocrx_word' id='word_1_468' title='bbox 1055 1550 1132 1577; x_wconf 86' lang='lat' dir='ltr'><strong>eibus</strong></span> <span class='ocrx_word' id='word_1_469' title='bbox 1142 1551 1312 1585; x_wconf 87' lang='lat' dir='ltr'><strong>opusculum,</strong></span> <span class='ocrx_word' id='word_1_470' title='bbox 1329 1551 1388 1578; x_wconf 90' lang='lat' dir='ltr'><strong>cod.</strong></span> <span class='ocrx_word' id='word_1_471' title='bbox 1404 1549 1479 1578; x_wconf 91' lang='lat' dir='ltr'><strong>CLV.</strong></span> 
     </span>
    </p>
   </div>
   <div class='ocr_carea' id='block_1_85' title="bbox 1447 1597 1467 1624">
    <p class='ocr_par' dir='ltr' id='par_1_85' title="bbox 1447 1597 1467 1624">
     <span class='ocr_line' id='line_1_85' title="bbox 1447 1597 1467 1624; baseline 0 0"><span class='ocrx_word' id='word_1_472' title='bbox 1447 1597 1467 1624; x_wconf 91' lang='lat' dir='ltr'><strong>C</strong></span> 
     </span>
    </p>
   </div>
   <div class='ocr_carea' id='block_1_86' title="bbox 1091 1641 1740 1676">
    <p class='ocr_par' dir='ltr' id='par_1_86' title="bbox 1091 1641 1740 1676">
     <span class='ocr_line' id='line_1_86' title="bbox 1091 1641 1740 1676; baseline 0.002 -8"><span class='ocrx_word' id='word_1_473' title='bbox 1091 1641 1171 1668; x_wconf 80' lang='lat' dir='ltr'><strong>Caius</strong></span> <span class='ocrx_word' id='word_1_474' title='bbox 1183 1642 1325 1676; x_wconf 82' lang='lat' dir='ltr'><strong>presbyter</strong></span> <span class='ocrx_word' id='word_1_475' title='bbox 1340 1642 1377 1670; x_wconf 85' lang='lat' dir='ltr'><strong>De</strong></span> <span class='ocrx_word' id='word_1_476' title='bbox 1391 1642 1532 1676; x_wconf 85' lang='lat' dir='ltr'><strong>universo,</strong></span> <span class='ocrx_word' id='word_1_477' title='bbox 1549 1642 1610 1670; x_wconf 85' lang='lat' dir='ltr'><strong>cod.</strong></span> <span class='ocrx_word' id='word_1_478' title='bbox 1625 1642 1740 1669; x_wconf 86' lang='lat' dir='ltr'><strong>XLVIII.</strong></span> 
     </span>
    </p>
   </div>
   <div class='ocr_carea' id='block_1_87' title="bbox 1091 1684 1810 1722">
    <p class='ocr_par' dir='ltr' id='par_1_87' title="bbox 1091 1684 1810 1722">
     <span class='ocr_line' id='line_1_87' title="bbox 1091 1684 1810 1722; baseline 0.004 -9"><span class='ocrx_word' id='word_1_479' title='bbox 1091 1688 1202 1714; x_wconf 64' lang='lat' dir='ltr'><strong>Cmsarii</strong></span> <span class='ocrx_word' id='word_1_480' title='bbox 1221 1689 1308 1722; x_wconf 83' lang='lat' dir='ltr'><strong>capita</strong></span> <span class='ocrx_word' id='word_1_481' title='bbox 1327 1684 1523 1721; x_wconf 66' lang='lat' dir='ltr'><strong>ecclesiastica,</strong></span> <span class='ocrx_word' id='word_1_482' title='bbox 1539 1689 1598 1716; x_wconf 90' lang='lat' dir='ltr'><strong>cod.</strong></span> <span class='ocrx_word' id='word_1_483' title='bbox 1612 1688 1715 1720; x_wconf 85' lang='lat' dir='ltr'><strong>CCXX,</strong></span> <span class='ocrx_word' id='word_1_484' title='bbox 1731 1688 1810 1716; x_wconf 87' lang='lat' dir='ltr'><strong>CCX.</strong></span> 
     </span>
    </p>
   </div>
   <div class='ocr_carea' id='block_1_88' title="bbox 1090 1729 1730 1766">
    <p class='ocr_par' dir='ltr' id='par_1_88' title="bbox 1090 1729 1730 1766">
     <span class='ocr_line' id='line_1_88' title="bbox 1090 1729 1730 1766; baseline 0.003 -9"><span class='ocrx_word' id='word_1_485' title='bbox 1090 1731 1202 1758; x_wconf 85' lang='lat' dir='ltr'><strong>Candidi</strong></span> <span class='ocrx_word' id='word_1_486' title='bbox 1217 1729 1398 1759; x_wconf 86' lang='lat' dir='ltr'><strong>Historiarum</strong></span> <span class='ocrx_word' id='word_1_487' title='bbox 1415 1731 1475 1759; x_wconf 90' lang='lat' dir='ltr'><strong>libri</strong></span> <span class='ocrx_word' id='word_1_488' title='bbox 1490 1741 1531 1766; x_wconf 87' lang='lat' dir='ltr'><strong>III,</strong></span> <span class='ocrx_word' id='word_1_489' title='bbox 1545 1733 1606 1760; x_wconf 86' lang='lat' dir='ltr'><strong>cod.</strong></span> <span class='ocrx_word' id='word_1_490' title='bbox 1623 1731 1730 1759; x_wconf 89' lang='lat' dir='ltr'><strong>LXXIX</strong></span> 
     </span>
    </p>
   </div>
   <div class='ocr_carea' id='block_1_89' title="bbox 1090 1777 1850 1813">
    <p class='ocr_par' dir='ltr' id='par_1_89' title="bbox 1090 1777 1850 1813">
     <span class='ocr_line' id='line_1_89' title="bbox 1090 1777 1850 1813; baseline 0.003 -11"><span class='ocrx_word' id='word_1_491' title='bbox 1090 1777 1211 1804; x_wconf 83' lang='lat' dir='ltr'><strong>Cassiani</strong></span> <span class='ocrx_word' id='word_1_492' title='bbox 1237 1778 1362 1805; x_wconf 87' lang='lat' dir='ltr'><strong>monachi</strong></span> <span class='ocrx_word' id='word_1_493' title='bbox 1379 1778 1487 1812; x_wconf 67' lang='lat' dir='ltr'><strong>Regula:</strong></span> <span class='ocrx_word' id='word_1_494' title='bbox 1517 1779 1712 1806; x_wconf 86' lang='lat' dir='ltr'><strong>monachorum</strong></span> <span class='ocrx_word' id='word_1_495' title='bbox 1727 1777 1850 1813; x_wconf 65' lang='lat' dir='ltr'><strong>Egypti,</strong></span> 
     </span>
    </p>
   </div>
   <div class='ocr_carea' id='block_1_90' title="bbox 1056 1823 1851 1859">
    <p class='ocr_par' dir='ltr' id='par_1_90' title="bbox 1056 1823 1851 1859">
     <span class='ocr_line' id='line_1_90' title="bbox 1056 1823 1851 1859; baseline 0 -10"><span class='ocrx_word' id='word_1_496' title='bbox 1056 1823 1092 1849; x_wconf 88' lang='lat' dir='ltr'><strong>De</strong></span> <span class='ocrx_word' id='word_1_497' title='bbox 1105 1828 1166 1849; x_wconf 80' lang='lat' dir='ltr'><strong>orto</strong></span> <span class='ocrx_word' id='word_1_498' title='bbox 1180 1823 1306 1858; x_wconf 83' lang='lat' dir='ltr'><strong>(vitiosis)</strong></span> <span class='ocrx_word' id='word_1_499' title='bbox 1319 1823 1539 1859; x_wconf 84' lang='lat' dir='ltr'><strong>cogitationibus,</strong></span> <span class='ocrx_word' id='word_1_500' title='bbox 1556 1823 1662 1852; x_wconf 84' lang='lat' dir='ltr'><strong>libellus</strong></span> <span class='ocrx_word' id='word_1_501' title='bbox 1675 1824 1754 1850; x_wconf 92' lang='lat' dir='ltr'><strong>trium</strong></span> <span class='ocrx_word' id='word_1_502' title='bbox 1767 1823 1851 1850; x_wconf 82' lang='lat' dir='ltr'><strong>colla-</strong></span> 
     </span>
    </p>
   </div>
   <div class='ocr_carea' id='block_1_91' title="bbox 1057 1866 1395 1898">
    <p class='ocr_par' dir='ltr' id='par_1_91' title="bbox 1057 1866 1395 1898">
     <span class='ocr_line' id='line_1_91' title="bbox 1057 1866 1395 1898; baseline 0.003 -5"><span class='ocrx_word' id='word_1_503' title='bbox 1057 1867 1171 1898; x_wconf 87' lang='lat' dir='ltr'><strong>tionmu,</strong></span> <span class='ocrx_word' id='word_1_504' title='bbox 1187 1867 1249 1894; x_wconf 86' lang='lat' dir='ltr'><strong>cod.</strong></span> <span class='ocrx_word' id='word_1_505' title='bbox 1267 1866 1395 1894; x_wconf 87' lang='lat' dir='ltr'><strong>CXCVII.</strong></span> 
     </span>
    </p>
   </div>
   <div class='ocr_carea' id='block_1_92' title="bbox 1088 1912 1847 1947">
    <p class='ocr_par' dir='ltr' id='par_1_92' title="bbox 1088 1912 1847 1947">
     <span class='ocr_line' id='line_1_92' title="bbox 1088 1912 1847 1947; baseline -0.001 -7"><span class='ocrx_word' id='word_1_506' title='bbox 1088 1912 1273 1947; x_wconf 73' lang='lat' dir='ltr'><strong>Cephalteonis</strong></span> <span class='ocrx_word' id='word_1_507' title='bbox 1282 1912 1376 1946; x_wconf 56' lang='lat' dir='ltr'><strong>Musa,</strong></span> <span class='ocrx_word' id='word_1_508' title='bbox 1391 1913 1448 1941; x_wconf 86' lang='lat' dir='ltr'><strong>sive</strong></span> <span class='ocrx_word' id='word_1_509' title='bbox 1459 1912 1580 1941; x_wconf 67' lang='lat' dir='ltr'><strong>historiae</strong></span> <span class='ocrx_word' id='word_1_510' title='bbox 1588 1912 1720 1947; x_wconf 87' lang='lat' dir='ltr'><strong>epitomes</strong></span> <span class='ocrx_word' id='word_1_511' title='bbox 1737 1912 1797 1940; x_wconf 87' lang='lat' dir='ltr'><strong>libri</strong></span> <span class='ocrx_word' id='word_1_512' title='bbox 1807 1919 1847 1946; x_wconf 78' lang='grc' dir='ltr'>ιιι,</span> 
     </span>
    </p>
   </div>
   <div class='ocr_carea' id='block_1_93' title="bbox 1054 1957 1249 1986">
    <p class='ocr_par' dir='ltr' id='par_1_93' title="bbox 1054 1957 1249 1986">
     <span class='ocr_line' id='line_1_93' title="bbox 1054 1957 1249 1986; baseline 0 0"><span class='ocrx_word' id='word_1_513' title='bbox 1054 1958 1115 1986; x_wconf 83' lang='lat' dir='ltr'><strong>cod.</strong></span> <span class='ocrx_word' id='word_1_514' title='bbox 1131 1957 1249 1986; x_wconf 87' lang='lat' dir='ltr'><strong>LXVIII.</strong></span> 
     </span>
    </p>
   </div>
   <div class='ocr_carea' id='block_1_94' title="bbox 1088 2003 1796 2040">
    <p class='ocr_par' dir='ltr' id='par_1_94' title="bbox 1088 2003 1796 2040">
     <span class='ocr_line' id='line_1_94' title="bbox 1088 2003 1796 2040; baseline 0 -10"><span class='ocrx_word' id='word_1_515' title='bbox 1088 2003 1198 2031; x_wconf 88' lang='lat' dir='ltr'><strong>Charini</strong></span> <span class='ocrx_word' id='word_1_516' title='bbox 1212 2004 1268 2040; x_wconf 74' lang='grc' dir='ltr'><strong>([ι.)</strong></span> <span class='ocrx_word' id='word_1_517' title='bbox 1297 2003 1402 2032; x_wconf 80' lang='lat' dir='ltr'><strong>Periodi</strong></span> <span class='ocrx_word' id='word_1_518' title='bbox 1418 2004 1612 2039; x_wconf 88' lang='lat' dir='ltr'><strong>apostolorum,</strong></span> <span class='ocrx_word' id='word_1_519' title='bbox 1626 2003 1686 2031; x_wconf 88' lang='lat' dir='ltr'><strong>cod.</strong></span> <span class='ocrx_word' id='word_1_520' title='bbox 1703 2003 1796 2031; x_wconf 87' lang='lat' dir='ltr'><strong>CXIV.</strong></span> 
     </span>
    </p>
   </div>
   <div class='ocr_carea' id='block_1_95' title="bbox 1088 2048 1844 2085">
    <p class='ocr_par' dir='ltr' id='par_1_95' title="bbox 1088 2048 1844 2085">
     <span class='ocr_line' id='line_1_95' title="bbox 1088 2048 1844 2085; baseline -0.001 -9"><span class='ocrx_word' id='word_1_521' title='bbox 1088 2050 1206 2077; x_wconf 88' lang='lat' dir='ltr'><strong>Chorieii</strong></span> <span class='ocrx_word' id='word_1_522' title='bbox 1222 2050 1357 2085; x_wconf 69' lang='lat' dir='ltr'><strong>Sophistze</strong></span> <span class='ocrx_word' id='word_1_523' title='bbox 1364 2050 1573 2078; x_wconf 82' lang='lat' dir='ltr'><strong>declamationes</strong></span> <span class='ocrx_word' id='word_1_524' title='bbox 1588 2051 1679 2081; x_wconf 60' lang='lat' dir='ltr'><strong>variae,</strong></span> <span class='ocrx_word' id='word_1_525' title='bbox 1692 2050 1753 2076; x_wconf 89' lang='lat' dir='ltr'><strong>eod.</strong></span> <span class='ocrx_word' id='word_1_526' title='bbox 1765 2048 1844 2078; x_wconf 85' lang='lat' dir='ltr'><strong>CLX.</strong></span> 
     </span>
    </p>
   </div>
   <div class='ocr_carea' id='block_1_96' title="bbox 1088 2095 1847 2131">
    <p class='ocr_par' dir='ltr' id='par_1_96' title="bbox 1088 2095 1847 2131">
     <span class='ocr_line' id='line_1_96' title="bbox 1088 2095 1847 2131; baseline 0 -9"><span class='ocrx_word' id='word_1_527' title='bbox 1088 2095 1306 2123; x_wconf 85' lang='lat' dir='ltr'><strong>Christianorum</strong></span> <span class='ocrx_word' id='word_1_528' title='bbox 1335 2097 1415 2129; x_wconf 86' lang='lat' dir='ltr'><strong>liber,</strong></span> <span class='ocrx_word' id='word_1_529' title='bbox 1450 2096 1608 2124; x_wconf 83' lang='lat' dir='ltr'><strong>()ctateuchi</strong></span> <span class='ocrx_word' id='word_1_530' title='bbox 1641 2096 1777 2131; x_wconf 80' lang='lat' dir='ltr'><strong>expositio</strong></span> <span class='ocrx_word' id='word_1_531' title='bbox 1811 2096 1847 2122; x_wconf 88' lang='lat' dir='ltr'><strong>li-</strong></span> 
     </span>
    </p>
   </div>
   <div class='ocr_carea' id='block_1_97' title="bbox 1054 2142 1395 2174">
    <p class='ocr_par' dir='ltr' id='par_1_97' title="bbox 1054 2142 1395 2174">
     <span class='ocr_line' id='line_1_97' title="bbox 1054 2142 1395 2174; baseline 0.003 -5"><span class='ocrx_word' id='word_1_532' title='bbox 1054 2142 1109 2169; x_wconf 86' lang='lat' dir='ltr'><strong>bris</strong></span> <span class='ocrx_word' id='word_1_533' title='bbox 1125 2150 1173 2174; x_wconf 83' lang='grc' dir='ltr'>ιιιι,</span> <span class='ocrx_word' id='word_1_534' title='bbox 1192 2144 1254 2171; x_wconf 88' lang='lat' dir='ltr'><strong>cod.</strong></span> <span class='ocrx_word' id='word_1_535' title='bbox 1277 2143 1395 2170; x_wconf 88' lang='lat' dir='ltr'><strong>XXXVI.</strong></span> 
     </span>
    </p>
   </div>
   <div class='ocr_carea' id='block_1_98' title="bbox 1087 2187 1849 2224">
    <p class='ocr_par' dir='ltr' id='par_1_98' title="bbox 1087 2187 1849 2224">
     <span class='ocr_line' id='line_1_98' title="bbox 1087 2187 1849 2224; baseline -0.001 -8"><span class='ocrx_word' id='word_1_536' title='bbox 1087 2189 1231 2224; x_wconf 82' lang='lat' dir='ltr'><strong>Chrysippi</strong></span> <span class='ocrx_word' id='word_1_537' title='bbox 1269 2187 1518 2224; x_wconf 81' lang='lat' dir='ltr'><strong>Hierosolymorum</strong></span> <span class='ocrx_word' id='word_1_538' title='bbox 1550 2189 1642 2224; x_wconf 86' lang='lat' dir='ltr'><strong>presb.</strong></span> <span class='ocrx_word' id='word_1_539' title='bbox 1672 2187 1786 2217; x_wconf 82' lang='lat' dir='ltr'><strong>historia</strong></span> <span class='ocrx_word' id='word_1_540' title='bbox 1812 2188 1849 2216; x_wconf 84' lang='lat' dir='ltr'><strong>de</strong></span> 
     </span>
    </p>
   </div>
   <div class='ocr_carea' id='block_1_99' title="bbox 1054 2233 1632 2267">
    <p class='ocr_par' dir='ltr' id='par_1_99' title="bbox 1054 2233 1632 2267">
     <span class='ocr_line' id='line_1_99' title="bbox 1054 2233 1632 2267; baseline 0.002 -6"><span class='ocrx_word' id='word_1_541' title='bbox 1054 2233 1201 2261; x_wconf 84' lang='lat' dir='ltr'><strong>Gamaliele</strong></span> <span class='ocrx_word' id='word_1_542' title='bbox 1216 2239 1242 2261; x_wconf 87' lang='lat' dir='ltr'><strong>et</strong></span> <span class='ocrx_word' id='word_1_543' title='bbox 1257 2233 1416 2267; x_wconf 86' lang='lat' dir='ltr'><strong>Nicodemo,</strong></span> <span class='ocrx_word' id='word_1_544' title='bbox 1435 2234 1496 2262; x_wconf 90' lang='lat' dir='ltr'><strong>cod.</strong></span> <span class='ocrx_word' id='word_1_545' title='bbox 1512 2234 1632 2262; x_wconf 83' lang='lat' dir='ltr'><strong>CLXXI.</strong></span> 
     </span>
    </p>
   </div>
   <div class='ocr_carea' id='block_1_100' title="bbox 1087 2278 1503 2314">
    <p class='ocr_par' dir='ltr' id='par_1_100' title="bbox 1087 2278 1503 2314">
     <span class='ocr_line' id='line_1_100' title="bbox 1087 2278 1503 2314; baseline 0.002 -9"><span class='ocrx_word' id='word_1_546' title='bbox 1087 2279 1282 2314; x_wconf 83' lang='lat' dir='ltr'><strong>Cltrysoslomi.</strong></span> <span class='ocrx_word' id='word_1_547' title='bbox 1303 2278 1367 2306; x_wconf 83' lang='lat' dir='ltr'><strong>Vide</strong></span> <span class='ocrx_word' id='word_1_548' title='bbox 1381 2278 1503 2307; x_wconf 86' lang='lat' dir='ltr'><strong>Joannis.</strong></span> 
     </span>
    </p>
   </div>
   <div class='ocr_carea' id='block_1_101' title="bbox 1088 2322 1844 2359">
    <p class='ocr_par' dir='ltr' id='par_1_101' title="bbox 1088 2322 1844 2359">
     <span class='ocr_line' id='line_1_101' title="bbox 1088 2322 1844 2359; baseline 0.001 -10"><span class='ocrx_word' id='word_1_549' title='bbox 1088 2322 1236 2350; x_wconf 81' lang='lat' dir='ltr'><strong>Clementis</strong></span> <span class='ocrx_word' id='word_1_550' title='bbox 1256 2323 1430 2351; x_wconf 70' lang='lat' dir='ltr'><strong>Alexandrini</strong></span> <span class='ocrx_word' id='word_1_551' title='bbox 1451 2324 1541 2358; x_wconf 87' lang='lat' dir='ltr'><strong>presb.</strong></span> <span class='ocrx_word' id='word_1_552' title='bbox 1565 2325 1687 2359; x_wconf 80' lang='lat' dir='ltr'><strong>scripta,</strong></span> <span class='ocrx_word' id='word_1_553' title='bbox 1708 2331 1734 2352; x_wconf 85' lang='lat' dir='ltr'><strong>et</strong></span> <span class='ocrx_word' id='word_1_554' title='bbox 1751 2325 1844 2359; x_wconf 85' lang='lat' dir='ltr'><strong>llypo-</strong></span> 
     </span>
    </p>
   </div>
   <div class='ocr_carea' id='block_1_102' title="bbox 1055 2369 1848 2404">
    <p class='ocr_par' dir='ltr' id='par_1_102' title="bbox 1055 2369 1848 2404">
     <span class='ocr_line' id='line_1_102' title="bbox 1055 2369 1848 2404; baseline 0.003 -10"><span class='ocrx_word' id='word_1_555' title='bbox 1055 2374 1184 2403; x_wconf 80' lang='lat' dir='ltr'><strong>typoseon</strong></span> <span class='ocrx_word' id='word_1_556' title='bbox 1205 2369 1262 2396; x_wconf 88' lang='lat' dir='ltr'><strong>sive</strong></span> <span class='ocrx_word' id='word_1_557' title='bbox 1281 2369 1493 2404; x_wconf 80' lang='lat' dir='ltr'><strong>disputationum</strong></span> <span class='ocrx_word' id='word_1_558' title='bbox 1510 2369 1568 2397; x_wconf 90' lang='lat' dir='ltr'><strong>libri</strong></span> <span class='ocrx_word' id='word_1_559' title='bbox 1584 2378 1642 2402; x_wconf 82' lang='lat' dir='ltr'><strong>vm,</strong></span> <span class='ocrx_word' id='word_1_560' title='bbox 1659 2372 1719 2397; x_wconf 83' lang='lat' dir='ltr'><strong>rod.</strong></span> <span class='ocrx_word' id='word_1_561' title='bbox 1731 2370 1799 2398; x_wconf 82' lang='lat' dir='ltr'><strong>CIX.</strong></span> <span class='ocrx_word' id='word_1_562' title='bbox 1810 2386 1848 2390; x_wconf 91' lang='lat'><strong>--</strong></span> 
     </span>
    </p>
   </div>
   <div class='ocr_carea' id='block_1_103' title="bbox 1054 2413 1846 2452">
    <p class='ocr_par' dir='ltr' id='par_1_103' title="bbox 1054 2413 1846 2452">
     <span class='ocr_line' id='line_1_103' title="bbox 1054 2413 1846 2452; baseline 0.004 -12"><span class='ocrx_word' id='word_1_563' title='bbox 1054 2413 1180 2449; x_wconf 74' lang='lat' dir='ltr'><strong>Ejusdem</strong></span> <span class='ocrx_word' id='word_1_564' title='bbox 1197 2415 1264 2442; x_wconf 90' lang='lat' dir='ltr'><strong>liber</strong></span> <span class='ocrx_word' id='word_1_565' title='bbox 1290 2420 1384 2442; x_wconf 82' lang='lat' dir='ltr'><strong>contra</strong></span> <span class='ocrx_word' id='word_1_566' title='bbox 1410 2420 1514 2449; x_wconf 73' lang='lat' dir='ltr'><strong>gentes,</strong></span> <span class='ocrx_word' id='word_1_567' title='bbox 1529 2421 1555 2442; x_wconf 89' lang='lat' dir='ltr'><strong>et</strong></span> <span class='ocrx_word' id='word_1_568' title='bbox 1571 2416 1709 2452; x_wconf 68' lang='lat' dir='ltr'><strong>Pmrlagogi</strong></span> <span class='ocrx_word' id='word_1_569' title='bbox 1727 2417 1786 2443; x_wconf 90' lang='lat' dir='ltr'><strong>libri</strong></span> <span class='ocrx_word' id='word_1_570' title='bbox 1805 2425 1846 2449; x_wconf 85' lang='grc' dir='ltr'>ιιι,</span> 
     </span>
    </p>
   </div>
   <div class='ocr_carea' id='block_1_104' title="bbox 1053 2459 1846 2495">
    <p class='ocr_par' dir='ltr' id='par_1_104' title="bbox 1053 2459 1846 2495">
     <span class='ocr_line' id='line_1_104' title="bbox 1053 2459 1846 2495; baseline 0.003 -9"><span class='ocrx_word' id='word_1_571' title='bbox 1053 2461 1113 2486; x_wconf 86' lang='lat' dir='ltr'><strong>cod.</strong></span> <span class='ocrx_word' id='word_1_572' title='bbox 1147 2459 1204 2487; x_wconf 90' lang='lat' dir='ltr'><strong>CX.</strong></span> <span class='ocrx_word' id='word_1_573' title='bbox 1232 2463 1267 2480; x_wconf 81' lang='lat'><strong>—&#39;-</strong></span> <span class='ocrx_word' id='word_1_574' title='bbox 1299 2460 1426 2495; x_wconf 72' lang='lat' dir='ltr'><strong>Ejusdem</strong></span> <span class='ocrx_word' id='word_1_575' title='bbox 1449 2461 1597 2490; x_wconf 86' lang='lat' dir='ltr'><strong>Stromatei</strong></span> <span class='ocrx_word' id='word_1_576' title='bbox 1614 2461 1674 2489; x_wconf 91' lang='lat' dir='ltr'><strong>libri</strong></span> <span class='ocrx_word' id='word_1_577' title='bbox 1700 2470 1759 2495; x_wconf 81' lang='lat' dir='ltr'><strong>rm,</strong></span> <span class='ocrx_word' id='word_1_578' title='bbox 1783 2464 1846 2490; x_wconf 82' lang='lat' dir='ltr'><strong>cod.</strong></span> 
     </span>
    </p>
   </div>
   <div class='ocr_carea' id='block_1_105' title="bbox 1052 2505 1122 2533">
    <p class='ocr_par' dir='ltr' id='par_1_105' title="bbox 1052 2505 1122 2533">
     <span class='ocr_line' id='line_1_105' title="bbox 1052 2505 1122 2533; baseline -0.014 0"><span class='ocrx_word' id='word_1_579' title='bbox 1052 2505 1122 2533; x_wconf 92' lang='lat' dir='ltr'><strong>CXI.</strong></span> 
     </span>
    </p>
   </div>
   <div class='ocr_carea' id='block_1_106' title="bbox 1086 2551 1848 2588">
    <p class='ocr_par' dir='ltr' id='par_1_106' title="bbox 1086 2551 1848 2588">
     <span class='ocr_line' id='line_1_106' title="bbox 1086 2551 1848 2588; baseline 0 -8"><span class='ocrx_word' id='word_1_580' title='bbox 1086 2551 1233 2580; x_wconf 85' lang='lat' dir='ltr'><strong>Clementis</strong></span> <span class='ocrx_word' id='word_1_581' title='bbox 1255 2552 1334 2580; x_wconf 79' lang='lat' dir='ltr'><strong>Rom.</strong></span> <span class='ocrx_word' id='word_1_582' title='bbox 1351 2553 1487 2588; x_wconf 81' lang='lat' dir='ltr'><strong>pontiﬁcis</strong></span> <span class='ocrx_word' id='word_1_583' title='bbox 1510 2553 1848 2587; x_wconf 71' lang='lat' dir='ltr'><strong>Constitutionesaposto-</strong></span> 
     </span>
    </p>
   </div>
   <div class='ocr_carea' id='block_1_107' title="bbox 1049 2596 1847 2632">
    <p class='ocr_par' dir='ltr' id='par_1_107' title="bbox 1049 2596 1847 2632">
     <span class='ocr_line' id='line_1_107' title="bbox 1049 2596 1847 2632; baseline 0.003 -9"><span class='ocrx_word' id='word_1_584' title='bbox 1049 2596 1149 2629; x_wconf 88' lang='lat' dir='ltr'><strong>lorum,</strong></span> <span class='ocrx_word' id='word_1_585' title='bbox 1164 2597 1371 2632; x_wconf 70' lang='lat' dir='ltr'><strong>Iiecognitiones</strong></span> <span class='ocrx_word' id='word_1_586' title='bbox 1381 2602 1408 2625; x_wconf 89' lang='lat' dir='ltr'><strong>et</strong></span> <span class='ocrx_word' id='word_1_587' title='bbox 1431 2598 1494 2630; x_wconf 88' lang='lat' dir='ltr'><strong>alia,</strong></span> <span class='ocrx_word' id='word_1_588' title='bbox 1513 2600 1575 2626; x_wconf 85' lang='lat' dir='ltr'><strong>cod.</strong></span> <span class='ocrx_word' id='word_1_589' title='bbox 1592 2599 1662 2626; x_wconf 86' lang='lat' dir='ltr'><strong>CXII</strong></span> <span class='ocrx_word' id='word_1_590' title='bbox 1674 2604 1700 2627; x_wconf 91' lang='lat' dir='ltr'><strong>et</strong></span> <span class='ocrx_word' id='word_1_591' title='bbox 1714 2598 1847 2626; x_wconf 86' lang='lat' dir='ltr'><strong>CXIII.—</strong></span> 
     </span>
    </p>
   </div>
   <div class='ocr_carea' id='block_1_108' title="bbox 1053 2642 1813 2678">
    <p class='ocr_par' dir='ltr' id='par_1_108' title="bbox 1053 2642 1813 2678">
     <span class='ocr_line' id='line_1_108' title="bbox 1053 2642 1813 2678; baseline 0.004 -9"><span class='ocrx_word' id='word_1_592' title='bbox 1053 2642 1179 2678; x_wconf 83' lang='lat' dir='ltr'><strong>Ejusdem</strong></span> <span class='ocrx_word' id='word_1_593' title='bbox 1193 2643 1319 2678; x_wconf 71' lang='lat' dir='ltr'><strong>Epistulae</strong></span> <span class='ocrx_word' id='word_1_594' title='bbox 1335 2644 1367 2670; x_wconf 85' lang='lat' dir='ltr'><strong>ad</strong></span> <span class='ocrx_word' id='word_1_595' title='bbox 1385 2644 1543 2672; x_wconf 89' lang='lat' dir='ltr'><strong>Corinthios</strong></span> <span class='ocrx_word' id='word_1_596' title='bbox 1554 2653 1584 2677; x_wconf 88' lang='grc' dir='ltr'>ιι,</span> <span class='ocrx_word' id='word_1_597' title='bbox 1602 2646 1665 2672; x_wconf 90' lang='lat' dir='ltr'><strong>cod.</strong></span> <span class='ocrx_word' id='word_1_598' title='bbox 1681 2644 1813 2673; x_wconf 84' lang='lat' dir='ltr'><strong>CXXVII.</strong></span> 
     </span>
    </p>
   </div>
   <div class='ocr_carea' id='block_1_109' title="bbox 1087 2688 1802 2724">
    <p class='ocr_par' dir='ltr' id='par_1_109' title="bbox 1087 2688 1802 2724">
     <span class='ocr_line' id='line_1_109' title="bbox 1087 2688 1802 2724; baseline 0.004 -8"><span class='ocrx_word' id='word_1_599' title='bbox 1087 2689 1205 2716; x_wconf 84' lang='lat' dir='ltr'><strong>Cononis</strong></span> <span class='ocrx_word' id='word_1_600' title='bbox 1223 2689 1249 2716; x_wconf 93' lang='lat' dir='ltr'><strong>in</strong></span> <span class='ocrx_word' id='word_1_601' title='bbox 1265 2688 1444 2724; x_wconf 85' lang='lat' dir='ltr'><strong>Philoponum</strong></span> <span class='ocrx_word' id='word_1_602' title='bbox 1467 2691 1612 2723; x_wconf 71' lang='lat' dir='ltr'><strong>invectiva,</strong></span> <span class='ocrx_word' id='word_1_603' title='bbox 1627 2692 1687 2719; x_wconf 84' lang='lat' dir='ltr'><strong>cod.</strong></span> <span class='ocrx_word' id='word_1_604' title='bbox 1706 2692 1802 2720; x_wconf 83' lang='lat' dir='ltr'><strong>XXIII.</strong></span> 
     </span>
    </p>
   </div>
   <div class='ocr_carea' id='block_1_110' title="bbox 1089 2735 1680 2768">
    <p class='ocr_par' dir='ltr' id='par_1_110' title="bbox 1089 2735 1680 2768">
     <span class='ocr_line' id='line_1_110' title="bbox 1089 2735 1680 2768; baseline 0.002 -6"><span class='ocrx_word' id='word_1_605' title='bbox 1089 2735 1208 2762; x_wconf 85' lang='lat' dir='ltr'><strong>Cononis</strong></span> <span class='ocrx_word' id='word_1_606' title='bbox 1224 2736 1393 2763; x_wconf 85' lang='lat' dir='ltr'><strong>narrationes</strong></span> <span class='ocrx_word' id='word_1_607' title='bbox 1405 2744 1430 2768; x_wconf 84' lang='lat' dir='ltr'><strong>L,</strong></span> <span class='ocrx_word' id='word_1_608' title='bbox 1441 2737 1502 2762; x_wconf 82' lang='lat' dir='ltr'><strong>cod.</strong></span> <span class='ocrx_word' id='word_1_609' title='bbox 1515 2735 1680 2764; x_wconf 86' lang='lat' dir='ltr'><strong>CLXXXVI.</strong></span> 
     </span>
    </p>
   </div>
   <div class='ocr_carea' id='block_1_111' title="bbox 1086 2780 1848 2810">
    <p class='ocr_par' dir='ltr' id='par_1_111' title="bbox 1086 2780 1848 2810">
     <span class='ocr_line' id='line_1_111' title="bbox 1086 2780 1848 2810; baseline 0.004 -3"><span class='ocrx_word' id='word_1_610' title='bbox 1086 2781 1183 2807; x_wconf 53' lang='lat' dir='ltr'><strong>Ctesia:</strong></span> <span class='ocrx_word' id='word_1_611' title='bbox 1210 2780 1298 2808; x_wconf 89' lang='lat' dir='ltr'><strong>Cnidii</strong></span> <span class='ocrx_word' id='word_1_612' title='bbox 1327 2780 1496 2808; x_wconf 83' lang='lat' dir='ltr'><strong>Persicarum</strong></span> <span class='ocrx_word' id='word_1_613' title='bbox 1515 2789 1604 2809; x_wconf 90' lang='lat' dir='ltr'><strong>rerum</strong></span> <span class='ocrx_word' id='word_1_614' title='bbox 1633 2782 1693 2810; x_wconf 87' lang='lat' dir='ltr'><strong>libri</strong></span> <span class='ocrx_word' id='word_1_615' title='bbox 1708 2791 1786 2810; x_wconf 60' lang='grc' dir='ltr'>χχιιι.</span> <span class='ocrx_word' id='word_1_616' title='bbox 1809 2800 1848 2807; x_wconf 81' lang='lat'><em>—</em></span> 
     </span>
    </p>
   </div>
   <div class='ocr_carea' id='block_1_112' title="bbox 1051 2826 1847 2865">
    <p class='ocr_par' dir='ltr' id='par_1_112' title="bbox 1051 2826 1847 2865">
     <span class='ocr_line' id='line_1_112' title="bbox 1051 2826 1847 2865; baseline 0.008 -13"><span class='ocrx_word' id='word_1_617' title='bbox 1051 2827 1177 2861; x_wconf 72' lang='lat' dir='ltr'><strong>Ejusdem</strong></span> <span class='ocrx_word' id='word_1_618' title='bbox 1206 2827 1358 2862; x_wconf 81' lang='lat' dir='ltr'><strong>fragmenta</strong></span> <span class='ocrx_word' id='word_1_619' title='bbox 1375 2841 1408 2846; x_wconf 98' lang='lat'><strong>—</strong></span> <span class='ocrx_word' id='word_1_620' title='bbox 1429 2826 1555 2861; x_wconf 81' lang='lat' dir='ltr'><strong>Ejusdem</strong></span> <span class='ocrx_word' id='word_1_621' title='bbox 1585 2829 1736 2857; x_wconf 86' lang='lat' dir='ltr'><strong>lndieorum</strong></span> <span class='ocrx_word' id='word_1_622' title='bbox 1765 2829 1847 2865; x_wconf 82' lang='lat' dir='ltr'><strong>liber,</strong></span> 
     </span>
    </p>
   </div>
   <div class='ocr_carea' id='block_1_113' title="bbox 1049 2870 1461 2903">
    <p class='ocr_par' dir='ltr' id='par_1_113' title="bbox 1049 2870 1461 2903">
     <span class='ocr_line' id='line_1_113' title="bbox 1049 2870 1461 2903; baseline -0.002 -1"><span class='ocrx_word' id='word_1_623' title='bbox 1049 2874 1114 2902; x_wconf 64' lang='lat' dir='ltr'><strong>cod.</strong></span> <span class='ocrx_word' id='word_1_624' title='bbox 1133 2871 1240 2903; x_wconf 82' lang='lat' dir='ltr'><strong>LXXII.</strong></span> <span class='ocrx_word' id='word_1_625' title='bbox 1458 2870 1461 2875; x_wconf 81' lang='grc'><strong>’</strong></span> 
     </span>
    </p>
   </div>
  </div>
