1918 3086
222 153 258 186 35
799 156 850 186 AD
863 155 996 186 PHOTII
1018 156 1304 188 BIBLIOTHECAM
1833 156 1871 188 36

259 210 353 239 lsidori
371 209 430 238 Vita
472 209 536 238 Vide
551 210 720 239 Damascius.

259 254 389 283 Isocratis
433 256 573 283 orationes
613 264 660 284 xxi
700 256 818 292 indeque
864 261 1013 290 excerpta,

222 302 284 330 cod.
300 301 402 329 CCLX.
418 316 455 322 ——
471 301 505 329 Et
528 302 652 337 epistolae
672 310 712 335 IX,
736 303 798 330 cod.
818 302 909 330 CLIX.
932 303 1012 338 Ejus-

223 348 284 375 dem
305 348 338 375 ad
353 347 548 376 Archidamum
563 348 678 384 epistola
698 355 771 376 nunc
795 349 911 384 primum
926 349 1013 383 edita,

224 393 290 420 ibid.

619 451 633 479 J

257 506 402 536 Jamblichi
413 507 447 536 de
456 508 538 536 rebus
547 507 687 536 Rhodanis
699 513 728 537 et
735 508 874 537 Sinonidis
881 509 944 538 libri
957 517 1014 543 xVI,

222 553 284 581 cod.
301 552 394 580 XCIV.

257 598 375 626 Joannis
387 598 527 633 Carpathii
549 599 751 628 consolatorius
763 599 796 627 ad
819 599 902 628 India
918 608 1014 628 mona-

223 645 290 672 chOs
305 649 413 672 centum
427 645 557 678 capitum,
570 645 629 672 cod.
646 644 710 672 CCI.

257 689 370 717 Joannis
383 690 437 725 (8.)
455 689 646 725 Chrysostomi
665 691 692 718 in
705 695 818 719 mortem
836 695 864 719 et
878 692 1017 720 ascensio-

223 741 285 761 nem
300 734 413 767 Christi,
430 735 548 769 itemque
561 735 588 762 in
597 734 776 764 Pentecosten
799 736 938 764 orationes
951 744 1015 764 xxv.

222 780 399 813 -—-Ejusdem
425 780 548 814 epistolae
569 781 603 807 ad
620 779 806 816 Olympiadem
821 787 848 809 et
858 781 937 815 alios,
953 782 1014 809 cod.

223 824 367 853 LXXXVI.
385 824 511 860 Ejusdem
531 825 704 853 homiliarum
722 827 747 854 in
762 826 880 854 Genesiu
904 827 1017 854 volunti-

223 879 257 898 na
274 873 337 903 tria,
352 871 412 898 cod.
426 870 566 904 CLXXIII,
579 871 719 904 CLXXIII,
732 872 871 900 CLXXIV.
888 874 1016 908 Ejusdem

221 917 311 944 oratio
343 917 370 945 in
398 917 427 945 S.
446 917 571 950 Paulum,
600 919 896 947 cod.CCLXX.—Et
925 920 952 947 in
980 928 1013 947 ιι.

223 967 370 997 martyres,
398 962 460 989 cod.
481 961 654 990 CCLXXIV.
682 963 822 997 Ilomiliae,
845 964 878 991 de
909 964 1014 999 Spiritu

222 1013 343 1040 sancto;
371 1008 398 1034 in
427 1007 550 1035 Natalem
572 1008 696 1043 Christi;
724 1009 752 1036 in
774 1009 888 1042 dictum,
912 1009 1014 1045 Suﬂicit

223 1046 270 1079 tibi
294 1054 384 1087 gratia
415 1061 488 1086 mea,
520 1059 558 1087 et,
578 1054 611 1081 Si
631 1063 682 1089 qua
698 1061 760 1089 ergo
779 1055 806 1081 in
820 1054 926 1082 Christo
949 1063 1014 1082 nova

221 1105 366 1131 creatura;
381 1099 417 1126 De
433 1099 605 1134 ptPnitentia,
616 1099 678 1127 cod.
693 1099 870 1128 CCLXXVII.

255 1143 368 1172 Joannis
400 1144 500 1173 Moschi
518 1144 641 1178 Pratum,
668 1146 726 1173 sive
751 1145 882 1174 Hortulus
915 1153 1012 1179 novus,

220 1192 283 1218 cod.
296 1190 414 1218 CXCIX.

257 1235 378 1263 J0annes
395 1235 558 1270 Philoponus
570 1236 604 1264 de
626 1237 843 1270 resurrectione,
861 1236 923 1265 cod.
939 1236 1011 1270 XXI,

220 1280 340 1308 —ldem
370 1281 398 1307 in
432 1279 629 1314 Hexaemeron.
649 1282 710 1309 cod.
735 1281 827 1310 XLIII.
848 1281 1014 1317 ——Indeque

222 1331 361 1360 excerpta,
382 1326 445 1354 cod.
457 1325 559 1354 CCXL.
583 1342 614 1347 —
626 1327 659 1355 Et
677 1333 771 1355 contra
794 1333 918 1363 quartam
933 1336 1014 1364 syno-

223 1373 298 1405 dum,
312 1371 405 1400 LV—
417 1372 544 1407 Ejusdem
557 1373 663 1401 libellus
678 1378 771 1401 contra
784 1373 916 1402 Joannem
928 1374 1013 1409 patri-

221 1419 331 1445 archam
359 1418 434 1450 CP.,
482 1425 661 1454 cognomento
704 1419 900 1447 Scholasticum
915 1440 924 1454 ,
949 1420 1012 1448 eod.

220 1462 327 1491 LXXV.
372 1463 444 1491 Idem
482 1470 577 1492 contra
608 1464 751 1493 Jamblichi
774 1466 900 1500 opus.de
920 1465 1012 1494 simu-

221 1510 313 1542 lacris,
329 1511 390 1538 cod.
414 1510 516 1538 CCXV.

255 1555 369 1583 Joannis
378 1556 527 1592 presbyteri
538 1556 661 1591 Egeata:
670 1556 773 1585 Eccles.
783 1557 904 1586 historiae
911 1557 972 1586 libri
982 1565 1010 1591 v,

222 1602 285 1629 cod.
297 1601 365 1629 XLI.
389 1617 425 1622 —
445 1602 519 1630 Idem
533 1607 628 1630 contra
642 1608 768 1638 quartam
790 1605 936 1639 synodum,
947 1604 1009 1633 cod.

253 1691 367 1720 Joannis
382 1692 574 1729 Scythopolitze
581 1698 676 1722 contra
691 1693 1009 1730 Eutychianoslibrixu,

218 1739 280 1766 cod.
295 1737 376 1767 XCV.

254 1784 369 1813 Joannis
380 1785 481 1816 Stobazi
503 1786 673 1821 Eclogarum,
691 1787 970 1823 Apophthegmatum,
982 1791 1011 1815 et

219 1830 282 1857 vita:
297 1831 510 1866 praeeeptionum
529 1832 589 1860 libri
607 1840 644 1866 Iv,
662 1833 723 1862 cod.
738 1832 868 1862 CLXVII.

255 1874 326 1902 Jobii
347 1875 473 1903 monachi
497 1875 694 1904 Commentarii
716 1878 749 1905 de
766 1877 854 1906 Verbo
866 1877 1010 1906 incarnato

219 1919 281 1947 libri
298 1928 335 1952 Ix,
352 1921 442 1955 capita
458 1929 520 1954 ην,
541 1923 601 1950 cod.
614 1922 742 1950 CCXXII.

254 1965 390 2001 Joseplttts
406 1971 434 1995 et
453 1967 534 1996 Caius
560 1969 704 2004 presbyter
731 1969 772 1997 De
791 1970 930 2004 universo,
945 1970 1007 1998 cod.

219 2011 336 2042 XLVIII.

254 2058 364 2094 Joseplti
391 2059 475 2088 Jnda-i
503 2061 542 2088 De
570 2060 641 2089 bello
655 2061 768 2089 Judaico
792 2061 853 2090 libri
877 2069 926 2095 vn,
943 2061 1005 2090 cod.

220 2104 324 2132 XLVII.
342 2120 377 2125 —
390 2106 517 2140 Ejusdem
534 2107 732 2142 Antiquitatum
757 2107 930 2134 Judaicarum
946 2107 1007 2134 libri

220 2158 270 2182 xx,
297 2151 358 2178 cod.
380 2151 579 2180 I.XXVI.—Et
596 2158 722 2188 excerpta
738 2153 799 2181 cod.
815 2153 1005 2182 CCXXXVIII.

252 2195 352 2225 .luliani
365 2197 481 2226 Lexicon
496 2206 511 2225 e
535 2199 629 2226 decem
645 2199 812 2231 oratoribus,
834 2199 896 2226 cod.
912 2199 968 2226 CL.

252 2242 317 2270 Julii
337 2244 458 2272 Africani
475 2245 588 2273 historia
606 2251 634 2274 et
648 2246 710 2279 alia.
733 2246 794 2273 cod.
811 2246 932 2275 XXXIV.

252 2289 322 2317 Justi
340 2290 507 2319 Tiheriensis
534 2290 688 2320 Judaaorum
718 2300 812 2328 regum
836 2292 1005 2327 Chronicon,

217 2335 279 2362 cod.
295 2335 414 2364 XXXIII.

252 2381 349 2409 Justiui
366 2383 496 2418 martyris
513 2383 642 2418 Apologia
666 2392 716 2420 pro
733 2384 913 2421 Christianis,
929 2396 1004 2423 qua:-

216 2427 330 2461 stiones,
349 2433 377 2456 et
396 2429 460 2462 alia,
480 2431 540 2457 cod.
561 2430 668 2459 CXXV.

592 2486 612 2514 L

252 2539 360 2574 Leontii
379 2541 464 2575 episc.
489 2542 611 2570 Arabissi
640 2551 731 2571 sermo
755 2545 789 2573 de
814 2547 953 2575 creatione
976 2551 1004 2575 et

220 2585 326 2613 Lazaro
349 2587 478 2621 redivivo,
498 2588 559 2615 cod.
580 2588 728 2617 CCLXXII.

260 2629 437 2658 Lesbonactis
456 2633 594 2660 orationes
610 2634 738 2668 politicze,
753 2636 815 2664 cod.
829 2637 887 2664 XVI
900 2645 908 2670 ;
930 2638 1002 2673 apud

216 2675 407 2710 Tltcmistium,
424 2678 484 2705 cod.
503 2678 620 2707 LXXVI.

251 2722 371 2750 Lexicou
387 2731 460 2758 pura:
478 2723 555 2758 Idem,
572 2727 662 2760 gravis
685 2727 758 2762 styli.
785 2730 921 2758 sermonis
935 2730 1002 2765 poli-

215 2768 274 2798 tici,
295 2769 353 2795 cml.
375 2767 490 2800 CXLVI,
506 2769 631 2802 CXLVII,
652 2771 789 2800 CXLVIII.

251 2811 350 2840 chica
368 2814 440 2840 varia
465 2813 490 2840 iu
515 2815 607 2842 decem
624 2816 711 2844 Graec.
737 2822 872 2852 oratores,
899 2827 913 2846 a
939 2821 1000 2849 cod.

214 2857 304 2885 cxnv
317 2867 400 2894 usque
415 2860 506 2888 cux.
806 2856 808 2858 ’

1110 213 1218 242 Libanii
1240 213 1371 250 sophistae
1399 213 1539 243 orationes
1585 217 1614 242 et
1640 213 1772 249 epistolae.
1803 215 1869 242 cod.

1072 258 1129 286 XC.

1108 304 1184 332 Lucii
1204 303 1347 332 Patrensis
1380 303 1626 340 Metamorphoses,
1654 305 1717 334 cod.
1744 305 1868 334 CXXIX.

1105 349 1218 377 Luciani
1235 357 1317 385 opera
1333 350 1420 383 varia,
1438 350 1501 378 cod.
1514 349 1636 377 CXXIX.

1103 397 1218 433 Lycurgi
1238 396 1389 425 orationes.
1407 397 1471 424 cod.
1484 395 1637 424 CCLXVIII

1102 443 1191 479 Lysiae
1207 443 1359 477 orationes,
1371 443 1434 470 cod.
1455 441 1581 471 CCLXII.

1101 534 1202 562 Malchi
1217 533 1354 569 Sophiste
1375 533 1536 570 Byzantina:
1564 533 1687 562 historiae
1709 533 1773 561 libri
1805 540 1865 568 vn,

1067 580 1127 607 cod.
1142 579 1284 608 LXXVIII.

1106 625 1190 653 Marci
1211 625 1337 653 monachi
1358 625 1546 653 Asccticorum
1565 624 1628 653 libri
1641 632 1708 659 vni;
1725 630 1754 653 et
1767 624 1869 653 adver-

1067 679 1114 699 sus
1129 671 1363 699 Melchisedecitas
1379 671 1429 699 lib.
1445 679 1464 704 ι,
1480 671 1541 698 cod.
1556 671 1610 699 CC.

1107 716 1279 753 Martyrium.
1301 717 1365 745 Vide
1383 717 1532 752 Anonymi.

1103 764 1218 792 Maximi
1233 764 1459 797 declamationes,
1475 764 1539 792 cod.
1552 763 1686 792 CXXXV.

1103 809 1215 838 Maximi
1244 810 1300 846 (Β.)
1330 811 1455 838 monachi
1478 814 1507 838 et
1531 809 1698 837 confessoris
1731 809 1867 844 quaestio-

1068 863 1132 882 num
1169 863 1185 883 e
1220 863 1299 884 sacra
1329 855 1469 890 Scriptura
1494 863 1573 883 ethv
1603 855 1772 888 solutiones,
1798 856 1865 882 cod.

1067 899 1170 928 CXCII.
1187 915 1223 921 —
1238 900 1364 935 Ejusdem
1393 901 1517 936 epistolae
1541 908 1629 932 xxvn.
1655 901 1716 929 cod.
1741 900 1860 929 CXCIII.

1067 961 1104 967 —
1119 946 1248 980 Ejusdem
1280 946 1349 974 liber
1367 947 1515 979 asceticus,
1544 951 1572 973 et
1593 947 1724 974 centuriae
1748 947 1781 974 de
1797 947 1868 974 dile-

1068 991 1169 1024 ctione,
1189 990 1252 1018 cod.
1269 989 1385 1018 CXCIII.
1402 1005 1438 1011 —
1452 991 1579 1026 Ejusdem
1599 991 1712 1026 epistola
1727 991 1761 1018 ad
1780 990 1868 1019 Geor-

1068 1037 1141 1072 gium
1161 1036 1313 1072 Eparchum
1327 1046 1335 1065 :
1352 1036 1578 1072 Theologicorutn
1607 1037 1803 1073 Moraliumque
1816 1046 1867 1065 ca-

1068 1083 1152 1117 pitum
1167 1083 1298 1111 centuriae
1321 1083 1380 1111 sive
1401 1083 1463 1111 libri
1488 1091 1524 1115 II,
1549 1087 1576 1110 et
1601 1083 1722 1118 epistolae
1739 1090 1765 1114 ν,
1795 1083 1864 1111 ccd.

1067 1127 1184 1157 CXCIV.
1203 1143 1238 1149 —
1253 1128 1379 1162 Ejusdem
1399 1129 1480 1163 epist.
1496 1128 1530 1156 ad
1548 1128 1698 1156 Marianum
1712 1133 1740 1155 et
1766 1128 1864 1156 Dialo-

1067 1181 1118 1209 gus
1130 1180 1192 1200 cum
1208 1172 1313 1208 Pyrrho
1327 1173 1361 1201 de
1371 1173 1477 1201 duabus
1498 1173 1524 1201 in
1539 1173 1648 1201 Christo
1661 1173 1862 1207 voluntatibus,

1067 1219 1130 1247 cod.
1150 1218 1253 1246 CXCV.

1103 1265 1254 1294 Memnonis
1272 1265 1403 1294 historica
1423 1269 1552 1301 excerpta
1573 1265 1608 1293 de
1630 1265 1767 1294 Heraclea:
1784 1264 1864 1293 Pon-

1067 1311 1128 1339 ticae
1147 1311 1281 1346 tyrannis,
1302 1312 1364 1340 cod.
1382 1310 1520 1339 CCXXIV.

1102 1355 1230 1384 Methodii
1241 1355 1294 1391 (5.)
1304 1356 1388 1391 episc.
1399 1361 1426 1383 et
1433 1361 1514 1384 mart.
1529 1357 1596 1384 liber
1603 1356 1637 1384 de
1646 1356 1859 1390 resurrectione.

1066 1403 1126 1430 cod.
1136 1402 1465 1438 CCXXXIV.—Ejusdem
1474 1403 1507 1431 de
1518 1404 1627 1437 creatis,
1635 1405 1694 1432 cod.
1701 1403 1858 1432 CCXXXV.

1065 1463 1101 1469 —
1119 1448 1186 1475 Item
1202 1448 1332 1476 delibero
1346 1449 1472 1482 arbitrio,
1488 1450 1551 1478 cod.
1576 1449 1742 1477 CCXXXVI.
1761 1464 1798 1469 —
1817 1449 1860 1478 De

1065 1494 1203 1527 casmate,
1221 1495 1282 1522 cod.
1303 1494 1484 1523 CCXXXVII.

1101 1538 1250 1568 Metrodori
1268 1540 1390 1569 calculus
1405 1541 1554 1576 paschalis,
1573 1543 1634 1569 cod.
1646 1540 1728 1569 CXV.

1101 1586 1241 1614 Modestus
1262 1587 1427 1622 archiepisc.
1448 1587 1630 1623 Hierosolym.
1651 1588 1677 1615 in
1692 1588 1790 1616 Marias
1803 1596 1859 1617 un-

1064 1637 1162 1673 guenta
1179 1632 1298 1661 ferentes
1315 1637 1343 1661 et
1360 1633 1550 1669 Iiypapanleu,
1572 1634 1634 1662 cod.
1650 1633 1799 1663 CCLXXV.

1097 1677 1219 1707 Mceridis
1241 1679 1380 1714 Atticista,
1406 1680 1467 1708 cod.
1482 1678 1587 1708 CLVII.

1096 1771 1242 1807 Nicephori
1262 1773 1317 1810 (ὃ.)
1344 1774 1508 1809 patriarchas
1538 1776 1682 1804 Constant.
1715 1775 1854 1806 Historica

1060 1817 1189 1851 epitome,
1203 1818 1263 1846 cod.
1279 1818 1372 1846 LXVI.

1094 1861 1189 1891 Nicias
1209 1865 1357 1894 monachus
1370 1871 1466 1894 contra
1493 1867 1685 1904 Philoponum.
1707 1868 1854 1904 Severum,

1059 1913 1088 1936 et
1112 1914 1208 1937 contra
1224 1916 1331 1945 gentes,
1348 1912 1408 1940 cod.
1430 1912 1462 1939 L.

1098 1955 1258 1984 Nicomachi
1270 1955 1396 1985 Gerasini
1406 1958 1548 1994 theologia
1557 1960 1735 1989 arithmeticae
1745 1961 1805 1989 libri
1819 1969 1853 1997 ιι,

1058 2001 1120 2028 cod.
1138 2000 1230 2028 CLXX
1236 2001 1318 2029 XVII.

1093 2046 1145 2074 Nili
1163 2048 1288 2075 monachi
1304 2048 1337 2076 de
1352 2053 1478 2077 oratione
1498 2050 1586 2086 capita
1601 2058 1664 2078 cun
1678 2072 1686 2084 ,
1703 2052 1764 2080 cod.
1781 2051 1852 2080 CCI.

1057 2106 1092 2112 —
1105 2092 1232 2127 Ejusdem
1249 2094 1387 2122 orationes
1408 2094 1435 2122 in
1463 2098 1692 2125 resurrectionem
1709 2103 1737 2125 et
1754 2106 1854 2126 ascen-

1059 2138 1163 2165 sionem
1185 2139 1300 2172 Domini,
1316 2141 1377 2168 cod.
1401 2140 1564 2169 CCLXXVI.

1092 2182 1211 2212 Nonnosi
1229 2185 1347 2213 Historia
1363 2186 1542 2221 legationum,
1559 2188 1621 2216 cod.
1642 2188 1687 2216 III.

1093 2275 1278 2312 Olympiodori
1294 2277 1474 2305 Historiarum
1502 2278 1562 2306 libri
1577 2287 1645 2313 xxIt,
1661 2281 1722 2308 cod.
1738 2280 1849 2309 LXXX.

1092 2320 1223 2350 Oratores
1237 2322 1287 2358 (in)
1303 2323 1395 2350 decem
1414 2323 1526 2352 Graeciae
1537 2324 1636 2354 Lexica
1653 2327 1738 2360 varia,
1753 2335 1767 2354 a
1783 2329 1849 2356 cod.

1056 2367 1149 2395 CXLV
1167 2376 1252 2402 usque
1271 2369 1304 2396 ad
1327 2369 1418 2397 CLIX.

1091 2412 1208 2442 Oribasii
1227 2415 1323 2442 medici
1341 2415 1436 2443 Galeui
1450 2419 1640 2452 compendium
1655 2421 1688 2447 ad
1705 2419 1848 2449 Julianum

1056 2459 1134 2493 imp.,
1155 2459 1215 2487 cod.
1235 2460 1349 2487 CCXVI.
1371 2475 1407 2481 —
1420 2462 1545 2497 Ejusdem
1565 2465 1764 2493 medicinalium
1789 2469 1850 2494 col-

1055 2504 1186 2533 lectorum
1205 2506 1239 2534 ad
1255 2506 1390 2535 Julianum
1407 2509 1472 2544 imp.
1491 2510 1552 2537 libri
1566 2519 1628 2544 Lxx,
1639 2512 1700 2539 cod.
1718 2512 1848 2548 CCXVII,

1053 2565 1089 2571 -—
1117 2550 1244 2585 Ejusdem
1270 2554 1459 2587 compendium
1491 2555 1524 2582 ad
1554 2555 1725 2584 Eustathimn
1757 2559 1843 2586 lilium

1054 2596 1114 2623 libri
1123 2598 1222 2628 iv,cod.
1231 2597 1522 2635 CCXVII.—Ejusdem
1531 2602 1566 2629 ad
1576 2603 1727 2638 Eunapium
1735 2605 1797 2632 libri
1807 2613 1845 2638 tv,

1055 2642 1117 2669 cod.
1132 2642 1247 2671 CCXIX.

1088 2687 1215 2724 Origenis
1232 2689 1270 2718 De
1284 2691 1427 2727 principiis
1443 2692 1505 2720 libri
1522 2701 1561 2727 IV,
1576 2695 1637 2722 cod.
1652 2694 1716 2724 VIII.

1087 2779 1202 2808 Palladii
1216 2781 1437 2817 declamationes,
1455 2784 1515 2811 cod.
1531 2784 1663 2813 CXXXII.

1088 2824 1221 2860 Pamphili
1236 2828 1365 2863 martyris
1378 2828 1514 2865 Apologia:
1530 2837 1580 2865 pro
1599 2829 1717 2865 Origene
1729 2831 1791 2860 libri
1813 2840 1841 2869 ν,

1053 2870 1115 2898 cod.
1133 2870 1247 2899 CXVIII.
