1918 3086
54 175 85 205 45
611 170 860 201 BIBLIOTHECA

918 184 926 188 -
940 169 1048 200 CODD.
1070 168 1154 198 ΙἸῘῙ.
1665 172 1700 206 46

51 228 152 264 γνησία
170 228 190 262 ἡ
204 226 256 253 τοῦ
269 226 347 260 ἁγίου
361 223 500 252 Διονυσίου
519 224 620 260 βίϐλος.
637 225 777 252 Διελύοντο
790 225 819 251 δὲ
830 226 858 251 ἐν

918 232 1068 258 germanum
1081 231 1142 251 esse
1154 224 1241 251 sancti
1258 223 1377 259 Dionysii
1391 231 1469 260 opus.
1486 224 1633 253 Solvuntur
1648 235 1697 254 au-

53 274 88 308 τῷ
104 273 181 306 λόγῳ
195 273 341 303 ἐνστάσεις
352 271 495 306 τέσσαρες,
513 270 563 306 μία
578 270 628 305 μὲν
642 271 683 297 ὅτι
698 271 723 296 εἰ
738 268 773 307 ἦν
785 278 851 304 γνη-

56 320 110 346 σία.
124 319 189 350 πῶς
202 319 257 344 οὐκ
273 317 448 352 ὲμνήςθησαν
460 317 515 343 τῶν
530 318 559 343 ὲν
573 317 642 352 αὐτῇ
656 317 748 352 ῥητῶν
761 325 790 343 τε
806 317 855 343 καὶ

54 365 181 400 χρήειεων
197 363 276 395 τινὲς
297 363 352 389 τῶν
372 363 610 398 μεταγενεστέρων
627 363 772 397 Πατὲρων;
789 364 855 389 Δευ-

54 410 116 444 τέρα
132 409 165 436 δέ
179 416 188 424 ’
204 409 251 435 ὅτι
264 408 395 440 Εὐσέϐιος
409 409 423 434 ὁ
437 408 580 442 Παμφίλου
601 408 763 444 ἀναγραφὴν
775 417 854 443 ποιη-

56 456 173 489 ιιάμενος
200 455 260 481 τῶν
288 454 542 489 συγγεγραμμένων
565 456 621 486 τοῖς
640 454 786 489 μακαρίοις
801 456 857 482 Πα-

55 500 149 534 {pris-tv
165 500 252 534 ἡμῶν
264 498 376 534 βιὸλίων
388 499 514 534 οὐδεμίαν
526 499 627 533 ταύτης
643 500 753 535 μνήμην
764 500 857 534 ὲτιοιήυ

56 554 134 577 51m;
154 545 250 579 Τρὶτη
269 545 315 571 δέ·
334 545 376 571 ὅτι
394 545 451 576 πῶς
464 545 519 571 τῶν
536 546 607 571 κατὰ
622 545 763 578 προκοπὴν
777 546 806 571 ὲν
823 546 856 580 τῇ

62 592 215 626 Ἐκκλησία
231 592 281 618 καὶ
297 591 344 617 διὰ
369 590 475 626 μακροῦ
495 591 542 617 τοῦ
566 591 664 626 χρόνου
687 591 859 625 αὐξηθέντων

57 636 239 670 πιραῖκσεων
257 637 273 670 ἡ
288 635 379 670 βίϐλος
402 636 471 670 αῦτη
490 635 646 671 λεπτομερῆ
661 636 711 671 τὴν
728 635 859 671 ἐξήγησιν

57 682 175 707 ποιεῖται
189 689 198 712 ;
223 681 255 707 '0
267 681 319 715 μὲν
330 681 383 715 γὰρ
398 681 482 715 μέγας
491 681 629 712 Διονύσιος
652 681 800 717 σύγχρονος
813 679 858 717 ἦν,

58 729 92 759 ὡς
108 728 193 762 δῆλον
210 729 245 753 ὲκ
263 727 317 753 τῶν
337 727 477 762 Πράξεων.
493 729 549 759 τοῖς
570 727 745 759 ἀποστόλοις·
763 727 781 755 ἃ.
798 728 826 755 δὲ
843 729 860 764 ἡ

60 773 149 807 βίϐλος
167 773 309 808 περιέχει,
327 773 361 799 τὰ
376 772 489 799 πλεῖστα
505 773 559 799 τῶν
575 775 646 799 κατᾶ
660 773 801 809 προκοπὴν
814 774 860 800 καὶ

60 822 86 851 ἐς
100 820 220 854 ὕστερον
235 821 267 845 ἐν
280 820 314 854 τῇ
332 819 480 854 Ἐκκλησία
495 819 667 854 αὐξηθέντων
683 820 860 855 παραδόσεών

59 867 131 891 ἐστιν
155 865 312 900 ἀναγραφή
324 872 332 878 “
347 865 481 891 ἀπίθανον
507 863 565 896 οὖν,
583 866 690 900 φησὶυ,
706 866 808 901 μᾶλλον
831 866 860 892 δὲ

912 276 964 298 tem
981 275 1098 305 quatuor
1120 270 1292 305 potissimum
1309 275 1477 305 argumenta.
1501 272 1622 299 Primum
1638 273 1700 306 qui-

910 316 971 342 dem
984 324 990 342 :
1005 314 1033 342 Si
1046 315 1180 350 genuinus
1190 319 1242 348 est,
1255 322 1303 342 cur
1313 319 1467 342 sanctorum
1479 315 1588 343 Patrum
1611 324 1700 350 nemo.

909 360 954 394 qui
971 366 1032 394 post
1043 361 1129 388 secuti
1142 365 1214 394 sunt,
1227 369 1260 388 ex
1276 368 1308 388 eo
1319 361 1388 388 libro
1400 361 1550 388 sententias
1562 367 1608 389 aut
1623 364 1701 390 testi-

913 406 1003 433 monia
1017 406 1129 433 citarit?
1151 407 1274 433 Alterum
1295 413 1360 434 vero
1380 406 1541 439 :Qnomodo
1564 407 1700 435 Eusebius

911 453 1055 488 Pamphili,
1080 459 1236 482 sanctorum
1259 453 1369 482 Patrum
1393 455 1494 489 scripta
1523 462 1700 486 enumerans,

912 500 992 533 hujus
1007 500 1107 527 nullam
1133 500 1227 527 fecerit
1251 500 1436 527 mentionem?
1454 500 1576 528 Tertium
1599 510 1607 528 :
1624 500 1702 534 Quo-

913 547 993 573 modo
1019 546 1193 573 traditionum
1211 554 1316 580 earnm,
1329 554 1388 581 qna:
1411 547 1436 573 iii
1461 546 1581 574 Ecclesia
1598 554 1647 580 per
1660 547 1703 573 in-

912 598 1052 619 crementa
1075 597 1102 619 et
1123 593 1245 619 diuturni
1279 592 1411 626 temporis
1432 592 1519 626 spatia
1543 597 1699 624 creverunt,

914 637 984 664 liber
1007 637 1051 664 hic
1067 637 1205 671 sigillatim
1227 641 1299 664 texat
1315 637 1515 664 narrationem?
1527 639 1569 672 2a
1588 637 1702 673 Magnus

914 684 986 710 enim
1009 683 1173 717 Dionysius,
1197 687 1226 709 iu.
1248 690 1281 709 ex
1302 683 1376 709 Actis
1402 689 1494 717 patet,
1517 683 1702 718 apostolorum

914 728 1025 763 aequalis
1040 728 1108 762 fuit;
1125 729 1169 756 liic
1187 736 1251 756 vero
1276 727 1345 755 liber
1362 736 1455 755 earnm
1474 729 1591 756 maxime
1614 728 1702 756 tradi-

917 775 1018 801 tioniiin
1036 774 1246 808 descriptionem
1268 774 1401 805 continet,
1414 782 1473 808 qua:
1489 778 1581 809 p0stea
1600 774 1702 801 sensim

917 819 944 846 in
968 819 1088 846 Ecdesia
1105 819 1288 846 invaluerniit.
1308 818 1365 846 Non
1390 820 1471 854 igitur
1492 819 1639 846 verisimile
1662 822 1704 847 vi-

918 864 975 892 deri
995 865 1045 896 ait.
1064 865 1118 893 imo
1132 865 1199 892 falso
1214 865 1374 896 conlicmni.
1390 873 1449 900 quae
1465 865 1544 899 longo
1557 870 1615 900 post
1638 871 1705 892 tem-

61 912 268 943 ηψπ-λιστον,
279 911 315 937 τὰ
330 911 399 945 μετὰ
413 911 495 938 πολὺν
509 913 605 947 χρόνον
618 915 668 947 τῆς
678 912 807 947 τελευτῆς
817 911 860 938 τοῖ

918 917 982 944 pore
994 918 1007 936 a
1034 915 1123 937 morte
1145 911 1234 945 magni
1250 910 1370 946 Dionysii
1387 911 1413 937 in
1431 910 1552 938 Ecclesia
1567 916 1626 938 orta
1652 911 1705 938 sint

63 956 181 990 μεγάλου
200 955 346 982 Διονυσίου
357 957 385 982 ὲν
399 958 433 991 τῇ
447 957 595 993 Ἐκκλησία
606 957 758 993 αὐξηθέντα
774 957 865 984 Διονύ-

62 1011 115 1029 σιον
132 1001 349 1037 ὑπολαμϐάνειν
363 1003 531 1038 ἀναγράψαι.
542 1003 666 1038 Τετάρτη
686 1004 725 1030 δέ’
743 1003 802 1034 πῶς
818 1003 866 1038 μὲ-

64 1058 160 1083 imm-.3:
183 1048 238 1083 τῆς
260 1047 310 1074 τοῦ
329 1048 460 1084 θεοφόρου
478 1049 608 1083 Ἰγνατίου
626 1050 771 1085 ἐπιπολῆς
792 1050 808 1085 ἡ
825 1049 865 1084 βι-

64 1096 140 1127 Ελος;
164 1095 197 1121 '0
216 1095 270 1129 μὲν
283 1094 340 1130 γὰρ
355 1095 494 1126 Διονύσιος
511 1096 567 1127 τοῖς
580 1095 635 1121 τῶν
649 1095 806 1122 ἀποστόλων
823 1096 866 1121 ὲν-

63 1142 171 1176 ἠιμιαε
196 1141 321 1177 χρόνοις,
331 1141 460 1175 Ἰγνάτιος
480 1141 508 1168 δὲ
532 1142 579 1168 ὲπὶ
594 1141 728 1177 Τραϊανοῦ
751 1142 798 1168 τὸν
822 1141 867 1168 διὰ

65 1188 221 1223 μαρτυρίου
245 1187 366 1222 ἧϐλησεν
383 1187 476 1221 ἀγῶνα
489 1196 496 1202 ·
519 1187 548 1219 ὃς
571 1187 619 1214 καὶ
642 1188 695 1223 πρὸ
712 1187 799 1222 βραχῦ
815 1187 866 1221 τῆς

62 1234 193 1269 τελευτῆς
208 1233 317 1268 ταύτην
333 1233 413 1268 sip!“
425 1233 586 1269 ἐπιστολὴν,
603 1231 636 1270 ἧς
654 1234 670 1269 ὴ
688 1233 780 1268 βίϐλος
796 1242 866 1268 μνη-

65 1280 173 1315 μονεύει
185 1301 194 1311 ,
213 1279 332 1314 γράφει.
349 1280 455 1310 Ταύτας
472 1278 518 1305 οὖν
532 1280 581 1311 τὰς
596 1280 734 1314 τέσσαρας
749 1280 866 1314 ἀπορίας

64 1326 191 1353 διαλῦσαι
220 1326 476 1360 ἑπαγωνισάμενος,
500 1325 604 1360 βεϐαιοῖ
626 1325 658 1352 τό
684 1333 715 1360 γε
732 1326 778 1352 ἐπ’
793 1325 867 1360 αὐτῷ

65 1371 180 1406 γνησίαν
200 1368 275 1397 εἶναι
293 1370 341 1397 τοῦ
362 1371 481 1406 μεγάλου
500 1371 640 1398 Διονυσίου
659 1370 708 1406 τὴν
729 1369 829 1406 βίϐλον.

445 1416 482 1442 B'.

186 1461 350 1496 ’Λδριανοῦ
367 1462 523 1498 Εἰσαγωγὴ
539 1462 596 1497 τῆς
612 1462 748 1497 Γραφῆς.

99 1507 280 1543 Ἀνεγνὼσθη
309 1508 451 1543 Ἀδριανοῦ
472 1509 629 1544 Etcum-rip
656 1509 712 1544 τῆς
730 1508 864 1544 Γραφῆς.

68 1555 215 1591 Χρήσιμος
232 1554 292 1586 τοῖς
310 1554 499 1589 εἰσαγομένοις
518 1555 535 1590 ὴ
555 1554 656 1590 βίϐλος.

458 1644 494 1671 l".

312 1691 472 1717 Νονγόσου
493 1690 631 1724 Ἱστορία.

105 1736 190 1773 [SK]
204 1735 379 1770 ’Λνεγνώσθη
391 1736 523 1762 Νοννόσου
539 1736 680 1770 Ἰστορία,
692 1737 721 1763 ὲν
730 1733 866 1774 ᾖδιαλαμα

72 1782 186 1809 Gisia-.3:
203 1781 339 1818 πρεσϐεία
356 1781 438 1807 αὑτοῦ
455 1781 522 1816 πρός
537 1790 565 1808 τε
583 1781 715 1813 Αἰθίοπας
729 1783 776 1809 καὶ
787 1783 868 1818 Ἀμε-

75 1828 183 1864 ρίταςη
204 1828 255 1854 καὶ
280 1828 472 1862 Σαρακηνοὺς,
487 1828 521 1854 τὰ
545 1827 707 1862 ἰσχυρότερα
730 1828 785 1855 τῶν
805 1830 867 1856 τότε

72 1874 170 1905 ἑθνιῖιν,
184 1874 227 1900 ἔτι
243 1873 271 1899 δὲ
286 1875 332 1899 καὶ
349 1874 417 1907 πρὸς
434 1873 501 1899 ἄλλα
516 1873 663 1900 ἀνατολικὰ
675 1874 749 1910 ἑονη.
759 1875 868 1902 Ἰουστι-

73 1921 162 1952 πανὸς
188 1920 219 1946 δὲ
244 1919 306 1945 se“
324 1919 476 1953 τηνικαῦτα
502 1920 551 1954 τὴν
568 1920 724 1954 Ῥωμαϊκὴν
741 1923 866 1956 περιεῖπε

74 1965 230 1991 πολιτείαν·
245 1964 383 1998 φύλαρχος
403 1963 432 1990 δὲ
445 1963 499 1989 τῶν
516 1963 680 1998 Σαρακηνῶν
699 1965 866 1999 ἐχρημάτιζε

76 2011 188 2042 Εἶδος,
201 2010 338 2043 ἀπόγονος
354 2010 462 2044 Ἀρὲθα,
479 2009 527 2036 καὶ
542 2009 624 2037 αὐτοῦ
637 2010 776 2046 φυλάρχου
788 2020 867 2046 γεγε-

916 960 997 989 atque
1014 958 1196 986 excreverint.
1207 965 1238 984 ea
1251 957 1408 992 Dionysium
1425 958 1601 984 describenda
1615 964 1705 986 susce-

917 1001 997 1035 pisse.
1013 1001 1145 1034 Quartnin
1165 1001 1240 1028 :Cnr
1252 1002 1395 1036 epistolam
1413 1002 1484 1029 beati
1502 1001 1598 1038 lgnatii
1617 1001 1660 1029 hic
1673 1002 1705 1028 li-

917 1047 966 1074 ber
982 1047 1069 1075 citat?
1087 1047 1230 1081 Dionysius
1244 1048 1316 1074 enim
1329 1046 1370 1083 [ιιι
1379 1047 1508 1084 diximus]
1522 1047 1703 1082 apostolorum

917 1093 1084 1127 temporibus
1097 1091 1190 1119 ﬂoruit
1209 1102 1215 1119 :
1234 1092 1352 1127 lgnatius
1367 1100 1431 1120 vero
1445 1092 1563 1126 Trajano
1583 1093 1704 1127 Augusto

917 1138 1068 1173 imperante
1092 1138 1217 1173 martyrii
1253 1143 1392 1165 certamen
1417 1138 1548 1170 certavit,
1578 1142 1606 1164 et
1626 1137 1706 1172 paulo

917 1193 982 1213 ante
998 1191 1114 1213 mortem
1139 1192 1199 1212 eam
1215 1185 1370 1219 epistolam,
1387 1191 1468 1219 quam
1488 1184 1532 1211 liic
1545 1183 1612 1210 liber
1627 1183 1704 1214 citat.

916 1232 1093 1267 conscripsit.
1103 1231 1223 1264 Quatuor
1246 1231 1287 1258 liis
1310 1232 1392 1264 igitur
1415 1231 1583 1266 argumentis
1597 1234 1707 1257 contro-

917 1283 995 1304 versa
1018 1278 1166 1305 dissolvere
1188 1277 1279 1305 studet
1305 1276 1464 1303 Theodorus
1477 1297 1483 1308 ,
1504 1276 1638 1310 ellicitque
1658 1283 1707 1310 pro

917 1324 988 1351 virili
1004 1323 1156 1360 legitimum
1172 1323 1247 1350 illum
1266 1331 1327 1350 esse
1343 1323 1432 1357 magni
1446 1322 1568 1357 Dionysii
1585 1327 1705 1355 partum.

1298 1415 1327 1442 ll.

1076 1461 1191 1488 Adriani
1204 1461 1316 1496 laagoge
1335 1459 1364 1488 S.
1384 1461 1544 1495 Scriptum.

953 1507 1036 1534 Lecta
1065 1512 1107 1534 est
1133 1507 1244 1534 Adriani
1274 1506 1443 1534 Intraductio
1461 1507 1489 1533 in
1511 1514 1613 1534 sacram
1631 1504 1708 1533 Scri-

917 1559 1034 1589 pturam.
1048 1553 1129 1582 Utilis
1146 1553 1215 1582 liber
1233 1553 1267 1581 iis
1280 1553 1327 1589 qui
1341 1553 1375 1581 ad
1391 1560 1452 1581 eam
1472 1553 1588 1588 primum
1612 1560 1709 1589 aggre—

880 1592 902 1622 C
920 1600 1042 1627 diuutiir.

1097 1690 1217 1718 Nounoti
1233 1690 1352 1718 Historia
1363 1690 1535 1725 legationum.

957 1737 1038 1765 Lecta
1057 1741 1098 1764 est
1113 1736 1231 1764 Nonnosi
1249 1735 1380 1768 Historia,
1393 1743 1444 1770 qna
1455 1735 1615 1770 legationem
1631 1742 1706 1762 suam

920 1783 1109 1818 complet-titur
1127 1783 1159 1809 ail
1185 1782 1337 1817 Etliiopas,
1353 1787 1380 1810 et
1396 1782 1559 1816 llonieritas,
1567 1786 1648 1816 atque
1659 1780 1708 1809 Sa-

920 1836 1032 1856 racenos
1042 1833 1207 1863 susceptain,
1227 1828 1339 1863 populos
1362 1833 1418 1856 tum
1431 1828 1634 1863 potentissimos
1651 1835 1660 1855 :
1681 1834 1709 1854 et

920 1875 952 1902 ad
979 1875 1047 1902 alias
1064 1875 1128 1902 item
1149 1873 1268 1902 Orientis
1288 1879 1394 1909 gentes.
1412 1873 1580 1902 Justinianus
1607 1873 1708 1900 Roma-

920 1929 983 1948 nnin
997 1927 1059 1948 tunc
1075 1921 1218 1955 imperium
1236 1921 1345 1948 tenebat
1359 1929 1366 1948 :
1385 1921 1526 1956 prtelectus
1543 1927 1609 1947 vero
1626 1920 1708 1946 Sara-

919 1973 1048 1993 cenorum
1070 1965 1166 1992 Kaisns
1196 1969 1254 1993 erat
1269 1965 1331 2000 (5‘),
1355 1965 1461 1992 Aretltre
1478 1973 1585 2000 nepos:
1609 1965 1655 1999 qni
1680 1971 1707 1992 et

921 2011 978 2045 ipse
1000 2010 1143 2045 prmfeclus
1156 2010 1200 2037 ille
1214 2010 1275 2044 fuit,
1294 2012 1328 2038 ad
1345 2018 1424 2045 quem
1441 2009 1561 2037 Nounosi
1581 2018 1649 2037 avus
1672 2011 1706 2036 ab

719 2080 835 2108 VARle
856 2081 1057 2109 LECTIONES.

109 2128 131 2144 ¹¹
145 2127 242 2165 malim
258 2127 334 2165 ιρασί.
353 2162 360 2165 _
373 2128 397 2143 ¹³
413 2127 462 2165 τὴν
473 2127 534 2154 add.
548 2127 586 2165 AA.
627 2127 649 2142 ¹⁸
663 2127 830 2165 Α’Λμερίνας]
845 2137 892 2165 γρἶ
902 2129 950 2156 καὶ
975 2129 1124 2164 ὐμηρὶτας
1137 2138 1144 2145 ·
1160 2130 1185 2156 οἱ
1196 2129 1250 2165 γὰρ
1263 2129 1292 2163 ἐξ
1311 2129 1397 2165 ἀρχῆς
1414 2128 1532 2164 βασιλεῖς
1547 2128 1581 2155 δι’
1596 2129 1707 2164 ὁμήρων

76 2163 241 2191 ὲπιποῦντο
252 2163 302 2190 τὶν
313 2162 419 2190 τούτων
435 2163 575 2199 ὑποταγὴν
587 2171 642 2198 ing.
655 2163 688 2190 A.

728 2164 750 2179 ”
765 2164 795 2190 τὸ
809 2163 915 2191 ιιὶΙιΙζΔ.

845 2220 960 2249 NOTAE.

78 2274 179 2296 nostri:
196 2268 370 2304 tempestatis
382 2269 492 2304 sectarii
507 2269 600 2295 eadem
617 2269 811 2303 reciprocando
822 2269 866 2295 ite.
883 2270 904 2297 D
919 2268 1008 2300 debet,
1029 2269 1100 2302 quod
1117 2269 1271 2296 Arianismo
1291 2268 1407 2296 infectus
1435 2268 1488 2302 ille,
1516 2269 1574 2304 ejus
1601 2270 1706 2304 scripta

78 2309 147 2336 rant,
165 2309 200 2331 ac
218 2303 303 2330 veluti
321 2303 354 2329 ab
370 2302 465 2330 inferis
490 2308 630 2335 revocant,
652 2302 770 2337 quatuor
791 2303 866 2336 hisce

78 2338 250 2373 argumentis
271 2338 391 2373 breviter
411 2339 590 2373 respondebo.
604 2338 747 2372 Copiosius
764 2338 820 2368 alii.
838 2344 868 2366 nt

78 2372 120 2409 ad’
135 2373 270 2409 Hilduini,
295 2372 386 2400 Caroli
414 2372 502 2409 Magni
521 2373 650 2407 aequalis,
676 2374 867 2409 Areopagitica

79 2408 234 2444 [lauimus
244 2408 373 2444 Galenus,
391 2413 419 2436 et
436 2411 468 2435 ad
489 2408 662 2444 Pachymerae
682 2408 866 2444 paraphrasim

78 2443 191 2470 Godolr.
213 2443 376 2470 Tilinanuus
404 2452 411 2470 ι
438 2443 568 2478 denique
585 2448 658 2470 tomo
682 2443 702 2470 ll
723 2443 867 2470 Annalium

78 2479 330 2506 ecclesiasticarum
348 2478 381 2505 ad
406 2485 505 2505 annum
525 2478 626 2506 Christi
649 2478 711 2511 109,
727 2479 865 2506 illustriss.

77 2514 169 2540 Guar
190 2513 268 2540 card.
287 2513 430 2544 Duronius.
448 2521 513 2541 sane
537 2515 571 2541 de
600 2515 672 2541 omni
698 2521 775 2541 sacra
798 2515 869 2540 anti-

79 2549 196 2582 quitate.
211 2552 297 2582 atque
312 2549 379 2575 adeo
397 2549 527 2576 militante
544 2550 569 2576 in
587 2549 667 2576 terris
678 2548 807 2580 Ecclesia,
820 2548 867 2576 Dei

78 2591 187 2617 sponsa.
211 2584 317 2618 optime
332 2583 455 2610 meritus.
474 2583 565 2611 Primo
581 2584 664 2618 igitur
682 2591 696 2610 a
717 2584 766 2610 SS.
781 2583 867 2612 Patri‘

79 2621 128 2645 bus
148 2617 290 2653 nunquam
313 2617 439 2654 advocari
462 2618 493 2646 Β.
517 2617 674 2654 Dionysium
704 2619 865 2646 inﬁciainur.

78 2654 182 2679 Laudat
203 2654 277 2690 enim
309 2653 464 2688 l'reqnenter
478 2654 506 2680 Β.
523 2653 640 2690 Cyrilliis
656 2654 863 2690 Alexandrinus,

77 2690 219 2723 Iirigeues,
242 2688 437 2724 Damascenus,
450 2688 556 2724 Agatho
569 2694 596 2716 et
607 2688 759 2724 Gregorius
770 2688 778 2714 Ι
802 2697 867 2724 pon-

79 2725 178 2754 tiﬁces,
202 2724 317 2760 aliique:
333 2723 400 2760 Nam
419 2723 594 2760 et_Maximiis
616 2730 730 2760 martyr,
753 2723 864 2760 Michael

78 2759 224 2793 Syngelus,
243 2764 271 2785 et
294 2758 429 2793 Georgius
443 2758 636 2794 Pacliymcrins
651 2758 703 2786 non
721 2759 800 2786 modo
819 2760 866 2786 de-

79 2794 193 2820 fendunt
214 2802 229 2820 a
247 2794 405 2826 calumniis,
428 2795 476 2821 sed
491 2793 526 2821 et,
540 2795 652 2821 St'llOlllS
671 2794 785 2821 eruditis
810 2793 867 2820 illii-

78 2833 175 2856 ιιηιιιι.
188 2830 267 2856 Ad-le
278 2830 353 2864 quoii
367 2828 437 2856 inl‘ra
446 2830 585 2864 quoquein
596 2836 648 2856 non
662 2830 761 2856 recenti
770 2836 862 2863 opere,

79 2870 180 2899 sanctis
196 2865 381 2898 scnptoribUs
391 2870 585 2892 anituineratus
601 2865 714 2899 legatur,
725 2865 784 2891 cod.
798 2864 861 2891 “251.

78 2897 109 2926 lt.
120 2899 227 2928 Eusebii
236 2897 521 2934 Painpliilisilentiniu
533 2897 687 2933 suspectum
699 2899 795 2927 merito
804 2907 864 2928 esse

921 2311 1066 2340 recensere
1091 2303 1192 2340 idcirco
1210 2305 1292 2340 cavit,
1309 2304 1372 2340 quia
1395 2305 1436 2331 vel
1456 2311 1509 2340 uno
1526 2303 1556 2340 ξ.
1579 2303 1707 2340 Dionysio

919 2339 1092 2366 Ariicansam
1104 2339 1219 2373 jngulari
1236 2337 1442 2373 posse'videret.
1459 2337 1504 2366 lll.
1523 2337 1706 2367 Caerenioiiias

919 2381 984 2401 vero
1003 2374 1126 2408 ritusque
1144 2374 1270 2401 Ecclesia:
1289 2373 1345 2408 jam
1374 2374 1436 2401 inde
1459 2375 1494 2402 ab
1519 2374 1704 2408 apostolorum

921 2409 1086 2444 temporibus
1101 2414 1221 2440 exortas,
1235 2416 1267 2436 ac
1279 2408 1362 2436 veluti
1379 2416 1428 2444 per
1437 2416 1534 2436 manus
1546 2409 1661 2436 traditas
1679 2411 1705 2437 in

918 2443 1068 2471 Ecclesiam
1083 2451 1270 2478 pronianasse,
1281 2449 1362 2478 atque
1375 2443 1401 2470 in
1414 2444 1471 2471 hac
1483 2451 1568 2478 usque
1583 2449 1706 2479 tempora

919 2480 990 2513 apud
1015 2480 1074 2513 pios
1095 2479 1217 2514 homines
1229 2481 1404 2514 perdurasse,
1420 2486 1501 2506 nemo
1519 2480 1636 2514 negabit,
1651 2481 1705 2508 nisi

919 2512 976 2548 qui,
987 2512 1021 2540 ab
1035 2513 1160 2540 Ecclesia
1177 2512 1319 2541 Catholica
1334 2512 1457 2541 Romana
1470 2512 1665 2546 desciscentes.
1678 2516 1703 2542 ιι.

919 2554 1079 2576 novatorum
1099 2552 1191 2576 castra
1205 2548 1409 2583 transfugerunt
1424 2558 1432 2576 ε
1448 2549 1579 2583 docetque
1596 2551 1706 2584 copiose

918 2584 1017 2611 Franc.
1043 2584 1194 2611 anrianus
1212 2588 1314 2615 noster,
1336 2584 1456 2617 itemque
1477 2584 1610 2611 Baronius
1628 2587 1704 2612 card.

920 2625 992 2646 l0ll|0
1007 2618 1015 2645 I
1031 2618 1189 2651 Annalium,
1208 2619 1241 2646 de
1257 2619 1368 2646 Essenis
1379 2626 1471 2653 agens.
1487 2618 1533 2646 1V.
1547 2619 1624 2652 Quod
1642 2627 1708 2648 vero

918 2654 949 2681 Β.
972 2653 1069 2689 lgnatii
1095 2655 1224 2689 martyris
1251 2653 1395 2689 epistolam
1415 2655 1491 2686 citat,
1515 2657 1562 2689 qui
1588 2653 1707 2688 Traiano

918 2690 1069 2723 imperante
1092 2694 1196 2724 martyr
1215 2690 1293 2720 obiit.
1315 2689 1416 2724 nemini
1439 2690 1537 2716 mirum
1558 2689 1706 2720 videbitur,

917 2725 962 2761 qui
978 2732 1011 2751 ex
1027 2726 1122 2752 eodem
1138 2723 1183 2751 illo
1201 2724 1317 2751 Bai-onio
1333 2723 1365 2750 Β.
1388 2724 1599 2761 Dionysinin_ad
1610 2733 1641 2751 ea
1658 2732 1706 2752 us-

917 2759 971 2793 que
981 2765 1104 2795 tempora
1121 2760 1289 2794 pervenisse.
1300 2765 1376 2786 certo
1390 2761 1524 2794 cognorit.
1545 2759 1598 2786 Sed
1611 2767 1659 2786 nos
1671 2765 1706 2786 (le

919 2796 962 2821 liis
977 2795 1025 2821 σὺν
1041 2794 1109 2830 Θεῷ
1132 2795 1266 2829 copiosius
1280 2795 1350 2822 libro
1363 2794 1397 2822 de
1414 2795 1524 2829 scriptis
1547 2798 1706 2822 sanctorum

918 2830 1028 2857 Patrum
1040 2830 1067 2856 in
1085 2829 1355 2860 dubiuiii-revocatis.
1369 2838 1401 2857 ac
1417 2830 1571 2857 vindicatis.

954 2865 1003 2926 (Erl)
1022 2864 1058 2892 De
1069 2873 1122 2899 quo
1136 2865 1249 2899 l’i'ocop.
1267 2865 1334 2904 litui
1353 2864 1390 2891 De“
1405 2866 1476 2893 bello
1486 2865 1562 2893 Pers.
1578 2862 1626 2892 inf.
1642 2865 1705 2893 cod.

954 2899 985 2926 ill
1014 2901 1092 2926 naulo
1105 2906 1166 2926 ante
1180 2899 1240 2926 lin..
1255 2905 1283 2926 et
1298 2900 1344 2926 lib.
1364 2908 1393 2926 ll.

918 2899 998 2927 LXIII
1014 2901 1092 2935 paulo
1105 2906 1166 2928 ante
1180 2899 1240 2931 lin.,
1255 2905 1283 2927 et
1298 2900 1344 2926 lib.
1364 2908 1393 2928 ii.
