1918 3086
232 176 266 208 47
818 175 950 206 ΡΗΟΤΙΙ
969 175 1224 206 ΡᾹΤΒΙΛΒΟΗΕ
1245 175 1301 206 CP.
1841 169 1880 202 48

232 231 377 260 Anastasio
401 231 565 265 imperatore
589 229 692 265 legatus
716 229 815 262 fuerat,
834 235 860 258 et
881 229 955 265 pacis
973 229 1024 256 foe-

1108 229 1206 264 λμὲνου,
1221 229 1290 265 πρὸς
1307 227 1337 254 ὃν
1359 229 1373 254 ὁ
1390 226 1525 254 Νοννόσου
1542 226 1654 257 πάππος
1669 224 1880 260 ἐπρεσϐεύσατο

233 280 298 306 dera
314 283 455 306 sanxerat.
463 277 532 311 Quin
545 281 572 304 et
585 276 702 305 Nonnosi
713 276 896 312 pater,cuij(4)
908 276 1025 304 Ahramo

235 332 344 356 nomen,
362 323 396 351 ad
421 323 638 351 Alamundarum
653 323 810 359 praefectum
825 323 1024 351 Saracenorum

233 375 326 398 orator
340 369 486 405 aliquando
497 369 643 405 profectus,
654 369 722 397 duos
733 370 915 397 Romanorum
930 369 1023 400 duces.

235 415 430 442 Timostralum
446 420 528 450 atque
541 414 686 448 Joannem,
703 415 763 442 belli
781 415 843 451 jure
854 420 956 450 captos,
971 424 1024 443 una

234 459 367 492 liberavit,
382 459 488 488 Justino
503 460 659 494 imperatori
676 459 702 487 in
715 460 830 488 ducibus
842 460 885 488 his
905 460 1024 488 liberau-

235 509 276 536 dis
298 509 483 537 subservicns.
502 509 587 536 Porro
607 507 714 539 Kaisns,
730 509 762 535 ad
781 515 861 543 quem
882 507 1025 535 Nonnosus

235 555 344 588 missus,
364 555 468 582 duabus
492 560 607 590 pra'erat
630 556 756 590 gentibus
778 554 849 590 apud
874 554 1026 582 Saracenos

233 601 403 634 clarissimis,
425 601 569 629 Chindinis
589 606 618 629 et
646 601 795 629 Maadenis.
818 600 859 628 Ad
879 608 960 636 quem
983 601 1024 635 ip-

235 655 293 674 sum
307 648 421 674 Kaisum
439 646 557 675 Nonnosi
575 654 683 682 quoque
702 651 787 682 pater,
806 651 950 681 antequam
967 646 1026 673 haec

235 693 365 721 Nonnoso
393 693 492 728 legatio
508 694 695 726 mandaretur,
716 701 731 720 a
750 692 904 721 Justiniano
927 693 1025 720 missus

235 744 300 766 cst:
323 740 452 774 pacisque
481 738 584 767 hedera
613 739 649 766 ita
673 739 823 772 constituit,
842 743 872 766 ut
898 738 973 766 Kaisi
996 738 1026 765 {l-

235 785 311 818 linm,
324 785 437 812 blaviam
448 785 567 818 nomine,
583 785 703 813 obsidem
717 785 863 820 acceperit,
879 789 907 812 et
919 785 1025 820 Byzan-

237 832 302 857 tiunt
330 831 364 858 ad
392 830 572 858 Iustinianum
593 831 746 858 adduxerit.
768 831 832 858 Post
847 838 907 864 quse
926 829 1025 863 duplici

235 876 379 905 Nonnosus
397 877 508 904 nomine
529 877 634 912 legatus
653 877 754 905 missus
769 882 811 904 est
826 885 832 903 :
846 877 894 911 ab
913 876 946 904 Ut
962 875 1026 902 lini--

1078 275 1155 310 παρὰ
1171 274 1349 301 Ἀναστασίου
1362 274 1423 300 τότε
1439 273 1625 309 βασιλεύοντος
1638 271 1814 304 ἀποσταλεὶς,
1829 272 1879 298 καὶ

1077 321 1113 348 τὰ
1127 320 1194 357 πρὸς
1216 321 1329 356 εἰρήνην
1351 319 1508 347 ἐσπείσατο.
1525 320 1563 346 Οὐ
1580 320 1633 355 μὴν
1647 318 1716 346 ἀλλὰ
1733 318 1780 345 καὶ
1795 320 1808 344 ὀ
1823 326 1879 343 7::-

1078 367 1131 404 τὴρ
1153 367 1287 395 Νοννόσου
1309 367 1468 402 (Ἁϐράμης
1485 365 1513 400 [2
1529 365 1577 402 Η.]
1592 366 1613 392 δ’
1627 363 1661 401 ἦν
1675 364 1750 400 αὐτῷ
1765 365 1852 400 ὄνομα
1868 364 1877 399 )

1079 415 1147 450 πρὸς
1165 413 1381 450 ’Δλαμούνδαρον
1394 414 1532 449 φύλαρχον
1544 413 1711 449 Σαρακηνῶν
1723 413 1877 447 ἐπρεσϐεύι

1079 468 1145 487 cato
1157 479 1165 492 ,
1190 460 1237 487 καὶ
1260 460 1307 487 δύο
1329 461 1497 496 στρατηγοὺς
1516 459 1672 495 Ῥωμαίων.
1685 459 1879 495 Τιμόστρατον

1079 507 1127 533 καὶ
1146 507 1285 543 Ἰωάννην,
1309 506 1384 542 νόμῳ
1407 506 1526 540 πολέμου
1543 506 1744 542 συλληφθέντας
1769 505 1878 532 ἀνεσώ-

1080 562 1161 580 σατο·
1182 553 1316 588 Ίουστίνῳ
1339 553 1368 580 δὲ
1390 553 1429 588 τῷ
1454 553 1559 588 βασιλεί
1577 553 1626 588 τὴν
1641 553 1695 579 τῶν
1712 552 1879 589 στρατηγῶν

1078 598 1230 633 διηκονεῖτο
1255 598 1419 634 ἀνάρρησιν,
1438 597 1468 624 '0
1493 598 1584 633 μέντοι
1610 597 1721 630 Κάῖσος,
1751 597 1820 633 πρὸς
1845 597 1878 624 ὃν

1080 644 1220 671 ἐστέλλετο
1234 644 1378 676 Νόννοσος,
1394 643 1441 670 δύο
1455 643 1542 678 γενῶν
1555 644 1649 679 ἡγεῖτο
1663 643 1717 670 τῶν
1729 643 1805 678 παρὰ
1818 645 1878 675 τοῖς

1079 690 1249 726 Σαρακηνοῖς
1264 690 1484 726 ἐπισημοτάτων,
1506 689 1645 725 Χινδηνῶν
1656 690 1678 706 ¹⁸
1694 690 1741 716 καὶ
1758 685 1878 724 Μααδη-

1079 737 1143 764 νῶν.
1163 736 1234 771 Πρὸς
1248 736 1343 763 τοῦτον
1356 736 1388 772 δὴ
1400 736 1446 762 τὸν
1461 736 1564 762 Κάῖσον
1579 735 1625 762 καὶ
1638 736 1653 762 ὸ
1669 736 1803 762 Νοννόσου
1821 744 1880 762 πα-

1079 783 1142 818 τὴρ,
1159 782 1224 818 πρὶν
1238 782 1255 817 ἢ
1275 782 1407 809 Νόννοσον
1421 781 1583 817 πρεσὸεύειν
1600 781 1751 817 αἱρεθῆναι,
1762 781 1879 808 Ἰουστι-

1079 828 1172 854 νιανοῦ
1199 828 1353 863 πέμποντος
1376 827 1530 855 ἀπέσταλτο
1559 827 1606 854 καὶ
1630 827 1773 863 εἰρηνικὰς
1797 827 1880 854 ἔθετο

1081 873 1208 906 σπονδὰς,
1225 873 1295 900 ὥστε
1312 874 1359 899 καὶ
1371 873 1417 899 τδν
1432 873 1489 899 υἱὸν
1506 873 1608 899 Καϊσου
1626 873 1752 908 (Manta;
1766 873 1794 899 δὲ
1810 874 1880 899 ἐκα-

236 930 306 956 sunt,
321 923 342 950 si
359 927 459 957 posset.
476 923 509 950 ad
525 923 715 958 imperatorem
725 923 885 950 adduceret:
902 922 971 950 etad
986 921 1024 955 (ὃ)

1110 921 1161 955 ϊτο)
1176 920 1269 955 ὅμηρα
1281 919 1373 947 λαϐεῖν
1386 919 1433 946 καὶ
1447 920 1515 955 πρὸς
1523 919 1713 946 Ίουστινιανξν
1728 920 1757 951 ἐς
1771 920 1880 952 Βυζάν-

237 969 447 997 Attxumitarum
471 977 561 1005 regem
593 969 646 1004 (cui
666 969 739 1004 genti
759 969 798 1004 (6)
813 967 942 996 Elesbaas
963 973 1025 995 tttnc

236 1014 372 1049 praeerat),
391 1015 511 1050 itemque
530 1015 563 1042 ad
578 1014 616 1051 (7)
631 1013 786 1041 Houteritas
797 1014 1024 1048 proﬁcisceretur.

235 1061 367 1087 Anxumis
390 1067 536 1096 permagna
557 1065 600 1088 est
616 1061 723 1093 civitas,
741 1065 767 1087 et
783 1060 860 1095 quasi
876 1059 1025 1094 Ethiopim

237 1106 319 1133 totius
343 1105 510 1141 metropolis,
528 1106 614 1141 magis
638 1106 671 1133 ad
691 1106 831 1133 meridiem
847 1111 874 1132 et
892 1107 1024 1132 orientem

235 1159 449 1187 \ergetts,quatn
463 1151 614 1180 Romanum
625 1152 779 1188 imperiuut.
798 1152 940 1179 Nonuosus
950 1160 1024 1184 vero,

235 1196 328 1223 multis
342 1197 462 1232 gentium
479 1198 616 1233 superatis
637 1198 743 1226 insidiis
767 1198 939 1232 ferarumque
955 1198 1027 1233 peri-

235 1243 303 1269 culis
319 1242 429 1277 (praeter
439 1243 489 1270 viae
500 1243 681 1276 incommoda,
699 1245 838 1279 multaque
853 1244 1022 1278 discrimina,

237 1289 262 1314 in
279 1295 339 1323 qua:
348 1295 533 1323 saepenumero
549 1289 667 1324 incidit),
681 1293 771 1317 tamen
789 1297 849 1325 quae
866 1290 949 1317 voluit
962 1297 1027 1324 per-

235 1333 310 1367 fecit,
331 1339 358 1361 et
373 1334 463 1361 salvus
477 1341 519 1362 est
533 1335 629 1370 patriae
643 1335 775 1363 redditus.

1079 975 1137 993 τιον
1152 965 1331 1000 ἀποκομίσαι.
1347 965 1415 992 Μεθ’
1429 965 1459 992 ὃν
1476 965 1571 1001 χρόνον
1583 965 1785 1001 ἐπρεσϐεύσατο
1803 965 1878 992 Nov-

1079 1020 1156 1043 νοσος
1171 1012 1217 1038 ἐπὶ
1231 1011 1291 1038 δυσὶ
1305 1011 1419 1044 τούτοις,
1438 1011 1550 1043 Κάῖσον,
1566 1012 1590 1038 εἰ
1604 1011 1726 1043 δυνατὸν,
1739 1011 1808 1047 πρὸς
1823 1011 1878 1045 βα-

1080 1058 1158 1084 σιλέα
1173 1058 1298 1092 ἀγαγεῖν,
1313 1058 1361 1084 καὶ
1380 1057 1448 1093 πρὸς
1459 1057 1504 1084 τὸν
1517 1057 1572 1084 τῶν
1584 1057 1760 1092 Αὺξουμιτῶν
1777 1058 1879 1092 ἀφικέ-

1081 1103 1142 1130 σθαι
1151 1103 1263 1139 βασιλέα
1272 1104 1281 1139 (
1290 1103 1437 1135 Ἐλεσϐαᾶς
1445 1103 1466 1119 ¹⁷
1474 1103 1502 1130 δὲ
1510 1103 1571 1130 τότε
1581 1104 1691 1138 ἐκράτει
1700 1103 1745 1130 τοῦ
1756 1103 1877 1138 ἔθνους),

1080 1150 1211 1186 καὶπρὸς
1230 1150 1337 1182 τούτοις
1361 1151 1408 1177 καὶ
1424 1151 1464 1182 εις
1478 1151 1542 1182 τοὺς
1559 1150 1704 1185 Ἀμερίτας
1720 1151 1879 1185 παραγενέ-

1080 1197 1153 1224 σθαι.
1165 1197 1196 1223 Ἠ
1207 1197 1235 1223 δὲ
1250 1196 1386 1232 Ᾱῠξουμις
1402 1197 1480 1228 πόλις
1493 1197 1552 1223 ἐστὶ
1565 1196 1681 1232 μεγίστη
1696 1197 1743 1223 καὶ
1753 1194 1809 1223 οἷον
1825 1205 1879 1232 μη-

1078 1243 1207 1279 τρόπολις
1220 1243 1269 1278 τῆς
1284 1243 1348 1278 ὅλης
1363 1243 1516 1275 Αἰθιοπίας,
1533 1244 1619 1270 κεῖται
1631 1243 1660 1270 δέ
1677 1243 1876 1279 μεσημϐρινω-

1078 1289 1146 1324 τέρα
1164 1289 1212 1316 καὶ
1229 1288 1453 1325 ἁνατολικωτέρα
1474 1289 1523 1325 τῆς
1537 1289 1681 1324 Ῥωμαίων
1694 1289 1791 1325 ἀρχῆς.
1801 1289 1829 1316 Ὀ
1845 1289 1879 1316 δὲ

1079 1335 1212 1367 Νόννοσος
1229 1335 1330 1367 πολλὰς
1346 1336 1395 1371 μὲν
1410 1335 1555 1368 ἐπιϐουλὰς
1567 1335 1653 1362 ἐθνῶν
1668 1336 1798 1370 ὑποστὰς,
1813 1337 1880 1363 πολ-

235 1382 285 1414 λὰς
300 1382 328 1410 δὲ
344 1383 447 1419 θηρίων
460 1382 649 1419 χαλεπότητας
664 1383 740 1420 παρὰ
753 1384 803 1420 τὴν
818 1383 886 1416 ὁδὸν,
897 1384 944 1412 καὶ
962 1383 1074 1415 πολλαῖς
1108 1383 1273 1419 δυσχωρίαις
1300 1383 1349 1410 καὶ
1371 1383 1499 1419 ἀπορίαις
1533 1383 1665 1415 πολλάκις
1697 1392 1730 1410 πε
1735 1383 1875 1419 ριπεσὼν,

235 1430 311 1466 ὅμως
325 1431 371 1456 καὶ
383 1431 418 1457 τὰ
429 1429 543 1463 δόξαντα
557 1430 711 1463 ἐξετέλεσεν
726 1431 773 1458 καὶ
788 1430 857 1462 σῶος
872 1432 903 1466 τῇ
918 1430 1028 1466 πατριδι
1047 1429 1214 1457 ἀποδίδοται.

271 1488 384 1516 Kaisum
406 1487 499 1520 refert,
520 1488 606 1516 misso
631 1488 728 1515 iterum
751 1489 869 1516 Abramo
894 1490 927 1515 ad
952 1488 1024 1515 illttm

237 1534 343 1570 legato,
391 1534 549 1570 Byzantiqu
585 1533 736 1569 profectum
771 1541 849 1567 esse,
891 1542 1025 1569 suamque

237 1579 426 1614 prtelecturam
444 1579 546 1607 Ambro
564 1585 591 1606 et
611 1578 704 1606 Jezido
721 1579 852 1607 fratribus
875 1579 1001 1608 divisisse
1017 1589 1024 1608 :

237 1627 325 1661 ipsum
341 1633 406 1653 vero
424 1624 576 1653 Palaestina:
600 1625 789 1659 praefecturam
807 1625 841 1652 ab
862 1625 1026 1660 imperatore

236 1672 479 1700 administrandam
492 1672 654 1706 suscepisse,
683 1672 869 1710 inﬁnitamque
887 1672 1025 1700 hominum

238 1720 408 1747 subditorum
427 1726 520 1746 secum
537 1718 736 1745 multitudinem
752 1719 872 1746 duxisse.

273 1764 338 1797 Quae
357 1771 430 1791 nunc
444 1763 566 1790 sandalia
587 1763 669 1794 dicta,
686 1763 792 1799 arbylas
809 1763 960 1799 appellasse
983 1772 1029 1792 ve-

239 1815 311 1837 teres
325 1809 364 1837 ait
382 1818 388 1836 :
406 1814 433 1836 et
448 1809 488 1844 (8)
504 1808 655 1844 φακιόλιον,
669 1808 802 1844 φασώ).ιν.

273 1855 483 1888 Saracenorum,
504 1855 552 1888 ait,
569 1855 701 1890 plerique,
725 1860 778 1882 tam
791 1855 836 1890 qui
851 1855 890 1892 (9)
904 1856 930 1883 in
946 1856 1029 1884 Plur-

237 1902 344 1933 nicone,
365 1909 446 1936 quam
470 1901 516 1936 qui
537 1901 605 1928 ultra
624 1900 815 1929 Plttnniconem
831 1907 860 1930 et
877 1902 1028 1935 Taurenos,

236 1955 305 1983 quos
322 1951 421 1975 vocant
446 1952 552 1974 montes
576 1948 676 1982 degunt
694 1948 761 1984 (10),
779 1949 866 1976 locum
881 1950 1028 1984 quemdam

237 2001 286 2029 pro
309 2001 389 2021 sacro
423 1994 541 2025 habent,
566 1994 646 2021 alicui
672 1994 784 2022 deorum
814 2001 1027 2023 consecratum:

238 2047 291 2073 quo
306 2039 348 2066 bis
367 2040 512 2074 quotannis
531 2040 708 2067 conveniunt.
725 2040 827 2068 Horttnt
844 2046 1026 2068 convenluum

238 2086 360 2120 ipsorum
377 2085 446 2113 alter
461 2093 582 2113 mensem
597 2085 676 2112 durat
689 2086 834 2122 integrann,
854 2087 888 2113 ad
908 2087 1027 2114 mediunt

238 2132 296 2159 fere
317 2139 376 2165 ver,
393 2132 502 2166 quando
518 2132 601 2159 Tauri
624 2132 731 2166 signum
752 2132 793 2160 sol
811 2132 838 2160 itt
859 2133 970 2160 zodiaca
986 2138 1027 2160 te-

238 2181 283 2205 net
299 2185 307 2204 :
328 2177 398 2204 alter
413 2183 478 2204 vero
498 2177 523 2203 itt
543 2176 612 2204 duos
633 2177 734 2205 alteros
748 2184 855 2205 menses
869 2178 1027 2205 extenditur

238 2227 382 2258 agiturque
390 2227 450 2258 post
471 2222 593 2250 a‘stivum
615 2223 771 2250 solstitium.
793 2222 822 2250 In
837 2223 889 2256 itis,
901 2224 949 2257 ait,
963 2232 1028 2251 con-

236 2268 362 2295 ventibus
377 2274 482 2294 summa
506 2267 576 2301 viget
587 2267 780 2302 tranquillitas,
794 2275 847 2294 non
861 2268 947 2295 solum
957 2269 1027 2296 ittter

237 2314 320 2349 ipsos,
335 2315 383 2341 sed
400 2318 428 2341 et
443 2321 504 2341 cum
516 2313 644 2341 otnttibus
660 2314 783 2342 advenis.
799 2314 867 2347 Quin
885 2314 965 2341 etiam
989 2315 1027 2342 fe-

1117 1487 1178 1514 ’Ὀτι
1193 1487 1295 1518 Κάῖσος
1314 1486 1452 1521 Ἀϐράμου
1468 1486 1550 1514 πάλιν
1562 1487 1630 1522 πρὺς
1642 1487 1724 1514 αὑτὸν
1738 1489 1877 1523 πρεσὸεύ·

1080 1541 1176 1565 σαντος
1193 1533 1262 1568 πρὸς
1273 1533 1304 1559 τὺ
1317 1533 1463 1565 Βυζάντιον
1474 1533 1667 1569 παραγίνεται,
1679 1534 1725 1560 καὶ
1738 1535 1788 1570 τὴν
1804 1535 1879 1563 ἰδίαν

1080 1579 1232 1615 φυλαρχίαν
1245 1579 1361 1614 ’Δμὸρῳ
1376 1580 1423 1605 καὶ
1439 1579 1539 1615 Ίεζιδῳ
1555 1581 1613 1611 τοῖς
1633 1580 1759 1615 ἀδελφοῖς
1772 1581 1878 1608 διανει-

1080 1626 1202 1661 μάμενος
1227 1625 1309 1656 αὐτὸς
1334 1627 1384 1661 τὴν
1409 1625 1597 1652 Παλαιστινῶν
1621 1627 1771 1662 ἠγεμονίαν
1797 1629 1879 1664 παρὰ

1080 1671 1213 1708 βασιλέως
1234 1672 1359 1705 ἐδέξατο,
1375 1672 1478 1707 πλῆθος
1495 1673 1562 1700 πολὺ
1577 1673 1632 1701 τῶν
1646 1675 1880 1710 ὑποτεταγμένων

1081 1718 1155 1754 αὕτῷ
1176 1719 1225 1746 σὺν
1244 1718 1319 1754 αὑτῷ
1338 1719 1518 1753 ἐπαγόμενος.

1117 1765 1178 1791 Ὂτι
1201 1765 1236 1791 τὰ
1257 1765 1397 1797 σανδάλια,
1413 1765 1497 1799 φησὶ,
1514 1765 1572 1792 νυνὶ
1581 1765 1726 1800 λεγόμενα,
1751 1766 1878 1802 ἀρϐύλας

1081 1810 1174 1844 ἐλεγον
1192 1811 1216 1836 οι
1236 1810 1363 1841 παλαιοὶ.
1383 1810 1431 1837 καὶ
1448 1810 1480 1837 τδ
1499 1811 1639 1846 φακιόλιον
1658 1811 1819 1846 φασώλιν¹⁸.

1117 1856 1178 1883 Ὅτι
1196 1856 1250 1882 τῶν
1266 1856 1432 1892 Σαρακηνῶν
1444 1857 1469 1883 ol
1483 1857 1620 1890 πλεῖστοι,
1636 1858 1665 1885 οῖ
1675 1866 1704 1884 τε
1718 1859 1746 1884 ἐν
1759 1858 1798 1893 τῷ
1813 1859 1881 1886 Φοι-

1080 1902 1174 1929 νικῶνι
1189 1902 1237 1928 καὶ
1248 1903 1273 1929 οἱ
1292 1902 1338 1929 τοῦ
1353 1902 1515 1934 Φοινικῶνος
1533 1903 1582 1930 καὶ
1596 1904 1651 1931 τῶν
1663 1904 1880 1939 ὀνομαζομένων

1080 1950 1231 1986 Ταυρηνῶν
1252 1951 1323 1986 ὀρῶν
1346 1950 1490 1983 ἐπέκεινα,
1506 1952 1579 1987 ἱερόν
1592 1960 1619 1978 τι
1634 1953 1733 1988 χωρίον
1748 1952 1882 1988 νομίζου-

1081 2005 1133 2030 σιν,
1149 1997 1236 2033 ὸτῳδὴ
1252 1997 1321 2024 Θεῶν
1335 1997 1491 2032 ἀνειμένον,
1508 1998 1555 2025 καὶ
1565 1998 1682 2026 ἐνταῦθα
1697 1999 1880 2033 συλλέγονται

1079 2043 1140 2069 κατ’
1157 2043 1280 2070 ἐνιαυτὸν
1294 2043 1411 2069 ἕκαστον
1427 2040 1530 2074 δίς.Ὦν
1547 2043 1597 2079 τὴν
1613 2043 1664 2078 μὲν
1679 2043 1733 2070 τῶν
1749 2045 1880 2080 πανηγύ-

1081 2097 1150 2124 ρεων
1169 2088 1260 2115 αὐτῶν
1283 2088 1337 2124 μὴν
1351 2089 1411 2120 ὅλος
1423 2089 1443 2104 "
1461 2089 1556 2124 μετρεῖ
1579 2089 1760 2124 παρατείνων,
1778 2090 1879 2125 σχεδόν

1079 2142 1130 2160 που
1155 2133 1201 2160 τοῦ
1227 2133 1308 2169 ἔαρος
1332 2134 1404 2161 κατὰ
1418 2133 1449 2160 τὺ
1467 2134 1548 2169 μέσον
1571 2134 1748 2170 τελουμένην,
1765 2135 1809 2162 ὅτε
1827 2136 1879 2163 τὸν

1079 2180 1184 2216 Ταῦρον
1197 2181 1242 2207 ὸ¹⁰
1259 2181 1335 2216 ἥλιος
1350 2181 1597 2217 ἑπιπορεύεται.ῚΙ
1610 2181 1639 2207 δὲ
1655 2181 1737 2216 ἑτέρα
1749 2183 1878 2217 πανήγυ-

1081 2235 1123 2262 ρις
1136 2227 1198 2253 δυσὶ
1218 2226 1285 2262 μησὶ
1299 2227 1495 2262 παρατείνεται
1507 2236 1513 2258 ς
1531 2227 1600 2263 μετὰ
1616 2227 1754 2262 θερινὰςΙΙ
1768 2228 1879 2263 τροπὰς

1078 2272 1175 2306 ἄγουσι
1191 2272 1305 2308 ταύτην.
1315 2273 1358 2299 Ἐν
1374 2273 1497 2306 ταύταις,
1511 2274 1595 2309 φησὶ,
1609 2275 1669 2306 ταῖς
1683 2274 1879 2308 πανηγύρεσιν

1078 2318 1170 2344 πᾶσαν
1179 2317 1291 2352 ἄγουσιν
1300 2319 1421 2354 εἰρήνην,
1431 2319 1462 2345 οὐ
1473 2318 1542 2353 πρὸς
1556 2318 1687 2354 ἀλλήλους
1700 2318 1791 2354 μόνον,
1803 2319 1880 2348 ἀλλὰ

238 2367 282 2387 ras
305 2367 367 2387 cum
395 2360 562 2393 hominibus,
587 2368 638 2385 mm
662 2364 764 2386 tantum
788 2360 857 2388 inter
873 2369 913 2394 sc,
932 2367 1025 2395 pacate

1108 2365 1129 2391 ιὶ
1154 2364 1222 2401 πρὸς
1249 2365 1372 2397 ἅπαντας
1395 2365 1459 2397 τοὺς
1482 2364 1665 2400 ἐνδημοῦντα..
1690 2365 1878 2401 ἀνθρώπουςι

888 2432 1005 2460 νΑιῑικΕ
1025 2433 1232 2463 LECTIONES.

274 2501 294 2516 “‘
311 2501 435 2536 χινδίνων
451 2510 480 2534 ς.
511 2502 532 2518 ¹⁷
547 2502 677 2534 ἐλεσϐαας
703 2500 745 2528 vel
772 2501 900 2533 ἐλεοὸαὰς
920 2502 939 2528 Α
970 2511 977 2529 :
1003 2502 1118 2534 ἐλεσαᾶς
1138 2512 1168 2535 ς.

237 2546 262 2572 p.
281 2537 356 2563 Mil.
411 2537 432 2552 ¹⁹
446 2537 514 2568 ὅλως
531 2546 561 2570 ς.
601 2537 624 2552 ¹⁰
641 2538 654 2563 ὁ
669 2545 723 2564 om.
739 2546 769 2569 ς.

1221 2503 1394 2542 causam]
1419 2507 1576 2540 φασκιόλιον
1601 2508 1708 2536 Suicer.
1736 2507 1820 2535 Thes.
1839 2510 1875 2542 ll,

810 2537 829 2552 "
847 2543 908 2570 post
927 2537 1037 2573 θερινὰς
1050 2545 1111 2565 cum
1127 2539 1146 2565 A
1160 2539 1238 2566 omisi
1249 2539 1289 2567 δὲ.

1001 2606 1116 2635 ΝοΤιΕ.

273 2659 317 2722 (η’
325 2659 374 2687 Hic
390 2661 717 2703 Altraltantitls_(quinque
727 2663 850 2699 syllabis)
866 2663 907 2690 vir
928 2664 987 2698 pius
998 2669 1025 2691 et

273 2703 299 2722 es
319 2701 377 2722 Vter
400 2701 556 2722 nominatur
575 2705 600 2722 m
617 2697 692 2722 Actis
714 2697 743 2722 S.
772 2699 879 2722 Aretinn
898 2701 1025 2722 martvris

237 2697 377 2734 presbyter
400 2697 556 2734 nominatur
575 2697 600 2734 i_n
617 2697 692 2726 Actis
714 2697 748 2726 εξ
772 2699 879 2726 Ατοιίιιε
898 2701 1025 2734 martyris

237 2731 307 2766 apud
325 2731 387 2758 Snr.
404 2731 511 2766 tom.VV,
524 2731 560 2758 24
574 2731 669 2760 Octob.

287 2765 313 2811 ii
324 2765 628 2811 2?,ql’ii’l'§_§iF€.P"2r-
638 2768 766 2811 lib-5'":
782 2776 841 2811 cep—
857 2769 902 2797 δε·
936 2805 942 2811 .
988 2805 994 2811 .

272 2801 311 2836 (6)
324 2801 405 2835 Cujus
422 2801 524 2829 mentio
545 2801 571 2830 in
585 2802 615 2830 S.
633 2801 825 2832 ArethaaActis
841 2812 902 2840 sup.
918 2805 1023 2837 citatis,

236 2840 265 2863 et
284 2835 393 2865 Nicenh.
412 2836 458 2863 hb.
472 2845 539 2865 xv".
553 2845 613 2865 can.
634 2840 659 2865 ϐ.

284 2846 345 2863 “tce
367 2846 393 2862 ΙΙ.
412 2846 458 2863 ΙΙυ.
472 2846 539 2869 XVII,
553 2846 613 2872 cap.
634 2846 659 2865 υ-

271 2870 310 2907 (7)
333 2846 448 2913 _l‘s)icep_h.
474 2873 521 2900 lib.
537 2880 611 2913 ἠιι,
636 2874 757 2913 ςορκῇξ,
772 2880 798 2903 et
813 2883 880 2909 xm,
893 2883 954 2912 cap.
969 2875 1021 2905 δεῖ

237 2905 396 2941 Theophan.
404 2905 520 2943 'Byzattt.
535 2907 584 2936 inf.
598 2909 659 2937 cod.
670 2905 767 2937 LXIV.

1113 2664 1152 2699 (8i
1171 2664 1238 2692 Vide
1258 2665 1368 2693 Suidam
1382 2670 1410 2693 et
1430 2671 1509 2694 notas
1525 2667 1558 2693 ad
1575 2666 1733 2701 Curopalat,
1749 2666 1786 2694 De
1797 2668 1876 2697 ollic.

1076 2699 1286 2735 Constantinop.

1111 2735 1150 2773 (9)
1166 2735 1430 2773 Pllmnironisttrbis
1446 2736 1555 2773 [Egypti
1572 2737 1695 2765 meminit
1710 2737 1759 2765 inf.
1776 2736 1877 2773 Olym-

1077 2770 1206 2803 piodorus
1223 2772 1283 2800 cod.
1298 2771 1394 2798 LXXX
1424 2773 1474 2799 sub
1484 2770 1550 2800 "lin.
1585 2774 1660 2800 Diod.
1677 2773 1763 2801 Sicnl.
1782 2770 1877 2802 libuit

1076 2805 1165 2867 iugum
1185 2813 1244 2833 esse
1270 2807 1436 2834 maritimum
1457 2808 1491 2835 ad
1518 2809 1607 2835 sinum
1629 2808 1775 2836 Arabicum
1798 2811 1876 2836 scri-

1086 2849 1102 2867 n
1121 2860 1127 2866 .

1086 2844 1127 2867 tit.

1077 2910 1082 2916 .
1113 2875 1244 2916 (30)”Non
1261 2876 1537 2916 omnino_dissirnile,
1556 2879 1628 2914 quod
1651 2883 1745 2908 narrat
1763 2878 1876 2909 Ctesias

1076 2910 1103 2938 in
1120 2909 1222 2938 Indicis
1237 2911 1286 2939 inl'.
1300 2912 1360 2941 cod.
1378 2911 1484 2941 LXXII.
