1918 3086
74 159 105 193 ιθ
674 164 939 195 BIBLIOTHECA.
956 164 1084 195 —COD.
1102 165 1160 195 IlI.

1691 163 1728 197 50

74 216 138 251 φασὶ
152 215 185 243 δὲ
200 216 248 242 ὃτι
268 215 316 243 καὶ
335 215 371 242 τὰ
387 215 472 251 θηρία
492 216 561 253 πρὸς
576 218 641 250 τοὺς
656 218 827 254 ἀνθρώπους,
843 219 874 246 οὐ

939 227 992 247 unc
1007 220 1106 255 degere
1125 219 1293 247 fabulantur.
1311 218 1410 247 Narrat
1425 222 1453 246 et
1466 217 1520 247 alia
1531 218 1619 247 multa
1637 218 1726 254 inopi-

75 262 151 296 p'ivov
165 261 197 287 δὲ
213 260 287 287 ἀλλὰ
303 261 351 287 καὶ
366 261 439 288 αὐτὰ
451 262 519 297 πρὸς
531 262 646 298 ἄλληλα.
659 264 777 298 Λέγεται
793 265 821 291 δὲ
834 265 882 292 καὶ

75 307 138 335 ἄλλα
152 306 249 334 πολλὰ
263 306 408 342 παράδοξα
420 308 470 334 καὶ
484 307 576 343 μύθων
587 309 664 336 οὐδὲν
677 310 881 338 διαλλάττοντα.

105 352 142 388 [8
167 352 221 388 8.]
236 353 305 379 Ὀτι
329 353 506 390 διεστηκέναι
530 356 598 390 φησὶ
619 355 670 391 τὴν
684 356 808 384 ’Δδουλιν
833 357 884 392 τῆς

74 400 242 435 Ᾱῡξούμεως
251 400 275 415 ’³
303 399 334 427 ιε’
361 401 476 436 ἡμερῶν
500 401 704 429 δδόν.“Δπιοῦσι
724 403 754 430 δὲ
771 404 811 434 είς
834 403 884 439 τὴν

73 446 214 480 Λῦξουμιν
230 446 363 481 Νοννόσῳ
377 455 409 473 τε
422 447 470 474 καὶ
486 448 542 479 τοῖς
557 449 646 482 μετ’³³
657 449 740 476 αὑτὸν
755 449 884 484 μέγιστον

74 492 158 527 ἑςάνη
189 491 290 526 θέαμα
315 493 382 528 περὶ
403 493 504 528 χωρίον
518 493 593 529 Αὗην
610 494 885 530 προσονομαζόμενον

75 537 172 571 (κεῖται
190 537 223 563 δὲ
251 537 269 572 ἠ
293 536 355 572 Δῦη
380 537 409 564 ἐν
427 537 502 572 μέσῳ
523 539 574 573 τῆς
588 547 619 565 τε
636 539 691 566 τῶν
706 539 885 575 Αὐξουμιτῶν

74 584 117 610 καὶ
131 585 185 619 τῆς
203 584 265 611 τῶν
282 585 445 612 Ἀδουλιτῶν
461 586 595 621 πόλεως),
611 587 767 622 ιλεφάντων
782 588 886 624 πλῆθος

76 631 121 656 οὒκ
133 630 246 664 ὀλίγον,
266 631 338 658 ἀλλὰ
353 631 382 667 [3
396 630 445 668 H.]
463 632 555 666 σχεδὸν
567 632 606 665 ὼς
614 633 637 649 ⁸⁵
650 633 780 669 χιλιάδων
792 635 884 667 πέντε,

82 676 231 710 Ὲνέμοντο
245 677 277 702 δὲ
292 673 368 704 οὗτοι
391 678 417 703 οἱ
437 677 582 712 ἐλέφαντες
604 679 633 705 ὲν
654 679 739 715 πεδίῳ
754 680 865 716 μεγάλῳ
877 689 884 697 ·

77 722 121 748 καὶ
135 723 275 754 πελάζειν
289 724 384 756 αὐτοῖς
395 724 485 752 οὐδενὶ
495 724 550 751 τῶν
563 725 704 762 ἐγχωρίων
717 724 752 762 ἦν
763 726 885 760 εὔκολον,

77 767 132 793 οὐδὲ
160 767 276 803 εἴργειν
301 768 354 803 τῆς
378 770 475 804 νομῆς.
492 768 578 796 Τοῦτο
603 770 652 805 μὲν
671 768 718 797 οὖν
736 770 840 806 μεταξὺ
856 771 887 797 τὸ

78 813 166 848 θέαμα
187 814 292 846 αὐτοῖς
312 816 521 849 προσεγεγόνει.

108 859 169 894 Χρὴ
190 860 222 886 δὲ
249 861 301 887 καὶ
327 860 363 888 τὰ
382 862 448 896 περὶ
470 861 521 897 τῆς
550 862 677 897 κράσεως
700 862 756 889 τῶν
788 862 880 898 ἀέρων

78 905 172 938 εἰπεῖν,
187 906 238 932 οἶα
253 906 312 933 ἀπὸ
328 906 380 942 τῆς
393 907 469 943 Λῦης
481 908 528 934 ἰπὶ
544 907 594 944 τὴν
606 907 746 943 Δύξουμιν
759 909 881 944 διαδέχε-
897 899 918 926 Β

78 959 126 977 ται.
147 951 308 983 Ἐναντίως
320 951 376 987 γὰρ
393 953 459 988 περί
479 961 509 980 τε
528 953 608 988 θέρος
625 954 672 980 καὶ
685 953 810 989 χειμῶνα
824 954 882 981 διά-

79 1005 173 1024 κειται.
205 997 268 1024 Τοῦ
289 998 347 1033 γὰρ
362 998 442 1034 ήλιου
454 999 501 1025 τὸν
515 999 655 1035 Καρκίνον
672 1008 703 1026 τε
719 1000 766 1027 καὶ
777 1000 882 1027 Λέοντα

81 1044 121 1070 καὶ
135 1043 290 1079 Παρθένον
317 1045 494 1080 διερχομένου
520 1045 602 1081 μέχρι
629 1045 680 1080 μὲν
705 1047 754 1081 τῆς
780 1045 855 1081 Αῠης
871 1066 880 1078 .

78 1090 167 1126 ὥσπερ
181 1091 234 1118 καὶ
250 1091 320 1128 παρ’
330 1092 407 1126 ἡμῖν,
421 1090 499 1127 θέρος
506 1100 536 1118 τε
553 1092 602 1119 καὶ
614 1091 732 1128 ξηρότης
741 1092 883 1128 διακρατεϊ

79 1134 119 1160 τὸν
131 1135 216 1170 ἀέρα,
235 1135 298 1161 ἀπὸ
316 1135 346 1161 δὲ
359 1135 410 1170 τῆς
421 1135 496 1170 Αὕης
509 1136 556 1163 ἐπὶ
567 1136 618 1172 τὴν
639 1137 723 1172 ἄλλην
738 1137 882 1164 Αἰθιοπίαν

79 1180 178 1215 χειμὼν
203 1181 352 1208 ἐπίκειται
370 1181 504 1216 σφοδρὸς,
531 1181 563 1208 οὺ
596 1182 630 1209 δι’
657 1183 722 1218 ὅλης
751 1182 882 1219 ἡμέρας,

78 1226 143 1252 ἀλλὰ
164 1227 224 1260 γὰρ
250 1226 310 1253 ἀπὸ
337 1227 514 1263 μεσημϐρίας
537 1227 690 1264 ἀρχόμενος
726 1227 856 1254 ἑκάστοτε
873 1248 882 1261 ,

80 1273 195 1308 συννεφῆ
209 1282 243 1300 τε
270 1273 320 1299 τὸν
344 1273 414 1309 ἀέρα
434 1274 520 1301 ποιῶν
534 1275 582 1301 καὶ
607 1273 722 1309 δμϐροις
742 1274 883 1310 ραγδαίοις

79 1317 125 1351 τὴν
149 1317 251 1352 χώραν
280 1318 451 1350 ἐπικλύζων.
469 1319 628 1355 Τηνικαῦτα
651 1320 680 1346 δὲ
709 1320 768 1355 ἄρα
799 1321 847 1348 καὶ
869 1321 884 1348 ὁ

80 1363 174 1395 Neue;
191 1364 284 1396 πολὺς
295 1364 345 1390 ἐπὶ
359 1365 410 1400 τὴν
425 1366 565 1399 Αἴγυπτον
577 1365 725 1401 ἐρχόμενος
739 1366 884 1401 πελαγίζει

82 1417 110 1436 τι
121 1411 169 1436 καὶ
180 1410 323 1446 κατάρδει
345 1411 397 1446 τὴν
409 1412 473 1446 γῆν,
501 1412 545 1439 ὅτε
559 1411 587 1438 δὲ
602 1413 616 1439 ὁ
639 1412 714 1448 ἣλιος
733 1413 780 1439 τὸν
803 1413 885 1447 Αἰγό-

79 1455 202 1490 κερώνη
213 1465 246 1483 τε
265 1457 316 1483 καὶ
335 1457 479 1493 ’Υδροχόον
495 1457 541 1484 καὶ
554 1457 662 1492 ’ἰχθύας
677 1457 883 1493 ἐπιπορεύεται,

80 1501 216 1528 ἀνάπαλιν
244 1502 261 1528 ὁ
285 1501 342 1537 ἀὴρ
370 1503 427 1533 τοῖς
459 1502 508 1537 μὲν
544 1502 710 1534 Ἀδουλίταις
725 1502 806 1538 μέχρι
834 1503 884 1538 τῆς

80 1548 155 1583 Αὗης
168 1547 293 1583 ὄμϐροις
310 1548 454 1579 ἐπικλύζει
467 1548 516 1583 τὴν
531 1548 636 1584 χώραν,
653 1549 709 1580 τοϊς
723 1548 751 1575 δὲ
768 1549 822 1576 ἀπὺ
833 1549 883 1584 τῆς
899 1567 920 1596 c

80 1593 155 1629 Αὗης
173 1595 261 1629 μέχρι
295 1594 461 1629 Δύξούμεως
494 1593 606 1630 καὶτῆς
635 1594 719 1630 ἄλλης
741 1595 883 1627 Αἰθιοπίας

80 1640 160 1675 θέρος
175 1648 207 1667 τε
218 1640 270 1666 καὶ
281 1640 318 1667 τὰ
328 1639 418 1676 ὡραῖα
427 1639 578 1676 τηνικαῦτα
594 1640 699 1672 τούτοις
713 1642 730 1676 ἡ
744 1641 779 1677 γῆ
798 1649 885 1676 παρα-

79 1686 202 1714 δίδωσιν.

116 1732 182 1758 Ὀτι
197 1732 256 1759 ἀπὺ
271 1731 324 1767 τῆς
345 1733 457 1768 Φαρσὰν
478 1732 588 1760 πλέοντι
603 1733 642 1770 τῷ
669 1732 806 1768 Νοννὸσῳ,
836 1733 884 1759 ἐπὶ

80 1777 131 1813 τὴν
146 1779 272 1814 ἐσχάτην
295 1779 351 1805 τῶν
374 1779 465 1814 νήσων
491 1780 696 1814 κατηντηκότι,
733 1779 833 1806 τοιόνδε
857 1788 884 1807 τι

83 1824 183 1860 ωνὲεη
203 1845 212 1857 ,
240 1824 335 1860 θαῦμα
358 1827 406 1852 καὶ
433 1825 699 1862 ἀχοῦσαι.Ἐνέτυχε
727 1826 782 1862 γάρ
825 1834 880 1853 τισι

84 1872 196 1907 μορφὴν
213 1872 265 1906 μὲν
285 1872 333 1898 καὶ
349 1871 424 1899 ἰδέαν
446 1872 554 1907 ἔχουσιν
569 1872 760 1908 ἀνθρωπίνην,
782 1872 885 1908 βραχυ-

82 1917 176 1948 tiret;
204 1917 235 1944 δὲ
269 1917 300 1944 τὸ
337 1918 362 1933 ¹⁸
388 1918 506 1953 μέγεθος
544 1919 594 1945 καὶ
620 1919 720 1954 μέλασι
764 1919 786 1934 "'
832 1919 883 1954 τὴν

82 1962 181 1996 χρόαν,
197 1962 254 1988 ὑπὸ
269 1962 297 1988 δὲ
312 1963 416 1998 τριχῶν
434 1963 646 1999 δεδασυσμένοις
661 1963 706 1991 διὰ
723 1964 823 1997 παντδς
836 1964 884 1991 τοῦ

84 2006 215 2041 σώματος
227 2015 234 2022 ·
250 2007 360 2034 εἵποντο
374 2008 402 2034 δὲ
424 2009 482 2040 τοῖς
496 2009 611 2045 ἀνδράσι
626 2009 673 2036 καὶ
688 2011 817 2043 γυναῖκες
830 2018 884 2036 πα-

84 2053 240 2088 ραπλήσιαι
258 2054 308 2080 καὶ
337 2055 472 2090 παιδάρια
497 2054 537 2082 ἔτι
550 2055 723 2091 ,βραχύτερα
738 2055 793 2083 τῶν
817 2056 883 2092 παρ’

83 2099 178 2130 αὺτοῖς
193 2099 312 2135 ἀνδρῶν.
330 2101 434 2136 Γυμνοὶ
455 2101 484 2128 δὲ
496 2098 567 2138 ἦσαν
584 2102 714 2134 ἅπαντες*
739 2102 810 2138 πλὴν
824 2103 884 2138 δέρ-

83 2146 152 2180 ματι
172 2155 229 2173 τινι
253 2146 344 2183 μικρῷ
360 2147 411 2183 τὴν
434 2146 500 2174 αἰδὼ
524 2148 744 2184 περιεκάλυπτον
773 2148 797 2174 οἱ
815 2156 884 2184 προ-

81 2192 238 2228 ϐεϐηκότες
250 2192 353 2227 ὁμοίως
365 2192 462 2227 ἄνδρες
475 2201 505 2220 τε
518 2194 564 2220 καὶ
578 2194 716 2228 γυναῖκες.
727 2194 840 2230 Ἄγριον
852 2193 882 2220 δὲ

933 271 1007 299 nata,
1020 271 1049 296 et
1062 266 1119 302 (ll)
1135 266 1235 295 fabulis
1249 273 1304 294 non
1319 265 1465 294 absimilia.

969 367 1067 395 Adulin
1080 367 1175 396 scribit
1195 367 1230 395 ab
1245 367 1363 395 Auxumi
1379 367 1531 402 quindecim
1548 367 1646 396 itinere
1667 369 1725 397 dic-

935 419 994 440 rum
1010 412 1122 439 distare.
1145 411 1331 440 Proticiscenti
1346 419 1411 439 vero
1433 411 1570 440 Auxumin
1593 412 1724 440 Nounoso

935 466 996 486 cum
1026 458 1095 490 suis,
1117 458 1263 486 maximum
1287 458 1338 485 hoc
1360 457 1497 492 objectum
1527 458 1724 492 spectaculum,

936 505 969 532 ad
996 505 1137 539 regionem
1162 505 1236 531 Aven
1259 504 1370 536 dictam.
1393 511 1454 539 quae
1477 503 1566 531 media
1588 508 1630 531 est
1651 504 1726 531 inter

936 551 1073 578 Auxumin
1095 555 1123 578 et
1136 549 1234 578 Adulin
1253 550 1343 582 urbes,
1365 549 1572 584 elephantorum
1597 550 1726 578 nimirum

936 597 1081 625 multitudo
1105 604 1159 624 non
1181 597 1296 629 modica,
1320 597 1375 624 imo
1391 596 1475 624 millia
1491 597 1580 624 ferme
1594 597 1725 632 quinque.

937 642 1090 671 Pascebant
1107 643 1134 670 hi
1152 643 1287 678 elephanti
1302 643 1421 670 maximo
1435 643 1462 670 in
1478 650 1585 677 campo,
1602 643 1727 677 propius-

937 697 990 723 que
1005 689 1134 717 accedere
1151 689 1251 716 nemini
1270 689 1314 724 3a
1331 689 1480 717 incolarum
1498 688 1577 716 facile
1595 693 1664 720 erat.
1679 697 1727 716 ne-

937 742 989 769 que
1003 740 1082 769 pastu
1100 735 1255 770 prohibere.
1271 734 1328 763 Hoc
1344 735 1398 763 illis
1413 735 1522 762 interim
1540 734 1726 770 spectaculum

937 781 1043 808 occurri
1048 785 1066 808 ι.

975 868 1013 895 De
1034 867 1095 896 cceli
1116 876 1224 904 quoque
1251 869 1448 897 constitutione
1475 869 1566 897 dicere
1598 874 1726 904 oportet,

933 920 993 944 quae
1009 918 1050 941 est
1065 914 1099 941 ab
1114 915 1171 941 Ave
1187 914 1220 942 ad
1251 914 1388 942 Auxumin
1406 923 1413 942 :
1435 919 1531 943 contra
1551 916 1624 943 enim
1646 921 1727 944 mtas

933 957 988 986 illic
1001 963 1028 986 et
1038 959 1125 987 hiems
1151 959 1261 986 accidit.
1276 959 1354 993 Nam,
1371 960 1430 988 sole
1447 961 1595 993 Cancrum,
1608 961 1726 989 Leonem

932 1010 960 1032 et
986 1005 1124 1040 Virginem
1145 1007 1274 1039 obeunte,
1290 1007 1324 1034 ad
1343 1007 1418 1034 Aven
1433 1014 1520 1041 usque
1534 1007 1584 1042 (uti
1597 1012 1626 1035 et
1638 1003 1726 1035 nobis)

933 1057 1012 1080 aestas
1026 1057 1078 1084 est,
1088 1059 1247 1087 summaque
1263 1052 1324 1080 coeli
1335 1052 1453 1081 siccitas.
1472 1052 1507 1080 At
1519 1053 1553 1080 ab
1563 1054 1619 1080 Ave
1631 1053 1725 1080 Auxu-

933 1096 989 1124 min
1007 1103 1111 1126 versus.
1129 1101 1157 1123 et
1167 1096 1299 1131 reliquam
1308 1095 1474 1130 Ethiopiam
1488 1115 1495 1128 ,
1514 1097 1602 1123 hiems
1621 1101 1662 1123 est
1677 1103 1725 1123 ve-

934 1143 1056 1175 hemens,
1069 1150 1122 1170 non
1143 1143 1249 1178 integro
1266 1143 1374 1178 quidem
1391 1143 1437 1170 illa
1448 1143 1511 1180 _die,
1531 1144 1578 1171 sed
1593 1151 1652 1179 qum
1667 1143 1724 1179 (l2)

934 1196 948 1215 a
972 1189 1084 1217 meridie
1097 1196 1205 1223 semper
1224 1193 1252 1217 et
1266 1189 1368 1224 ubique
1385 1189 1530 1224 incipiens,
1548 1189 1651 1217 coactis
1676 1197 1727 1216 nu-

934 1235 1013 1263 bibus
1030 1243 1121 1263 aerem
1135 1235 1262 1268 obducat,
1283 1239 1312 1263 et
1339 1236 1481 1263 horrendis
1501 1235 1635 1264 imbribus
1648 1244 1724 1263 oram

936 1280 1008 1308 illam
1038 1281 1162 1309 inundet.
1197 1282 1255 1315 Quo
1290 1281 1373 1309 etiam
1407 1287 1529 1316 tempore
1565 1282 1641 1309 Nilus
1673 1282 1727 1309 late

935 1327 1082 1364 Egyptum
1097 1327 1258 1363 pervadens,
1277 1327 1360 1356 maris
1375 1328 1402 1355 in
1417 1327 1527 1355 modum
1545 1333 1646 1355 terram
1664 1328 1727 1355 irri-

936 1379 990 1409 gat.
1016 1373 1084 1401 Cum
1106 1378 1195 1400 autem
1225 1373 1266 1401 sol
1289 1373 1497 1409 Capricornum,
1527 1374 1676 1408 Aquarium
1701 1379 1727 1401 et

936 1418 1028 1446 Pisces
1044 1419 1224 1453 perambulat,
1238 1426 1285 1446 aer
1307 1419 1366 1447 vice
1380 1427 1458 1447 versa
1474 1420 1591 1446 Adulitis
1608 1420 1634 1447 in
1652 1421 1726 1447 Aven

937 1463 1176 1500 usque‘itubribus
1193 1465 1331 1500 regionem
1344 1465 1467 1498 inundat,
1487 1465 1520 1492 iis
1543 1473 1608 1492 vero
1630 1465 1674 1500 qui
1692 1465 1727 1493 ab

937 1512 993 1539 Ave
1007 1512 1143 1539 Auxumiu
1154 1531 1162 1544 ,
1184 1517 1366 1547 cmteramque
1384 1510 1552 1546 Ethiopiam
1569 1519 1668 1538 versus
1684 1511 1726 1545 ja-

937 1561 1009 1589 cent,
1026 1561 1106 1583 a-stas
1120 1560 1173 1590 est,
1193 1561 1220 1584 et
1230 1560 1351 1584 maturos
1373 1556 1429 1592 jam
1446 1555 1553 1584 fructus
1569 1561 1641 1583 terra
1656 1564 1721 1592 pra:-

936 1602 991 1629 bet.

971 1731 1113 1768 Naviganti
1134 1738 1149 1759 a
1171 1730 1272 1759 Pharsa
1296 1730 1427 1759 Nonnoso
1440 1752 1448 1765 ,
1473 1735 1500 1759 et
1520 1731 1555 1758 ad
1577 1735 1726 1758 extremam

936 1786 1021 1814 usque
1042 1778 1190 1805 insularum
1220 1777 1319 1811 delato,
1345 1777 1397 1805 tale
1424 1776 1489 1812 quid
1524 1778 1654 1810 occurrit,
1685 1777 1727 1804 vel

935 1825 993 1860 ipso
1007 1825 1097 1853 auditu
1118 1824 1319 1852 admirandum.
1339 1822 1438 1852 incidit
1460 1824 1533 1852 enim
1551 1824 1578 1852 in
1594 1823 1726 1858 quosdam

936 1870 1022 1898 forma
1035 1871 1144 1906 quidem
1155 1874 1184 1897 et
1192 1870 1276 1905 figura
1284 1871 1415 1901 humana.
1428 1871 1476 1898 sed
1487 1870 1691 1904 brevissimosu
1697 1868 1726 1905 5)

934 1921 962 1944 et
978 1921 1066 1943 cutem
1092 1917 1183 1952 nigros
1205 1920 1345 1950 totumque
1369 1915 1471 1950 pilosos
1490 1923 1599 1949 corpus.
1619 1915 1724 1949 Seque-

934 1962 1034 1989 bantur
1052 1962 1123 1989 viros
1140 1962 1257 1996 aequales
1275 1962 1396 1994 feminae,
1414 1968 1442 1990 et
1461 1963 1538 1997 pueri
1562 1962 1651 1990 adhuc
1665 1963 1727 1990 bre-

935 2009 1033 2036 viores.
1050 2007 1117 2035 Nudi
1133 2014 1228 2034 omnes
1241 2013 1335 2042 agunt,
1348 2007 1418 2044 pelle
1438 2012 1542 2036 tantum
1555 2009 1630 2036 brevi
1645 2009 1707 2036 adul
1718 2024 1725 2029 -

935 2056 1020 2083 tiores
1035 2055 1152 2082 verenda
1166 2053 1240 2087 tecti,
1251 2053 1302 2081 viri
1316 2054 1419 2089 pariter
1435 2063 1466 2082 ac
1483 2054 1603 2088 feminae,
1620 2057 1728 2089 agreste

935 2100 1002 2128 nihil
1020 2107 1110 2135 neque
1126 2098 1238 2126 eli'erum
1259 2098 1323 2134 quid
1343 2106 1398 2134 prae
1413 2107 1442 2126 se
1460 2098 1590 2126 ferentes.
1606 2098 1676 2132 Quin
1700 2102 1728 2125 et

934 2153 986 2174 vox
1001 2146 1055 2174 illis
1068 2146 1196 2177 humana,
1208 2145 1255 2172 sed
1269 2144 1408 2177 omnibus,
1418 2145 1501 2172 etiatu
1514 2144 1626 2176 accolis,
1644 2151 1724 2179 pror-

934 2191 1085 2226 susignota
1111 2190 1212 2224 lingua,
1234 2189 1377 2225 multoque
1394 2190 1511 2224 amplius
1536 2189 1656 2218 Nounnsi
1681 2197 1727 2217 so-

80 2238 162 2264 o-Lritv
174 2238 368 2265 ἐπεδείκνυντο
383 2238 445 2265 οὐδὲ
459 2238 597 2274 ἀνήμερον
609 2259 616 2270 ,
640 2239 708 2266 ἀλλὰ
720 2239 769 2265 καὶ
787 2238 880 2274 φωνὴν

937 2237 992 2265 niis.
1012 2235 1111 2264 Vlvuut
1124 2235 1236 2263 marinis
1256 2235 1368 2267 ostreis.
1382 2240 1410 2263 et
1426 2236 1547 2271 piscibus
1568 2242 1584 2263 e
1606 2235 1676 2263 mari
1692 2236 1725 2262 ad

80 2283 158 2319 εἶχον
174 2284 228 2319 μὲν
242 2283 430 2319 ἀνθρωπίνην,
456 2285 595 2320 ἄγνωστον
609 2285 637 2312 δὲ
656 2285 815 2312 παντάπασι
829 2285 880 2320 τὴν

80 2332 227 2357 διάλεκτον
241 2331 299 2362 τοῖς
314 2339 345 2357 τε
361 2331 511 2366 περιοίκοις
525 2331 612 2358 ἅπασι
636 2332 682 2359 καὶ
695 2331 786 2367 πολλῷ
797 2331 880 2358 πλέον

79 2379 139 2408 τοῖς
152 2376 222 2411 mp!
233 2376 281 2402 τὸν
293 2375 428 2403 Νόννοσον
443 2375 477 2403 ’⁵.
507 2377 609 2410 Διέζων
635 2377 663 2404 δὲ
677 2379 710 2405 ὲκ
727 2377 879 2404 θαλαττίων

934 2284 1051 2312 insulam
1072 2282 1209 2318 proiectis.
1233 2281 1358 2309 Audaces
1379 2282 1491 2310 minime
1512 2287 1586 2314 sunt,
1613 2286 1654 2315 ut,
1677 2289 1727 2309 no-

933 2331 999 2358 stris
1026 2330 1182 2364 conspectis
1208 2323 1382 2362 bominibus,
1414 2329 1644 2363 quemadmodum
1677 2336 1727 2356 nos

934 2378 990 2404 visa
1006 2376 1107 2412 ingenti
1118 2374 1185 2409 fera,
1205 2380 1276 2404 metu
1290 2375 1407 2411 perculsi
1422 2375 1525 2403 fuerint

79 2426 204 2461 ὀστρέων
225 2426 248 2440 ¹⁹
274 2425 321 2451 καὶ
344 2424 446 2460 ἰχθύων
455 2425 509 2452 τῶν
523 2425 577 2452 ἀπὸ
598 2426 649 2461 τῆς
665 2426 805 2462 θαλάσσης
821 2428 862 2459 εις
879 2426 930 2462 τὴν
959 2425 1041 2461 νῆσον
1056 2423 1310 2460 άπορριπτομένων.
1332 2422 1438 2457 Θάρσος
1473 2423 1502 2450 δὲ
1523 2420 1596 2458 εἶχον
1637 2421 1724 2451 οὗδὲν.

79 2473 149 2500 ἀλλὰ
163 2472 215 2500 καὶ
233 2471 352 2507 ὁρῶντες
371 2472 437 2504 τοὺς
455 2473 518 2500 καθ’
532 2473 605 2509 ἡμᾶς
619 2473 781 2509 ἀνθρώπους
810 2475 984 2510 ὑπέπτησσον
994 2473 1016 2489 ³⁰
1029 2492 1037 2505 ,
1064 2471 1159 2508 ὥσπερ
1173 2472 1256 2508 ἡμεῖς
1272 2472 1307 2499 τὰ
1322 2471 1409 2508 μείζω
1416 2472 1470 2499 τῶν
1485 2471 1598 2507 θηρίων.

749 2555 867 2584 VARUE
892 2554 1097 2584 LECTIONES.

114 2632 332 2672 “_at‘a§oop_.éwle
344 2633 396 2672 A._
412 2634 519 2672 _‘_'_y.e't‘]
534 2635 599 2669 περὶ
616 2643 642 2670 p.
661 2636 678 2663 5
690 2644 706 2663 a
723 2637 768 2664 54.
805 2638 829 2654 ’⁸
840 2637 910 2670 ὼςΑ
921 2647 928 2665 :
940 2638 1003 2665 ὅσον
1017 2646 1047 2670 ς.
1085 2636 1109 2652 ’⁸
1121 2635 1294 2672 αἰγοκέρωτα
1306 2644 1347 2671 pr.
1359 2635 1390 2663 A.

1432 2636 1454 2650 "
1472 2635 1502 2662 τὸ
1511 2643 1564 2662 om.
1579 2635 1611 2662 Α.
1650 2635 1726 2668 "ptio

79 2667 154 2703 λεωιῖ
164 2667 289 2703 μελανὴν
301 2669 334 2695 A.
374 2669 397 2684 ’⁵
411 2667 709 2705 Νόννωὰον,ὐιέωρε,
725 2674 758 2699 Α.
794 2674 817 2689 ¹⁹
833 2667 965 2705 ὀστρείων
981 2682 1012 2705 ς.
1022 2667 1031 2670 ⁷
1049 2672 1071 2688 ³⁸
1085 2667 1248 2706 ὑπέτέτησᾱιν
1263 2679 1294 2703 ς.

855 2753 972 2781 NOTAE.

117 2819 174 2854 (ll)
194 2819 317 2856 Ctesiam
333 2818 461 2847 fortassis
491 2818 626 2852 imitatus,
641 2828 656 2848 a
671 2828 727 2856 quo
746 2821 875 2850 nonnulla

82 2855 198 2881 mutuari
216 2856 336 2882 videtur.

116 2889 172 2925 (12)
186 2889 285 2918 Simile
314 2889 379 2926 quid
400 2889 427 2917 iu
454 2888 554 2918 Indicis
579 2890 661 2920 refert
687 2891 792 2921 Ctesias
811 2892 876 2922 Cui-

934 2822 997 2850 dius
1012 2822 1062 2849 inl'.
1076 2821 1137 2850 cod.
1151 2820 1258 2849 LXXII.

967 2858 1024 2892 (15)
1033 2857 1068 2885 De
1078 2856 1211 2892 Pygmaeis
1220 2857 1269 2884 inf.
1279 2856 1383 2892 Ctesias
1395 2855 1534 2892 infudicis
1545 2854 1606 2884 09d.
1617 2853 1729 2886 LXX“,

929 2890 1066 2921 Juvenalis
1079 2890 1196 2928 quoque,
1212 2892 1314 2920 Plinius
1325 2897 1351 2920 et
1369 2890 1507 2920 Paulinus.
