1918 3086
219 163 233 183 π

539 218 542 223 ’
590 222 634 250 IV.

222 266 349 293 Theodori
363 266 517 305 Amico/Leni
529 276 576 305 pro
589 274 682 295 sancto
696 269 795 297 Basilio
814 270 871 305 (Η)
888 271 1012 298 adversus

460 302 621 330 Eunomium
637 305 698 331 libri
716 313 778 333 xxv.

255 346 330 375 Lecti
343 354 405 375 sunt
421 348 556 377 Theodori
572 348 733 378 Antiocbeni
746 360 794 387 pro
805 351 906 380 Basilio
917 354 1012 381 adver-

218 402 262 420 sus
273 393 432 421 Eunomium
442 395 502 422 libri
519 395 612 431 viginti
631 397 822 433 quinque(15).
832 399 921 426 Estilli
932 399 1013 434 phra-

219 440 256 466 sis
270 448 323 466 uon
340 449 532 476 usquequaque
547 444 687 478 perspicua
700 452 708 475 ;
730 444 855 472 sensibus
867 450 955 472 tamen
968 445 1011 480 3b

219 490 247 512 et
278 487 445 521 argumentis
470 487 585 515 nimium
617 494 748 523 quantum
776 491 896 520 densus.
925 499 1011 518 sacrae

219 531 367 566 Scriptura:
385 534 549 562 testimoniis
562 535 669 570 egregie
693 537 823 563 alumdat.
843 536 883 564 Ad
899 537 1010 565 verbum

218 577 275 607 fere
307 579 429 607 Eunomii
462 582 580 609 rationes
612 582 730 615 refellit,
767 584 921 619 imperitum
948 593 1010 612 eum

218 626 296 652 Valde
320 632 496 655 externarum
517 628 733 663 disciplinarum,
761 630 900 665 nudtoque
925 632 1010 665 magis

219 676 320 697 nostra:
343 672 499 708 theologiaa,
537 674 658 708 pluribus
690 677 846 704 Osteudens.
874 677 923 705 llic
947 686 1010 706 vero

217 715 397 752 Mapsuestiaa,
412 724 440 746 ut
455 724 529 754 puto,
543 720 688 756 cpiscopus
697 721 759 750 fuit.

587 807 618 835 V.

400 849 544 885 Sopltrouii
563 854 595 880 de
608 855 698 882 eadem
711 863 738 883 re
749 856 824 884 liber.

252 893 351 922 Lectus
362 896 488 924 similiter
507 899 654 933 SopbrOnii
667 909 715 935 pro
726 902 828 930 Basilio
843 909 935 932 coulra
947 904 1005 933 Eu-
1023 921 1043 948 Β

217 942 334 968 nomium
353 942 429 975 liber,
449 943 595 973 Theodoro
610 949 742 981 apertior.
758 955 785 977 et
800 951 884 978 multo
900 951 1006 980 doctior

216 995 249 1015 ac
265 988 384 1016 brevior.
402 989 495 1024 Neque
516 993 589 1019 extim
605 1001 652 1028 per
662 996 752 1022 omnia
767 996 929 1024 Eunomium
946 1006 1008 1033 per-

216 1033 350 1066 sequitur,
372 1034 418 1061 sed
432 1034 474 1061 illa
499 1037 672 1070 potissimum
687 1040 806 1076 exagitat
822 1046 904 1076 atque
927 1041 1008 1069 refel-

215 1077 256 1111 lit,
276 1087 450 1113 qumsnmma
478 1084 567 1117 capita
593 1084 703 1112 Inrresis
726 1086 848 1115 Eunomii
867 1090 1008 1118 continere

215 1124 389 1154 videbantur.
399 1127 564 1156 Charactere
580 1138 644 1157 usus
657 1137 699 1158 est
715 1132 899 1167 distinguente
914 1143 945 1162 ac
958 1137 1007 1163 de-

216 1170 351 1198 Iiniente:
373 1177 401 1199 et
426 1178 456 1200 ut
475 1174 619 1208 plurimmn
644 1177 748 1206 solutus
779 1179 817 1206 illi
844 1181 1008 1216 minimeque

216 1215 322 1244 vinctus
336 1225 438 1251 sermo,
468 1228 520 1247 non
540 1222 660 1257 ingratus
680 1229 781 1256 tamen,
810 1226 864 1253 imo
890 1231 917 1254 et
940 1215 1008 1262 logi-

216 1261 257 1288 cis
271 1265 554 1297 argumentationibus
569 1276 699 1303 perquam
714 1270 825 1298 ﬂoridus
837 1277 889 1299 est.

591 1314 634 1342 VI.

251 1353 373 1389 Gregorii
390 1355 508 1392 Nyssem'
522 1359 639 1394 ejusdem
666 1365 817 1397 argumenti
839 1373 917 1398 opera
942 1366 1006 1394 duo.

250 1430 350 1460 Lectus
371 1439 412 1460 est
435 1435 557 1471 Gregorii
574 1437 667 1474 Nyssaa
680 1441 799 1476 episcopi
821 1442 946 1470 similiter
960 1453 1006 1478 pro

217 1475 318 1504 Basilio
334 1479 458 1507 adversus
469 1481 629 1509 Eunomium
642 1483 708 1511 liber
720 1485 789 1520 (I6).
806 1486 898 1523 Stylus
916 1475 964 1520 illi;
983 1489 1005 1515 si

215 1523 258 1550 cui
285 1525 437 1559 rhetorum,
473 1527 596 1563 illustris,
630 1530 867 1564 etjncnnditatem
897 1535 1007 1563 auribus

216 1569 360 1600 instillans.
386 1572 439 1600 Sed
465 1581 516 1601 nec
549 1575 607 1609 ipse
624 1577 732 1611 quidem
759 1580 854 1608 ordine
883 1580 1006 1609 Eunomii

216 1615 348 1650 scriptum
378 1618 563 1651 reprehendit.
604 1620 786 1654 Quamobrem
812 1630 840 1652 et
864 1625 1007 1655 Theodoro

215 1662 349 1689 concisior
365 1668 417 1696 εει,
432 1668 460 1691 et
483 1664 637 1700 Sophronio
661 1667 760 1701 latior;
786 1670 904 1699 abundat
933 1674 1005 1701 enim

215 1708 466 1742 enthymematibus
487 1716 569 1747 atque
585 1714 727 1749 exemplis.
743 1716 809 1743 Illud
837 1723 927 1745 autem
944 1727 1007 1747 vere

214 1754 468 1788 pronuntiaverim,
503 1762 634 1792 quantum
673 1760 821 1796 Gregorius
852 1770 1006 1798 venustate,

213 1798 357 1833 splendore
378 1807 405 1830 et
426 1804 540 1831 mirifica
559 1806 730 1840 jucunditale
757 1810 894 1837 antecellit
919 1811 1007 1839 Theo-

214 1844 292 1878 doro,
305 1851 410 1875 tantum
423 1850 505 1876 etiam
517 1857 741 1886 argumentorum
755 1856 829 1890 copia
842 1861 869 1884 et
884 1857 1006 1886 ubertate

214 1893 338 1920 emndem
350 1894 458 1922 vincere
469 1897 627 1926 conuititur.

587 1944 642 1973 VII.

248 1982 360 2012 Lectum
385 1989 426 2013 est
449 1987 563 2016 alterunt
591 1991 711 2025 ejusdem
737 1992 860 2029 Gregorii
888 1996 1004 2031 Nysseni

212 2036 291 2064 opus.
307 2031 339 2059 de
355 2033 450 2060 eadem
467 2035 525 2068 ipsa
541 2044 570 2063 rc
585 2047 591 2064 :
609 2038 636 2064 in
652 2046 705 2073 quo
724 2040 877 2069 rationibus
893 2043 1006 2072 validio-

213 2076 288 2104 ribus
302 2085 363 2105 cum
379 2078 511 2109 Eunomio
526 2090 622 2111 mamts
646 2093 806 2119 conserens,
822 2095 883 2115 eum
902 2090 928 2117 vi
957 2098 1007 2118 ex-

212 2128 324 2157 pugnat,
339 2126 431 2153 omnia
460 2128 607 2162 impietatis
635 2130 805 2160 ﬁrmamenta
826 2134 1004 2164 labefactans.

212 2166 350 2197 Venustas
366 2179 430 2198 vero
456 2175 600 2207 orationis,
626 2181 653 2203 et
679 2177 808 2212 splendor
834 2180 1005 2213 jncundilate

213 2214 323 2248 mistus,
343 2217 424 2244 etiam
450 2219 477 2246 in
504 2221 555 2248 hoc
580 2229 662 2256 opere
690 2223 861 2254 decenterse
876 2229 1004 2256 ostendit.

577 2309 641 2337 VIlI.

383 2351 504 2388 Origem's
519 2354 556 2382 De
572 2355 718 2392 Principiis
734 2359 795 2386 libri
811 2368 846 2388 Iv.

248 2394 324 2424 Lecti
347 2404 411 2425 sunt
430 2398 557 2435 Origenis
573 2402 641 2438 (l7)
661 2403 699 2431 De
718 2404 864 2441 Principiis
882 2409 944 2436 libri
966 2418 1003 2439 Iv.

212 2441 313 2469 IIOI‘UIII
330 2444 435 2479 primus
451 2447 485 2474 de
503 2447 593 2481 Patre.
607 2455 634 2477 et
650 2449 732 2483 Filio,
749 2457 776 2480 et
789 2453 891 2489 Spiritu
908 2461 1004 2485 sancto

211 2488 277 2523 agit.
291 2490 351 2523 Quo
365 2491 393 2519 in
408 2492 478 2521 libro
493 2494 606 2528 plurima
632 2496 791 2532 blaspheme
810 2488 914 2528 scribit
932 2512 939 2530 :
964 2508 1002 2536 ut,

219 163 249 195 51
811 166 941 197 PHO'I‘II
961 169 1005 198 PA

1094 169 1213 199 ιΙὶΟΙΙΕ
1234 170 1287 199 CP.
1822 170 1859 202 52

1428 224 1465 252 A’.

1065 271 1217 306 Θεοδώρου
1234 272 1404 307 Ἀντιοχέως
1426 270 1502 306 ὑπὲρ
1524 271 1687 307 Βασιλείου
1709 271 1784 298 κατὰ
1796 272 1861 298 Ei:-

1311 308 1428 341 νομίου,
1452 307 1537 342 λόγοι
1555 306 1607 334 κε’.

1105 353 1274 389 Ἀνεγνὼσθη
1283 352 1422 387 Θεοδώρου
1437 352 1596 388 Ἀντιοχέως
1605 353 1684 387 ὑπὲρ
1693 353 1860 380 Βασιλείου

1063 397 1141 424 κατὰ
1161 398 1313 432 Εὺνομίου
1327 398 1355 425 ἐν
1372 398 1460 432 λόγοις
1476 401 1524 424 κε’.
1540 398 1618 425 Ἔστι
1633 398 1662 424 δὲ
1687 398 1737 434 τὴν
1752 398 1802 433 μὲν
1834 398 1859 413 ³¹

1063 444 1163 479 φράσιν
1176 444 1207 471 οὐ
1221 444 1292 471 πάνυ
1308 444 1433 479 λαμπρὸς
1443 463 1451 476 ,
1468 445 1530 476 ταῖς
1541 444 1570 471 δὲ
1581 444 1715 476 διανοίαις
1732 445 1780 471 καὶ
1799 446 1861 476 τοῖς

1062 491 1261 526 ἐπιχειρήμασι
1271 490 1330 517 λίαν
1339 491 1450 523 πυκνὸς,
1462 491 1511 518 καλ⁸
1524 491 1583 522 ταῖς
1593 490 1745 526 Γραφικαϊς
1757 490 1861 526 ἄριστα

1062 536 1185 563 πλουτῶν
1195 536 1369 572 μαρτυρίαις.
1385 537 1464 564 Κατὰ
1479 537 1551 570 λέξιν
1566 537 1594 564 δὲ
1604 536 1697 572 σχεδὸν
1710 536 1764 564 τῶν
1775 537 1862 563 Εὐνο-

1063 584 1126 618 μίου
1142 583 1230 618 λόγων
1243 583 1291 618 τὴν
1309 583 1465 619 ὰνασκευὴν
1486 584 1606 610 ποιεῖται
1617 603 1626 616 ,
1639 583 1734 618 ἀμαθῆ
1748 591 1779 610 τε
1794 582 1861 610 λίαν

1061 630 1116 656 τῶν
1129 639 1160 656 τε
1179 630 1297 665 θύραθεν
1318 630 1490 666 μαθημάτων
1509 630 1557 657 καὶ
1581 630 1671 666 πολλῷ
1691 630 1793 665 μᾶλλον
1806 630 1861 664 τῆς

1061 676 1123 703 καθ’
1138 677 1211 712 ἡμᾶς
1227 676 1371 711 θεοσοφίας
1399 676 1444 704 διὰ
1464 676 1570 704 πολλῶν
1583 677 1749 708 ἐπιδεικνύς.
1771 677 1800 703 '0
1826 677 1859 702 δὲ

1061 723 1249 758 Μοψουεστίας
1287 723 1407 758 γεγονὼς
1452 723 1601 755 ἐπίσκοπος
1642 720 1719 755 οὗτός
1760 723 1858 755 ἐστιν,

1061 768 1148 805 οἶμαι.

1432 816 1471 844 Ε’.

1108 863 1281 896 Σωφρονίου
1294 862 1371 896 ὑπὲρ
1380 862 1542 889 Βασιλείου
1558 860 1634 889 κατὰ
1643 861 1804 896 Εἰινομιου.

1099 907 1269 943 Ἀνεγνώσθη
1293 908 1393 944 ὁμοίως
1428 908 1583 944 Σωφρονίω
1597 908 1674 942 ὑπὲρ
1689 907 1860 935 Bamlet’ov

1059 953 1136 980 κατὰ
1156 954 1319 988 Εὐνομίου.
1349 954 1520 990 Σαφέστερος
1556 954 1605 989 μὲν
1642 953 1780 988 Θεοδώρου
1807 955 1860 980 καὶ

1058 999 1149 1034 πολλῷ
1174 1000 1379 1036 συντομώτερος
1408 1000 1430 1016 ³¹
1447 1019 1455 1032 ,
1497 999 1544 1026 καὶ
1567 999 1629 1026 οὐδὲ
1663 999 1692 1035 [4
1705 998 1753 1035 IL}
1783 1000 1857 1026 πᾶσι

1058 1046 1114 1077 τοῖς
1129 1045 1262 1080 Εὐνομίου
1278 1045 1404 1077 ἐπεξιὼν,
1421 1044 1449 1081 [9
1463 1045 1508 1082 IL]
1525 1045 1580 1072 ἀλλ’
1601 1046 1694 1072 ἐκεῖνα
1708 1044 1860 1079 γυμνάζων

1058 1093 1105 1119 καὶ
1120 1092 1224 1126 ἐλέγχῳ
1236 1091 1471 1123 καθυποϐάλλων,
1495 1091 1512 1118 ἂ
1534 1092 1608 1118 δοκεῖ
1634 1091 1781 1118 συνεκτικὰ
1807 1091 1859 1118 καὶ

1059 1137 1194 1171 κεφάλαια
1211 1137 1261 1171 τῆς
1277 1136 1411 1172 Εὐνομίου
1426 1137 1561 1172 αἱρέσεως
1572 1135 1655 1163 εἶναι.
1673 1137 1860 1172 Ἀφοριστικῷ

1058 1180 1086 1207 δὲ
1101 1181 1234 1216 κέχρηται
1257 1181 1430 1216 χαρακτῆρι,
1464 1181 1513 1208 καὶ
1528 1181 1566 1213 ὡς
1596 1181 1699 1208 ἐπίπαν
1720 1182 1858 1214 ἀπόλυτός

1058 1227 1132 1252 ἐστιν
1148 1227 1223 1262 αὐτῷ
1246 1228 1293 1254 καὶ
1310 1227 1456 1259 ἀσύνδετος
1478 1229 1492 1255 ὁ
1509 1227 1589 1262 λόγος
1600 1248 1608 1260 ,
1627 1228 1679 1254 οὐκ.
1695 1228 1795 1263 ἄχαρις
1811 1228 1857 1261 δὲ,

1058 1273 1126 1300 ἀλλὰ
1137 1273 1183 1300 καὶ
1195 1273 1314 1308 λογικοῖς
1327 1274 1523 1310 ἐπιχειρήμασι
1538 1274 1778 1310 περιηνθισμένος.

1058 1365 1226 1400 Γρηγοριου
1241 1366 1586 1436 ΝύσσηςΕόὲἕέβᾶὗῢ-πὲρ
1598 1366 1764 1394 Βασιλειου
1777 1367 1858 1395 κατὰ

1106 1445 1275 1482 Ἀνεγνὼσθη
1297 1447 1449 1483 Γρηγορίου
1470 1447 1581 1483 Νύσσης
1608 1448 1632 1465 ⁸³
1655 1448 1755 1484 ὁμοίως
1776 1447 1859 1482 ὑπὲρ

1059 1491 1222 1518 ΒασιλεΙυυ
1229 1491 1278 1519 καί
1285 1493 1445 1527 Εὺνομίου.
1454 1493 1510 1528 Τὴν
1519 1493 1569 1528 μὲν
1576 1494 1686 1529 φράσιν,
1695 1495 1764 1525 εἴτις
1774 1494 1859 1525 ἄλλος

1060 1537 1195 1573 ρητόρων,
1213 1538 1341 1574 λαμπρὸς
1362 1539 1409 1565 καὶ
1423 1538 1522 1574 ἡδονῆς
1543 1540 1610 1567 ὠσὶν
1627 1540 1808 1573 ἀποστάξων,
1823 1541 1858 1568 οὑ

1062 1583 1153 1619 μέντοι
1176 1585 1295 1620 καθεξῆς
1320 1585 1375 1612 οὐδ’
1403 1586 1520 1617 αὺτὸς²⁵
1549 1587 1600 1622 τὴν
1624 1587 1759 1622 Εὐνομίου
1785 1595 1859 1623 γρα-

1062 1628 1114 1663 φὴν
1135 1629 1327 1665 ἁπελέγχει³⁵.
1344 1631 1389 1658 Διδ
1416 1631 1464 1658 καὶ
1487 1632 1692 1667 συντομώτερός
1716 1633 1774 1659 ἐστι
1789 1632 1859 1659 θεο-

1059 1674 1157 1710 δὼρου,
1171 1676 1327 1712 Σωφρονίου
1353 1677 1382 1703 δὲ
1408 1677 1590 1713 πλατύτερος.
1611 1677 1824 1713 Πλεονὰςειγὰρ
1833 1679 1858 1694 ³⁸

1057 1720 1114 1751 τοῖς
1130 1720 1304 1756 ἐνθυμήμασι
1325 1723 1372 1749 καὶ
1392 1724 1449 1754 τοῖς
1474 1723 1705 1759 παραδείγμασιν.
1731 1724 1810 1750 Ἐστι
1826 1725 1859 1751 δὲ

1058 1764 1216 1797 ἀδεκάστοις
1237 1767 1324 1793 εἰπεῖν
1335 1767 1373 1799 ὡς
1392 1768 1454 1795 ὅσον
1472 1769 1637 1804 ὑπερϐάλλει
1654 1769 1747 1796 κάλλει
1758 1779 1787 1796 τε
1807 1773 1859 1798 καὶ

1057 1810 1231 1847 λαμπρότητι
1257 1813 1305 1839 καὶ
1323 1813 1365 1849 τῷ
1383 1814 1508 1850 ἡδυτάτῳ
1532 1815 1672 1852 Θεόδωρον
1689 1835 1697 1848 ,
1724 1815 1859 1843 τοσοῦτον

1058 1857 1164 1884 ἐκείνου
1178 1857 1273 1886 τοῦτον
1283 1859 1314 1886 τὸ
1325 1859 1427 1895 πλῆθος
1442 1861 1497 1887 τῶν
1516 1862 1740 1898 ἐπιχειρημάτων
1760 1864 1809 1891 καὶ
1825 1864 1860 1890 τὸ

1059 1903 1171 1939 γόνιμον
1183 1905 1224 1937 εἰς
1238 1905 1269 1932 τὸ
1283 1907 1413 1942 προέχειν
1426 1907 1597 1940 ἐκϐιάζεται,

1426 1954 1464 1980 Z'.

1100 1995 1273 2032 ’Λνεγνώσοη
1288 1995 1371 2033 ἑτέρα
1390 1999 1568 2034 πραγματεία
1583 1998 1630 2026 τοῦ
1654 1999 1736 2026 αὑτοῦ
1747 2000 1860 2036 Γρηγο-

1059 2040 1117 2076 ρίου
1132 2041 1243 2077 Νύστης
1260 2043 1324 2078 περὶ
1338 2043 1390 2082 τῆς
1409 2044 1496 2079 αὐτῆς
1511 2044 1680 2077 ὑποθέσεως,
1703 2045 1732 2072 ὲν
1779 2046 1860 2080 λογι-

1058 2087 1179 2122 κώτερον
1205 2088 1332 2124 Εὐνομίῳ
1349 2081 1522 2124 συμπλακεὶς
1545 2090 1617 2117 κατὰ
1634 2091 1736 2126 κράτος
1753 2081 1857 2125 γαὶρεῖ,

1057 2133 1148 2160 πάντα
1163 2134 1308 2169 σαορὼσας
1330 2135 1381 2170 τῆς
1397 2136 1558 2168 δυσσεϐείας
1587 2136 1672 2164 αὐτοῦ
1694 2137 1729 2163 τὰ
1743 2136 1859 2172 ὀχυρώ-

1059 2187 1144 2214 ματα.
1159 2180 1196 2207 Τὸ
1210 2180 1238 2207 δὲ
1253 2180 1351 2213 κάλλος
1366 2182 1413 2208 τοῦ
1430 2182 1509 2217 λόγου
1524 2183 1571 2209 καὶ
1583 2184 1600 2218 ἡ
1616 2183 1769 2218 σύγκρατος
1786 2183 1859 2218 λαμ-

1057 2227 1161 2263 πρότης
1186 2228 1337 2265 γλυκύτητι
1364 2230 1504 2258 κάνταῦθα
1519 2231 1679 2267 διαπρεπῶς
1700 2231 1860 2258 ἐπιδείκνυ-

1021 2285 1045 2314 D
1059 2283 1114 2301 ται.

1428 2326 1470 2353 Η¹.

1174 2369 1343 2403 Ὠριτένους
1350 2371 1382 2398 τὸ
1394 2371 1466 2406 Περὶ
1477 2371 1598 2406 Ἀρχῶν,
1610 2372 1696 2407 λόγοι
1707 2371 1743 2400 δ’.

1101 2413 1270 2450 Ἀνεγνὼσθη
1288 2416 1442 2453 Ὠριγένους
1457 2417 1488 2444 τὸ
1499 2419 1569 2452 Περὶ
1580 2418 1703 2453 Ἀρχῶν,
1722 2418 1798 2453 λόγοι
1820 2420 1859 2452 δ’,

1060 2457 1097 2486 ὧν
1111 2460 1125 2486 ὁ
1141 2461 1193 2496 μὲν
1205 2462 1314 2498 πρῶτος
1327 2463 1391 2498 περὶ
1403 2463 1520 2498 Πατρὺς,
1533 2464 1581 2491 καὶ
1601 2464 1678 2497 Υεοῦ,
1705 2464 1752 2492 καὶ
1773 2465 1860 2498 ἁγίου

1059 2506 1228 2542 Πνεύματος·
1246 2509 1276 2534 ὲν
1290 2505 1313 2543 ᾧ
1329 2508 1443 2536 πλεῖστα
1463 2509 1631 2545 βλασφημεῖ,
1653 2511 1700 2537 τὸν
1720 2510 1771 2546 μὲν
1787 2511 1861 2539 Υἱὸν

865 2571 981 2600 VARI/Ii
1002 2573 1208 2603 LEC'I‘IONES.

261 2608 282 2624 ³¹
299 2609 347 2652 μεν
360 2617 416 2637 out.
428 2610 462 2638 Α.
483 2612 523 2652 ﬂ"
540 2614 837 2652 ιιιιιρυσυντομώτερος
865 2627 926 2647 cum

211 2643 235 2660 ⁸⁸
250 2643 393 2680 ἐπελέγχει
411 2655 441 2678 ς.
482 2646 506 2662 ³⁵⁸
520 2648 587 2685 γὰρ]
602 2648 631 2675 δὲ
647 2650 702 2686 γὰρ

955 2622 978 2647 Α
999 2623 1080 2651 omisi
1110 2625 1291 2660 συνετώτερος
1318 2624 1376 2654 καί.
1423 2625 1446 2642 ³⁸
1459 2625 1542 2660 νὺσης
1553 2626 1587 2654 Α.
1628 2626 1651 2643 ³⁵
1662 2626 1756 2663 αὐτὸς]
1771 2628 1804 2655 οὐ
1818 2629 1859 2657 Λ.

975 2727 1090 2757 NOTAE.

245 2795 302 2833 (Ill)
312 2796 369 2833 iam
379 2798 433 2824 vita
441 2799 543 2830 functo,
554 2805 582 2827 ut
591 2801 696 2830 doceris
705 2802 754 2831 iul.
765 2804 826 2831 cod.
837 2805 1007 2833 CXXXVIII.

245 2831 303 2872 με)
320 2831 390 2859 Infra
404 2833 464 2860 cod.
488 2834 647 2869 CLxxvu,
667 2837 694 2864 in
710 2838 769 2872 lin.,
785 2831 1007 2869 ιίυι-ὸέὲῖέὲὲίξ

215 2866 303 2902 psisse
316 2874 554 2902 commemoratur.

259 2902 315 2937 (16}
329 2901 442 2931 Exstant
454 2905 510 2940 ejus
526 2905 589 2934 libri
605 2914 655 2935 xm
684 2910 814 2938 adversus
833 2911 947 2941 Eunom.
975 2913 1004 2942 in

1065 2808 1190 2836 biblioth.
1208 2808 1352 2843 Vaticana,
1366 2810 1448 2838 Boica
1463 2816 1491 2839 et
1503 2811 1579 2840 alibi.

1098 2843 1155 2877 (l7)
1171 2844 1242 2879 Lege
1256 2846 1289 2872 de
1301 2846 1342 2872 bis
1357 2846 1386 2872 Ι).
1401 2845 1502 2874 Daron.
1519 2849 1595 2875 card.
1612 2852 1678 2876 tom.
1708 2847 1731 2875 V
1757 2849 1792 2876 ad
1817 2851 1856 2879 A.

1059 2878 1169 2918 (7.597.
1187 2879 1289 2918 Instat
1303 2881 1412 2918 elegans
1433 2883 1546 2916 epistola
1567 2883 1596 2909 Β.
1630 2884 1787 2918 lliemuymi
1818 2878 1858 2914 ad

1057 2915 1167 2943 Avitum
1179 2915 1212 2943 de
1224 2915 1488 2953 cavettdis'Origcnis
1497 2919 1564 2954 Περὶ
1573 2919 1680 2956 Ἀρχῶν
1693 2915 1852 2950 erroribus.
