1918 3086
208 159 243 191 35
784 158 834 189 AD
848 157 982 189 PHOTII
1002 157 1289 190 BIBLIOTHECAM
1817 153 1853 186 36

244 216 338 244 lsidori
356 214 416 242 Vita
457 213 521 242 Vide
536 214 705 243 Damascius.

244 260 374 288 Isocratis
419 260 559 288 orationes
599 268 646 288 xxI
686 259 804 295 indeque
849 263 999 293 excerpta,

208 307 270 336 cod.
286 306 388 335 CCLX.
404 321 440 327 —
457 305 491 334 Et
514 306 638 342 epistola:
658 314 698 338 Ix,
721 306 784 333 cod.
804 305 895 333 CLIX.
917 305 998 340 Ejus-

209 354 270 380 detn
291 353 324 380 ad
339 352 535 380 Archidamum
549 351 664 388 epistola
684 359 758 380 nunc
781 351 897 388 primum
913 351 999 386 edita,

209 399 277 426 ibid.

605 454 620 483 J

244 511 389 540 Jamblichi
400 512 434 540 de
443 512 525 540 rebus
534 511 674 540 Rhodanis
686 517 715 541 et
722 511 861 541 Sinonidis
868 511 931 540 libri
944 519 1001 545 xVI,

209 559 271 586 cod.
288 557 381 586 XCIV.

244 603 362 631 Joannis
375 602 514 637 Carpathii
537 603 738 631 consolatorius
750 603 784 630 ad
806 602 889 631 India
905 610 1001 631 mona-

211 650 278 677 chos
292 654 400 676 centum
414 649 544 682 capitum,
557 649 617 676 cod.
634 648 697 676 CCI.

245 694 358 722 Joannis
370 694 424 730 (8.)
443 694 633 730 Chrysostomi
652 695 679 722 in
692 698 806 723 mortem
823 698 852 722 et
865 694 1005 722 ascensio-

210 746 273 767 nem
287 739 401 772 Christi,
418 739 536 773 itemque
549 738 576 766 in
585 738 763 767 Peutecostcn
787 739 926 767 orationes
939 747 1003 767 xxv.

210 785 387 819 -—‘Ejusdem
413 784 536 819 epistolae
557 785 590 811 ad
608 783 794 820 Olympiadem
809 790 836 812 et
846 784 925 818 alios,
941 784 1002 812 θοὰ.

211 829 356 858 LXXXVI.
372 829 500 865 Ejusdem
519 829 692 857 homiliarnm
710 830 736 857 in
750 829 869 857 Genesin
892 830 1006 857 volumi-

211 884 245 904 na
262 878 326 908 tria,
341 876 401 903 cod.
415 875 554 908 CLXXIII,
567 875 707 907 CLXXIII.
720 875 859 903 CLXXIV.
876 876 1005 911 Ejusdem

209 923 300 950 oratio
332 922 359 950 in
387 921 416 950 S.
435 922 560 954 Paulum,
589 922 885 950 cod.CCLXX.—Et
915 923 941 950 iII
969 930 1002 950 xI.

212 972 359 1002 martyres,
386 967 448 994 cod.
469 966 642 994 CCLXXIV.
671 966 811 1000 Ilomiliaa,
834 967 867 994 de
898 967 1003 1002 Spiritu

211 1018 332 1045 sancto;
360 1012 387 1039 in
416 1011 539 1039 Nataletn
561 1012 686 1046 Christi;
713 1012 741 1040 in
763 1012 877 1044 dictum,
902 1012 1003 1048 Sttﬁicit

212 1052 259 1084 tibi
284 1059 373 1092 gratia
404 1066 477 1090 mea,
509 1063 547 1091 et,
568 1058 600 1085 Si
620 1066 672 1093 qua
687 1065 749 1092 ergo
768 1058 795 1084 in
810 1057 916 1085 Cltriuo
938 1066 1004 1085 nova

210 1110 334 1131 creatura
346 1112 355 1136 ;
370 1104 406 1131 De
423 1104 594 1139 paenitentia,
605 1103 668 1131 θοὰ.
682 1101 860 1131 CCLXXVII.

245 1149 358 1177 Joannis
389 1149 490 1177 Moschi
507 1148 631 1181 Pratutn,
658 1149 716 1177 sive
742 1148 872 1176 Hortulus
905 1155 1002 1182 novus,

209 1197 273 1223 cod.
286 1194 404 1222 CXCIX.

247 1241 369 1268 Joannes
385 1239 548 1274 Philoponus
560 1239 594 1267 de
616 1240 833 1272 resurrectione,
851 1238 913 1267 cod.
930 1238 1001 1272 XXI.

210 1284 330 1312 —ldem
360 1285 388 1311 in
423 1283 620 1317 Hexaemeron,
639 1285 700 1312 cod.
725 1284 818 1312 XLIII.
839 1283 1005 1319 ——Indeque

212 1335 352 1364 excerpta,
373 1330 435 1357 cod.
448 1329 549 1357 CCXL.
570 1345 605 1351 γ-
617 1330 650 1358 Et
668 1336 761 1358 contra
784 1336 909 1365 quartam
924 1338 1005 1366 syno-

213 1379 289 1410 dum,
303 1376 346 1404 LV
360 1391 396 1396 —-
408 1376 534 1411 Ejusdem
548 1376 654 1404 libellus
669 1381 762 1404 contra
775 1376 907 1405 Joannem
920 1376 1004 1412 patri-

211 1424 322 1450 archam
350 1422 426 1454 CI’.,
473 1428 653 1458 cognomento
695 1422 891 1450 Scholasticum
907 1442 916 1456 ,
940 1422 1003 1450 eod.

211 1467 318 1496 LXXV.
363 1467 436 1495 Idem
474 1473 569 1496 contra
600 1468 743 1497 Jamblichi
766 1468 892 1504 opusde
911 1468 1004 1496 simu-

213 1515 305 1548 lacris,
321 1515 382 1542 cod.
406 1514 509 1542 CCXV.

246 1560 361 1588 Joannis
369 1561 520 1596 presbyteri
531 1559 653 1595 .Egeata:
662 1560 765 1588 Eccles.
775 1559 964 1589 historizelibri
974 1567 1002 1593 v,

214 1607 277 1634 eod.
288 1606 358 1634 XLI.
381 1621 417 1627 -—
437 1606 511 1633 ldetu
526 1611 620 1634 contra
634 1611 760 1642 quartam
783 1606 1001 1642 synodum,cod.

211 1651 268 1679 LV.

246 1697 359 1725 Joannis
374 1697 566 1733 Scythopolita:
574 1701 669 1725 contra
685 1696 868 1732 Eutycbianos
877 1695 940 1724 libri
950 1703 1002 1730 xtt,

211 1745 273 1772 cod.
287 1742 368 1772 XCV.

247 1789 362 1817 Joannis
373 1790 474 1821 Stobaai
496 1790 666 1825 Eclogarum,
684 1789 963 1825 Apophthegmatum,
976 1792 1005 1816 et

213 1836 275 1863 vita:
290 1836 504 1871 prteceptionum
522 1835 583 1863 libri
600 1843 637 1869 Iv,
655 1836 717 1865 cod.
731 1834 862 1863 CLXVII.

248 1879 319 1907 Johii
340 1879 467 1907 monachi
491 1880 688 1908 Commentarii
709 1881 743 1908 de
759 1880 847 1908 Verbo
860 1879 1003 1907 iucarnato

213 1925 275 1952 libri
291 1933 328 1957 Ix,
345 1926 435 1960 capita
452 1933 514 1959 va,
535 1927 595 1953 cod.
608 1925 736 1954 CCXXII.

248 1971 382 2006 Josephus
399 1976 428 2000 et
446 1971 528 2000 Caius
555 1972 698 2007 presbyter
725 1971 766 1999 De
785 1972 924 2005 universo,
940 1971 1002 2000 cod.

213 2017 330 2046 XLVIII.

248 2063 358 2099 Josephi
385 2064 469 2092 Judaei
498 2064 537 2092 De
565 2064 635 2092 bello
649 2064 762 2092 Judaico
787 2064 848 2092 libri
871 2071 921 2096 vII,
938 2063 1000 2091 cod.

215 2109 319 2138 XLVII.
336 2125 371 2130 —
385 2110 512 2145 Ejusdem
528 2110 727 2144 Antiquitatum
753 2109 925 2136 Judaicat'um
940 2108 1002 2136 libri

215 2163 265 2187 xx,
291 2156 352 2182 cod.
375 2155 574 2183 l.XXVl.—Et
592 2161 717 2191 excerpta
734 2155 794 2183 cod.
810 2154 1000 2183 CCXXXVIII.

247 2200 347 2230 .luliaui
360 2201 477 2229 Lexicott
491 2210 506 2229 e
531 2203 625 2230 decem
641 2202 808 2234 oratoribus,
829 2201 891 2228 cod.
907 2200 963 2227 CL.

247 2247 312 2275 Julii
333 2248 454 2276 Africani
471 2249 584 2276 historia
601 2254 630 2277 et
643 2248 706 2281 alia,
729 2248 789 2276 cod.
806 2247 928 2276 XXXIV.

248 2293 318 2321 Justi
336 2293 503 2323 Tiberiensis
529 2294 684 2323 Judteorum
714 2302 808 2330 regum
832 2294 1001 2328 Chronicon,

213 2340 275 2367 cod.
291 2339 410 2368 XXXIII.

248 2385 346 2413 Justini
363 2387 492 2422 martyris
509 2386 639 2422 Apologia
662 2395 712 2422 pro
730 2386 909 2422 Christianis,
925 2397 1001 2424 qua:-

212 2432 326 2465 stiones,
346 2438 374 2460 et
392 2433 456 2465 alia,
476 2434 537 2461 cod.
557 2433 664 2462 CXXV.

589 2490 609 2517 L

252 2544 356 2571 Leontii
376 2545 461 2580 episc.
486 2545 609 2573 Arabissi
637 2553 728 2574 sermo
752 2547 786 2575 de
811 2548 951 2576 creatione
973 2553 1002 2576 et

217 2590 323 2618 Lazaro
345 2591 475 2625 redivivo,
496 2592 556 2619 cod.
578 2591 725 2619 CCLXXII.

257 2635 434 2663 Lesbonactis
454 2637 591 2664 orationes
608 2637 735 2671 politictn,
751 2638 812 2666 cod.
827 2638 906 2672 XVI;
927 2639 1000 2674 apttd

214 2681 405 2714 Tltcmistiuttt,
422 2683 482 2709 cod.
500 2681 618 2710 LXXVI.

249 2727 368 2754 Lexit-on
385 2735 458 2762 pura:
475 2727 553 2761 Ide-.2,
571 2730 660 2763 gravis
682 2729 756 2765 styli,
783 2731 919 2759 sermonis
933 2731 1000 2766 poli-

213 2773 272 2804 tici,
292 2773 352 2799 cod.
373 2772 488 2803 CXLVI,
504 2773 629 2805 CXLVII,
650 2774 788 2803 CXLVIII.

249 2816 348 2844 Lexica
367 2817 438 2844 varia
463 2817 489 2844 in
514 2819 606 2846 decem
623 2818 709 2846 Graec.
736 2824 870 2854 oratores,
897 2829 911 2848 ει
937 2822 999 2850 θοὰ.

212 2861 302 2890 cxnv
315 2871 399 2898 usque
413 2863 505 2892 CLIX.
804 2858 807 2860 ’

1096 215 1204 243 Libanii
1225 214 1357 251 sophista:
1384 213 1524 242 orationes
1570 217 1599 241 et
1625 211 1757 248 epistola,
1788 212 1851 240 cod.

1094 306 1170 333 Lucii
1189 304 1333 333 Patrensis
1365 303 1611 339 Metamorphoses,
1640 303 1703 333 cod.
1729 303 1851 332 CXXIX.

1091 351 1204 379 Luciani
1221 358 1303 386 opera
1319 350 1406 383 varia,
1424 350 1487 377 cod.
1499 348 1622 376 CXXIX.

1089 399 1205 434 Lycurgi
1224 397 1375 426 orationes.
1393 397 1457 425 eod.
1471 394 1623 424 CCLXVIII

1089 444 1177 480 Lysia:
1193 444 1345 477 orationes,
1357 443 1420 471 cod.
1442 441 1568 471 CCLXII.

1088 535 1189 563 Malchi
1204 535 1341 570 Sophistat
1362 533 1523 570 Byzantina:
1550 531 1674 561 historia:
1696 530 1760 559 llbri
1791 538 1849 565 vtI,

1054 582 1114 609 θοὰ.
1129 581 1271 609 LXXVIII.

1093 627 1177 654 Marci
1199 626 1324 654 monachi
1345 625 1533 653 Ascrticorutn
1552 623 1615 652 libri
1628 631 1695 657 vIII;
1712 628 1741 652 et
1755 623 1853 651 adver-

1054 681 1102 701 sus
1117 672 1351 700 Melchisedecitas
1366 671 1416 699 lib.
1432 679 1452 704 I,
1467 671 1528 698 cod.
1543 670 1597 698 CC.

1094 718 1267 755 Martyrium.
1288 718 1352 746 Vide
1371 717 1519 752 Anonymi.

1091 766 1206 794 Maximi
1221 765 1447 798 declamationes,
1463 764 1527 792 cod.
1540 761 1674 791 CXXXV.

1091 811 1203 839 Maximi
1232 811 1288 847 (Β.)
1318 810 1443 839 monachi
1467 814 1495 838 et
1519 808 1687 837 confessoris
1719 807 1852 842 quaestio-

1057 865 1120 885 num
1158 864 1174 885 e
1209 865 1287 885 sacra
1317 856 1458 891 Scriptura
1483 862 1562 883 CLXIV
1592 853 1761 886 solutiones,
1787 854 1849 881 cod.

1056 901 1159 930 CXCII.
1175 901 1353 936 —Ejusdem
1381 900 1505 936 epistolae
1530 908 1618 931 xxvtt,
1643 901 1705 927 cod.
1730 899 1846 927 CXCIII.

1056 963 1093 969 —
1108 948 1236 982 Ejusdem
1268 947 1338 975 liber
1356 947 1504 979 asceticus,
1533 951 1561 973 et
1582 945 1714 973 centuriae
1738 945 1770 972 de
1786 945 1853 972 dile-

1058 993 1158 1025 ctione,
1179 992 1242 1020 cod.
1258 990 1374 1020 CXCIII.
1391 1006 1427 1011 --
1441 991 1569 1026 Ejusdem
1588 990 1701 1025 epistola
1717 990 1751 1017 ad
1769 988 1853 1017 Geor-

1057 1039 1130 1074 gium
1150 1038 1324 1074 Eparchum:
1341 1037 1568 1072 Theologicorutn
1597 1036 1793 1072 Moraliumque
1805 1044 1853 1063 ca-

1058 1085 1142 1119 pitttm
1157 1084 1287 1112 centuriae
1311 1084 1369 1112 sive
1391 1084 1453 1111 libri
1477 1090 1514 1115 II,
1540 1087 1566 1110 et
1591 1082 1712 1117 epistola
1729 1089 1754 1112 ν,
1786 1081 1850 1108 ccd.

1057 1129 1174 1158 CXCIV.
1193 1144 1228 1150 —
1242 1129 1369 1164 Ejusdem
1389 1129 1470 1164 epist.
1486 1128 1520 1155 ad
1537 1127 1687 1155 Marianum
1701 1132 1730 1154 et
1756 1126 1851 1154 Dialo-

1058 1183 1108 1210 gus
1121 1182 1182 1202 cum
1198 1173 1303 1209 Pyrrho
1317 1174 1350 1202 de
1361 1173 1467 1202 duabus
1488 1173 1514 1200 in
1529 1173 1638 1201 Christo
1651 1172 1848 1204 voluntatibus,

1057 1220 1120 1248 cod.
1141 1219 1243 1247 CXCV.

1093 1266 1245 1294 Memnonis
1262 1265 1393 1294 historica
1413 1269 1543 1301 excerpta
1564 1265 1599 1293 de
1621 1264 1758 1293 Homelea:
1775 1263 1850 1291 Pon-

1057 1312 1118 1340 ticae
1137 1311 1271 1347 tyrannis,
1293 1312 1354 1339 cod.
1372 1309 1511 1339 CCXXIV.

1093 1356 1221 1384 Methodii
1231 1355 1284 1391 (S.)
1295 1356 1380 1391 episc.
1390 1360 1417 1382 et
1425 1360 1505 1383 mart.
1519 1356 1587 1383 liber
1595 1355 1627 1383 de
1637 1356 1846 1387 resurrectione,

1057 1404 1117 1431 cod.
1127 1402 1456 1438 CCXXXlV.—Ejusdem
1465 1403 1499 1430 de
1509 1403 1618 1435 creatis,
1626 1401 1846 1430 cod.CCXXXV.

1056 1464 1093 1470 —
1110 1449 1177 1476 Item
1193 1449 1227 1476 de
1238 1449 1324 1477 libero
1337 1449 1464 1481 arbitrio,
1479 1449 1542 1476 cod.
1567 1447 1733 1476 CCXXXVI.
1752 1462 1790 1468 —
1809 1447 1848 1476 De

1057 1495 1194 1528 castitate,
1212 1496 1273 1523 cod.
1294 1493 1476 1523 CCXXXVII.

1093 1539 1241 1569 Metrodori
1260 1541 1382 1570 calculus
1397 1540 1546 1576 paschalis,
1564 1541 1625 1568 cod.
1637 1539 1720 1568 CXV.

1092 1587 1233 1615 Modestus
1253 1588 1419 1623 archiepisc.
1440 1587 1622 1622 Hierosolym.
1643 1586 1669 1613 in
1685 1586 1782 1613 Marias
1795 1594 1848 1615 un-

1056 1638 1154 1674 guenta
1172 1633 1290 1662 ferentes
1308 1638 1335 1661 et
1352 1633 1543 1669 Hypapanten,
1564 1633 1626 1660 cod.
1642 1632 1791 1661 CCLXXV.

1089 1679 1212 1708 Mteridis
1233 1679 1373 1714 Atticista,
1397 1680 1459 1708 cod.
1475 1678 1579 1707 CLVII.

1090 1772 1234 1808 Nicephori
1255 1774 1310 1810 (5.)
1337 1774 1501 1809 patriarcha
1531 1774 1675 1804 Constant.
1708 1773 1847 1803 Historica

1053 1817 1182 1852 epitome,
1196 1818 1256 1845 cod.
1273 1817 1365 1846 LXVI.

1088 1861 1183 1891 Nicias
1202 1865 1350 1893 monachus
1363 1870 1459 1894 contra
1486 1866 1678 1902 Philoponum.
1701 1866 1846 1901 Severum,

1053 1913 1082 1937 et
1105 1914 1202 1938 contra
1217 1916 1324 1945 gentes,
1342 1912 1402 1940 cod.
1423 1911 1455 1938 L.

1093 1956 1252 1984 Nicomachi
1264 1956 1390 1985 Cet-asini
1400 1957 1542 1993 theologia!
1550 1959 1728 1987 arithmeticae
1739 1958 1798 1986 libri
1813 1967 1845 1993 II,

1053 2001 1114 2030 cod.
1132 2000 1312 2030 CLXXXVII.

1088 2047 1140 2075 Nili
1157 2048 1283 2075 monachi
1298 2048 1332 2076 de
1347 2053 1472 2076 orattone
1492 2049 1580 2084 capita
1595 2056 1658 2077 cun
1672 2070 1680 2082 ,
1697 2049 1758 2078 cod.
1775 2049 1844 2077 CCI.

1052 2107 1087 2113 —
1100 2092 1227 2127 Ejusdem
1244 2094 1381 2122 orationes
1403 2094 1430 2121 in
1458 2096 1686 2123 resurrectionem
1703 2100 1731 2123 et
1748 2104 1847 2124 ascen-

1054 2139 1158 2166 sionem
1179 2139 1296 2172 Domini,
1311 2141 1372 2167 cod.
1395 2139 1559 2168 CCLXXVI.

1088 2183 1206 2212 Nonnosi
1224 2185 1343 2213 Historia
1358 2185 1536 2220 legationum,
1554 2186 1616 2214 cod.
1637 2187 1682 2214 Ill.

1089 2275 1274 2312 Olympiodori
1290 2276 1469 2304 Historiarum
1497 2277 1557 2305 libri
1572 2286 1640 2311 xxtt,
1657 2279 1717 2306 θοιΙ.
1733 2278 1842 2306 LXXX.

1088 2320 1219 2349 Oratores
1233 2322 1283 2357 (in)
1299 2323 1391 2350 decem
1410 2322 1522 2350 Graeciae
1533 2323 1631 2352 Lexica
1648 2325 1733 2358 varia,
1748 2333 1762 2352 a
1778 2326 1842 2353 cod.

1052 2367 1145 2395 CXLV
1163 2375 1249 2402 usque
1267 2369 1300 2395 ad
1323 2368 1414 2396 CLIX.

1088 2412 1205 2441 Oribasii
1223 2414 1320 2441 medici
1337 2414 1433 2442 Caleni
1446 2417 1636 2451 compendium
1651 2419 1684 2445 ad
1701 2417 1840 2446 Julianum

1053 2458 1130 2494 imp.,
1151 2460 1212 2486 cod.
1232 2459 1346 2487 CCXVI.
1367 2474 1403 2481 —
1416 2460 1541 2495 Ejusdem
1561 2463 1760 2491 medicinalium
1785 2465 1843 2491 rol-

1052 2505 1183 2533 lectorum
1202 2505 1236 2533 ad
1252 2506 1387 2534 Julianum
1403 2507 1469 2542 imp.
1488 2508 1549 2535 libri
1563 2510 1696 2542 Lxx,eod.
1714 2510 1841 2544 CCXVII,

1050 2565 1086 2571 —-
1114 2550 1241 2585 Ejusdetn
1266 2553 1456 2586 compendium
1487 2553 1521 2581 ad
1551 2553 1721 2582 Enstathium
1753 2556 1838 2583 liliunt

1051 2596 1112 2623 libri
1120 2598 1220 2628 Iv,cod.
1228 2597 1519 2634 CCXVll.—Ejusdem
1528 2601 1562 2628 ad
1572 2601 1723 2636 Eunapium
1732 2602 1793 2630 libri
1802 2610 1840 2635 Iv,

1053 2642 1114 2670 cod.
1129 2642 1245 2670 CCXIX.

1086 2687 1213 2724 Origenis
1229 2689 1267 2717 De
1281 2690 1424 2726 principiis
1440 2691 1502 2719 libri
1520 2700 1558 2726 Iv,
1573 2693 1634 2720 cod.
1649 2692 1712 2721 VIII.

1086 2779 1200 2808 Palladii
1215 2781 1435 2816 declamationes,
1452 2783 1514 2810 cod.
1529 2783 1572 2810 CX
1579 2783 1660 2811 XXII.

1087 2824 1219 2860 Pamphili
1235 2827 1363 2863 martyris
1376 2827 1512 2863 Apologia:
1528 2835 1578 2863 pro
1597 2827 1715 2863 Origene
1727 2828 1788 2857 libri
1809 2837 1836 2865 v,

1052 2871 1113 2898 cod.
1132 2869 1245 2899 CXVIII.
