1918 3086
61 172 93 202 l5
611 167 874 198 BIBLIOTHECA.
893 181 926 186 -
940 166 1047 197 CODD.
1070 165 1154 196 I-IiI.
1665 169 1699 202 46

59 226 157 262 γνησία
173 225 191 259 ἡ
205 223 254 250 τοῦ
267 223 346 258 ἁγίου
361 221 500 250 Διονυσίου
519 222 621 258 βίϐλος.
637 222 777 249 Διελὺοντο
790 222 819 248 δὲ
830 223 858 248 ἐν

918 229 1068 256 germanum
1081 228 1142 248 esse
1154 221 1240 248 sancti
1258 221 1377 256 Dionysii
1390 229 1468 257 opus.
1485 221 1633 250 Solvuntur
1647 232 1697 251 au-

60 272 95 306 τῷ
111 270 182 304 λόγῳ
197 270 340 300 ἐνστάσεις
352 269 496 303 τέσσαρες,
513 267 563 304 μία
579 267 629 303 μὲν
643 268 684 294 ὃτι
699 269 723 294 εἰ
739 266 773 304 ἦν
784 276 851 302 γνη-

63 317 116 344 σία.
131 315 191 347 πῶς
204 315 255 342 οὐκ
270 314 448 350 ἐμνήσθησαν
461 314 515 340 τῶν
530 315 559 340 ὲν
573 315 642 349 αὐτῇ
656 314 748 349 ῥητῶν
761 322 790 340 τε
806 314 855 340 χαὶ

61 363 183 397 χρήσεων
199 361 274 392 τινὲς
295 360 352 387 τῶν
371 360 610 395 μεταγενεστέρων
627 360 772 395 Πατέρωνς
789 362 855 386 Δευ-

61 408 124 442 τίρι
139 406 169 433 δέ
182 413 190 421 ο
207 406 249 432 ὅτι
263 405 394 437 Εὐσέϐιος
409 406 423 432 ὁ
437 405 581 440 Παμφίλου
601 405 763 441 ἀναγραφὴν
775 414 854 440 ποιη-

63 453 177 486 σάμενος
202 452 259 478 τῶν
287 452 542 486 συγγεγραμμένων
565 453 621 483 τοῖς
640 452 785 486 μακαρίοις
801 453 856 479 Πα-

62 498 155 532 τράσιν
170 497 251 531 ἡμῶν
264 495 375 531 βιϐλίων
387 496 514 531 οὐδεμίαν
525 496 627 531 ταύτης
643 498 754 532 μνήμην
764 497 857 531 ὲποιήο

64 551 142 574 σατο;
160 542 250 577 Τρίτη
269 542 314 568 δέ·
334 542 375 568 ὅτι
393 542 452 573 πῶς
464 542 519 568 τῶν
536 542 608 568 κατὰ
622 542 763 575 προκοπὴν
777 543 806 569 ὲν
823 543 856 578 τῇ

70 589 218 624 Ἐκκλησία
233 589 280 615 καὶ
297 588 342 614 διὰ
368 588 476 624 μακροῦ
495 588 543 614 τοῦ
566 589 664 623 χρόνου
687 588 859 622 αὐξηθέντων

65 633 241 668 παραδόσεων
257 634 273 667 ὴ
288 633 379 668 βίϐλος
402 633 472 668 αὕτη
490 633 646 668 λεπτομερῆ
661 633 711 668 τὴν
728 633 859 668 ἐξήγησιν

66 680 181 704 ποιεῖται
193 687 201 710 ;
226 678 255 704 ’0
268 678 318 712 μὲν
329 678 383 712 γὰρ
397 678 483 713 μέγας
491 678 629 710 Διονύσιος
653 678 800 714 σύγχρονο;
813 677 858 714 ἦν,

67 726 101 756 ὡς
117 725 197 759 δῆλον
213 726 246 750 ὲκ
263 725 317 751 τῶν
336 725 477 760 Πράξεων,
493 726 549 756 τοῖς
570 725 745 756 ἀποστόλοις·
763 725 781 752 ἃ
798 726 826 752 δὲ
843 726 860 762 ἡ

69 770 156 805 βίϐλος
174 770 309 805 περιέχει,
327 770 361 796 τὰ
376 769 489 796 πλεῖστα
505 771 559 797 τῶν
575 772 646 797 κατὰ
660 770 801 806 προκοπὴν
814 772 860 798 καὶ

68 818 95 848 ες
109 817 224 851 ὕστερον
238 818 267 842 ἐν
280 818 313 851 τῇ
331 816 479 852 Ἐκκλησία
495 816 668 852 αὐξηθέντων
683 817 860 853 παραδόσεὼν

67 864 138 888 ἐστιν
162 862 311 897 ἀναγραφὴ
324 869 331 876 ⁶
347 862 481 889 ἀπίθανον
507 860 565 893 οὖν,
583 863 689 897 φησὶ¹’,
707 863 807 898 μᾶλλον
831 863 860 890 δὲ

911 273 964 294 tem
980 272 1098 302 quatuor
1120 267 1292 302 potissimum
1308 273 1476 302 argumenta.
1502 268 1622 296 Primum
1638 270 1699 303 qui-

910 313 971 340 dem
984 321 990 339 :
1005 311 1032 339 Si
1046 313 1179 347 genuinus
1190 316 1242 345 cst,
1255 319 1303 339 cur
1312 316 1467 340 sanctorum
1479 312 1588 340 Patrum
1611 322 1700 346 nemo,

909 357 954 392 qui
971 363 1031 392 post
1043 359 1129 384 secuti
1141 363 1214 391 sunt,
1227 366 1260 385 ex
1275 365 1308 386 eo
1319 358 1388 385 libro
1400 358 1550 385 sententias
1561 364 1608 386 aut
1623 361 1701 387 testi-

913 403 1002 430 monia
1017 404 1129 430 citarit?
1151 404 1274 431 Alterum
1296 411 1360 431 vero
1380 403 1540 437 :Quomodo
1565 403 1700 432 Eusebius

911 450 1054 486 Pamphili,
1080 457 1235 479 sanctorum
1258 451 1370 479 Patrum
1392 452 1494 486 scripta
1523 459 1700 484 enumerans,

912 497 992 531 hujus
1007 497 1107 524 nullam
1133 497 1227 524 fecerit
1252 497 1436 524 mentionem?
1453 497 1576 524 Tertium
1600 507 1607 526 :
1624 497 1701 531 Quo—

913 544 993 570 modo
1019 543 1193 570 traditionuin
1211 551 1315 577 earum,
1329 551 1389 578 qua:
1411 544 1436 570 in
1461 543 1581 571 Ecclesia
1598 551 1647 578 per
1661 544 1703 570 iii-

912 595 1052 616 creinenta
1075 594 1101 616 et
1123 590 1245 616 diuturni
1279 589 1411 624 temporis
1433 589 1520 623 spatia
1543 595 1699 622 creverunt,

915 635 984 662 liber
1007 635 1051 662 hic
1067 634 1206 669 sigillatiin
1227 638 1300 662 texat
1315 634 1515 662 narrationem?
1527 636 1570 669 2a
1588 635 1702 670 Magnus

914 681 986 708 enim
1009 680 1173 715 Dionysius,
1197 685 1226 706 ut
1248 688 1281 706 ex
1302 680 1376 706 Actis
1402 686 1494 714 patet,
1517 680 1702 715 apostolorum

914 726 1025 760 aequalis
1041 725 1107 759 lnit;
1125 726 1170 753 liic
1187 733 1251 753 vero
1276 725 1345 752 liber
1361 733 1456 752 Clll‘lllll
1474 726 1592 753 maxime
1614 725 1702 752 tradi-

917 771 1018 798 tionnm
1036 771 1246 806 descriptionem
1268 771 1400 803 continet,
1414 779 1473 805 quae
1488 776 1581 806 p0stea
1599 771 1702 798 sensim

917 817 943 843 in
968 817 1088 844 [ieclesia
1105 817 1288 843 iuvalueriint.
1308 815 1365 843 Non
1390 817 1471 851 igitur
1491 817 1639 844 verisimile
1662 819 1704 844 vi-

918 861 975 889 deri
995 862 1045 894 ait.
1064 862 1118 890 imo
1132 862 1200 889 falso
1214 862 1374 894 conﬁctuni.
1390 870 1450 897 quae
1465 862 1544 897 longo
1557 867 1615 897 post
1638 868 1705 890 tem-

68 909 268 941 κακόπλαστον,
279 908 314 935 τὰ
330 908 400 942 μετὰ
413 909 496 935 πολὺν
509 910 605 944 χρόνον
619 911 668 944 τῆς
679 910 807 944 τελευτῆς
818 909 859 936 τοί

918 914 982 941 p0re
994 915 1007 933 a
1034 913 1123 934 morte
1145 908 1234 942 magni
1250 907 1370 944 Dionysii
1387 908 1413 935 in
1432 908 1552 935 Ecclesia
1567 914 1627 935 orta
1652 908 1705 935 sint

69 953 188 988 μεγάλου
205 953 346 980 Διονυσίου
357 954 385 979 ὲν
399 955 433 989 τῇ
447 954 595 990 Ἐκκλησία
607 955 758 990 αὐξηθέντα
774 954 865 982 Διονύ-

68 1008 122 1026 σιον
139 999 348 1034 ὑπολαμϐάνειν
363 1000 532 1035 ἀναγράψαι.
542 1000 666 1036 Τετάρτη
686 1001 725 1027 δέ.
743 1001 802 1031 πῶς
819 1001 867 1035 μέ,

69 1055 167 1081 μνηται
189 1045 241 1081 τῆς
261 1045 309 1071 τοῦ
328 1045 460 1081 θεοφόρου
478 1047 608 1080 Ἰγνατίου
627 1047 772 1082 ἐπιπολῆς
792 1048 808 1082 ὴ
826 1046 865 1081 βί-

69 1092 146 1125 ϐλοςς
171 1092 201 1118 ’0
219 1092 270 1126 μὲν
283 1091 339 1126 γὰρ
356 1092 494 1123 Διονύσιος
511 1093 568 1124 τοῖς
580 1092 635 1118 τῶν
650 1093 807 1119 ἀποστόλων
823 1093 866 1118 ὲν-

69 1140 177 1174 ἠκμασε
201 1138 321 1174 χρόνοις,
330 1139 460 1172 Ἰγνάτιος
480 1139 508 1166 δὲ
532 1139 579 1165 ἐπὶ
594 1139 728 1174 Τραϊανοῦ
752 1139 799 1165 τὸν
822 1138 867 1165 διὰ

70 1185 223 1220 μαρτυρίου
247 1184 366 1219 ἧθλησεν
384 1184 476 1218 ἀγῶνα
489 1193 496 1200 ·
520 1184 549 1216 ὃς
572 1185 619 1211 καὶ
642 1185 696 1220 πρὸ
713 1184 799 1220 βραχὺ
815 1184 866 1218 τῆς

68 1231 197 1266 τελευτῆς
211 1230 316 1266 ταΰτην
332 1231 382 1266 τὴν
392 1231 413 1246 ¹⁸
426 1231 569 1266 ἐπιστολὴν
579 1251 586 1263 ,
603 1228 637 1267 ἧς
654 1232 670 1266 ἡ
689 1231 780 1265 βίϐλος
796 1239 866 1266 μνη-

70 1276 178 1311 pave-lsi.
189 1298 197 1308 ,
216 1277 331 1312 γράφει.
349 1277 456 1308 Ταύτας
472 1276 518 1303 οὖν
533 1277 582 1308 τὰς
597 1278 734 1312 τέσσαρας
750 1278 866 1312 ἀπορίας

69 1323 194 1350 διαλῦσαι
222 1323 476 1357 ἑπαγωνισάμενος,
501 1323 605 1357 βεϐαιοῖ
627 1323 658 1349 τό
684 1331 716 1357 γε
733 1323 778 1349 ἐπ’
794 1323 867 1357 αὐτῷ

70 1368 184 1403 main
203 1365 274 1394 εἶναι
293 1367 341 1394 τοῦ
362 1367 481 1403 μεγάλου
501 1368 641 1395 Διονυσίου
659 1367 709 1403 τὴν
729 1367 830 1403 βίϐλον.

445 1413 482 1439 B'.

189 1459 351 1493 Ἀδριανοῦ
368 1460 524 1495 ΕΙσατωγὴ
540 1459 597 1494 τῆς
612 1461 637 1487 Γ
634 1459 748 1494 ραφῆς-

105 1505 281 1540 Ἀνεγνώσθη
310 1505 452 1541 Ἀδριανοῦ
472 1506 630 1541 Εἰσαγωγὴ
656 1506 712 1541 τῆς
730 1506 864 1541 Γραφῆς-

74 1552 218 1588 Χρήσιμος
234 1551 293 1583 τοῖς
311 1551 499 1587 είσαγομένοις
518 1553 535 1588 ή
556 1552 656 1588 βίϐλος.

459 1642 495 1668 Γ’.

314 1688 473 1714 Νοννόσου
493 1687 632 1721 Ἰστορία.

110 1734 141 1770 [5
148 1733 195 1770 R.]
208 1733 380 1767 ’Δνεγνώσθη
392 1733 524 1760 Νοννόσου
540 1733 680 1767 Ἰστορία,
693 1735 722 1760 ὲν
731 1730 867 1771 ᾖδιαλαμ-

76 1779 189 1806 ϐἀνεται
207 1779 340 1815 πρεσϐεία
357 1778 440 1805 αὑτοῦ
456 1779 523 1813 πρὸς
538 1787 566 1805 τε
584 1779 715 1810 Αἰθίοπας
730 1781 776 1806 καὶ
787 1780 868 1815 Ἀμε-

78 1826 186 1861 pitag"
208 1825 257 1852 καὶ
281 1825 472 1859 Σαρακηνοὺς,
488 1825 522 1851 τὰ
547 1825 708 1860 ἰσχυρότερα
730 1826 785 1852 τῶν
806 1827 867 1853 τότε

75 1871 173 1902 ἐθνῶν,
188 1871 230 1897 ἑτι
245 1871 273 1897 δὲ
287 1872 333 1897 καὶ
350 1871 418 1905 πρὸς
435 1870 502 1897 ἄλλα
517 1870 664 1897 ἀνατολικὰ
676 1871 750 1907 ἑονη.
760 1872 868 1899 Ἰουστι-

75 1918 166 1949 me;
192 1917 221 1944 δὲ
245 1917 307 1942 τδη
325 1916 476 1952 τηνικαῦτα
502 1917 552 1951 τὴν
569 1917 725 1952 Ῥωμαϊκὴν
741 1920 867 1953 περιεῖπε

76 1963 232 1988 τεολιτείανν
247 1961 383 1996 φύλαρχος
404 1961 432 1987 δὲ
445 1960 499 1986 τῶν
516 1961 681 1996 Σαρακηνῶν
699 1962 867 1996 ἐχρημάτιζε

78 2008 191 2040 Κάῐσος,
204 2008 338 2041 ἀπόγονος
354 2007 462 2041 ’Λρὲθα,
480 2006 528 2033 καὶ
543 2007 625 2034 αὐτοῦ
638 2008 777 2043 φυλάρχου
789 2017 868 2043 γεγε-

916 957 998 986 atque
1015 955 1197 983 excreverint.
1207 962 1238 981 ea
1251 953 1408 989 Dionysium
1425 954 1602 981 describenda
1615 961 1706 982 susce-

917 999 998 1032 pisse.
1013 998 1145 1032 Quartinn
1166 998 1240 1025 :Cnr
1253 999 1395 1033 epistolam
1412 999 1484 1026 beati
1503 998 1599 1034 lgnatii
1617 999 1660 1026 hic
1674 999 1705 1026 lis

917 1044 966 1071 her
982 1044 1069 1072 citat?
1087 1045 1230 1079 Dionysius
1245 1046 1316 1071 enim
1329 1043 1370 1080 [ut
1379 1043 1508 1081 diximus]
1522 1044 1703 1079 apostolorum

918 1089 1084 1124 temporibus
1098 1089 1190 1116 ﬂoruit
1210 1099 1216 1116 :
1234 1089 1353 1124 lgnatius
1367 1097 1431 1116 vero
1445 1089 1563 1123 Trajano
1583 1089 1704 1124 Augusto

918 1135 1069 1170 imperante
1092 1135 1217 1170 martyrii
1253 1140 1392 1162 certamen
1417 1135 1548 1167 certavit,
1578 1139 1606 1161 et
1627 1134 1706 1168 paulo

917 1189 982 1210 ante
998 1188 1114 1210 mortem
1139 1189 1199 1210 eam
1215 1182 1371 1217 epistolam,
1388 1189 1468 1216 quam
1488 1181 1531 1208 hic
1546 1180 1612 1207 liber
1627 1180 1704 1212 citat,

917 1229 1224 1264 conscripsit.Quatuor
1246 1229 1288 1255 liis
1311 1229 1392 1261 igitur
1416 1227 1583 1262 argumentis
1598 1231 1707 1254 contro-

917 1281 995 1301 versa
1018 1275 1166 1302 dissolvere
1188 1275 1280 1302 studet
1305 1273 1484 1305 Theodorus.
1504 1272 1639 1307 eﬂicitque
1658 1279 1707 1307 pro

918 1321 989 1348 virili
1005 1321 1156 1357 legitimum
1173 1321 1247 1348 illum
1266 1328 1327 1348 esse
1344 1320 1432 1355 magni
1447 1319 1568 1354 Dionysii
1585 1324 1705 1352 partum.

1076 1458 1191 1485 Adriani
1204 1458 1316 1493 lsagoge
1335 1457 1364 1485 S.
1385 1458 1544 1492 Scriptum.

953 1504 1036 1531 Lecta
1065 1509 1107 1531 est
1133 1504 1244 1531 Adriani
1274 1503 1443 1531 Introductio
1462 1503 1489 1530 in
1511 1511 1614 1531 sacram
1631 1501 1708 1530 Scri-

918 1557 1034 1586 pturam.
1049 1550 1129 1579 Utilis
1147 1551 1215 1579 liber
1233 1550 1268 1578 iis
1281 1551 1328 1586 qui
1342 1550 1375 1578 ad
1392 1557 1452 1578 eam
1473 1550 1588 1585 primum
1612 1557 1709 1586 auri.»-

881 1589 902 1619 (ἶ
921 1597 1043 1624 diuntiir.

1292 1641 1336 1668 lll.

1098 1687 1217 1715 Nonnoai
1233 1687 1352 1715 Iliuoria
1364 1687 1535 1722 legationum.

958 1734 1038 1762 Lecta
1057 1738 1098 1761 est
1113 1733 1231 1761 Nannosi
1249 1733 1380 1765 Historia,
1393 1740 1444 1767 qua
1456 1732 1615 1767 legationem
1631 1739 1706 1760 suam

921 1781 1109 1815 complet-titur
1127 1780 1160 1806 ad
1186 1779 1337 1814 Etliiopas,
1353 1785 1381 1806 et
1396 1779 1648 1813 Homerilas,atque
1660 1777 1709 1806 Sa-

921 1834 1033 1854 racenos
1043 1830 1207 1861 susceptain,
1228 1826 1340 1861 populos
1363 1830 1419 1852 tum
1432 1825 1635 1860 potentissimos
1652 1832 1660 1852 :
1682 1831 1710 1851 et

920 1872 953 1898 ad
979 1872 1048 1899 alias
1065 1873 1129 1899 item
1149 1871 1269 1898 Orientis
1289 1876 1394 1906 gentes.
1413 1871 1581 1899 Justinianus
1608 1870 1709 1897 Roma-

921 1927 983 1945 nuin
997 1924 1060 1945 tunc
1076 1918 1219 1953 imperium
1237 1919 1345 1945 tenebat
1360 1927 1367 1945 :
1385 1918 1527 1953 praefectus
1543 1924 1609 1944 vero
1626 1917 1708 1943 Sara-

920 1971 1048 1991 cenorum
1071 1963 1166 1990 Kaisus
1196 1966 1255 1990 erat
1269 1963 1332 1997 (3‘),
1355 1962 1461 1990 Arcthaa
1479 1970 1585 1996 nepos:
1610 1962 1656 1997 qui
1680 1968 1708 1988 et

922 2008 978 2042 ipse
1001 2007 1143 2042 praal'ectus
1156 2008 1200 2035 ille
1215 2007 1276 2041 fuit,
1295 2009 1329 2035 ad
1346 2015 1425 2042 quem
1442 2007 1562 2034 Nonnosi
1582 2015 1649 2034 avus
1673 2008 1707 2033 ab

719 2077 836 2105 VARI/ﬁ
857 2078 1058 2106 LECTIONES.

112 2126 135 2141 "
149 2125 242 2165 malim
259 2125 334 2169 (ξασί.
354 2160 360 2168 ι
373 2125 396 2141 ¹²
413 2125 462 2169 τὴν
474 2125 535 2151 add.
548 2125 587 2168 Ἀ.
628 2124 650 2169 ξδ
662 2124 895 2169 Δ’Λμςρίνὶαςλ-ξρέ
904 2126 951 2153 καὶ
975 2125 1124 2161 ὀμηρίτας
1138 2135 1145 2142 ·
1161 2127 1185 2153 οἱ
1196 2126 1251 2162 γὰρ
1263 2126 1293 2160 ἐξ
1311 2126 1398 2162 ἀρχῆς
1414 2125 1532 2161 βασιλεῖς
1548 2125 1582 2152 δι’
1596 2126 1707 2161 ὁμήρων

78 2161 241 2188 ὲπιστοῦντο
252 2161 301 2188 τίεν
314 2160 418 2187 τούτων
435 2160 576 2196 ὑποταγὴν
588 2168 643 2196 mg.
656 2160 689 2187 Α.

729 2161 751 2176 ⁸⁵
766 2161 796 2187 τὸ
811 2161 916 2188 add.A.

846 2217 960 2246 ΝΟΤᾸΞ.

79 2271 181 2293 nostra:
197 2266 370 2300 tempestatis
383 2266 493 2301 sectarii
508 2266 602 2292 eadem
618 2266 812 2300 reciprocando
822 2266 867 2292 ite-
884 2268 905 2294 υ
920 2266 1009 2298 debet,
1029 2266 1100 2300 quod
1117 2266 1272 2293 Arianismo
1291 2265 1407 2293 inlectus
1435 2265 1489 2299 ille,
1516 2266 1575 2301 ejus
1602 2267 1706 2300 scripta

79 2306 149 2333 rant,
167 2307 202 2328 ac
220 2301 303 2327 veluti
320 2301 355 2327 ab
370 2300 466 2328 inferis
491 2305 631 2333 revocant,
653 2305 771 2334 quatuor
792 2301 867 2333 hisce

79 2335 250 2371 argumentis
272 2336 392 2371 breviter
412 2336 592 2371 respondebo.
606 2335 748 2370 Copiosius
765 2336 821 2366 alii.
839 2341 869 2363 nt

79 2370 119 2406 οὐ
137 2370 271 2402 Hilduini.
295 2370 387 2398 Caroli
415 2370 503 2406 Magni
523 2371 651 2404 aequalis,
677 2371 868 2405 Areopagitica

80 2405 235 2441 ualuimus
245 2405 374 2437 Galenus,
391 2411 420 2433 ct
436 2405 469 2433 ad
489 2406 664 2441 Pachymerie
682 2405 868 2439 paraphrasim

79 2440 192 2468 ϐοήθει’.
215 2440 376 2468 Tilmannns
405 2450 412 2468 :
438 2440 570 2475 denique
586 2445 658 2468 tomo
683 2440 703 2467 ll
723 2441 868 2468 Annalium

79 2476 330 2503 ecclesiasticorum
349 2475 382 2502 ad
407 2483 506 2503 annum
527 2475 627 2503 Christi
650 2475 712 2509 l09,
729 2476 866 2503 illustriss.

80 2511 172 2538 Caesar
191 2511 269 2537 card.
288 2510 431 2541 Baronius,
449 2518 514 2538 sane
539 2512 573 2538 de
601 2512 673 2538 omni
699 2518 776 2539 sacra
799 2512 869 2538 anti-

80 2547 197 2580 quitate,
213 2550 297 2580 atque
312 2547 380 2572 adeo
397 2546 528 2573 militante
545 2547 571 2573 in
588 2547 669 2574 terris
679 2546 808 2578 EcclesiaI
822 2545 868 2573 Dei

80 2588 189 2614 Sponsa,
212 2581 318 2615 optime
333 2581 455 2608 meritus.
475 2581 567 2608 Primo
583 2581 664 2615 igitur
682 2588 696 2608 a
718 2580 767 2608 SS.
782 2580 868 2608 Patri-

81 2617 130 2643 bus
151 2623 292 2650 nunquam
314 2615 439 2651 advocari
463 2616 493 2643 Β.
517 2616 676 2651 Dionysium
705 2616 866 2643 inliciamur.

81 2650 185 2677 Laudat
205 2651 278 2687 enim
309 2650 464 2685 frequenter
478 2652 507 2678 Β.
525 2651 641 2687 Cyrillns
657 2651 864 2687 Alexandrinus,

80 2687 222 2720 Origenes,
244 2685 438 2717 Damascenus,
451 2685 557 2719 Agatho
570 2691 597 2713 et
609 2686 754 2720 Gregorius
771 2685 779 2712 Ι
802 2694 868 2721 pon-

82 2721 181 2757 tiﬁces,
203 2721 318 2757 aliique:
334 2720 400 2747 Nam
420 2720 596 2757 etiMaximns
617 2727 731 2757 martyr,
753 2720 866 2748 Michael

81 2756 226 2792 §yngelus,
244 2761 273 2782 et
296 2755 429 2791 Georgius
443 2756 637 2792 Pacliyinerius
652 2755 704 2783 non
721 2756 801 2783 modo
819 2757 867 2792 de-

83 2791 195 2817 tendunt
217 2799 232 2817 a
249 2792 406 2824 calumniis,
429 2793 476 2819 sed
491 2791 525 2818 et
541 2792 653 2818 Sl'llOlllS
671 2792 786 2818 eruditis
811 2791 868 2817 illii-

83 2829 178 2852 strain.
191 2827 268 2853 Adde
281 2827 354 2861 quod
368 2826 437 2853 inl'ra
446 2827 586 2862 quoqueiii
597 2834 649 2853 non
663 2827 762 2853 recenti
771 2833 864 2862 opere,

84 2866 184 2896 sanctis
199 2862 382 2896 scriptoribus
391 2868 586 2889 aiiiiumeratus
602 2863 715 2896 legatur,
726 2862 785 2888 cod.
799 2861 863 2888 ‘25l.

85 2893 115 2922 lt.
125 2895 230 2925 Eusebii
239 2893 377 2931 Pamphili
385 2898 522 2926 silentium
534 2893 688 2930 suspectum
700 2897 796 2924 mvrito
806 2904 865 2925 esse

921 2309 1066 2328 recensere
1092 2301 1193 2328 idcirco
1211 2302 1293 2332 cavit,
1310 2301 1373 2336 quia
1395 2301 1436 2328 vel
1457 2308 1510 2336 uno
1527 2302 1556 2336 ξ.
1579 2301 1708 2336 Dionysio

920 2337 1092 2363 Ariicaiisam
1104 2336 1220 2371 jngulari
1237 2335 1443 2370 posse'videret.
1460 2335 1505 2363 lll.
1524 2335 1707 2364 Caereinoiiias

920 2379 985 2398 vero
1004 2372 1126 2406 ritusque
1145 2371 1270 2398 Ecclesia:
1290 2371 1359 2406 jamr
1375 2371 1437 2398 inde
1460 2372 1495 2398 ab
1520 2371 1705 2405 apostolorum

921 2406 1087 2440 temporibus
1102 2411 1222 2437 exortas,
1236 2413 1268 2433 ac
1279 2405 1362 2432 veluti
1379 2413 1428 2440 per
1438 2413 1534 2433 manus
1547 2406 1662 2433 traditas
1680 2408 1706 2434 in

920 2441 1068 2468 Ecclesiam
1084 2448 1270 2475 proinanasse,
1282 2446 1363 2475 atque
1377 2442 1402 2468 in
1415 2442 1471 2468 haec
1484 2448 1570 2476 usque
1584 2446 1707 2476 tempora

919 2477 991 2510 apud
1017 2477 1074 2510 pios
1096 2476 1218 2502 homines
1229 2478 1404 2511 perdurasse,
1421 2483 1502 2503 nemo
1519 2476 1637 2511 negabit,
1651 2477 1705 2504 nisu

920 2509 977 2546 qui,
988 2509 1022 2537 ali
1035 2511 1160 2538 Ecclesia
1178 2509 1320 2546 Catholica
1335 2509 1458 2538 Romana
1471 2509 1666 2543 desciscentes,
1679 2512 1704 2539 ii.

920 2545 1080 2574 novatorum
1100 2550 1191 2573 castra
1205 2545 1410 2580 transfugerunt
1425 2555 1433 2573 :
1449 2546 1580 2580 docetque
1597 2547 1707 2581 copiose

920 2581 1018 2608 Franc.
1043 2581 1195 2608 Turrianus
1212 2585 1314 2612 noster,
1338 2581 1457 2615 itemque
1478 2581 1611 2608 Baronius
1629 2583 1705 2609 card.

921 2623 993 2643 tomo
1008 2615 1016 2642 I
1032 2616 1189 2649 Annalium,
1209 2617 1242 2644 de
1259 2616 1368 2644 Essenis
1380 2623 1472 2650 agens.
1488 2615 1534 2642 IV.
1548 2615 1625 2648 Quod
1643 2624 1708 2644 vero

919 2651 950 2678 Β.
973 2650 1070 2686 lgnatii
1097 2653 1226 2687 martyris
1252 2650 1395 2687 epistolam
1411 2652 1493 2687 citat,
1516 2654 1562 2686 qui
1589 2650 1708 2686 Trojano

919 2688 1070 2721 imperante
1092 2686 1294 2722 martyrroliiit.
1316 2686 1417 2722 nemini
1440 2687 1538 2713 mirum
1558 2687 1707 2718 videbitur.

918 2723 963 2759 qui
978 2729 1013 2748 ex
1028 2723 1123 2749 eodem
1140 2721 1184 2748 illo
1202 2721 1318 2759 Baronio
1335 2721 1366 2748 Β.
1388 2721 1599 2759 Dionysiuin_ad
1611 2730 1642 2748 ea
1659 2729 1707 2749 us-

918 2756 972 2790 que
982 2763 1104 2792 tempora
1121 2758 1290 2791 pervenisse,
1301 2762 1377 2784 certo
1391 2756 1525 2791 cognorit.
1546 2756 1599 2783 Sed
1611 2764 1660 2783 nos
1673 2762 1707 2783 de

920 2793 963 2819 liis
978 2792 1026 2819 σὺν
1042 2791 1110 2827 Θεῷ
1133 2793 1268 2826 copiosius
1281 2792 1352 2819 lilrro
1365 2791 1398 2819 de
1414 2793 1525 2826 scriptis
1548 2795 1706 2819 sanctorum

919 2827 1029 2854 l’atruin
1041 2827 1068 2854 in
1085 2827 1356 2857 dubium-revocatis.
1371 2835 1402 2854 ac
1418 2827 1572 2854 vindicatis.

955 2862 1004 2923 (3?
1024 2862 1059 2889 De
1070 2870 1124 2896 quo
1137 2862 1250 2896 Procop.
1268 2862 1335 2902 litui
1355 2861 1391 2889 De
1407 2863 1477 2891 bello
1487 2861 1562 2890 Pers.
1579 2860 1627 2889 inf.
1643 2862 1706 2890 cod.

955 2896 986 2923 LII
1015 2898 1094 2923 uaulu
1106 2903 1168 2923 ante
1181 2897 1241 2923 lin..
1257 2902 1284 2923 et
1299 2897 1345 2923 lth.
1365 2905 1394 2923 ll.

919 2896 999 2924 LXIII
1015 2898 1094 2932 paulo
1106 2903 1168 2925 ante
1181 2897 1241 2929 lin.,
1257 2902 1284 2924 et
1299 2897 1345 2924 lib.
1365 2905 1394 2926 tt.
