1918 3086
210 167 243 199 ιτ
795 169 927 199 PHOTII
946 169 1000 199 ΡΧ

1065 169 1202 200 ARCHE
1222 169 1279 200 cr.
1816 164 1852 197 48

209 223 354 252 Anastasio
379 223 543 258 imperatore
566 221 670 258 legatus
694 221 792 256 fuerat,
811 229 837 251 et
859 223 932 258 pacis
950 223 1000 249 fie-

1063 223 1184 258 ρημένου,
1198 223 1267 259 πρὸς
1285 222 1314 249 δν
1336 223 1350 249 ό
1368 220 1502 249 Νοννόσου
1520 220 1631 252 πάππος
1646 218 1852 255 ἐπρεσϐεύσατο

210 271 275 298 dera
291 275 432 298 sanxerat.
440 269 509 304 Quin
522 273 549 297 et
562 268 680 297 Nonnosi
690 269 873 306 pater,cui_'(l)
886 270 1003 297 Ahranio

212 324 321 348 nmuen,
340 316 373 343 ad
398 315 615 343 Alamunilarum
631 316 787 351 praefectum
802 316 1001 344 Saracenorum

210 367 303 389 orator
317 361 463 397 aliquando
473 362 620 397 profectus,
631 362 699 390 duos
710 363 892 390 Romanorum
907 363 1001 394 duces.

211 407 406 434 Timostratuin
422 412 505 442 atque
518 407 663 440 Joannem,
679 407 740 435 belli
758 408 819 444 jure
831 413 933 443 captos,
948 417 1001 436 una

211 451 344 484 liberavit,
358 451 465 480 Justino
480 453 635 487 imperatori
653 453 679 480 iu
692 453 807 481 ducibus
820 454 862 481 his
882 453 1001 481 liberan-

211 501 253 527 ilis
274 501 460 529 subserviens.
478 501 563 529 Porro
584 501 691 532 Kaisus.
706 501 739 528 ad
758 508 838 536 quem
859 500 1002 528 Nonnosus

211 546 321 579 missus,
341 547 445 574 duabus
468 552 584 583 praeerat
607 548 733 583 gentibus
755 547 826 583 apud
851 548 1002 575 Saracenos

209 593 379 626 clarissimis,
401 593 545 622 Chindinis
566 599 594 621 et
622 593 772 622 Maadeiiis.
795 593 836 621 Ad
856 601 936 629 quem
960 595 1001 629 ip-

211 646 269 666 sam
283 639 397 666 Kaisum
415 638 534 667 Nounosi
552 647 659 675 quoque
678 644 764 674 pater,
783 644 927 675 antequam
943 640 1002 667 hinc

211 684 341 713 Nonuoso
369 685 468 720 legatio
484 686 672 719 mandaretur,
693 693 707 713 a
726 685 880 714 Iustiniano
903 686 1002 713 missus

211 736 276 758 cst:
299 732 428 766 pacisque
457 730 559 759 hedera
589 731 625 759 ita
649 732 800 765 constituit,
818 736 848 759 ut
875 731 949 759 Καῖεί
973 732 1003 758 li-

211 777 287 809 lium,
299 777 413 804 Maviam
424 778 544 810 nomine,
559 778 680 806 obsidem
693 778 840 813 acceperit,
856 782 883 805 et
895 777 1001 814 Byzan—

213 824 278 849 tium
306 823 339 850 ad
368 822 548 850 Iustinianum
570 823 722 851 adduxerit.
744 823 809 851 Post
823 831 883 857 quae
902 823 1001 857 duplici

211 868 355 896 Nonnosus
372 869 484 896 nomine
505 869 609 904 legatus
629 870 730 897 missus
745 875 786 898 est
802 879 808 896 :
822 869 870 905 2b
889 869 923 897 Ut
938 869 1002 896 Kai-

1056 277 1093 295 πα
1098 269 1133 304 ρὰ.
1148 268 1326 295 Ἀναστασίου
1339 268 1400 294 τότε
1416 267 1602 303 βασιλεύοντος
1615 266 1789 298 ἀποσταλεὶς,
1804 267 1851 292 καὶ

1054 315 1090 342 τὰ
1105 314 1172 350 πρὸς
1194 315 1307 350 εἰρήνην
1328 314 1485 341 ἐσπείσατο,
1502 314 1540 341 Οὐ
1557 314 1610 350 μὴν
1624 313 1693 341 ἀλλὰ
1709 313 1756 339 καὶ
1770 314 1783 339 ὀ
1798 321 1851 338 7::-

1055 361 1108 398 τὴρ
1130 361 1264 388 Νοννόσου
1286 361 1445 396 (Ἀδράμης
1462 359 1490 395 [2
1506 359 1554 396 IL]
1568 360 1590 386 δ’
1604 357 1638 396 ἦν
1652 359 1726 395 αὐτῷ
1742 359 1827 395 ὄνομα
1840 359 1850 394 )

1055 409 1124 444 πρὸς
1141 407 1359 444 ’Δλαμούνδαρον
1371 408 1509 444 φύλαρχον
1521 408 1688 444 Σαρακηνῶν
1700 407 1848 442 ἐπρεσϐεύ-

1055 461 1142 486 σατο,
1167 455 1214 481 καὶ
1237 454 1284 481 δύο
1307 455 1474 490 στρατηγοὺς
1493 453 1648 489 Ῥωμαίων,
1661 454 1851 489 Τιμόστρατον

1056 500 1104 527 καὶ
1123 500 1262 536 Ἰωάννην,
1286 500 1361 536 νόμῳ
1383 500 1503 534 πολέμου
1520 500 1720 536 συλληφθέντας
1746 500 1850 527 ἀνεσώ-

1057 555 1138 574 σατο·
1158 547 1293 582 Ἰουστίνῳ
1315 547 1344 574 δὲ
1367 547 1406 582 τῷ
1430 547 1536 582 βασιλεῖ
1554 547 1603 583 τὴν
1617 547 1672 574 τῶν
1689 547 1852 584 στρατηγῶν

1055 592 1207 626 διηκονεῖτο
1232 592 1396 628 ἀνάρρησιν.
1415 591 1444 618 '0
1470 592 1560 628 μέντοι
1586 592 1697 625 Κάῖσος,
1727 592 1795 628 πρὸς
1820 592 1851 619 ὃν

1057 637 1197 665 ἐστέλλετο
1210 637 1354 670 Νόννοσος,
1371 637 1417 665 δύο
1431 637 1518 672 γενῶν
1531 639 1625 673 ἡγεῖτο
1639 638 1693 665 τῶν
1706 639 1780 673 παρὰ
1793 640 1850 670 τοῖς

1056 684 1225 720 Σαρακηνοῖς
1240 684 1460 720 ἐπισημοτάτων,
1483 684 1621 719 Χινδηνῶν
1633 685 1654 701 ¹⁶
1671 685 1718 711 καὶ
1734 680 1850 719 Metasq-

1056 731 1120 758 νῶν.
1139 730 1211 765 Πρὸς
1225 731 1319 757 τοῦτον
1332 730 1364 766 δὴ
1376 730 1422 757 τὸν
1437 730 1540 757 Κάῖσον
1555 730 1602 756 καὶ
1615 730 1629 757 ό
1645 730 1778 757 Νοννόσου
1796 739 1852 757 πα-

1055 777 1118 811 τὴρ,
1135 776 1200 812 πρὶν
1215 776 1231 812 ἢ
1251 776 1383 803 Νόννοσον
1397 776 1559 811 πρεσϐεύειν
1576 775 1727 812 αἱρεθῆναι,
1738 775 1852 803 Ἰουστι-

1056 821 1148 848 νιανοῦ
1175 822 1329 857 πέμποντος
1352 822 1506 850 ἀπέσταλτο
1535 822 1582 849 καὶ
1606 821 1749 858 εἰρηνικὰς
1773 822 1853 849 ἔθετο

1057 866 1183 900 σπονδὰς,
1201 866 1272 894 ὥστε
1288 868 1335 893 καὶ
1347 867 1393 894 τὴν
1408 867 1466 893 υἱὸν
1481 868 1585 894 Καῖσου
1602 867 1728 902 (Μαυϊας
1742 867 1770 894 δὲ
1786 869 1853 894 ἐκα-

211 922 282 948 suni,
296 915 317 942 si
335 919 435 949 posset.
452 915 485 942 ad
501 915 691 950 imperaturem
701 916 861 943 adduceret:
879 922 907 943 et
915 915 947 941 ad
962 915 1000 949 (ὅ)

1063 915 1137 948 ιεττο)
1153 914 1246 949 ὅμηρα
1257 913 1349 941 λαῦεῖν
1362 914 1409 940 καὶ
1423 914 1689 949 πρδςΊουστινιανὶν
1704 915 1732 946 ἐς
1746 915 1852 947 Βυζάν-

213 961 423 989 Auxumitarum
447 969 537 997 regem
568 962 622 997 (citi
642 962 714 997 genti
735 961 774 996 (6)
789 961 918 989 Elesbaas
939 967 1001 988 tunc

211 1007 348 1041 pneerat),
366 1007 486 1042 itemque
506 1007 539 1034 ad
554 1006 592 1043 (7)
607 1006 761 1034 Homeritas
773 1007 1000 1041 proficisceretur.

209 1053 342 1080 Auxumis
365 1060 512 1089 permagna
532 1057 575 1081 est
591 1054 698 1086 civitas,
716 1057 743 1080 et
759 1053 836 1088 quasi
852 1052 1001 1088 Ethiopim

213 1098 295 1125 totius
318 1098 485 1134 metropolis,
503 1099 590 1134 magis
613 1099 646 1126 ad
667 1100 806 1126 meridiem
823 1104 849 1126 et
867 1101 1000 1126 orientem

211 1152 334 1178 \ergeiis,
343 1153 424 1180 quam
439 1144 589 1172 Romanum
600 1145 754 1180 imperium.
773 1145 915 1172 Nonnosus
925 1153 1000 1178 vero,

210 1188 303 1216 multis
317 1190 437 1224 gentium
455 1191 591 1226 superatis
611 1191 718 1218 insidiis
741 1191 915 1225 ferarumque
930 1191 1002 1226 peri-

209 1235 278 1261 culis
294 1234 404 1269 (praeter
414 1235 464 1263 vize
475 1236 656 1268 incommoda,
675 1237 813 1272 multaque
828 1237 998 1270 discrimina,

211 1280 237 1306 in
253 1287 314 1314 qua:
323 1287 508 1315 Siepeuuniero
524 1281 642 1317 incidit),
656 1286 746 1309 tamen
763 1290 824 1317 quae
841 1282 924 1309 voluit
937 1290 1002 1316 per-

210 1324 284 1358 fccit,
306 1331 333 1353 et.
348 1326 438 1353 salvus
452 1332 494 1354 est
508 1327 604 1362 patria:
618 1328 750 1355 redditus.

1055 968 1113 986 τιον
1128 959 1307 995 ἀποκομίσαι.
1323 959 1392 986 Μεθ’
1406 959 1435 986 δν
1451 960 1547 995 χρόνον
1559 959 1761 996 ἐπρεσϐεύσατο
1778 961 1851 987 Νὸν-

1055 1014 1132 1037 νοσος
1147 1006 1193 1032 ἐπὶ
1207 1005 1267 1032 δυσὶ
1280 1005 1396 1038 τούτοις,
1414 1006 1525 1038 Κάῖσον,
1541 1007 1565 1032 εί
1580 1006 1702 1038 δυνατὸν,
1715 1006 1784 1041 πρὸς
1797 1006 1851 1041 βα-

1056 1051 1134 1078 σιλέα
1149 1052 1274 1086 ἀγαγεῖν,
1289 1052 1336 1078 καὶ
1355 1051 1423 1087 πρὸς
1435 1051 1480 1079 τὸν
1493 1051 1547 1078 τῶν
1560 1051 1735 1087 Αὐξουμιτῶν
1752 1053 1853 1087 ἀφικέ-

1057 1097 1118 1124 σθαι
1127 1097 1257 1133 βασιλέα(
1266 1098 1412 1129 Ἐλεσὸαᾶς
1421 1098 1441 1113 ι’
1450 1098 1478 1124 δὲ
1487 1098 1547 1124 τότε
1556 1098 1667 1133 ἐκράτει
1675 1098 1721 1125 τοῦ
1731 1098 1851 1134 ἔθνους),

1055 1144 1186 1179 καὶπρὸς
1206 1143 1312 1176 τούτοις
1337 1145 1383 1171 καὶ
1399 1145 1440 1176 εις
1454 1144 1518 1176 τοὺς
1534 1144 1679 1179 Ἀμερίτας
1695 1146 1853 1180 παραγενέ-

1055 1190 1129 1218 σθαι.
1140 1190 1172 1216 Ἦ
1183 1191 1211 1216 δὲ
1226 1190 1362 1225 Δύξουμις
1377 1191 1456 1222 πόλις
1469 1191 1528 1217 ἐστὶ
1541 1190 1656 1227 μεγίστη
1671 1192 1718 1218 καὶ
1728 1189 1784 1218 οἷον
1799 1201 1854 1227 μη-

1053 1236 1182 1272 τρόπολις
1195 1236 1244 1271 τῆς
1259 1236 1323 1272 ὅλης
1338 1236 1492 1269 Αἰθιοπίας,
1508 1238 1594 1264 κεῖται
1606 1237 1635 1264 δὲ
1652 1238 1851 1274 μεσημϐρινω-

1053 1282 1121 1317 τέρα
1139 1281 1187 1308 καὶ
1204 1281 1428 1317 ἀνατολικωτέρα
1449 1283 1498 1318 τῆς
1513 1283 1656 1318 Ῥωμαίων
1669 1284 1804 1320 ἀρχῆς.’0
1821 1284 1854 1311 δὲ

1054 1328 1187 1360 Νόννοσος
1204 1328 1305 1360 πολλὰς
1321 1329 1370 1364 μὲν
1385 1329 1530 1361 ἐπιϐουλὰς
1542 1330 1628 1356 ἐθνῶν
1644 1331 1773 1365 ὑποστὰς,
1788 1331 1855 1358 πολ-

210 1374 259 1405 λὰς
275 1374 304 1402 δὲ
319 1374 421 1411 θηρίων
434 1374 624 1411 χαλεπότητας
638 1375 715 1412 παρὰ
729 1376 777 1412 τὴν
793 1377 861 1410 ὁδὸν,
872 1377 919 1405 καὶ
936 1376 1048 1408 πολλαῖς
1082 1376 1248 1413 δυσχωρίαις
1275 1377 1323 1404 καὶ
1345 1377 1475 1413 ἀπορίαις
1508 1377 1640 1410 πολλάκις
1672 1378 1852 1414 περιπεσὼν,

210 1422 285 1458 ὅμως
300 1422 393 1449 καὶτὰ
404 1421 518 1454 δόξαντα
531 1422 686 1455 ἐξετέλεσεν
701 1423 748 1450 καὶ
763 1423 832 1455 σῶος
846 1425 878 1459 τῇ
893 1423 1003 1459 πατρίδι
1022 1423 1190 1450 ἀποδίδοται.

246 1479 359 1508 Kaisum
380 1479 473 1512 refert,
495 1480 580 1508 misso
606 1481 703 1508 iterum
726 1482 844 1509 Abramo
868 1483 902 1508 ad
926 1481 999 1508 illum

211 1526 318 1561 leuato,
366 1526 524 1562 Byzantium
560 1525 711 1561 profectum
746 1534 824 1560 esse,
866 1534 1000 1562 suamque

211 1571 400 1606 praefecturam
418 1571 521 1599 Ambro
538 1577 566 1599 et
585 1570 679 1599 Jeziilo
696 1572 826 1600 fratribus
850 1572 976 1600 divisisse
992 1583 999 1600 :

211 1618 300 1652 ipsum
315 1625 381 1645 vero
398 1617 550 1645 Palaestina:
574 1617 764 1652 praefecturam
781 1617 816 1645 ab
837 1617 1001 1652 imperatore

210 1663 454 1692 administrandam
467 1665 629 1699 suscepisse,
657 1664 844 1703 iuliuitamqiie
861 1665 1000 1693 hominum

212 1711 383 1739 subditorum
401 1718 494 1738 secum
512 1711 710 1738 multitudinem
726 1711 846 1739 duxisse.

247 1756 312 1789 Quae
331 1763 404 1783 nunc
419 1755 541 1782 sandalia
562 1755 644 1786 dicta.
660 1755 766 1791 arbylas
783 1755 934 1791 appellasse
957 1764 1004 1785 Vir

213 1807 284 1828 teres
299 1801 338 1828 ait
355 1810 362 1829 :
380 1806 407 1828 et
423 1801 463 1836 (8)
478 1800 629 1836 φακιὸλιον,
644 1801 776 1836 ipsumam

247 1846 457 1880 Saracenorum,
478 1847 526 1880 ait,
543 1847 676 1883 plerique,
699 1852 752 1875 tant
765 1848 810 1883 qui
825 1848 863 1884 (9)
878 1848 904 1876 in
920 1848 1002 1876 Plur-

211 1894 318 1925 nicone,
338 1901 420 1928 quam
444 1893 490 1928 qui
511 1893 579 1920 ultra
599 1893 789 1922 Phteuicnuem
805 1899 833 1922 et
850 1894 1001 1928 Taurenos,

209 1947 278 1974 quos
295 1943 395 1967 vocant
420 1944 527 1967 montes
550 1940 650 1975 degunt
667 1940 736 1976 (l0),
753 1941 839 1968 locum
855 1942 1002 1976 quemdam

210 1993 260 2021 pro
283 1993 363 2014 sacro
396 1986 515 2017 habent.
540 1986 620 2013 alicui
645 1986 758 2014 deorum
787 1993 1000 2016 consecratum:

211 2038 265 2065 quo
280 2031 321 2058 bis
340 2031 486 2066 quotannis
505 2032 681 2059 conveniunt.
699 2032 801 2059 Horum
817 2038 1000 2061 conventuum

211 2077 334 2112 ipsorum
351 2077 419 2104 alter
435 2084 556 2105 mensem
571 2077 649 2104 durat
663 2078 808 2114 integram,
828 2079 861 2105 ad
882 2080 999 2107 medium

211 2123 269 2151 fere
291 2130 349 2157 ver,
366 2124 475 2158 quando
492 2123 575 2150 Tauri
598 2123 705 2157 signum
725 2124 766 2151 sol
784 2125 811 2152 in
833 2125 943 2153 zodiaco
959 2130 1000 2153 te-

211 2172 256 2196 net
272 2177 279 2196 :
301 2168 371 2195 alter
386 2175 451 2195 vero
471 2168 497 2195 iii
517 2168 585 2196 duos
606 2169 707 2196 alteros
721 2176 828 2198 menses
842 2171 1000 2198 eneiiditiir

211 2218 355 2249 agiturque
363 2218 422 2249 post
444 2214 567 2241 a-stivuni
588 2214 745 2242 solstitium.
767 2214 795 2242 In
810 2215 863 2249 his,
874 2216 922 2249 ait,
936 2224 1001 2244 con-

209 2259 336 2286 velitibus
350 2265 456 2285 summa
478 2258 549 2292 viget
561 2258 753 2294 tranquillitas,
768 2267 821 2286 non
835 2260 920 2287 solum
930 2261 1000 2289 inter

210 2305 293 2340 ipsos,
308 2305 356 2332 sed
373 2309 401 2332 et
416 2312 477 2332 cum
489 2304 617 2332 omnibus
633 2305 756 2334 advenis.
772 2306 840 2339 Quin
858 2307 939 2334 etiam
962 2307 1001 2334 fe-

1091 1480 1153 1507 Ἴ)τι
1167 1480 1270 1512 Κάῖσος
1288 1480 1427 1515 Ἀϐράμου
1443 1480 1525 1507 πάλιν
1536 1481 1604 1516 προς
1616 1481 1698 1508 αὑτὸν
1713 1483 1854 1518 πρεσϐεύ-

1055 1535 1151 1558 σαντος
1168 1526 1237 1562 πρὸς
1247 1527 1278 1553 τὺ
1291 1527 1437 1559 Βυζάντιον
1449 1528 1641 1563 παραγίνεται,
1653 1529 1700 1555 καὶ
1713 1529 1763 1565 τὴν
1780 1530 1856 1558 ἰδίαν

1054 1572 1206 1608 φυλαρχίαν
1219 1573 1336 1609 ’Δμὸρῳ
1351 1574 1397 1600 καὶ
1413 1574 1514 1609 Ἰεζίδῳ
1530 1575 1587 1606 τοῖς
1608 1574 1734 1609 ἀδελφοῖς
1748 1576 1854 1603 διανει-

1055 1619 1176 1654 μάμενος
1202 1619 1283 1650 αὐτὸς
1308 1621 1358 1655 τὴν
1383 1619 1572 1646 Παλαιστινῶν
1596 1622 1746 1657 ἡγεμονίαν
1772 1624 1855 1659 παρὰ

1055 1665 1187 1700 βασιλέως
1208 1666 1333 1699 ἐδέξατο,
1349 1667 1452 1702 πλῆθος
1470 1667 1537 1694 πολὺ
1551 1667 1607 1695 τῶν
1621 1669 1854 1705 ὑποτεταγμένων

1055 1711 1129 1746 αὐτῷ
1150 1712 1199 1738 σὺν
1218 1712 1294 1747 αὐτῷ
1312 1713 1492 1747 ἐπαγόμενος.

1091 1757 1152 1784 ’Ότι
1175 1758 1210 1784 τὰ
1232 1758 1372 1790 σανδάλια,
1387 1759 1471 1793 φησι,
1488 1759 1546 1786 νυνὶ
1555 1759 1701 1794 λεγόμενα.
1726 1761 1852 1796 ἀρϐύλας

1055 1802 1148 1837 ἔλεγον
1166 1803 1190 1829 οί
1210 1803 1337 1834 παλαιοὶ,
1357 1803 1405 1830 καὶ
1423 1803 1454 1830 τὸ
1473 1805 1613 1839 φακιόλιον
1632 1805 1793 1840 φασώλιν¹⁸.

1091 1849 1152 1876 Ὅτι
1170 1849 1224 1875 τῶν
1240 1849 1407 1885 Σαρακηνῶν
1418 1850 1443 1876 οί
1457 1850 1594 1884 πλεῖστοι,
1611 1852 1639 1878 οῖ
1650 1860 1679 1878 τε
1692 1853 1721 1878 ἐν
1734 1852 1773 1888 τῷ
1788 1853 1854 1880 Φοι-

1054 1895 1149 1922 νικῶνι
1163 1895 1211 1922 καὶ
1222 1896 1246 1922 οὶ
1265 1895 1312 1922 τοῦ
1327 1895 1489 1928 Φοινικῶνος
1507 1897 1557 1924 καὶ
1570 1898 1625 1924 τῶν
1638 1898 1853 1933 ὀνομαζομένων

1054 1943 1204 1979 Ταυρηνῶν
1226 1943 1297 1979 ὀρῶν
1320 1943 1464 1976 ἐπέκεινα,
1480 1945 1552 1981 ἱερόν
1566 1954 1593 1972 τι
1608 1947 1708 1982 χωρίον
1722 1946 1853 1982 νομίζου-

1055 1998 1107 2023 σιν,
1123 1990 1210 2026 ὁτῳδή
1226 1990 1295 2017 θεῶν
1310 1991 1465 2025 ἀνειμένον,
1481 1991 1529 2019 καὶ
1540 1991 1657 2020 ἐνταῦθα
1672 1993 1852 2028 συλλέγονται

1053 2036 1114 2062 κατ’
1131 2036 1253 2063 ἐνιαυτὸν
1268 2036 1385 2063 ἕκαστον
1400 2033 1504 2068 δίς.Ὦν
1521 2037 1572 2073 τὴν
1588 2037 1638 2072 μὲν
1653 2038 1707 2064 τῶν
1723 2039 1851 2074 πανηγύ-

1054 2089 1124 2117 ρεων
1143 2081 1233 2108 αὐτῶν
1257 2081 1311 2118 μὴν
1325 2082 1385 2114 ὅλος
1397 2083 1417 2098 ¹⁹
1434 2083 1530 2118 μετρεῖ
1553 2083 1734 2118 παρατείνων,
1752 2083 1850 2119 σχεδόν

1052 2135 1104 2153 που
1128 2126 1174 2153 τοῦ
1201 2126 1282 2162 ἔαρος
1306 2127 1378 2154 κατὰ
1392 2127 1422 2154 τὸ
1441 2128 1522 2162 μέσον
1545 2129 1722 2165 τελουμένην,
1739 2129 1783 2156 ὅτε
1801 2130 1850 2157 τὶν

1052 2172 1158 2209 Ταῦρον
1170 2173 1215 2200 6"
1233 2174 1309 2208 ἥλιος
1324 2175 1570 2210 ἐπιπορεύεται.Ὶί
1583 2175 1613 2202 δέ
1629 2175 1711 2211 ἑτέρα
1723 2177 1848 2211 πανήγυ-

1054 2227 1096 2254 ρις
1110 2219 1171 2246 δυσὶ
1191 2219 1259 2255 μησὶ
1273 2221 1468 2255 παρατείνεται
1480 2230 1487 2252 ζ
1504 2221 1574 2256 μετὰ
1590 2221 1698 2256 θερινὰς
1707 2223 1728 2238 ¹¹
1742 2222 1849 2257 τροπὰς

1052 2265 1149 2300 ἄγουσι
1164 2265 1278 2302 ταύτην.
1289 2267 1332 2292 Ἐν
1348 2267 1470 2300 ταύταις,
1484 2268 1568 2303 φησὶ,
1583 2269 1643 2300 ταῖς
1656 2268 1849 2303 πανηγύρεσιν

1052 2311 1143 2338 πᾶσαν
1152 2310 1265 2345 ἄγουσιν
1273 2312 1395 2347 εἰρήνην,
1405 2312 1435 2339 οὐ
1446 2312 1515 2348 πρὸς
1529 2312 1661 2348 ἀλλήλους
1674 2313 1765 2348 μόνον,
1777 2313 1849 2341 ἀλλὰ

211 2358 255 2378 ras
278 2358 340 2378 cum
368 2350 536 2384 hominibus,
560 2359 611 2377 nou
635 2356 737 2378 tantum
761 2352 830 2379 inter
846 2361 887 2386 se,
905 2359 1000 2388 pacate

1063 2358 1102 2384 ιαὶ
1127 2357 1196 2394 πρὸς
1222 2358 1346 2391 ἅπαντας
1368 2359 1433 2391 τοὺς
1456 2359 1638 2394 ἐνδημοῦντα,
1664 2359 1846 2396 ἀνθρώπους·

861 2424 978 2453 VARI/IS
998 2425 1205 2457 LECTIONES.

246 2492 267 2506 "
284 2491 408 2527 χινδίνων
423 2501 453 2525 ς.
484 2494 505 2509 ⁸⁷
519 2494 650 2526 ἐλεσῆαὰς
676 2492 718 2519 vel
745 2493 873 2526 ἐλεοϐαᾶς
893 2495 912 2520 Λ

209 2536 235 2562 p.
253 2528 329 2554 Hll.
383 2527 404 2542 ¹⁹
419 2528 486 2560 ὅλως
504 2538 534 2562 ς.
573 2529 596 2544 ’θ
613 2530 627 2555 ὁ
642 2538 696 2556 imi.
711 2538 742 2561 ς.

943 2503 950 2521 :
976 2495 1091 2527 ἐλεὸαᾱς
1111 2505 1141 2528 ς.

783 2529 802 2544 ³¹
820 2535 881 2563 post
900 2529 1010 2565 Θερινὰς
1023 2538 1084 2558 cum
1100 2532 1119 2557 A
1133 2532 1211 2559 ontisi
1222 2529 1262 2561 δέ.

1194 2497 1368 2536 ¹ξᾍφασώλιν]
1392 2501 1549 2534 φασκιόλιον
1574 2501 1680 2530 Suicer.
1709 2501 1793 2529 Thes.
1813 2503 1843 2536 II,

975 2599 1089 2628 Νοτιε.

245 2650 346 2713 “illic
361 2652 689 2696 Abrahaiiiitts_(quinque
700 2655 823 2691 syllabis)
838 2655 880 2682 vir
900 2656 960 2690 pius
970 2662 998 2697 et

245 2693 271 2713 es
291 2692 349 2713 vler
372 2693 528 2713 nominatur
547 2697 572 2713 iii
589 2689 665 2713 Actis
687 2689 716 2713 S.
745 2691 851 2713 Αι-ηιιιεν
871 2697 998 2713 ιηςιι-ινι-ιε

209 2688 349 2727 presbiter
372 2688 528 2727 nominatur
547 2688 665 2727 iii'Actis
687 2688 721 2717 εξ
745 2691 851 2718 Aretho:
871 2688 998 2727 martyris

208 2722 279 2756 apud
297 2722 359 2750 Siir.
376 2728 440 2751 tom.
450 2723 483 2754 V.
495 2724 532 2751 24
546 2723 642 2751 Octob.

300 2757 443 2796 pequibus
453 2757 600 2796 Nicephor.
610 2760 656 2796 lib.
672 2768 738 2793 uti,
755 2768 814 2796 cap.
829 2761 875 2790 32.

255 2792 283 2832 βξ
296 2793 496 2832 Cujiis_mentio
516 2792 543 2822 in
558 2794 587 2821 S.
605 2795 714 2823 Arcthie
722 2792 797 2824 Actis
813 2805 875 2832 sup.
891 2797 996 2830 citatis.

207 2831 237 2855 et
248 2827 365 2864 illicepli.
384 2827 430 2855 lib.
444 2837 511 2861 xvti,
526 2837 586 2864 cap.
606 2831 632 2856 ϋ-

243 2862 282 2898 (7)
305 2862 420 2904 _Nicep.h.
446 2864 494 2891 lib.
509 2862 584 2904 ,νειμ
608 2865 729 2904 eam};
744 2872 770 2894 et
786 2875 852 2902 xm,
866 2876 926 2904 cap.
942 2868 994 2898 δεῖ

209 2896 492 2934 ΤίίιιονιιῖιιιζΒγῑαιιι.
507 2899 556 2927 inf.
570 2900 631 2929 cod.
642 2896 739 2929 LXIV.
768 2934 771 2937 Α

1086 2657 1124 2692 (8i
1144 2657 1211 2695 Vide
1231 2659 1340 2686 Suidain
1355 2665 1382 2687 et
1403 2664 1482 2688 notas
1497 2661 1530 2687 ail
1547 2660 1706 2695 Curopalat,
1722 2660 1760 2688 De
1771 2662 1843 2690 ollic.

1049 2692 1259 2728 Constantinop.

1069 2728 1123 2769 ,(εξ)
1139 2728 1403 2769 thiiii-ogiigyrbis
1418 2730 1528 2769 1_Egy_pii
1544 2731 1733 2769 meiiiiniiini.
1749 2730 1843 2769 Olym-

1050 2764 1179 2796 piodoriis
1195 2765 1255 2793 cod.
1271 2764 1366 2792 LXXX
1397 2764 1522 2794 sub—lin.
1557 2767 1632 2794 Diod.
1650 2767 1736 2796 Sisiil.
1755 2764 1842 2795 ιίιῖ.ιιι

1049 2799 1138 2860 locum
1158 2806 1217 2826 esse
1243 2801 1408 2828 maritimum
1429 2802 1463 2829 ad
1490 2802 1580 2830 sinum
1603 2802 1748 2831 Arubicuiu
1772 2804 1841 2831 seri-

1059 2842 1075 2860 )l
1093 2853 1100 2859 .

1059 2837 1100 2860 Ill.

1049 2903 1054 2909 Ι
1085 2868 1217 2909 (ξολ-Νοιι
1234 2870 1509 2909 omniiio_il_is_siinile,
1528 2874 1600 2909 quod
1623 2878 1717 2902 narrat
1735 2872 1841 2902 Ctesias

1048 2903 1075 2931 in
1092 2902 1194 2932 Indicit
1210 2904 1258 2933 inf.
1272 2906 1332 2935 cod.
1350 2905 1455 2936 LXXII.
