1918 3086
76 161 110 195 49
672 165 938 197 BIBLIOTHECA.
955 178 989 184 —
1000 166 1083 197 COD.
1101 166 1159 197 IlI.
1689 165 1726 199 50

77 217 144 253 οιαὶ
159 217 189 244 δὲ
204 217 248 244 ὅτι
268 217 316 244 καὶ
335 217 371 244 τὰ
387 217 470 253 θηρία
490 218 559 254 πρὸς
575 219 639 252 τοὺς
655 220 825 256 ἀνθρώπους,
842 222 873 248 ού

938 229 990 249 uuc
1006 222 1104 257 degere
1123 220 1291 249 fabulantur.
1310 220 1409 249 Narrat
1423 223 1451 248 et
1464 219 1518 248 alia
1530 219 1617 249 multa
1635 220 1725 256 inopi-

77 264 157 298 μόνον
171 262 201 289 δὲ
217 261 287 289 ἀλλὰ
303 263 351 289 καὶ
366 263 437 290 αὐτὰ
448 263 517 299 πρὸς
530 264 645 300 ἄλληλα.
658 265 775 300 Λέγεται
791 266 820 293 δὲ
832 267 881 294 καὶ

77 309 144 337 ἄλλα
159 308 249 335 πολλὰ
263 307 407 344 παράδοξα
419 309 468 336 καὶ
482 309 575 344 μύθων
587 311 662 338 οὐδὲν
676 312 879 340 διαλλάττοντα.

112 354 149 390 [8
174 353 226 391 IL]
239 355 304 381 ὀτι
329 355 505 392 διεστηκέναι
529 357 598 391 φησὶ
618 356 668 392 τὴν
683 357 807 386 ’Δδουλιν
832 359 883 394 τῆς

77 401 276 437 Αύξούμεως¹⁹
303 400 335 428 ιε’
360 402 474 438 ἡμερῶν
499 402 702 431 ὸδόν.’Λπιοῦσι
723 404 752 432 δὲ
770 406 810 436 είς
833 405 882 441 τὴν

77 447 219 482 Αὓεουμιν
234 447 363 483 Νοννόσῳ
377 456 407 474 τε
420 449 468 475 καὶ
484 450 541 481 τοῖς
556 450 645 484 tm?“
656 450 739 477 αὑτὸν
754 451 883 486 μέγιστον

78 494 167 529 ἐφάνη
195 493 290 528 θέαμα
314 494 380 529 περὶ
402 494 502 530 χωρίον
516 494 592 531 Δῦην
609 495 883 532 προσονομαζόμενον

79 539 180 573 (κεῖται
197 538 228 565 δὲ
252 539 270 574 ἡ
294 537 354 573 Δΰη
379 539 408 565 ὲν
425 539 501 574 μέσῳ
522 540 573 575 τῆς
587 548 618 567 τε
635 541 690 568 τῶν
705 541 883 577 Δύξουμιτῶν

79 586 128 612 καὶ
140 586 192 620 τῆς
209 586 266 613 τῶν
283 586 443 614 ’Δδουλιτῶν
460 587 594 622 πόλεως),
610 589 766 624 ἐλεφάντων
781 590 885 626 πλῆθος

81 632 132 658 οὐκ
143 632 249 666 ὀλίγον,
267 633 337 660 ἀλλὰ
352 633 381 669 [5
395 632 443 669 Η-]
461 633 554 668 σχεδον
566 633 605 666 ὡς
613 635 636 651 ’⁸
649 635 779 670 χιλιάδων
791 637 883 669 πέντε,

89 677 236 712 ’Βνέμοντο
248 678 278 704 δὲ
293 675 367 705 οὗτοι
390 679 415 705 οἱ
435 679 581 713 ἐλέφαντες
603 681 632 707 ὲν
653 681 738 716 πεδίῳ
753 682 864 718 μεγάλῳ
875 691 883 698 ο

82 723 131 750 καὶ
146 724 276 756 πελάζειν
289 725 383 757 αὐτοῖς
395 726 483 753 οὐδενὶ
493 726 548 753 τῶν
562 727 703 764 ἐγχωρίων
716 726 751 764 ἦν
762 728 884 762 εὔκολον,

83 768 143 795 οὐδὲ
170 769 277 804 εἴργειν
301 770 353 805 τῆς
377 771 473 806 νομῆς.
490 770 578 798 Τοῦτο
602 772 651 807 μὲν
670 770 718 798 οὖν
735 772 838 807 μεταξὺ
855 772 886 799 τὸ

85 815 132 841 θέα
136 824 177 850 μα
195 815 293 848 αὐτοῖς
311 817 520 851 προσεγεγόνει.

117 861 180 895 Χρὴ
198 861 228 888 δὲ
252 862 301 888 καὶ
326 862 362 889 τὰ
381 863 446 898 περὶ
469 863 520 898 τῆς
549 863 676 898 κράσεως
699 863 754 890 τῶν
787 864 878 899 ἀέρων

84 907 182 939 εἰπεῖν,
196 907 242 934 οια
255 908 311 934 ἀπὸ
327 908 379 944 τῆς
393 908 468 945 sui];
479 910 527 936 ἐπὶ
543 909 593 945 τὴν
606 909 744 944 Αῦξουμιν
758 910 879 946 διαδέχε-
896 900 917 927 Β

83 960 136 979 ται.
157 953 307 985 Ἐναντίως
319 953 375 989 γὰρ
392 954 457 990 περί
477 963 508 981 τε
527 954 607 990 θέρος
624 955 671 982 καὶ
684 955 809 990 χειμῶνα
823 955 880 982 διά-

86 1006 183 1025 κειται.
213 999 269 1026 Τοῦ
290 1000 346 1035 γὰρ
361 1000 440 1036 ἡλίου
453 1001 499 1027 τὸν
514 1001 653 1037 Καρκίνον
671 1009 702 1028 τε
718 1001 765 1029 καὶ
776 1001 880 1028 Λέοντα

87 1045 130 1071 καὶ
146 1045 291 1080 Παρθένον
315 1046 491 1082 διερχομένου
519 1047 601 1083 μέχρι
628 1047 679 1082 μὲν
703 1048 753 1082 τῆς
779 1047 854 1082 Λῦης
869 1067 878 1080 ,

85 1092 178 1126 ὥςπερ
191 1093 240 1119 καὶ
254 1092 319 1129 παρ’
329 1093 406 1128 ἡμῖν,
420 1092 497 1128 θέρος
505 1101 534 1120 τε
552 1093 601 1121 καὶ
613 1093 730 1130 ξηρότης
739 1094 882 1130 διακρατετ

84 1135 129 1161 τὸν
141 1136 224 1171 ἀέρα,
242 1135 298 1163 ἀπὸ
315 1136 345 1163 δὲ
357 1137 409 1172 τῆς
419 1137 494 1172 Δῠης
508 1138 555 1164 ἐπὶ
566 1138 618 1173 τὴν
637 1138 722 1174 ἄλλην
737 1138 880 1166 Αἰθιοπίαν

85 1181 189 1216 χειμὼν
211 1182 351 1209 ἐπίκειται
369 1182 502 1218 σφοδρὸς,
530 1183 562 1210 οὐ
595 1183 629 1211 δι’
656 1184 721 1219 ὅλης
750 1184 880 1221 ἡμέρας,

85 1227 153 1254 ἀλλὰ
175 1227 232 1261 γὰρ
253 1227 309 1255 ἀπὸ
336 1228 513 1264 μεσημϐρίας
535 1228 689 1265 ἀρχόμενος
725 1229 854 1256 ἑκάστοτε
872 1249 880 1263 ,

87 1274 204 1308 συννεφῆ
216 1283 248 1301 τε
271 1274 319 1301 τὸν
343 1275 414 1310 ἀέρα
433 1275 518 1302 ποιῶν
533 1276 581 1302 καὶ
606 1275 721 1311 δμὸροις
741 1275 882 1311 ραγδαίοις

86 1318 134 1352 τὴν
159 1317 254 1353 χώραν
282 1319 449 1352 ἐπικλύζων.
467 1321 626 1356 Τηνικαῦτα
650 1321 678 1347 δὲ
708 1321 766 1357 ἄρα
797 1322 846 1349 καὶ
868 1322 883 1349 ὀ

87 1364 183 1396 Νείλος
199 1365 285 1397 πολὺς
295 1366 344 1392 ἐπὶ
358 1366 409 1402 τὴν
424 1367 564 1400 Αἴγυπτον
575 1367 724 1402 ἐρχόμενος
738 1367 882 1402 πελαγίζει

88 1419 117 1437 τε
129 1412 177 1438 καὶ
190 1411 321 1447 κατάρδει
344 1413 396 1447 τὴν
408 1413 471 1448 γῆν,
499 1413 544 1440 ὅτε
558 1413 586 1440 δὲ
601 1415 615 1440 ό
637 1413 713 1449 ἥλιος
732 1413 778 1440 τὸν
802 1414 884 1449 Δῐγόυ

85 1456 176 1491 κερῶν
185 1458 208 1474 ⁸⁸
219 1466 250 1484 τε
266 1458 315 1484 καὶ
334 1458 477 1494 ’Υδροχόον
493 1459 540 1486 καὶ
553 1458 660 1494 ’ἰχθύας
676 1459 881 1494 ἐπιπορεύεται,

87 1502 221 1530 ἀνάπαλιν
247 1504 263 1529 ὁ
285 1503 340 1539 ἀὴρ
369 1505 425 1535 τοῖς
457 1503 506 1539 μὲν
543 1504 709 1536 Ἀδουλίταις
724 1504 804 1539 μέχρι
833 1504 883 1539 τῆς

88 1549 161 1584 Αεης
175 1549 293 1585 ὅμσροις
308 1549 452 1581 ἐπικλύζει
465 1550 514 1585 τὴν
529 1549 635 1585 χώραν,
651 1550 708 1582 τοῖς
722 1549 750 1576 δὲ
767 1550 821 1577 ἀπὸ
832 1550 882 1586 τῆς

87 1594 162 1631 Αὖης
180 1596 263 1631 μέχρι
295 1595 459 1631 Αὑξούμεως
493 1596 540 1623 καὶ
554 1595 605 1631 τῆς
633 1596 718 1631 ἄλλης
740 1596 882 1628 Αἰθιοπίας

88 1641 165 1676 θέρος
180 1649 210 1668 τε
223 1641 316 1668 καὶτὰ
326 1641 417 1678 ὡραῖα
425 1641 577 1678 τηνικαῦτα
592 1641 698 1674 τούτοις
712 1643 729 1678 ἡ
742 1642 778 1678 γῆ
796 1651 884 1678 παρα-

87 1687 206 1714 δεδωσιν.

121 1733 186 1759 Ὀτι
201 1733 257 1760 ἀπὸ
271 1733 321 1769 τῆς
344 1734 455 1770 Φαρσὰν
476 1733 586 1762 πλέοντι
601 1735 641 1771 τῷ
668 1733 805 1770 Νοννόσῳ,
835 1734 883 1761 ἐπὶ

87 1779 270 1816 τὴνὲσχάτην
294 1780 350 1807 τῶν
374 1781 464 1816 νήσων
490 1781 695 1816 κατηντηκότι,
732 1780 832 1808 τοιόνδε
855 1790 882 1808 τι

89 1825 187 1861 συνέϐη
206 1846 214 1858 ,
242 1826 334 1862 θαῦμα
357 1827 405 1853 καὶ
431 1826 557 1855 ἀκοῦσαι.
572 1827 698 1863 Ἐνέτυχε
726 1828 781 1863 γάρ
823 1836 879 1855 τισι

90 1873 199 1908 μορφὴν
214 1873 264 1908 μὲν
284 1874 332 1900 καὶ
349 1873 422 1901 ἰδέαν
445 1873 552 1909 ἔχουσιν
568 1873 759 1909 ἀνθρωπίνην,
781 1873 884 1909 βραχυ-

88 1918 179 1950 τάτοις
206 1919 235 1945 δὲ
268 1919 299 1946 τὸ
337 1919 361 1935 ¹⁶
388 1919 504 1954 μέγεθος
544 1920 593 1947 καὶ⁸
619 1920 719 1955 μέλασι
762 1921 785 1936 "
831 1921 882 1956 τὴν

89 1963 184 1997 χρόαν,
200 1963 254 1990 ὑπὸ
267 1964 296 1990 δὲ
311 1965 415 2000 τριχῶν
432 1965 644 2000 δεδασυσμένοις
660 1965 704 1992 διὰ
722 1965 822 1998 παντὸς
835 1966 882 1993 τοῦ

89 2007 216 2043 σώματος
227 2016 234 2023 '
250 2009 360 2036 εἵποντο
374 2009 401 2036 δὲ
423 2011 480 2042 τοῖς
495 2010 610 2047 ἀνδράσι
626 2011 672 2038 καὶ
686 2012 815 2045 γυναῖκες
829 2019 882 2038 πα-

90 2055 240 2089 ραπλήσιαι
257 2056 306 2082 καὶ
337 2056 470 2092 παιδάρια
495 2056 536 2084 ἔτι
549 2056 722 2093 ,βραχύτερα
736 2057 791 2084 τῶν
815 2058 882 2094 παρ’

88 2100 180 2132 αὺτοῖς
195 2101 310 2136 ἀνδρῶν.
329 2102 432 2137 Γυμνοὶ
453 2102 482 2129 δὲ
495 2100 566 2140 ἦσαν
583 2104 713 2136 ἅπαντες·
738 2104 809 2140 πλὴν
823 2104 883 2140 δέρ-

89 2147 153 2182 ματι
173 2156 229 2174 τινι
252 2147 344 2184 μικρῷ
360 2148 410 2185 τὴν
433 2148 498 2175 αῑδὼ
523 2149 743 2185 περιεκάλυπτω
771 2150 796 2176 oi
813 2158 883 2185 προ-

87 2193 237 2229 δεὸηκότες
250 2194 352 2229 ὁμοίως
364 2194 460 2228 ἄνδρες
474 2203 504 2222 τε
517 2196 563 2222 καὶ
576 2196 714 2230 γυναῖκες.
725 2195 838 2231 Ἄγριον
851 2195 881 2222 δὲ

932 272 1006 301 nata,
1018 273 1048 297 et
1060 268 1118 304 (ll)
1134 268 1233 296 fabulis
1248 275 1302 296 non
1318 266 1463 295 absimilia.

968 369 1065 397 Adulin
1079 369 1174 398 scribit
1193 369 1228 397 ab
1243 368 1361 397 Ausumi
1377 368 1530 404 quindecim
1546 369 1645 398 itinere
1666 370 1724 398 dic-

933 421 993 442 rum
1009 413 1120 441 distare.
1143 413 1330 442 Proflciscenti
1345 421 1410 441 vero
1431 413 1568 441 Auxumin
1591 413 1723 443 Nounoso

934 468 995 488 cum
1025 460 1093 492 suis,
1115 459 1262 487 maximum
1285 459 1336 486 hoc
1359 459 1495 493 objectum
1525 460 1722 495 spectaculum.

934 506 967 534 ad
995 507 1135 541 regionem
1161 506 1234 533 Aven
1257 505 1369 537 dictam,
1392 513 1453 540 quae
1475 505 1564 533 media
1587 510 1629 533 est
1650 506 1724 533 inter

935 552 1071 580 Auxumin
1094 556 1121 580 et
1134 551 1232 580 Adulin
1251 552 1342 583 urbes,
1364 551 1571 586 elephantorum
1596 552 1724 580 nimirum

935 599 1079 626 multitudo
1095 606 1157 626 ~non
1179 598 1295 632 modica,
1319 598 1373 625 imo
1389 597 1474 625 millia
1490 598 1579 625 ferme
1593 599 1723 633 quinque.

935 644 1088 672 Pascebant
1105 644 1132 671 hi
1151 644 1285 680 elephanti
1301 645 1420 672 maximo
1434 645 1460 672 in
1477 651 1584 678 campo,
1601 645 1726 679 propius-

936 698 989 724 que
1003 691 1133 718 accedere
1150 691 1250 718 nemiui
1268 690 1312 726 3a
1330 691 1478 718 incolarum
1496 689 1576 717 facile
1594 694 1663 721 erat.
1678 699 1726 718 ne-

935 743 988 771 que
1001 741 1080 771 pastu
1099 737 1253 771 prohibere.
1270 736 1327 765 Hoc
1343 736 1397 764 illis
1412 737 1521 764 interim
1539 736 1725 771 spectaculum

935 782 1065 810 occurrit.

973 869 1011 897 De
1033 869 1093 897 caeli
1114 877 1223 905 quoque
1249 870 1446 899 constitutione
1473 871 1565 899 dicere
1596 876 1724 906 oportet,

931 922 992 946 quae
1007 919 1048 942 est
1064 916 1098 943 ab
1113 916 1170 943 Ave
1186 915 1219 943 ad
1249 916 1387 944 Auxumin
1405 925 1412 943 :
1434 921 1530 944 contra
1550 917 1623 944 enim
1645 923 1726 946 testas

931 959 986 987 illic
999 964 1026 987 et
1037 960 1124 988 hiems
1150 961 1260 988 accidit.
1275 961 1353 994 Nam,
1371 962 1429 990 sole
1446 962 1594 995 Cancrum,
1606 963 1725 990 Leonem

930 1011 958 1034 et
984 1006 1122 1042 Virginem
1143 1008 1273 1040 abeunte,
1289 1008 1322 1035 ad
1342 1008 1416 1035 Aven
1432 1015 1520 1042 usque
1533 1008 1583 1044 (uti
1596 1013 1625 1037 et
1636 1005 1725 1037 nobis)

931 1058 1010 1082 testas
1025 1058 1076 1086 est,
1086 1061 1246 1089 suuuuaque
1262 1054 1322 1082 cmli
1333 1054 1451 1082 siccitas.
1470 1054 1506 1082 At
1517 1055 1552 1082 ab
1562 1055 1618 1082 Ave
1629 1055 1724 1082 Auxu-

931 1098 988 1125 tnin
1005 1105 1109 1128 versus.
1128 1103 1155 1124 et
1166 1096 1473 1132 reliquamAEthiopiam
1487 1118 1494 1130 ,
1513 1098 1601 1125 hiems
1619 1102 1660 1124 est
1676 1105 1724 1125 ve—

932 1144 1055 1176 hemens,
1067 1152 1121 1172 non
1141 1144 1247 1180 integro
1264 1145 1373 1179 quidem
1390 1144 1436 1172 illa
1447 1145 1509 1181 _die,
1529 1146 1576 1172 sed
1591 1153 1651 1180 qua:
1666 1145 1722 1181 ([2)

933 1197 947 1216 a
970 1190 1083 1218 meridie
1096 1198 1204 1225 semper
1223 1195 1251 1218 et
1265 1191 1367 1225 ubique
1383 1191 1528 1226 incipiens,
1547 1191 1650 1219 coactis
1675 1199 1726 1218 nn-

933 1236 1012 1264 bibus
1029 1244 1119 1264 aerem
1134 1237 1261 1270 obducat,
1282 1241 1310 1265 et
1337 1237 1480 1265 horrendis
1500 1237 1634 1265 imbribus
1647 1245 1722 1264 oram

934 1282 1006 1309 illam
1037 1283 1160 1310 inundet.
1195 1283 1254 1317 Quo
1289 1282 1372 1311 etiam
1406 1288 1527 1318 tempore
1563 1283 1640 1310 Nilus
1671 1283 1725 1311 late

934 1329 1080 1365 (Egyptmu
1096 1329 1257 1365 pervadens,
1275 1329 1359 1357 maris
1374 1329 1400 1356 in
1415 1329 1525 1357 modum
1543 1334 1644 1356 terram
1663 1329 1726 1356 irri-

934 1381 989 1410 gat.
1015 1374 1083 1402 Cum
1105 1380 1194 1402 autem
1224 1374 1265 1402 sol
1287 1375 1496 1410 Capricornuiu,
1526 1375 1674 1410 Aquarium
1700 1381 1726 1403 et

934 1420 1027 1448 Pisces
1042 1420 1223 1454 perambulat,
1236 1428 1283 1448 aer
1305 1421 1364 1448 vice
1378 1428 1457 1448 versa
1473 1421 1590 1448 Adulitis
1606 1422 1632 1448 iu
1650 1423 1725 1448 Aven

935 1466 1030 1501 usque‘
1042 1466 1174 1494 imbribus
1193 1467 1330 1501 regionem
1343 1467 1466 1499 inundat,
1486 1467 1518 1494 iis
1542 1475 1607 1494 vero
1628 1467 1673 1502 qui
1691 1467 1725 1495 ab

935 1514 992 1541 Are
1006 1513 1160 1546 Auxumin,
1183 1519 1364 1548 caueramque
1383 1512 1550 1548 [Ethiopiam
1568 1521 1667 1540 versus
1683 1513 1725 1547 ja-

936 1563 1008 1590 cent,
1025 1563 1105 1585 a-stas
1118 1562 1171 1591 est,
1191 1563 1219 1586 et
1228 1562 1350 1586 maturos
1371 1558 1427 1593 jam
1444 1556 1551 1585 fructus
1567 1563 1640 1585 terra
1655 1565 1719 1594 prate-

935 1604 989 1630 bet.

969 1733 1112 1769 Naviganti
1133 1740 1148 1761 a
1169 1732 1271 1761 Pharsa
1295 1731 1447 1767 Nonnoso,
1471 1737 1498 1761 et
1519 1732 1553 1760 ad
1576 1737 1725 1760 extremam

935 1788 1019 1815 usque
1041 1779 1189 1807 insularum
1219 1779 1318 1813 delato,
1343 1779 1396 1806 tale
1423 1778 1488 1814 quid
1523 1780 1653 1812 occurrit,
1683 1779 1725 1806 vel

934 1827 992 1862 ipso
1005 1826 1095 1854 auditu
1117 1826 1317 1853 admirandum.
1338 1824 1436 1854 incidit
1458 1826 1532 1854 enim
1550 1826 1577 1854 in
1593 1825 1725 1860 quosdam

934 1871 1021 1899 forma
1033 1872 1143 1907 quidem
1154 1876 1182 1899 et
1191 1871 1274 1907 figura
1283 1872 1414 1903 humana.
1427 1872 1474 1900 sed
1486 1870 1724 1907 brevissimosﬂb)

933 1923 960 1946 et
976 1923 1065 1945 cutem
1090 1918 1182 1953 nigros
1204 1921 1343 1951 totumque
1368 1917 1469 1952 pilosos
1489 1925 1597 1951 corpus.
1618 1917 1722 1951 Seque-

933 1963 1032 1991 bantur
1050 1963 1122 1990 viros
1138 1964 1256 1998 aequales
1274 1964 1394 1995 feminae,
1413 1970 1441 1992 et
1459 1965 1536 1999 pueri
1561 1964 1650 1992 adhuc
1663 1965 1726 1992 bre-

933 2010 1031 2038 viores.
1048 2009 1116 2037 Νυάί
1131 2016 1227 2036 omnes
1240 2014 1333 2044 agum,
1347 2010 1416 2045 pelle
1436 2014 1541 2037 tantum
1553 2011 1628 2038 brevi
1644 2011 1706 2038 adul
1717 2026 1724 2031 -

933 2057 1018 2085 tiores
1033 2058 1151 2084 verenda
1164 2055 1238 2089 tecti,
1250 2055 1300 2083 viri
1315 2056 1417 2091 pariter
1434 2065 1465 2083 ac
1483 2056 1601 2089 femina,
1619 2059 1726 2091 agreste

933 2102 1000 2130 nihil
1019 2109 1108 2137 neque
1125 2100 1237 2128 efferum
1257 2100 1322 2136 quid
1341 2108 1397 2136 prae
1412 2108 1441 2128 se
1459 2100 1589 2128 ferentes.
1604 2099 1675 2134 Quin
1699 2104 1727 2127 ct

932 2155 985 2176 vox
1000 2147 1053 2175 illis
1066 2147 1194 2179 humana,
1207 2147 1254 2173 sed
1267 2146 1406 2179 omnibus,
1417 2147 1500 2174 etiam
1512 2146 1625 2177 accolis,
1643 2152 1722 2180 pror-

933 2201 980 2221 sus
994 2193 1084 2228 ignota
1109 2191 1211 2226 lingua,
1233 2191 1375 2227 multoque
1393 2192 1509 2226 amplius
1534 2191 1655 2219 Nonnosi
1680 2199 1725 2218 so-

86 2239 162 2266 ούόὶν
175 2239 367 2267 ὲτπδείκνυντο
382 2239 443 2267 οὐδὲ
457 2240 596 2277 ἀνήμερον
608 2260 615 2271 .
638 2240 706 2268 ἀλλὰ
719 2240 767 2267 καὶ
785 2240 879 2277 φωνὴν

936 2239 990 2267 ciis.
1011 2237 1110 2266 Vivuut
1123 2237 1235 2265 marinis
1255 2238 1367 2269 ostreis.
1381 2242 1409 2265 et
1424 2237 1546 2273 piscibus
1566 2245 1582 2266 e
1604 2237 1675 2265 mari
1690 2238 1724 2264 ad

86 2284 159 2321 εἶχον
175 2286 227 2322 μὲν
241 2285 429 2321 ἀνθρωπίνην,
455 2287 594 2321 ἄγνωστον
608 2287 636 2314 δὲ
654 2286 814 2315 παντάπασι
828 2287 878 2323 τὴν

86 2332 226 2359 διάλεκτον
240 2333 298 2364 τοῖς
313 2341 344 2359 τε
360 2332 510 2368 περιοίκοις
523 2333 611 2360 ἅπασι
635 2334 681 2360 καὶ
693 2333 784 2369 πολλῷ
796 2332 878 2360 πλέον

85 2379 141 2410 τοῖς
153 2378 220 2413 περὶ
232 2377 278 2404 τὸν
292 2377 426 2405 Νόννοσον
442 2377 475 2405 ³⁸.
506 2379 608 2411 Διέζων
633 2379 662 2406 δὲ
676 2380 709 2406 ὲκ
725 2379 878 2406 θαλαττίων

933 2286 1049 2313 insulam
1070 2283 1208 2319 proiectis.
1231 2283 1357 2311 Audaces
1377 2284 1490 2311 minime
1511 2289 1585 2316 sunt,
1612 2288 1653 2317 ut,
1675 2291 1725 2312 no-

932 2333 997 2360 stris
1024 2332 1180 2366 conspectis
1207 2331 1381 2364 bominibus,
1412 2331 1642 2365 quemadmodum
1675 2338 1726 2358 nos

932 2379 989 2406 visa
1004 2378 1105 2414 ingenti
1117 2377 1184 2411 fera,
1203 2382 1275 2406 metu
1289 2377 1406 2413 perculsi
1421 2377 1524 2406 fuerint

85 2427 204 2462 ὀστρέων
223 2427 246 2443 "
271 2426 320 2453 καὶ
343 2426 445 2462 ἰχθύων
454 2427 508 2453 τῶν
522 2427 576 2454 ἀπὸ
597 2427 648 2463 τῆς
665 2428 804 2464 θαλάσσης
819 2430 861 2461 είς
878 2428 929 2464 τὴν
958 2427 1040 2463 νῆσον
1055 2425 1309 2462 ἀπορριπτομένων.
1331 2424 1438 2460 Θάρσος
1472 2424 1500 2452 δὲ
1522 2422 1595 2460 εἶχον
1636 2423 1723 2453 οὐδὲν.

85 2474 150 2502 ἀλλὰ
164 2473 214 2501 καὶ
232 2473 351 2509 ὁρῶντες
371 2474 435 2506 τοὺς
454 2475 517 2502 καθ’
530 2475 604 2511 ἡμᾶς
618 2475 780 2511 ἀνθρώπους
809 2477 982 2512 ὑπέπτησσον
993 2475 1015 2491 ³³
1027 2494 1036 2507 ,
1063 2473 1157 2510 ὥσπερ
1171 2474 1254 2510 ῄμεϊς
1270 2473 1306 2502 τὰ
1320 2474 1407 2511 μείζω
1414 2473 1469 2500 τῶν
1483 2473 1597 2510 θηρίων.

748 2557 865 2586 νΑΙιιΑῖ
890 2555 1096 2586 LECTIONES.

118 2633 331 2674 “‘at'igouttévqc
343 2635 395 2674 A.__
411 2635 518 2674 _'_‘_i.ts't‘]
533 2637 598 2671 περὶ
614 2645 640 2672 p.
659 2638 677 2665 3
688 2646 705 2664 α
722 2639 767 2666 Μ.
804 2639 828 2656 ³⁸
839 2639 909 2671 ὡςΑ
920 2649 927 2667 :
938 2640 1001 2667 ὅσον
1016 2647 1046 2671 ς.
1083 2638 1107 2674 ξ’
1120 2637 1293 2674 αἱγοκέρωτα
1305 2647 1346 2674 pr.
1358 2637 1388 2665 Α.

373 2670 396 2686 ’⁸
409 2670 708 2707 Νόννωὰονίυιέιερε,
724 2676 756 2701 Α.
793 2675 816 2691 ¹⁹
832 2670 964 2707 ὀστρείων
980 2683 1010 2707 ς.

84 2669 154 2705 λασιῖ
165 2669 288 2705 μελανὴν
300 2671 334 2696 A.

1430 2637 1453 2653 η
1471 2637 1501 2664 τὸ
1509 2645 1562 2664 om.
1578 2638 1610 2665 Λ.
1649 2638 1725 2671 "tti-

1048 2673 1070 2690 “
1084 2673 1247 2708 ὑπέπτησαν
1262 2682 1293 2706 ς.

853 2755 971 2783 NOTAE.

119 2821 175 2855 (ll)
194 2820 316 2858 Ctesiam
333 2820 459 2848 fortassis
490 2820 624 2854 imitatus,
640 2830 654 2849 a
670 2830 726 2858 quo
744 2823 873 2851 nonnulla

84 2857 200 2882 mutuari
216 2857 336 2883 videtur.

118 2891 173 2926 (1‘2)
187 2891 284 2919 Simile
313 2891 379 2927 quid
399 2891 426 2919 in
452 2890 552 2919 Iudicis
577 2892 659 2921 refert
685 2893 790 2922 Ctesias
809 2894 874 2923 Cni-

932 2824 996 2852 dius
1011 2824 1061 2851 inl‘.
1075 2824 1136 2852 cod.
1151 2823 1257 2851 LXXII.

966 2860 1023 2894 (ts)
1032 2859 1068 2887 De
1077 2858 1210 2894 Pygmteis
1220 2859 1268 2886 inf.
1278 2859 1382 2894 Ctesias
1393 2859 1418 2885 iu
1431 2857 1533 2894 Indicis
1544 2857 1605 2886 cod.
1616 2855 1728 2888 LXX",

927 2894 1065 2923 Juvenalis
1078 2892 1196 2930 quoque,
1211 2894 1312 2922 Plinius
1323 2899 1350 2922 et
1367 2892 1505 2923 Paulinus.
