1918 3086
205 157 235 189 BI
795 157 926 188 PHOTII
946 159 998 188 PA'

1064 159 1198 189 ARCIH‘.
1219 159 1273 189 ΟΡ.
1805 157 1841 188 52

525 211 527 215 ⁴
575 215 620 242 Ν.

208 259 334 286 Theodori
348 259 503 297 Antioclteni
515 268 562 294 pro
575 266 667 288 sancto
681 261 781 288 Basilio
800 261 856 297 (14)
874 261 998 288 adversus

446 295 606 322 Eunominm
623 297 684 323 libri
701 305 764 324 xxv.

240 339 315 368 Lecti
329 347 392 368 sunt
407 341 542 369 Theodori
558 341 719 370 Autiocbeui
732 352 780 379 pro
791 343 892 371 Basilio
903 345 999 372 adver-

204 395 249 413 sus
260 386 418 414 Ennomium
428 388 488 415 libri
505 388 598 424 viginti
617 389 808 425 quinque(l5).
818 390 907 417 Estilli
918 391 999 424 phra-

205 434 242 460 sis
257 441 310 460 unn
326 441 519 469 usquequaque
533 436 694 470 perspicua;
716 436 841 463 sensibus
853 441 941 463 tamen
955 436 997 471 3b

205 483 234 505 ct
265 480 432 514 argumentis
457 480 571 507 nimium
603 486 735 515 quantmn
762 482 883 511 densus.
912 490 998 509 sacrae

206 526 354 559 Scriptura:
371 526 536 554 testimoniis
548 527 656 562 egregie
680 529 810 555 almudat.
830 527 870 555 Ad
885 529 997 556 verbum

205 571 262 600 fure
293 572 417 600 Euumnii
449 575 567 602 rationes
599 575 717 607 refellit,
755 575 908 610 imperitum
935 584 997 604 eum

205 619 283 646 valde
307 625 483 648 externarum
504 621 721 656 disciplinarum,
749 622 888 656 multoque
913 623 997 656 magis

205 670 308 691 nostra:
331 665 487 701 tlieologim,
524 666 645 701 pluribus
678 669 834 695 ostendens.
862 669 911 696 IIic
935 677 998 697 vero

205 709 385 746 Mopsuestia,
399 717 427 739 ut
442 717 517 747 puto,
531 713 675 748 cpiscopus
685 713 746 741 fuit.

575 799 606 827 V.

388 842 531 878 Sopltronii
551 846 583 872 de
596 847 686 874 eadem
699 855 726 874 re
737 848 812 875 liber.

240 887 339 916 Lectus
350 889 476 917 similiter
495 891 642 925 Sophmnii
655 901 703 927 pro
714 893 816 922 Basilio
831 900 924 923 contra
935 895 993 924 Eu-
1011 911 1032 939 Β

205 936 323 962 nomium
341 936 417 968 liber,
438 936 583 966 Theodoro
599 942 730 974 apertior,
746 946 774 968 et
789 942 873 969 multo
888 943 994 970 doctior

205 988 238 1008 ac
253 982 372 1010 brevior.
391 982 484 1018 Neque
505 986 577 1012 enim
594 993 640 1020 per
651 988 741 1014 omnia
756 987 918 1015 Eunomium
935 996 996 1024 per-

205 1026 338 1060 sequitur,
360 1027 407 1054 sed
420 1027 463 1054 illa
488 1030 660 1063 potissimum
676 1032 795 1067 exagitat
811 1038 893 1067 atque
916 1032 997 1060 refel-

204 1071 245 1105 lit,
265 1081 440 1107 qumsumma
467 1076 555 1110 capita
582 1076 692 1104 lurrcsis
715 1078 837 1106 Eunomii
856 1081 997 1108 continere

203 1118 378 1147 videbantur.
388 1120 553 1148 Cbaractere
569 1130 633 1149 usus
647 1129 688 1150 est
704 1124 889 1159 distinguente
903 1133 935 1153 ac
948 1127 997 1154 de-

205 1164 340 1192 Iiniente:
362 1171 390 1193 et
416 1171 446 1193 ut
464 1167 609 1201 plurimum
633 1169 738 1198 solutus
769 1171 806 1197 illi
833 1171 998 1206 minimeque

205 1210 312 1238 vinctus
326 1219 427 1244 sermo,
457 1221 509 1240 non
530 1214 650 1250 ingratus
669 1220 771 1248 tamen,
799 1217 854 1244 imo
879 1222 906 1244 et
930 1218 998 1252 logi-

205 1255 246 1282 cis
260 1258 543 1291 argumentationibus
559 1268 689 1295 perquam
704 1261 815 1290 ﬂoridus
827 1268 879 1290 est.

580 1306 624 1333 Vl.

241 1347 363 1383 Gregorii
379 1348 498 1385 Νεβεεηί
512 1351 629 1386 ejusdem
656 1355 807 1389 argumenti
829 1363 907 1389 opera
933 1357 996 1384 duo.

240 1424 340 1453 Lectus
361 1432 402 1454 εει
424 1427 547 1464 Gregorii
564 1429 657 1466 Nyssaa
671 1432 790 1467 episcopi
811 1433 936 1461 similiter
951 1443 997 1468 pro

208 1469 309 1498 Basilio
325 1472 449 1500 adversus
459 1474 619 1502 Eunomium
633 1476 699 1503 liber
711 1476 779 1512 (16).
797 1477 889 1514 Stylus
907 1478 955 1511 illi,
974 1479 996 1505 si

206 1518 249 1544 cui
276 1519 428 1552 rhetorum,
464 1519 587 1555 illustris,
620 1528 647 1549 et
661 1522 858 1557 jucunditatem
888 1526 998 1553 auribus

207 1563 351 1594 instillans.
377 1566 430 1593 Sed
456 1574 507 1594 nec
540 1568 598 1602 ipse.
615 1569 723 1603 quidem
749 1571 846 1599 ordine
874 1571 998 1600 Ευιιοιιιίἰ

208 1610 339 1644 scriptum
369 1611 554 1645 reprehendit.
595 1612 777 1647 Quamobrem
803 1621 831 1644 et
855 1616 998 1645 Theodoro

207 1656 341 1683 coucisior
357 1661 409 1689 est,
423 1661 452 1684 et
474 1657 628 1693 Soplironio
652 1659 751 1693 latior;
777 1662 896 1690 abundat
925 1665 997 1692 enim

207 1701 458 1736 entliymematibus
479 1709 561 1740 atque
576 1706 718 1741 exemplis.
735 1707 801 1735 Illud
829 1714 919 1736 autem
936 1718 999 1738 vere

206 1747 460 1781 pronuntiaverim,
495 1755 625 1784 quantum
664 1751 813 1788 Gregorius
844 1761 998 1789 venustate,

206 1792 349 1826 splendore
370 1800 397 1822 et
418 1796 532 1824 miriﬁca
551 1798 723 1833 iucunditate
749 1801 886 1828 antecellit
911 1802 999 1830 Theo-

206 1838 285 1871 doro,
297 1844 402 1868 tantum
415 1842 497 1869 etiam
509 1849 734 1879 argumentorum
747 1848 822 1882 copia
835 1852 862 1876 et
876 1848 999 1877 ubertate

206 1886 330 1913 etundem
342 1887 451 1915 vincere
461 1890 620 1919 connititur.

580 1937 635 1965 VII.

241 1976 353 2005 Lectum
377 1983 419 2006 est
442 1979 556 2008 alterum
583 1983 704 2017 ejusdem
729 1983 853 2020 Gregorii
881 1986 997 2022 Nyssem

205 2030 284 2057 opus.
299 2025 332 2052 de
348 2026 443 2053 eadem
461 2027 518 2061 ipsa
534 2035 563 2055 rc
579 2039 585 2056 ;
603 2030 629 2056 in
645 2037 698 2064 quo
717 2032 870 2060 rationibus
886 2034 999 2062 validio-

206 2070 282 2098 ribus
294 2079 356 2098 cum
372 2071 504 2101 Euuoutio
519 2082 615 2102 manus
639 2084 800 2111 conserens,
815 2087 877 2106 eum
895 2081 921 2107 vi
951 2089 1001 2108 ex-

206 2121 317 2151 pugnat,
332 2119 424 2146 omnia
454 2121 600 2155 impietatis
629 2122 799 2152 ﬁrmamenta
820 2125 998 2155 labefactans.

206 2160 344 2191 Venustas
359 2172 424 2192 vero
450 2167 594 2199 orationis,
620 2173 648 2195 et
673 2169 803 2203 splendor
828 2171 999 2204 jucunditate

207 2208 316 2241 mistns,
336 2210 418 2237 etiam
444 2212 471 2239 in
498 2213 549 2240 hoc
574 2222 657 2249 opere
684 2215 855 2245 decenterse
870 2220 998 2246 ostendit.

572 2301 635 2329 VIII.

377 2344 499 2380 Origenis
514 2346 551 2374 De
567 2347 712 2383 Principiis
729 2351 790 2378 libri
805 2359 842 2379 Iv.

243 2388 318 2418 Lecti
342 2397 406 2418 sunt
425 2390 552 2427 Origenis
568 2394 637 2430 (l7)
656 2395 694 2422 De
713 2395 860 2432 Principiis
877 2399 938 2426 libri
960 2408 998 2428 Iv.

206 2435 308 2463 IIorum
325 2438 431 2472 primus
447 2439 481 2466 de
498 2439 588 2473 Patre,
603 2447 630 2469 et
645 2441 726 2474 Filio,
744 2449 772 2471 et
785 2445 886 2480 Spiritu
903 2451 999 2476 sancto

206 2482 273 2517 agit.
287 2483 347 2516 Quo
360 2484 388 2512 in
404 2485 473 2513 libro
489 2486 602 2521 plurima
628 2488 786 2524 blaspheme
813 2492 910 2519 scribit
927 2502 934 2521 :
959 2499 997 2526 ut,

1413 213 1438 240 A'
1443 234 1450 242 .

1051 261 1203 296 Θεοδώρου
1219 261 1389 304 Ἀντιοχέῳς
1411 259 1488 304 iure?
1509 260 1672 304 Βασιλείου
1693 259 1770 286 κατὰ
1781 259 1843 286 Εὐ-

1297 297 1414 330 νομίου,
1437 297 1522 331 λόγοι
1541 297 1592 322 κε’.

1091 342 1260 378 Ἀνεγνώσθη
1270 341 1408 376 Θεοδώρου
1423 341 1582 377 ’Δντιοχέως
1591 341 1670 375 ὑπὲρ
1679 339 1843 367 Βασιλεία)

1049 387 1127 415 κατὰ
1147 388 1299 422 Εὐνομίου
1313 387 1342 414 ὲν
1359 387 1447 420 λόγοις
1461 389 1510 413 κε’.
1526 386 1604 413 Ἐστι
1619 386 1647 412 δὲ
1673 385 1723 422 τὴν
1738 385 1789 421 μὲν
1820 385 1842 401 ³¹

1049 435 1149 470 φράσιν
1163 434 1194 461 οὐ
1207 434 1278 461 πάνυ
1294 433 1420 468 λαμπρὸς
1429 453 1438 465 ,
1454 433 1516 464 ταῖς
1527 432 1556 459 δὲ
1567 432 1701 464 διανοίαις
1718 433 1767 459 καὶ
1786 433 1844 463 τοῖς

1048 481 1247 517 ἐπιχειρήμασι
1257 479 1316 507 λίαν
1325 479 1437 512 πυκνὸς,
1449 479 1497 506 καὶ
1510 479 1570 510 ταῖς
1579 478 1732 514 Γραφικαϊς
1743 478 1845 513 ἄριστα

1048 527 1172 554 πλουτῶν
1182 526 1356 562 μαρτυρίαις.
1371 525 1451 553 Κατὰ
1466 525 1538 558 λέξιν
1553 525 1581 551 δὲ
1591 524 1684 560 σχεδὸν
1697 523 1752 551 τῶν
1762 523 1846 550 Εὐνο-

1049 574 1113 608 μίου
1129 574 1216 608 λόγων
1230 573 1278 608 τὴν
1296 572 1452 608 ὰνασκευὴν
1473 572 1594 599 ποιεῖται
1604 591 1613 603 ,
1626 570 1721 606 ἀμαθῆ
1735 579 1766 598 τε
1780 569 1845 597 λίαν

1048 620 1103 647 τῶν
1116 629 1146 647 τε
1166 619 1284 654 θύραθεν
1305 619 1477 655 μαθημάτων
1496 618 1544 645 καὶ
1568 617 1659 653 πολλῷ
1679 617 1780 653 μᾶλλον
1793 617 1845 651 τῆς

1048 666 1110 694 καθ’
1126 667 1199 702 ἡμᾶς
1214 665 1359 701 θεοσοφίας
1387 665 1431 693 διὰ
1451 665 1558 692 πολλῶν
1570 664 1737 696 ἐπιδεικνύς.
1759 663 1788 690 '0
1813 663 1845 689 δὲ

1049 713 1237 748 Μοψουεστίας
1274 712 1395 748 γεγονὼς
1439 712 1589 743 ἐπίσκοπος
1630 708 1708 743 οὗτός
1747 711 1844 742 ἐστιν,

1049 758 1136 796 οἶμαι.

1420 804 1458 832 Ε’.

1096 852 1268 886 Σωφρονίου
1282 851 1359 885 ὑπὲρ
1368 851 1530 878 Βασιλείου
1546 849 1622 877 κατὰ
1631 849 1793 884 Εἰινομίου.

1087 897 1258 933 Ἀνεγνώσθη
1281 897 1382 933 ὁμοίως
1417 896 1571 932 Σωφρονίου
1585 896 1663 929 ὑπὲρ
1678 895 1846 922 Βασίλειον

1047 943 1124 970 κατὰ
1144 943 1307 978 Εὑνομίου.
1337 943 1509 978 Σαφέστερος
1545 942 1594 977 μὲν
1631 940 1769 976 Θεοδώρου
1796 941 1847 967 καὶ

1047 989 1138 1024 πολλῷ
1163 989 1367 1024 συν-τομώτερος
1397 989 1419 1005 ³¹
1436 1009 1444 1021 ,
1486 988 1533 1014 καὶ
1557 987 1619 1014 οὐδὲ
1652 987 1681 1023 [4
1694 985 1743 1022 HJ,
1771 987 1844 1013 πᾶσι

1047 1036 1103 1067 τοῖς
1118 1035 1251 1070 Εὐνομίου
1266 1034 1393 1067 ἐπεξιὼν,
1409 1033 1437 1070 {9
1452 1033 1497 1070 IL]
1514 1033 1570 1061 ἀλλ’
1590 1034 1683 1060 ἐκεῖνα
1697 1032 1848 1067 γυμνάζων

1048 1083 1095 1109 καὶ
1109 1082 1214 1116 ἐλέγχῳ
1226 1081 1460 1112 καθυποϐἁλλων,
1484 1080 1502 1107 ἂ.
1523 1080 1598 1107 δοκεῖ
1623 1079 1770 1106 συνεκτικὰ
1796 1078 1847 1105 καὶ

1048 1127 1184 1161 κεφάλαια
1201 1127 1251 1160 τῆς
1266 1126 1400 1161 Εὑνομίου
1416 1125 1551 1161 αἱρέσεως
1562 1123 1645 1151 εἶναι.
1663 1124 1848 1159 ’Ᾱφοριστικῷ

1048 1171 1076 1197 δὲ
1091 1170 1223 1206 κέχρηται
1246 1171 1420 1206 χαρακτῆρι,
1454 1170 1502 1197 καὶ
1517 1170 1556 1202 ὡς
1585 1169 1688 1196 ἐπίπαν
1710 1169 1847 1201 ὰπόλυτός

1048 1217 1122 1242 ἐστιν
1138 1216 1213 1250 αὑτῷ
1235 1216 1282 1243 καὶ
1300 1215 1445 1248 ἀσύνδετος
1467 1217 1482 1243 ὁ
1499 1215 1598 1250 λόγος,
1618 1216 1669 1242 οὐκ
1685 1215 1784 1250 ἄχαρις
1800 1215 1846 1247 δὲ,

1048 1262 1116 1290 ἀλλὰ
1127 1263 1173 1289 καὶ
1185 1262 1303 1296 λογικοῖς
1317 1263 1514 1298 ἐπιχειρήμασι
1528 1262 1768 1299 περιηνθισμένος.

1049 1354 1216 1390 Γρηγυρίου
1232 1354 1577 1424 Νύσσηςὲπὲρ
1589 1354 1754 1382 Βωιλείου
1767 1354 1849 1382 κατὰ

1096 1434 1266 1471 ’Δνεγνώσθη
1288 1435 1440 1472 Γρηγορίου
1461 1435 1572 1471 Νύσσης
1599 1435 1622 1452 ³³
1645 1435 1746 1471 ὁμοίως
1767 1434 1849 1469 ὑπὲρ

1050 1481 1213 1508 Βασιλείαν
1220 1481 1269 1508 καὶ
1275 1481 1297 1507 Ε
1299 1481 1436 1516 ὺνομίου.
1445 1481 1501 1516 Τὴν
1510 1481 1559 1516 μὲν
1566 1482 1676 1517 φράσιν,
1685 1481 1755 1512 εῐτις
1765 1481 1849 1511 ἄλλος

1051 1527 1186 1563 ρητόρων.
1205 1527 1332 1564 λαμπρὸς
1353 1528 1400 1554 καὶ
1415 1527 1513 1562 ἡδονῆς
1535 1528 1601 1555 ὠσὶν
1618 1527 1799 1560 ὰποστάξων,
1813 1527 1848 1554 οὐ

1053 1574 1145 1609 μέντοι
1167 1574 1286 1609 καθεξῆς
1312 1574 1367 1601 οὐδ’
1395 1574 1476 1606 αὐτὸς
1489 1575 1512 1590 ³⁸
1540 1575 1591 1609 τὴν
1615 1573 1750 1609 Εὑνομίου
1777 1582 1849 1609 γρα-

1053 1618 1105 1653 φὴν
1127 1619 1318 1654 ἀπελέγχει³⁵.
1336 1619 1381 1646 Διδ
1407 1619 1455 1646 καὶ
1478 1619 1684 1655 συντομώτερός
1708 1620 1766 1646 ἐστι
1780 1619 1849 1645 Θεο-

1051 1664 1149 1700 δώρου,
1163 1665 1319 1700 Σωφρονίου
1345 1665 1374 1692 δὲ
1400 1665 1582 1701 πλατύτερος.
1602 1664 1847 1699 Πλεονάζειγὰρ³⁶

1049 1710 1106 1741 τοῖς
1121 1709 1296 1745 ἐνθυμήμασι
1317 1711 1365 1737 καὶ
1384 1712 1441 1743 τοῖς
1465 1711 1698 1746 παραδείγμασιν.
1723 1711 1801 1737 Ἔστι
1816 1710 1847 1737 δὲ

1050 1754 1208 1786 ἁδεκάστως
1229 1756 1316 1782 εἰπεῖν
1327 1756 1365 1787 ὡς
1385 1756 1446 1783 ὅσον
1465 1757 1630 1791 ὑπερϐάλλει
1646 1757 1740 1784 κάλλει
1750 1765 1780 1783 τε
1797 1759 1847 1784 καὶ

1049 1800 1223 1837 λαμπρότητι
1249 1801 1297 1828 καὶ
1315 1801 1357 1837 τῷ
1375 1802 1501 1837 ἠδυτάτῳ
1524 1803 1664 1839 θεόδωρον
1681 1822 1689 1835 .
1717 1802 1847 1830 τοσοῦτον

1050 1847 1156 1874 ἐκείνου
1170 1847 1266 1875 τοῦτον
1275 1848 1306 1874 τδ
1317 1848 1420 1884 πλῆθος
1434 1848 1489 1875 τῶν
1509 1850 1732 1885 ἐπιχειρημάτων
1753 1850 1800 1877 καὶ
1815 1849 1848 1875 τὸ

1051 1893 1163 1929 γόνιμον
1176 1894 1216 1926 εἰς
1230 1894 1262 1921 τὸ
1276 1895 1406 1930 προέχειν
1419 1895 1590 1928 ἐκϐιάζεται.

1419 1942 1458 1968 Ζ¹.

1093 1985 1266 2021 ’Δνεγνώσθη
1281 1983 1364 2022 ἑτέρα
1383 1987 1561 2023 πραγματεία
1576 1986 1624 2014 τοῦ
1647 1986 1729 2014 αὑτοῦ
1741 1987 1848 2022 Γρηγο-

1052 2030 1111 2066 plan
1125 2031 1236 2066 Νύσσης
1253 2032 1318 2068 περὶ
1331 2032 1383 2075 τῇς
1403 2032 1490 2068 αὐτῆς
1505 2032 1674 2065 ὑποθέσεως,
1697 2033 1726 2059 ὲν
1742 2030 1848 2069 ᾖλογι-

1051 2077 1173 2113 κώτερον
1199 2077 1326 2113 Εὐνομίῳ
1343 2078 1516 2113 συμπλακεὶς
1538 2078 1611 2104 κατὰ
1627 2078 1729 2114 κράτος
1754 2077 1844 2112 αἱρεῖ,

1051 2123 1142 2150 πάντα
1156 2123 1302 2158 σαθρώσας
1324 2124 1375 2160 τῆς
1390 2124 1552 2157 δυσσεϐείας
1581 2124 1665 2152 αὐτοῦ
1687 2124 1723 2151 τὰ
1736 2123 1846 2159 ὀχυρώ-

1053 2177 1138 2204 ματα.
1153 2169 1191 2196 Τὸ
1205 2170 1232 2197 δὲ
1247 2170 1345 2202 κάλλος
1360 2170 1407 2197 τοῦ
1423 2170 1503 2205 λόγου
1518 2171 1565 2198 καὶ
1577 2171 1594 2206 ἡ
1610 2170 1762 2205 σύγκρατος
1779 2169 1846 2204 λαμ-

1051 2217 1156 2253 πρότης
1180 2218 1331 2254 γλυκύτητι
1359 2218 1498 2246 κάνταῦθα
1513 2219 1672 2255 διαπρεπῶς
1694 2217 1847 2245 ἐπιδείκνυ-

1015 2275 1040 2304 D
1053 2272 1109 2291 ται.

1423 2314 1464 2341 ﬂ'.

1169 2358 1338 2393 Ὠριγ-ἐνους
1345 2359 1377 2387 τὸ
1389 2359 1460 2394 Περὶ
1472 2359 1593 2394 Ἁρχῶν,
1605 2359 1690 2394 λόγοι
1701 2358 1738 2387 δ’.

1096 2403 1265 2440 Ἀνεγνώσθη
1283 2405 1437 2442 Ὡριγένους
1453 2405 1483 2432 τὸ
1494 2406 1563 2440 Περὶ
1576 2405 1697 2441 Ἀρχῶν,
1716 2405 1791 2440 λόγοι
1813 2405 1846 2436 δ’.

1055 2447 1093 2476 ὧν
1106 2450 1120 2476 ὁ
1136 2450 1188 2485 μὲν
1200 2451 1309 2487 πρῶτος
1322 2452 1387 2487 περὶ
1399 2451 1516 2486 Πατρὸς,
1528 2451 1576 2479 καὶ
1596 2451 1673 2484 Υἰοῦ,
1699 2451 1747 2478 καὶ
1767 2451 1846 2485 ἁγίου

1054 2495 1223 2531 “Viduam:
1242 2498 1271 2524 ὲν
1285 2494 1308 2532 ᾧ
1324 2497 1438 2525 πλεῖστα
1458 2497 1626 2533 βλασφημεῖ,
1648 2498 1695 2525 τὸν
1715 2497 1766 2533 μὲν
1782 2497 1846 2524 Υἱὺν

860 2562 977 2590 VARI/E
997 2563 1204 2592 LEC'I‘IONES.

248 2601 278 2643 ‘3‘
295 2602 343 2650 μὲν
356 2610 411 2630 οιιι.
424 2603 457 2631 Δ.
478 2605 519 2650 ﬂ"
535 2606 833 2650 ιιιιιιξησυντομὼτερος
861 2618 921 2638 cum
951 2613 974 2638 A
994 2613 1076 2640 omisi
1106 2615 1287 2650 συνετώτερος
1314 2613 1372 2642 καί.
1419 2614 1443 2630 ³³
1454 2613 1538 2648 νύσης
1549 2614 1582 2642 Δ.
1624 2614 1647 2631 ³⁸
1658 2613 1752 2650 αὐτὸς]
1767 2615 1799 2642 οὺ
1813 2616 1845 2642 Α.

207 2638 230 2654 ⁸⁸
246 2637 389 2673 ἐπελέγχει
407 2647 437 2671 ς.
478 2640 501 2655 ³⁸
516 2641 582 2677 γὰρΙ
597 2641 626 2668 δὲ
643 2641 697 2678 γὰρ

972 2718 1086 2747 NOTAE.

241 2789 298 2826 (14)
308 2790 365 2818 Jam
375 2792 429 2818 vita
437 2793 540 2823 functo,
550 2798 577 2819 nt
588 2794 692 2822 duceris
702 2795 750 2823 inf.
761 2795 823 2822 cod.
834 2796 1003 2824 CXXXVIII.

241 2825 299 2864 μδ)
316 2826 386 2853 Infra
401 2828 460 2854 cod.
484 2828 644 2861 CLXXVII,
664 2829 690 2856 in
707 2830 765 2864 lin.,
781 2831 866 2859 libros
878 2832 913 2859 ‘28
937 2833 1004 2860 scri-

211 2861 299 2896 psisse
312 2868 551 2889 Commemoratur.

255 2897 312 2931 (16)
326 2896 507 2934 Exstautejus
523 2898 586 2927 Ιώι·ἱ
602 2906 651 2927 xut
681 2901 810 2929 adversus
830 2902 944 2932 Eunoni.
972 2904 1001 2933 in

1061 2797 1187 2825 bibliotb.
1205 2798 1349 2832 Vaticana,
1363 2799 1444 2828 Boica
1460 2804 1487 2827 et
1500 2799 1576 2829 alibi.

1095 2833 1152 2865 (l7)
1168 2833 1239 2868 Lege
1253 2835 1286 2861 de
1298 2835 1340 2862 bis
1355 2835 1383 2861 D.
1398 2835 1498 2862 Ilamu.
1516 2837 1592 2863 card.
1609 2841 1675 2863 tom.
1704 2834 1727 2863 γ
1754 2835 1788 2864 ad
1811 2837 1846 2864 Α.

1056 2868 1086 2906 C.
1104 2869 1166 2896 597.
1184 2868 1286 2906 rl‘lxstat
1300 2870 1409 2905 elegans
1430 2871 1542 2904 cpistola
1563 2871 1593 2897 Β.
1627 2872 1784 2906 Hieronymi
1813 2873 1848 2899 ad

1054 2905 1164 2932 Avitum
1176 2905 1209 2933 de
1221 2906 1349 2934 cavendis
1360 2906 1485 2942 Origcuis
1494 2907 1561 2942 Περὶ
1570 2907 1678 2943 Ἀρχῶν
1690 2907 1844 2936 erroribus.
