1918 3086
517 211 597 238 XXII.

260 256 420 284 Theodosius
436 258 577 284 monachus
587 262 680 285 contra
691 256 879 292 Philoponum.

975 215 997 241 Δ

207 333 290 362 Lecta
312 339 354 362 est
385 334 530 363 Theodosii
563 337 690 364 monachi
714 344 828 369 earum,
861 344 922 372 quae
947 343 963 364 a

173 379 276 408 Joanne
289 380 439 415 Philopono
453 383 576 410 adductae
592 388 656 411 sunt
671 383 834 411 citationum
867 384 964 409 adver-

175 434 221 453 sus
232 434 375 461 corporum
388 429 630 461 resurrectionem,
643 429 782 456 elaborata
795 429 963 464 Confulatio;

177 473 202 499 in
221 481 272 508 qua
292 478 319 500 et
335 473 393 501 loca
411 482 496 502 sacrae
521 476 669 510 Scriptura
686 480 898 508 sanctorumque
911 475 966 502 Pa-

176 523 247 545 trum
262 519 381 552 adducit,
396 520 495 554 quibus
503 519 616 547 Joannis
632 520 752 547 amentia
770 520 913 548 refellitur.

520 565 616 594 XXIII.

177 609 309 643 Cononis,
339 610 471 647 Eugenii,
500 616 525 652 et
558 612 697 653 Themistii
734 613 762 640 in
788 612 968 648 Philoponum

506 654 649 675 moechum.

213 691 305 720 Lectae
327 696 390 720 sunt
405 691 534 724 Cononis,
558 693 671 728 Eugenii
692 693 760 728 (5|),
781 698 808 720 et
825 692 969 720 Themistii

178 738 312 765 Adversus
325 736 437 764 Joannis
450 737 593 773 Philoponi
611 739 643 766 de
658 739 748 767 carnis
764 738 969 766 Resurrectione

181 784 356 811 deliramenta
377 785 525 818 Invectivaa,
546 785 646 819 quibus
668 786 769 813 acriter
793 785 860 813 adeo
880 785 967 820 ipsum

179 831 359 863 insectantur,
377 831 501 858 utetiam
516 831 627 858 omnino
641 839 657 859 a
670 831 828 858 Christiana
852 831 904 858 ﬂde
921 830 971 858 ab-

753 154 886 185 PHOTIl
913 153 1166 184 PATRIARCHIE
1185 154 1239 184 (ΣΡ.

1732 157 1811 189 .60

1369 209 1420 237 ΚΒ

1013 255 1176 283 Θεοδοσίου
1198 255 1382 294 μοιςάζοντος
1399 256 1546 294 naniam?
1558 257 1729 286 Φιλοπόνου
1743 263 1810 294 περὶ

1249 291 1454 324 Ἀναστάσεως
1469 293 1574 327 λόγου.

1055 338 1225 374 Ἀνεγνώσθη
1240 338 1383 366 Θεοδοσίου
1397 339 1560 374 μονάζοντος
1573 339 1629 366 τῶν
1643 339 1691 375 [l6
1706 339 1756 376 R.]
1771 340 1812 375 τῷ

1013 385 1152 421 Φιλοπόνῳ
1178 385 1290 421 Ἰωάννῃ
1318 385 1557 420 παραληφθέντων
1584 386 1710 421 χρήσεων
1741 386 1813 413 κατὰ

1014 431 1064 466 τῆς
1080 431 1135 458 τῶν
1158 430 1292 465 σωμάτων
1314 430 1489 461 ἀναστάσεως
1504 431 1713 467 ὲσπουδασμένη
1730 431 1813 458 Ἀνα-

1015 475 1126 510 τροπὴ,
1147 475 1195 502 καὶ
1211 474 1365 510 παράθεσις
1382 474 1472 510 ῥητῶν
1483 474 1631 509 Γραφικῶν
1646 484 1677 502 τε
1698 476 1746 502 καὶ
1757 484 1813 503 πα-

1017 521 1120 557 τρικῶν
1134 521 1175 553 είς
1191 520 1303 556 ἔλεγχον
1316 522 1367 556 τῆς
1389 520 1514 548 Ἰωάννου
1529 521 1727 556 ματαιοπονίας
1741 522 1776 549 ⁵³.

1373 567 1437 594 ΚΓ’.

1019 614 1169 646 Κόνωνος,
1185 613 1235 650 καὶ
1253 613 1412 650 Εὐγενίου,
1429 613 1479 641 καὶ
1494 615 1654 649 Θεμιστίου
1668 615 1744 642 κατὰ
1758 614 1814 650 τῆς

1136 649 1231 683 αὐτῆς
1244 649 1298 676 τοῦ
1317 649 1459 676 Ἰωάννου
1483 650 1695 684 πραγματείας.

1062 695 1231 730 ’Λνεγνώσθη
1248 695 1373 726 Κόνωνος
1387 695 1434 721 καὶ
1453 694 1583 729 Εὑγενίου
1603 695 1651 722 καὶ
1667 695 1814 730 Θεμιστίου

1022 741 1255 775 ΚατὰῚωάννου,
1268 741 1318 776 τὴν
1331 741 1397 777 περὶ
1407 741 1583 773 ἀναστάσεως
1596 741 1680 768 αὑτοῦ
1698 750 1814 776 ματαισ-

1023 789 1119 816 πονίαν
1129 789 1152 805 δ’
1168 787 1381 822 στηλιτευόντων
1393 796 1399 802 ·
1415 788 1444 814 ὲν
1458 785 1500 818 οἷς
1516 787 1616 823 πολλὴν
1630 787 1714 814 αὐτοῦ
1731 796 1816 814 κατα-

1023 835 1127 871 δρομὴν
1149 833 1300 867 ποιοῦνται,
1315 833 1387 860 ὥστε
1399 835 1447 860 καὶ
1466 834 1608 869 ἀλλότριον
1620 833 1710 868 λέγειν
1732 834 1815 860 αὑτὸν

178 877 292 905 horrere
313 878 450 905 hominem
479 877 626 911 allirment,
657 879 722 906 licet
736 878 778 914 5b
807 879 833 906 in
854 885 888 905 eo
909 886 970 905 cum

1031 880 1164 912 παντελῶς
1175 880 1222 908 τοῦ
1235 880 1370 915 δόγματος
1382 880 1438 907 τῶν
1457 880 1640 915 Χριστιανῶν.
1656 880 1753 907 Καίτοι
1768 880 1816 907 καὶ

180 923 225 949 ἰΙΙο
247 923 391 956 sentirent,
417 925 489 958 quod
509 932 560 952 nec
585 925 635 959 ipsi
657 925 810 960 reciperent
826 924 974 953 Chalcedo-

179 976 266 996 nense
277 970 433 998 concilium.

523 1015 620 1044 XXIV.

178 1059 246 1086 Acta
272 1060 459 1095 disputationis
480 1062 665 1124 hmretjcorét‘n't
682 1071 775 1090 coram
798 1064 906 1094 Joanne
928 1075 974 1101 pa-

480 1103 597 1124 murua
663 1118 670 1124 .

480 1103 597 1124 trturcha
614 1103 632 1124 (Δ
639 1103 670 1125 Ρ.

209 1138 316 1170 ~Lectus
332 1142 401 1170 liber
423 1144 491 1171 Acta
513 1145 659 1172 continens
684 1145 874 1180 disputationis
897 1149 974 1176 inita:

179 1195 271 1216 coram
293 1189 348 1225 (52)
367 1189 473 1217 Joanne
497 1190 580 1226 regiae
598 1191 674 1218 urbis
700 1193 838 1228 episcopo,
865 1193 973 1222 Justino

181 1236 343 1270 imperante,
368 1237 438 1264 inter
461 1236 594 1264 Cononem
611 1243 635 1265 et
659 1238 716 1274 (55)
739 1239 889 1274 Eugenium
909 1241 972 1268 'l'ri—

182 1281 282 1309 theitas
294 1281 363 1316 (54),
374 1287 397 1308 et
410 1281 524 1309 Paulum
532 1291 562 1309 ac
574 1283 750 1318 Stephanum,
761 1286 806 1320 qni
817 1285 902 1320 etipsi
913 1285 974 1313 llae-

181 1327 322 1354 sitantium
333 1327 390 1362 (55)
400 1328 433 1355 de
449 1336 562 1356 numero
572 1335 659 1356 erant.
671 1329 721 1358 llic
732 1332 857 1358 visuntur
867 1331 970 1364 Conon,

181 1378 209 1400 et
226 1373 363 1410 Eugenius
374 1374 524 1410 Philopono
538 1377 716 1409 patrocinari.
729 1376 797 1404 Cum
815 1378 887 1405 enim
901 1378 973 1406 Pau-

181 1419 225 1446 lus
238 1425 265 1447 et
278 1419 434 1455 Stephanus
450 1422 484 1448 ab
502 1421 567 1455 ipsis
578 1422 759 1457 postularent,
772 1428 803 1450 ut
816 1423 972 1459 Philopono

181 1465 327 1492 anathema
348 1465 484 1497 dicerent,
511 1472 681 1495 recusarunt.
705 1468 775 1501 Quin
789 1473 816 1496 et
832 1469 972 1504 proferunt

182 1510 350 1543 testimonia,
373 1511 445 1546 quod
472 1519 533 1539 cum
556 1512 659 1540 Severo
679 1519 707 1541 et
724 1514 879 1542 Theodosio
901 1517 973 1551 ipso-

184 1563 244 1582 rum
261 1558 485 1592 przeceptoribus,
498 1559 592 1586 eadem
606 1560 772 1587 sentirel.Hi
784 1561 892 1596 quidem
908 1563 975 1589 mul-
990 1554 1010 1582 (ἶ

184 1606 226 1629 Ias
241 1603 267 1630 in
291 1604 451 1638 theologicis
471 1606 528 1640 pias
551 1614 631 1634 voces
655 1607 795 1640 adhibent,
808 1613 840 1635 ut
859 1608 976 1636 Trinita-

186 1652 238 1674 tum
249 1649 510 1677 consubstantialem
534 1659 606 1682 esse,
622 1652 799 1686 ejusdemque
815 1658 930 1684 naturae,
949 1658 977 1681 et

186 1701 268 1720 unum
291 1694 386 1727 Deum,
409 1703 548 1730 unamque
568 1696 759 1727 divinitatem;
786 1696 977 1731 blasphemaut

186 1747 262 1773 vero,
278 1740 341 1768 dum
357 1741 434 1768 aiunt
445 1741 553 1769 Patrem
570 1747 597 1768 et
616 1741 713 1769 Filium
727 1747 754 1769 et
769 1742 901 1776 Spiritum
917 1751 978 1769 san-

186 1791 260 1812 ctum
275 1786 403 1820 partiales
422 1794 483 1814 esse
503 1787 684 1819 substantias,
703 1789 885 1822 propriasque
907 1788 978 1815 divi-

188 1832 299 1865 nitates,
316 1836 344 1859 et
355 1833 479 1867 proprias
493 1837 615 1860 naturas.
631 1833 668 1859 Ita
681 1840 774 1860 secum
796 1834 859 1869 ipsi,
875 1840 902 1862 et
916 1841 978 1862 cum

188 1879 303 1905 veritate
315 1883 478 1914 pugnantes,
492 1878 544 1906 alia
556 1879 634 1914 plura
652 1879 678 1906 id
695 1887 781 1915 genus
799 1879 978 1908 deliramenta

189 1925 341 1960 proferunt.
459 1925 462 1927 ’

544 1970 628 1998 XXV.

191 2016 222 2044 S.
236 2016 350 2044 Joannis
371 2016 555 2052 Chrysoslomi
572 2018 600 2043 in
625 2021 735 2044 mortem
756 2022 783 2045 et
803 2019 982 2047 ascensionem

280 2051 390 2084 Christi.
404 2052 517 2087 itemque
528 2052 555 2078 in
567 2052 738 2079 Penlecolten
753 2054 899 2081 orationes.

226 2097 354 2132 Legimus
365 2096 555 2132 Chrysostomi
573 2097 683 2124 uuinine
696 2098 856 2132 inscriptum
872 2099 982 2133 librum,

192 2141 350 2169 Notationes
369 2142 396 2168 in
418 2146 527 2168 mortem
555 2140 668 2169 Christi.
686 2141 756 2169 Sunt
775 2148 865 2170 autem
887 2143 984 2172 breves

193 2189 333 2215 orationes
346 2188 406 2215 dua:
423 2192 450 2215 et
465 2189 574 2223 viginti.
588 2187 728 2215 Habentur
737 2193 764 2216 et.
780 2189 806 2215 in
822 2190 918 2217 eodem
936 2198 983 2218 vo-

1024 927 1102 953 αὐτοὶ
1112 926 1135 943 ⁵³
1147 926 1199 962 τῆς
1222 927 1307 962 αὐτῆς
1322 926 1398 962 αὐτῷ
1421 927 1501 961 δόξης
1525 926 1698 959 ἐκοινώνουν,
1712 928 1764 962 τὴν
1786 928 1816 954 ἐν

1024 972 1187 1008 Χαλκηδόνι,
1200 972 1238 1005 ὡς
1251 973 1366 1006 ἐκεῖνος,
1381 973 1413 999 οὐ
1427 972 1644 1009 παραδεχόμενοι
1660 972 1784 1000 σύνοδον.

1018 1041 1020 1043 .
1388 1021 1452 1048 KA'.

1024 1066 1175 1102 Πρακτικὰ
1207 1067 1257 1094 ἐπὶ
1286 1066 1439 1100 παρουσίᾳ
1476 1066 1615 1093 Ἰωάννου
1644 1065 1818 1093 ἐπισκόπου

1237 1102 1599 1134 Κωνσταντινουπόλεως.

1066 1148 1234 1184 Ἀνεγνώσθη
1262 1148 1364 1184 βιϐλίον
1383 1148 1444 1183 ἔχον
1476 1148 1659 1183 πεπραγμένα
1682 1147 1819 1174 συστάντα

1024 1196 1100 1230 παρὰ
1114 1194 1153 1229 τῷ
1173 1195 1224 1229 τῆς
1243 1194 1378 1229 βασιλίδος
1392 1193 1536 1229 ὲπισκόπῳ
1559 1193 1682 1229 Ἰωάννῃ,
1704 1193 1816 1220 Ἰουστί-

1024 1249 1069 1267 νου
1082 1240 1269 1276 βασιλεύοντος
1281 1248 1288 1255 ·
1308 1239 1389 1267 ἅτινα
1405 1240 1573 1275 συνέστησαν
1591 1239 1693 1274 μεταξὺ
1727 1239 1818 1266 Κόνω-

1024 1296 1068 1319 νος
1082 1288 1129 1314 καὶ
1142 1287 1269 1322 Εὐγενίου
1284 1286 1338 1313 τῶν
1352 1285 1504 1321 Τριθεῖτῶν
1518 1287 1566 1314 καὶ
1578 1286 1684 1313 Παύλου
1696 1286 1744 1313 καὶ
1751 1287 1817 1313 Στε-

1024 1333 1121 1368 φάνου.
1141 1333 1188 1360 καὶ
1201 1332 1291 1360 αὐτῶν
1307 1332 1357 1367 τῆς
1372 1332 1427 1358 τῶν
1444 1332 1662 1367 διακρινομένων
1685 1331 1819 1366 αἱρέσεως

1023 1378 1224 1413 τυγχανόντων.
1247 1377 1291 1405 Ἑν
1313 1375 1335 1412 ᾧ
1350 1378 1490 1412 φαίνονται
1504 1377 1529 1393 ⁵⁸
1544 1378 1639 1404 Κόνων
1664 1378 1711 1404 καὶ
1731 1377 1820 1410 Εὐγέ-

1024 1434 1079 1455 νιος
1100 1424 1319 1459 ἀντιποιούμενοι
1340 1423 1387 1450 τοῦ
1412 1423 1559 1450 Φιλοπόνου
1573 1432 1580 1439 ·
1600 1423 1654 1450 τῶν
1675 1423 1729 1459 γὰρ
1755 1423 1821 1458 περὶ

1024 1471 1130 1499 Παῦλον
1154 1471 1202 1510 ρέα).
1225 1470 1361 1505 Στέφανον
1385 1469 1575 1497 ἀπαιτούντων
1594 1469 1693 1500 αὐτοὺς
1719 1469 1821 1496 ἀναθε-

1027 1517 1141 1552 ματίσαι
1157 1518 1203 1543 τὸν
1215 1516 1361 1543 Φιλόπονον
1378 1516 1412 1548 ⁸⁵,
1429 1513 1502 1543 οὗτοι
1518 1516 1568 1542 οὺκ
1581 1515 1738 1551 ἠνέσχοντο,
1751 1514 1820 1542 ἀλλὰ

1027 1564 1075 1590 καὶ
1088 1563 1271 1599 προεκόμιζον
1295 1562 1447 1599 μαρτυρίας
1463 1562 1500 1594 ὡς
1518 1561 1625 1598 συνῳδὰ
1647 1561 1760 1597 Σεὸήρῳ
1773 1562 1822 1588 καὶ

1028 1609 1160 1645 Θεοδοσίῳ
1175 1611 1231 1641 τοῖς
1252 1610 1358 1636 ἑαυτῶν
1376 1609 1471 1644 φρονεῖ
1493 1607 1677 1640 διδασκάλοις.
1694 1603 1775 1634 Οὗτοι
1792 1607 1822 1633 δὲ

1027 1657 1076 1687 τὰς
1091 1655 1141 1690 μὲν
1155 1655 1238 1687 ἄλλας
1253 1655 1317 1691 περὶ
1330 1655 1379 1690 τὴν
1393 1654 1532 1688 θεολογίαν
1545 1653 1655 1687 λέγουσι
1670 1652 1762 1687 φωνὰς
1776 1653 1823 1679 εὐ-

1029 1700 1129 1731 σεϐεῖς,
1144 1699 1246 1734 Τριάδα
1258 1699 1401 1734 ὁμοούσιον
1413 1699 1460 1726 καὶ
1473 1699 1592 1733 ὁμοφυῆ,
1612 1698 1661 1725 καὶ
1676 1697 1743 1724 Θεὸν
1759 1697 1819 1730 ἕνα,

1029 1747 1077 1773 καὶ
1094 1746 1157 1781 μίαν
1167 1746 1285 1780 θεότητα
1295 1754 1302 1761 ·
1319 1745 1511 1781 βλασφημοῦσι
1524 1745 1552 1772 δὲ
1566 1744 1691 1780 λέγοντες
1706 1743 1822 1780 μερικὰς

1029 1792 1125 1824 οὐσίας
1139 1791 1187 1818 καὶ
1203 1791 1290 1822 ἰδικὰς
1302 1791 1435 1826 θεότητας
1448 1791 1497 1817 καὶ
1513 1790 1601 1821 tam;
1621 1790 1718 1825 φύσεις
1736 1789 1763 1825 [7
1776 1788 1823 1824 H.]

1029 1837 1076 1865 τδν
1092 1837 1201 1874 Πατέρα
1216 1838 1262 1864 καὶ
1277 1837 1322 1864 τὸν
1338 1838 1403 1864 Υιὸν
1417 1837 1466 1864 καὶ
1482 1837 1514 1864 τὸ
1528 1837 1605 1871 ἅγιον
1625 1836 1746 1870 Πνεῦμα,
1758 1836 1822 1862 ἑαυ-

1030 1885 1088 1916 τοῖς
1108 1892 1139 1910 τε
1156 1883 1204 1910 καὶ
1227 1884 1260 1918 τῇ
1281 1883 1396 1919 ἀληθείᾳ
1420 1883 1579 1918 μαχόμενοι.
1594 1883 1651 1910 Καὶ
1665 1882 1733 1909 ἄλλα
1754 1881 1824 1908 ἄττα

1031 1930 1145 1966 ληροῦσι
1158 1930 1338 1966 παραπλήσια
1352 1929 1455 1964 ταύτης
1467 1930 1517 1964 τῆς
1534 1929 1726 1964 ματαιότητος.

1395 1975 1460 2003 KE’.

1035 2023 1092 2051 Τοῦ
1108 2022 1327 2057 Χρυσοστόμου
1353 2023 1397 2055 είς
1420 2021 1474 2049 τὸν
1486 2021 1628 2052 θάνατον,
1648 2021 1696 2047 καὶ
1711 2021 1755 2054 εις
1768 2019 1828 2055 τὴν

1122 2058 1288 2091 ἀνάληψιν,
1307 2057 1356 2083 καὶ
1370 2059 1414 2090 εὶς
1437 2057 1494 2091 τὴν
1509 2056 1737 2090 Πεντηκοστήν.

1076 2103 1247 2138 Ἀνεγνώσθη
1253 2103 1300 2130 τοῦ
1312 2103 1508 2138 Χρυσοστόμου
1514 2103 1672 2138 ἐπιγραφὴν
1681 2101 1741 2137 ἕχον
1753 2102 1776 2128 Σ
1778 2102 1829 2136 χό-

1032 2152 1084 2177 λία
1093 2151 1115 2166 ⁵⁸
1129 2151 1173 2182 εὶς
1184 2150 1236 2176 τὸν
1248 2149 1388 2180 θάνατον,
1413 2149 1487 2183 λόγοι
1505 2149 1526 2165 ⁵⁷
1549 2149 1644 2184 μικροὶ
1664 2148 1752 2174 εἴκοσι
1769 2147 1828 2174 δύο.

1036 2197 1092 2223 Καὶ
1106 2197 1135 2223 ἐν
1149 2196 1188 2231 τῷ
1203 2195 1277 2232 αὺτῷ
1293 2196 1368 2229 λόγοι
1382 2195 1570 2231 παραπλήσιοι
1586 2196 1638 2227 Εἰς
1646 2194 1704 2228 τὴν
1714 2193 1829 2227 ἀνάλη-

192 2235 295 2262 lumine
315 2234 436 2262 similes:
455 2234 488 2261 In
512 2236 691 2262 ascensionem
713 2234 821 2262 Domini
841 2236 900 2263 alia:
923 2239 971 2264 dua

1036 2244 1092 2277 ψιν
1106 2242 1159 2269 τοῦ
1172 2230 1284 2276 Κυρίου
1298 2241 1350 2277 κβ’,
1363 2243 1410 2269 καὶ
1419 2241 1460 2269 ἔτι
1473 2230 1526 2275 El;-
1537 2241 1596 2276 τὴν
1609 2243 1707 2275 Πεντη
1713 2239 1830 2274 κοστὴν

194 2284 222 2306 et
239 2279 351 2314 viginti;
371 2284 398 2306 et
416 2280 443 2306 in
467 2279 639 2307 Pentecosten
658 2287 766 2315 quoque
778 2281 917 2309 orationes
940 2290 983 2309 se-

195 2324 368 2360 ptemdecim.

1037 2288 1169 2321 ὡσαύτως
1181 2288 1256 2323 λόγοι
1271 2289 1314 2322 ιζ’.

840 2385 958 2415 VARUE
978 2388 1182 2417 LECTIONES.

231 2431 254 2447 "
273 2432 452 2466 ματαιότητος
466 2441 496 2465 ς.

196 2468 230 2494 Δ.
267 2467 290 2482 ⁵⁸
306 2467 412 2503 σχόλιον
428 2476 458 2500 ς.
502 2468 525 2484 ⁵⁷
537 2467 610 2503 λόγῳ
628 2477 659 2500 ς.

552 2432 576 2472 ξ’
591 2431 784 2467 ματαιολογίαν
803 2441 833 2466 ς.
870 2433 893 2449 ³³
901 2434 990 2472 αὐτοὶ]
1011 2433 1126 2464 οὗτοιΑ.

1175 2437 1198 2454 ⁸⁵
1211 2436 1335 2472 φαίνεται
1350 2437 1383 2464 Α.
1433 2436 1457 2453 ⁸⁵
1467 2433 1625 2470 Φιλόπονον]
1638 2433 1772 2470 Φίλιππον
1788 2440 1831 2467 pr.

957 2514 1075 2544 ΝΟΤίΕ.

235 2571 291 2607 (51)
305 2570 389 2606 Cujus
400 2578 453 2598 non
473 2571 557 2598 semel
573 2571 696 2607 meminit
709 2570 855 2605 Nicephor.
876 2571 983 2599 Lallist.

198 2606 367 2634 Themistins
380 2611 468 2633 autem
488 2607 559 2634 idem
573 2606 743 2640 videturille,
759 2607 889 2633 adversus
904 2615 984 2639 quem

199 2642 478 2676 scripsitTheodorus
493 2642 618 2668 monach.
640 2641 690 2668 inf.
713 2642 774 2669 cod.
798 2641 984 2669 CVlll.Card.

199 2685 280 2712 porro
288 2678 386 2706 Baron.
399 2677 574 2712 nroEugenio
582 2676 726 2711 Evagrinm
740 2676 831 2709 habet,
843 2681 910 2704 tom.
927 2676 982 2707 Vll,

199 2713 232 2739 ad
248 2721 273 2739 a.
291 2713 341 2739 Ch.
361 2712 423 2739 555.

197 2713 232 2739 ad
248 2721 273 2739 a.
291 2713 341 2740 Ch.
361 2713 423 2739 555.

236 2747 361 2782 (δεηῖιιίι
371 2746 589 2780 hicJoanneslll,
597 2752 777 2782 cognomento
784 2746 982 2782 Scliolnstictts,

200 2778 252 2811 sub
266 2778 372 2811 Iustino
384 2783 499 2814 minore,
514 2784 548 2809 de
564 2778 618 2816 quo
632 2778 720 2809 “etiam
737 2781 784 2809 int.
800 2783 861 2809 cod.
878 2778 985 2810 LXXV.

201 2819 301 2846 Buron.
315 2819 390 2845 card.
408 2823 427 2845 t.
447 2817 502 2850 VII,
521 2818 553 2843 ad
569 2826 593 2844 a.
611 2817 642 2845 C.
658 2818 721 2844 564.

239 2854 296 2888 (53)
315 2853 460 2888 Evagrium
481 2853 608 2888 nominat
627 2853 657 2880 D.
677 2852 774 2880 Buron.
798 2852 872 2881 card.
892 2853 924 2879 ad
938 2861 988 2879 ξιιμ

203 2887 268 2918 nunt
285 2887 386 2916 Christi
401 2888 465 2922 555,
483 2894 547 2916 tom.
567 2887 620 2915 \’ll.

1077 2572 1134 2606 (5t)
1163 2572 1201 2599 Ita
1225 2571 1369 2606 Philoponi
1398 2576 1549 2599 sectatores
1574 2569 1652 2606 dicti,
1676 2568 1747 2606 quod
1777 2572 1834 2594 tres

1041 2603 1152 2634 naiuras
1169 2608 1196 2633 in
1218 2603 1393 2634 sacrosancta
1418 2606 1553 2633 Trinitate
1578 2603 1746 2639 proﬁtendas
1765 2610 1834 2630 ceu-

1039 2643 1155 2669 suerint.
1172 2642 1269 2670 Leont.
1295 2647 1349 2670 act.
1364 2642 1393 2675 5,
1412 2647 1536 2670 extremo
1550 2639 1665 2674 Niceph.
1683 2639 1730 2667 lib.
1750 2645 1829 2670 xvm,

1038 2685 1099 2710 cap.
1116 2678 1161 2709 49,
1177 2677 1245 2713 lege.

1074 2708 1131 2748 (35)
1149 2708 1216 2746 ρυᾰ
1228 2712 1339 2740 nomine
1351 2711 1479 2748 appellati
1499 2710 1662 2748 Eutychiani
1679 2714 1761 2744 atque
1777 2708 1832 2748 Sg-

1040 2743 1220 2782 veriaitifqui
1237 2755 1324 2782 neque
1336 2743 1599 2783 palaInEutychétis
1616 2743 1725 2783 errores
1749 2743 1835 2783 proli:

1042 2783 1093 2809 teri
1106 2781 1322 2818 ausi,’neque’ad
1337 2781 1500 2818 ‘Catholicos
1511 2788 1574 2818 sese
1596 2781 1767 2818 a_djungere,_
1777 2781 1832 2818 nisi

1062 2818 1119 2844 rius
1144 2814 1280 2845 damnatis
1307 2818 1393 2845 tribus
1422 2817 1558 2851 capitulis,
1575 2814 1731 2843 voluerunt.
1748 2814 1832 2842 (lant.

1065 2861 1142 2881 aron.
1159 2861 1218 2888 sup.
1236 2858 1264 2881 ct
1278 2853 1375 2881 Lcont.
1390 2858 1445 2880 act.
1461 2852 1478 2880 ϐ
1492 2858 1626 2879 extrema.
