1918 3086
151 136 186 168 63
735 134 868 166 PHOTII
888 133 1144 164 PATRIARCHIE
1164 133 1216 165 (ΞΡ.
1751 138 1788 170 64

153 202 257 230 septem
273 199 316 223 est
334 194 410 222 libris
428 194 634 229 comprehensa.
659 193 752 230 Stylns
768 193 806 221 illi
826 201 879 221 non
890 194 938 221 ad-

1007 193 1020 218 ὲ
1039 192 1139 228 φράσις
1155 191 1231 218 οὐδὲν
1251 191 1309 227 ἔχει
1337 191 1487 227 ἀξιόλογον.
1509 193 1590 221 Ἀλλὰ
1610 195 1657 222 καὶ
1680 196 1709 223 ἐν
1729 199 1787 231 τοῖς

155 244 266 271 modunn
289 241 459 277 splendidus,
484 241 531 269 sed
556 249 606 268 nec
628 241 656 268 in
680 240 854 276 dogmatibus
869 240 946 268 valde

156 294 299 316 accuratus
314 292 366 316 est.

513 332 610 360 XXIX.

157 381 265 414 Evagrii
284 379 439 407 Scholastici
460 379 654 406 Ecclesiastim:
682 377 807 405 Historiw
822 376 884 404 libri
897 377 945 404 vit.

195 426 272 452 Lecta
292 426 400 460 Evagrii
421 424 595 456 Scholastici,
621 422 789 458 exprmi‘ecti,
809 422 866 449 nati
883 421 947 456 Epi-

158 471 275 507 phaniae,
293 471 359 498 urbe
376 470 541 505 C(Blesyrize,
564 468 750 496 Ecclesiastt’ca
772 467 894 495 Historia
911 467 945 493 Ii—

159 516 212 543 bris
226 525 272 543 sea:
287 524 296 542 :
314 517 443 543 inchoans
455 523 469 541 a
482 515 536 542 iine
551 514 672 542 Socratis
687 519 714 542 et
730 513 892 541 Theodoreti
907 513 948 540 hi-

158 563 315 593 storiarum,
333 562 542 596 pertingensque
554 560 588 587 ad
598 559 718 587 Mauricii
731 567 831 586 annttm
847 559 948 586 duode-

159 609 259 635 cimum
275 607 381 643 (ΑΞ-45)
402 607 517 642 imperii.
537 606 630 641 Stylus
649 606 711 633 huic
729 613 781 632 non
801 605 945 640 ingratus:

158 654 265 681 tametsi
287 655 421 681 interdum
447 653 601 681 redundare
628 652 829 687 quodammodo
854 651 949 678 vidca-

158 704 213 731 tur,
232 703 307 726 certe
330 699 356 725 in
383 698 515 725 doctrina:
537 698 656 725 veritate
682 697 789 724 cancris
809 695 948 723 historicis

159 744 312 771 accuratior
327 748 378 771 est.
395 743 484 771 Habet
501 748 592 771 autem
604 747 632 771 et
645 742 678 770 de
692 742 855 777 imaginibus
869 748 947 777 qua:-

158 789 219 817 datn
233 789 367 824 exempla.

176 925 294 953 Hermia:
311 926 450 954 Sozomeni
464 879 591 954 Hisyt‘oxr;
607 925 802 953 Ecctuiasticw
816 925 877 952 libri
894 933 932 953 ix.

194 1007 274 1034 Lecta
282 1012 322 1034 est
331 1007 447 1034 Hermian
453 1007 597 1034 Sozomeni
608 1006 765 1040 Salaminii,
774 1007 945 1040 scholastici,

158 1053 348 1080 Ecclesiastica
362 1052 483 1080 Historia
501 1052 561 1080 libri
575 1060 666 1080 novom
684 1059 694 1079 :
711 1061 792 1088 quam
808 1058 947 1088 nuncupat

158 1098 313 1126 Theodosio
334 1099 444 1126 minori.
472 1099 638 1133 Auspicatur
652 1106 667 1126 a
684 1099 826 1127 consulatu
846 1099 946 1134 Crispi,

157 1145 270 1179 ejusque
284 1145 370 1179 patris
395 1144 577 1177 Constantini,
597 1149 624 1173 et
651 1145 775 1180 perducit
800 1145 833 1172 ad
857 1145 948 1173 Theo-

157 1190 226 1217 dosii
253 1190 364 1217 minoris
387 1191 542 1224 imperium.
569 1190 618 1217 Hic
640 1190 876 1226 Constantinopoli
901 1191 948 1226 jus

157 1236 221 1263 olim
242 1237 370 1269 dicebat;
400 1242 496 1270 estque
526 1236 640 1264 Socrate
662 1237 688 1263 in
717 1237 788 1272 stylo
815 1242 947 1271 praestan-

158 1282 212 1309 tior
226 1291 233 1310 :
253 1290 267 1308 a
283 1289 336 1318 quo
349 1283 432 1309 etiam
447 1282 473 1309 in
495 1282 698 1310 narrationibus
710 1283 872 1317 quibusdam
888 1283 946 1310 dis-

158 1328 252 1355 sentit.

504 1373 603 1401 XXXI.

290 1418 446 1446 Theodoreti
460 1418 587 1446 Historia:
602 1418 705 1447 Eccles.
719 1419 780 1447 libri
797 1427 824 1450 ν.

193 1465 236 1501 6b
266 1465 346 1492 Lecta
367 1470 410 1492 est
434 1464 596 1493 Theodoreti
619 1465 738 1493 Historia
758 1466 947 1494 ecclesiastica.

158 1511 287 1538 Omnium
312 1519 381 1545 quos
416 1511 538 1546 proxime
573 1512 710 1538 nominavi
741 1513 947 1540 comenientem

159 1558 246 1592 Ittagis
275 1557 396 1585 historiae
422 1557 520 1592 stylum
551 1557 673 1586 adhibet.
699 1557 796 1585 Clarus
819 1559 891 1585 enim
921 1565 949 1586 et

159 1603 271 1636 grandis
298 1608 350 1636 est,
384 1603 550 1638 minimeque
585 1604 766 1632 redundans:
798 1604 848 1632 nisi
878 1606 951 1640 quod

160 1649 387 1677 translationibus
418 1650 551 1677 interdum
580 1650 728 1681 audacius.
761 1658 829 1685 pene
862 1651 951 1686 inepte

159 1700 262 1723 utatur.
280 1695 330 1723 Ilic
342 1696 423 1723 etiam
453 1703 534 1730 quam
558 1695 649 1723 caeteri
666 1695 752 1723 fusius
765 1696 890 1723 secunda:
906 1704 952 1732 sy-

161 1742 223 1768 nodi
252 1746 327 1776 gesta
359 1746 577 1769 commemorat:
603 1750 664 1776 quae
689 1742 734 1769 alii
768 1748 893 1777 tanquam
923 1743 950 1770 in

161 1795 308 1818 concursu,
323 1787 392 1814 dicis
406 1788 504 1821 gratia,
517 1792 545 1814 et
560 1787 649 1814 obiter
663 1786 721 1815 fere
739 1793 861 1821 narrant,
874 1789 950 1823 quasi

161 1834 194 1860 de
218 1841 252 1867 ea.
274 1833 346 1868 loqui
365 1835 508 1868 refugiant.
538 1833 739 1862 Verumtamem
759 1842 792 1862 ne
818 1835 875 1869 ipse
889 1835 951 1869 qui-

161 1880 222 1907 dem
245 1880 335 1906 omnia
354 1880 491 1914 sigillatim
519 1880 612 1908 refert.
641 1880 788 1908 Historiam
816 1881 953 1909 inchoavit

161 1926 195 1951 ah
211 1925 304 1952 heresi
326 1926 394 1958 Arii,
419 1927 606 1961 pertexuitque
629 1931 657 1953 ct
673 1927 730 1961 ipse
755 1927 787 1953 ad
805 1927 951 1955 Theodosii

162 1972 276 1998 minoris
299 1976 431 2006 tempora,
455 1977 483 2000 et
500 1980 585 2007 usque
601 1972 634 2000 ad
657 1973 766 2000 Diodori
782 1972 839 2008 (Η)
858 1980 952 2000 exces-

162 2025 243 2049 sum,
268 2018 376 2052 quando
400 2018 632 2054 Constantinopoli
655 2018 711 2054 (45)
729 2026 868 2046 sacrorum
881 2020 951 2046 anti-

163 2068 220 2090 stes
234 2063 370 2091 Sisinnius
385 2063 446 2092 fuit.

505 2109 614 2137 XXXII.

397 2156 427 2185 S.
443 2157 583 2184 Athanasii
599 2157 728 2191 epistolat.

198 2202 288 2229 Lectae
304 2202 444 2230 Athanasii
458 2203 574 2237 epistola
597 2203 679 2230 varia:
703 2202 783 2239 (quas
797 2202 867 2230 inter
881 2203 952 2230 etde
968 2214 989 2241 ο

161 2248 221 2280 eius
237 2255 358 2279 secessu,
384 2254 512 2282 tanquam
529 2247 670 2282 Apologia,
695 2248 863 2275 collocantur
878 2256 949 2275 non-

164 2293 267 2328 nullae),
283 2293 423 2328 eleganter
432 2294 511 2321 simul
526 2298 554 2321 et
567 2294 720 2328 splendide,
737 2293 864 2328 clareque
877 2301 952 2321 coin-

164 2341 277 2374 posith
302 2340 481 2374 persuadendi
508 2339 618 2373 insuper
645 2339 682 2372 vi,
705 2347 736 2366 ac
751 2344 891 2367 venustate
905 2339 954 2367 Ito-

165 2387 240 2420 ridte,
257 2385 444 2420 utjucundum
457 2387 504 2419 sit,
517 2393 598 2421 quam
614 2386 650 2414 ibi
668 2386 827 2420 Apologiam
844 2386 953 2418 scribit,

164 2430 269 2459 audire.

995 238 1129 273 δόγμασιν
1146 237 1178 264 οὐ
1194 237 1254 264 λίαν
1271 238 1345 264 ἐστὶν
1361 238 1492 275 ἀκριϐής.

1355 330 1419 358 KG'.

992 376 1143 411 Εὐατρίου
1150 377 1359 411 Σχολαστικοῦ
1373 378 1628 412 Ἑκκλησιαστικη
1658 380 1788 414 Ιστορία.

1038 423 1209 458 Ἀνεγνὼσθη
1223 423 1359 458 Εὑαγρίου
1374 423 1556 459 Σχολαστικοῢ
1575 424 1630 452 ἀπὸ
1648 425 1790 461 ὑπάρχων,

998 468 1103 500 πόλεως
1123 469 1151 495 δὲ
1166 469 1318 503 ἐπιφανοῦς
1340 469 1390 504 τῆς
1409 470 1480 497 κατὰ
1494 470 1544 505 τὴν
1560 470 1663 508 Κοίλην
1678 472 1789 508 Συρίαν,

997 515 1258 550 Ἐκκλησιαστικὴ
1270 516 1396 550 Ἰστορία
1410 517 1438 542 ὲν
1452 517 1545 550 τόμοις
1557 517 1792 554 ἓξ·ἀρχὴνποιου-

1000 562 1066 597 μένη
1074 561 1105 588 τὸ
1111 561 1188 593 τέλος
1193 562 1242 596 τῆς
1251 562 1413 598 Σωκράτους
1420 563 1468 590 καὶ
1473 563 1648 599 Θεοδωρήτου
1658 565 1789 600 ἱστορίας,

999 607 1048 634 καὶ
1062 607 1193 634 κατιοῦσα
1215 607 1296 643 μέχρι
1315 609 1366 643 τῆς
1384 607 1524 643 βασιλείας
1539 609 1707 645 Μαυρικίου,
1730 609 1791 642 ἐτος

997 652 1151 680 δωδέκατον
1165 654 1194 680 ὲν
1210 655 1243 689 τῇ
1272 653 1397 690 βασιλείᾳ
1421 653 1585 686 διανύοντος.
1604 655 1681 681 Ἔστι
1701 655 1729 682 δὲ
1741 655 1792 691 τὴν

999 699 1099 734 φράσιν
1112 699 1162 726 οὐκ
1178 699 1288 735 ἄχαρις,
1304 701 1328 727 εί
1341 700 1387 727 καί
1401 709 1460 732 πως
1475 701 1685 736 περιττεύεσθαι
1703 702 1791 729 ἐνίοτε

999 745 1091 772 δοκεῖ’
1107 746 1136 772 ὲν
1151 747 1185 781 τῇ
1195 746 1224 773 δὲ
1237 746 1292 773 τῶν
1307 746 1453 782 δογμάτων
1466 746 1495 782 [8
1509 746 1554 783 IL]
1567 747 1694 783 ὀρθότητι
1711 749 1791 784 ἀκρι-

999 789 1050 825 ῦὴς
1066 790 1121 817 τῶν
1134 790 1222 818 ἄλλων
1236 791 1336 827 μᾶλλον
1347 792 1500 828 ἱστορικῶν.
1519 793 1597 828 Ἔχει
1615 793 1644 819 δὲ
1661 793 1708 820 καὶ
1724 794 1792 830 χρή-

1001 844 1059 868 σεις
1070 837 1135 872 περὶ
1151 837 1275 865 εἰκόνων.

1371 883 1411 910 Δ¹.

998 927 1180 963 Σαλαμάνου
1196 927 1332 964 Ἑρμείου
1356 927 1524 962 Σωζομένου
1536 928 1790 964 Ἐκκλησιαστικὴ

1217 963 1344 997 Ἱστορία
1357 963 1392 990 ὲν
1410 964 1511 998 ,λόγοις
1522 962 1557 991 θ’.

1042 1007 1213 1043 Ἀνεγνώσθη
1239 1008 1401 1044 Σαλαμάνου
1431 1008 1453 1024 ⁸⁵
1478 1008 1607 1044 Ἑρμείου
1631 1009 1790 1045 Σωζομένου

999 1053 1179 1089 Σχολαστικοῦ
1195 1054 1452 1089 Ἐκκλησιαστικὴ
1470 1055 1597 1090 Ἰστορία
1611 1056 1640 1082 ὲν
1652 1055 1742 1090 λόγοις
1756 1056 1790 1084 θ’.

998 1100 1160 1135 Προσφωνεί
1172 1099 1199 1126 δὲ
1217 1100 1267 1135 τὴν
1286 1100 1409 1136 ίστορίαν
1424 1101 1492 1136 πρὸς
1507 1101 1647 1128 Θεοδόσιον
1662 1101 1708 1128 τὸν
1719 1102 1790 1130 νέον.

1001 1146 1033 1172 Ἀ
1039 1154 1133 1181 ρχεται
1148 1146 1177 1172 δὲ
1190 1146 1244 1172 ἀπὸ
1259 1145 1310 1180 τῆς
1326 1145 1461 1178 ὑπατείας
1473 1145 1600 1182 Κρίσπον
1613 1147 1660 1174 καὶ
1674 1147 1721 1174 τοῦ
1737 1156 1791 1174 πα-

998 1191 1062 1226 τρὸς
1075 1190 1293 1224 Κωνσταντίνου,
1310 1191 1358 1218 καὶ¹
1377 1192 1486 1219 κάτεισι
1505 1191 1588 1227 μέχρι
1604 1192 1654 1227 τῆς
1668 1192 1715 1219 τοῦ
1728 1193 1790 1219 νέου

998 1235 1138 1262 Θεοδοσίου
1151 1235 1301 1271 βασιλείας.
1313 1234 1397 1269 Οὗτος
1407 1237 1435 1264 δὲ
1446 1238 1523 1270 δίκας
1533 1235 1567 1274 ἦν
1578 1238 1666 1273 λέγων
1677 1240 1706 1265 ὲν
1718 1240 1792 1265 Κων-

999 1281 1229 1308 σταντινουπόλει.
1245 1281 1323 1307 Ἐστι
1347 1281 1376 1308 δὲ
1400 1282 1561 1317 Σωκράτους
1582 1283 1612 1310 ὲν
1633 1285 1666 1319 τῇ
1691 1283 1792 1319 φράσει

999 1326 1122 1362 βελτίων,
1138 1326 1269 1361 διαφωνεῖ
1282 1326 1310 1353 δὲ
1325 1327 1401 1362 αὐτῷ
1420 1328 1468 1354 καὶ
1481 1329 1553 1355 κατά
1567 1337 1643 1361 τινας
1661 1329 1792 1364 ἱστορίας.

1366 1372 1430 1400 AA'.

1080 1417 1270 1452 Θεοδωρήτου
1295 1418 1550 1453 Ἐκκλησιαστική
1568 1419 1709 1453 Ἱστορία.

1035 1463 1081 1500 [20
1096 1463 1141 1500 IL]
1159 1464 1331 1500 Ἀνεγνώσθη
1349 1464 1522 1501 Θεοδωρήτου
1535 1465 1794 1500 Ἐκκλησιαστικὴ

1006 1509 1143 1544 Ἱστορία.
1160 1510 1272 1538 Πάντων
1286 1511 1341 1537 τῶν
1349 1511 1501 1546 εἰρημένων
1515 1511 1683 1547 κατάλληλον
1694 1512 1796 1547 φράσιν

1001 1557 1034 1592 τῇ
1047 1556 1153 1592 ἱστορίᾳ
1168 1555 1268 1591 μᾶλλον
1283 1553 1360 1588 οὗτος
1374 1556 1495 1592 ἐπέθηκε
1505 1565 1513 1573 ·
1531 1557 1620 1593 σαφής
1635 1565 1665 1584 τε
1679 1558 1733 1592 γὰρ
1747 1558 1796 1584 καὶ

1002 1602 1104 1637 ὑψηλὸς
1119 1604 1167 1630 καὶ
1177 1603 1333 1638 άπέριττος.
1352 1603 1422 1639 πλὴν
1435 1604 1477 1630 ὃτι
1494 1603 1580 1631 ὲνίοτε
1598 1605 1658 1635 ταῖς
1675 1612 1795 1639 μεταφο-

1003 1649 1063 1683 ραῖς
1078 1648 1241 1684 παραὸόλως
1254 1649 1302 1676 καὶ
1317 1649 1413 1684 ὥσπερ
1437 1649 1629 1684 ἀπειροκάλως
1645 1650 1793 1685 ἐχρήσατο.

1002 1691 1086 1727 Οὗτος
1100 1695 1147 1721 καὶ
1171 1694 1338 1730 πλατύτερον
1353 1695 1406 1722 τῶν
1427 1696 1581 1731 είρημένων
1603 1696 1637 1723 τὰ
1660 1696 1724 1732 περὶ
1744 1695 1796 1731 τῆς

1001 1740 1131 1777 δευτέρας
1140 1741 1248 1768 συνόδου
1260 1741 1379 1773 διέλαϐε,
1390 1742 1483 1777 σχεδόν
1492 1751 1519 1769 τι
1531 1742 1586 1769 τῶν
1598 1742 1687 1770 ἄλλων
1700 1742 1796 1776 ὥσπερ

1003 1787 1084 1822 μόνον
1106 1786 1151 1814 διὰ
1173 1788 1223 1822 τῆς
1245 1787 1398 1823 ἐπιδρομῆς
1415 1787 1621 1824 ἀφοσιουμένων
1638 1788 1671 1821 ⁸⁸,
1689 1787 1746 1816 ἀλλ’
1763 1789 1796 1814 οἱ»

1003 1832 1173 1869 βουλομένων
1184 1842 1210 1860 τι
1225 1834 1290 1869 περὶ
1305 1833 1391 1870 αὐτῆς
1406 1835 1510 1861 εἰπεῖν·
1527 1835 1597 1870 πλὴν
1608 1835 1676 1862 ἀλλά
1692 1835 1738 1862 καὶ
1752 1832 1797 1863 οὗ·

1001 1887 1047 1911 τος
1069 1879 1100 1905 οὐ
1122 1879 1212 1906 πάντα
1237 1879 1414 1915 λεπτομερῶς
1436 1880 1521 1915 λέγει.
1542 1881 1673 1916 ’Λρχεται
1695 1881 1724 1907 δὲ
1746 1880 1796 1916 τῆς

1004 1925 1127 1959 ἱστορίας
1152 1925 1206 1952 ἀπὸ
1218 1925 1268 1960 τῆς
1287 1925 1393 1961 Ἀρείου
1414 1926 1559 1962 αἱρέσεως,
1581 1927 1629 1954 καὶ
1648 1927 1796 1962 καταλήγει

1004 1971 1085 2007 μέχρι
1107 1972 1157 2007 τῆς
1179 1971 1320 1999 Θεοδοσίου
1335 1972 1383 1999 τοῦ
1407 1972 1468 1999 νέου
1492 1972 1632 2008 βασιλείας
1651 1973 1699 2000 καὶ
1716 1973 1797 2008 μέχρι

1002 2016 1052 2052 τῆς
1066 2016 1200 2053 Διοδώρου
1213 2016 1353 2052 τελευτῆς,
1369 2017 1451 2053 ἡνίκα
1472 2017 1519 2044 καὶ
1541 2018 1799 2044 Κωνσταντινουπό-

1003 2061 1071 2093 λεως
1084 2062 1216 2094 Σισίννιος
1230 2059 1327 2098 ἦρχεν.

1292 2144 1295 2145 ν
1364 2108 1428 2136 ΛΒ¹.

1225 2153 1404 2182 Ἆθανασίου
1419 2155 1591 2182 ἐπιστολαι.

1046 2198 1269 2234 ’Ᾱνεγνώσθησαν
1278 2200 1300 2215 ⁸⁷
1309 2199 1470 2226 Ἀθανασίου
1482 2200 1642 2228 ἐπιστολαί
1652 2200 1798 2235 διάφοροι,

1003 2246 1032 2272 ὲν
1047 2242 1091 2277 αἷς
1106 2245 1270 2280 ἐμφέρονται
1284 2246 1331 2272 καὶ
1345 2246 1373 2272 αί
1385 2246 1435 2279 τῆς
1447 2247 1636 2282 γεγενημένης
1653 2247 1736 2273 αὑτοῦ
1749 2255 1799 2281 φυ-

1003 2291 1055 2327 γῆς
1070 2291 1165 2326 ὥσπερ
1175 2291 1340 2325 Ἀπολογίαν
1359 2292 1549 2328 περιέχουσαι,
1569 2292 1682 2328 κομψῶς
1705 2302 1734 2319 τε
1750 2293 1799 2319 καὶ

1004 2337 1138 2372 λαμπρῶς
1154 2337 1201 2364 καὶ
1216 2337 1256 2364 ἔτι
1285 2337 1379 2372 σαφῶς
1401 2335 1618 2372 συντεθειμέναι,
1635 2339 1683 2365 καὶ
1702 2338 1734 2364 τὺ
1751 2346 1799 2364 πι-

1005 2382 1086 2410 θανὸν
1114 2382 1183 2418 μετὰ
1202 2382 1249 2409 τοῦ
1274 2383 1417 2418 χαρίεντος
1439 2383 1572 2411 ἀνθοῦσαι
1584 2392 1591 2400 ·
1616 2384 1698 2420 ἡδονὴ
1711 2384 1734 2400 ⁸⁸
1749 2383 1801 2418 τῆς

1007 2429 1112 2456 ἐκεῖθεν
1128 2428 1291 2464 Ἀπολογίας
1304 2429 1427 2457 ἀκούειν.

808 2520 925 2548 VARIE
948 2520 1153 2550 LECTIONES.

202 2600 224 2615 η
237 2599 373 2636 σλαμάνου
391 2600 422 2636 Α.
437 2599 472 2636 ci”.
487 2599 576 2627 Vales.
590 2600 623 2627 de
638 2600 697 2628 Vita
707 2605 734 2628 et
747 2600 862 2636 Scriptis
872 2599 994 2628 Socratis
1007 2605 1035 2627 et
1048 2599 1191 2628 Sozomeni
1200 2607 1227 2635 p.
1239 2600 1292 2636 (ed.
1302 2599 1428 2635 Amstel.)
1442 2599 1469 2628 5.
1510 2600 1533 2615 °‘
1544 2599 1752 2634 ἁφωσιωμένων
1766 2609 1797 2634 ς.

165 2634 189 2650 ⁸⁷
209 2634 367 2670 ἀνεγνώσθη
384 2635 415 2662 Δ.
453 2635 477 2651 θ’
489 2635 586 2672 ἡδονὴν
602 2636 715 2670 (omisso
727 2634 848 2670 ἀκούειν)
866 2645 896 2668 ς.

939 2713 1056 2742 ΝΟΤιΕ.

207 2795 312 2839 (ιὶεέξ)
329 2795 408 2822 Card.
420 2795 519 2822 Baron.
534 2794 646 2821 δέκατον
658 2792 722 2828 legit
730 2797 796 2820 tom.
807 2791 892 2824 III,ad
908 2801 956 2819 an-

169 2831 427 2902 "uatiﬁisosopw
452 2865 496 2893 hic
524 2863 707 2900 reponendum
733 2870 766 2891 cx
792 2862 954 2892 auctoritate

1011 2791 1173 2819 Τιιοοιιοτυιὶ
1187 2791 1237 2819 lib.
1251 2798 1277 2824 v,
1290 2798 1352 2826 cap.
1368 2790 1419 2819 ult.

1049 2827 1104 2862 (IS)
1125 2827 1190 2855 Vide
1205 2826 1253 2855 inf.
1270 2824 1332 2855 cod;
1355 2824 1462 2861 XXXV,
1486 2825 1513 2854 in
1529 2825 1599 2854 l'hii.
1618 2824 1724 2853 Sideta.
