1918 3086
117 127 152 159 69
573 126 838 158 BIBLIOTHECA.
854 128 1005 158 —CODD.
1024 128 1307 159 XXXV-XXXVIII.
1729 130 1768 162 70

118 185 168 213 τοῦ
208 184 356 220 Ῥωμαίων
378 183 402 200 ⁸⁸
430 184 562 219 βασιλέως
600 184 720 220 ἡμέραις
753 184 921 219 ὲνακμάζων.

980 186 1114 219 pcratoris
1137 186 1304 221 temporibus
1327 186 1426 215 iloruil.
1455 187 1551 223 Incipit
1571 194 1654 224 super
1676 192 1764 218 eccle-

125 231 295 266 ’Δπάρχεται
305 230 355 265 μὲν
364 230 387 246 ⁸⁷
398 228 445 257 οὖν
453 230 476 246 ⁸⁸
486 230 557 265 ὑπέρ
564 230 586 247 ’⁸
595 239 677 257 τινων
688 230 925 266 ἐκκλησιαστικῶν

120 278 268 312 δογμάτων
299 277 468 312 Γραφικαῑς,
489 277 527 308 ὡς
543 277 643 309 ἐδόκει,
671 276 834 312 μαρτυρίαις
851 277 925 310 ἀγυι⁴

120 323 257 354 νίζεσθαι*
269 322 328 350 ἐστι
343 324 374 350 δὲ
386 324 515 354 ταπεινὸς
527 324 576 358 τὴν
592 322 694 357 φράσιν
709 322 757 349 καὶ
770 323 925 355 συντάξεως

121 369 183 395 οὐδὲ
201 368 254 402 τῆς
287 370 383 403 κοινῆς
411 368 545 403 μετέχων.
564 368 646 395 Ἀλλὰ
661 368 708 395 καί
722 377 783 394 τινα
794 368 864 395 κατὰ
874 368 924 405 τὴν

121 414 246 448 ἱστορίαν
269 413 315 450 βι
331 413 379 450 8.]
408 414 531 441 ἀπίθανα
563 414 722 450 συντίθησι’
752 414 794 441 διὸ
818 415 865 442 καὶ
876 423 925 450 μυ·

121 461 272 495 Θικώτερον
302 461 406 495 μᾶλλον
422 461 439 497 ἥ
454 460 639 497 ἀληθέστερον
661 460 792 496 ἡγεῖσθαι
815 461 860 488 τὶν
877 461 924 488 ἄν-

120 506 233 540 θρωπον
258 505 377 532 δίκαιον.
396 505 483 542 ’Υπὲρ
499 503 537 533 ὧν
560 507 589 534 δὲ
615 507 740 542 δόγματα
772 508 922 541 ἐνίσταται,

120 552 179 578 ἔστι
201 551 303 583 ταῦτα,
317 552 360 578 ὅτι
375 551 390 577 ὁ
407 552 522 588 οὐρανὸς
542 552 593 579 οὐκ
607 553 665 579 ἔστι
679 554 695 588 ή
709 553 755 588 γῆ.
771 553 829 580 ἀλλ’
844 554 858 580 ὁ
874 554 924 588 μὲν

121 597 188 623 ὡσεὶ
215 596 343 631 καμάρα.
361 597 378 631 ἡ
393 596 420 624 δὲ
436 597 621 633 ἑτερομήκης,
641 598 689 624 καὶ
712 597 875 633 κεκόλληται
890 599 924 626 τὰ

122 642 231 679 πέρατα
241 642 291 679 μθ
299 642 347 679 IL]
358 643 405 669 τοῦ
419 643 536 678 οὐρανοῦ
548 643 617 679 πρὸς
626 644 661 670 τὰ
672 643 778 679 πέρατα
797 645 848 679 τῆς
859 645 921 680 γῆς,

123 690 169 715 καὶ
183 689 226 715 ὁτι
242 689 345 720 πάντες
362 689 387 716 oI
404 690 519 723 ἀστέρες
532 690 672 717 κινοῦνται
688 690 812 724 ἀγγέλων
826 691 921 722 αὐτοῖς

123 736 154 769 τῇ
170 735 282 770 κινήσει
306 735 518 767 διακονούντων,
546 736 594 762 καὶ
627 736 710 772 ἕτερά
724 745 784 762 τινα
795 736 920 763 τοιαῦτα.

125 781 244 807 [Ioui-rat
274 780 323 807 xui.
342 780 381 812 ὠς
393 782 423 806 ἐν
435 781 608 816 παρεκσάσει
633 782 744 816 μνήμην
764 781 814 816 τῆς
843 781 922 807 Γενέ-

124 835 192 858 σεως
201 826 225 842 ⁸⁸
237 827 286 853 καὶ
298 827 350 861 τῆς
363 826 482 860 Ἐξὸδου,
492 827 625 862 διατρίϐει
640 827 669 854 δὲ
687 829 720 862 τῇ
735 828 861 863 διηγήσει
874 827 921 854 καὶ

976 231 1095 259 siasticis
1111 232 1274 267 quibusdam
1302 233 1483 268 dogmatibus,
1507 242 1592 262 sacra:
1607 235 1765 269 Scriptum,

975 276 1069 311 utipsi
1101 278 1209 312 quidem
1230 277 1382 310 videbatur,
1409 279 1570 306 testimoniis
1593 281 1767 308 contendere.

977 321 1072 359 Stylus
1085 323 1122 350 illi
1139 323 1260 356 humilis,
1273 328 1473 351 etstructuram
1490 325 1676 353 adbibetiul‘ra
1691 334 1765 353 com-

975 377 1097 397 munem.
1112 369 1258 404 Componit
1269 374 1296 396 et
1320 370 1487 398 incredibilia
1513 372 1646 406 quadam,
1660 380 1711 399 non
1728 380 1768 399 sa-

975 415 1010 442 tis
1029 416 1062 442 ad
1089 415 1245 442 ltistoricam
1259 415 1339 443 (idem
1358 424 1366 442 :
1388 415 1422 444 ob
1436 423 1496 451 quae
1514 416 1652 444 fabulosus
1678 417 1768 452 pmins

975 469 1056 495 quant
1071 468 1154 487 verus
1176 461 1293 496 scriptor
1323 461 1416 488 haberi
1443 463 1539 488 merito
1566 463 1673 489 debeat.
1694 463 1767 490 Inter

975 506 1033 538 illa,
1049 507 1107 533 haec
1118 505 1175 532 fere
1193 506 1318 540 dogmata
1346 507 1472 541 proponit
1487 516 1493 534 :
1511 506 1614 534 C(BIIIIII
1629 507 1696 542 (Μ’)
1714 515 1766 534 ιιοη

974 558 1037 578 esse
1053 550 1201 577 orbiculari
1219 550 1316 585 ligura,
1333 558 1364 577 ac
1374 558 1463 585 neque
1485 556 1583 578 terram
1602 561 1608 578 :
1625 553 1671 578 sed
1701 552 1766 579 illud

975 595 1088 622 fornicis
1103 595 1201 627 simile,
1216 595 1287 622 hanc
1302 595 1386 622 altera
1401 601 1476 630 parte
1502 596 1660 630 longiorem,
1675 602 1765 623 extre-

974 641 1080 674 misque
1094 640 1215 675 partibus
1243 648 1304 667 cum
1337 640 1398 668 cadi
1427 641 1550 668 terminis
1579 641 1708 675 copulari.
1723 642 1763 668 Ad

974 686 1042 718 haec,
1057 685 1147 712 omnia
1164 690 1237 712 astra
1254 685 1367 717 moveri,
1378 685 1482 720 angelis
1491 688 1524 713 ad
1540 691 1642 712 motum
1658 687 1764 714 subscr-

974 731 1119 763 vientibus,
1144 736 1170 758 et
1199 733 1224 758 id
1244 739 1328 766 genus
1344 731 1406 758 alia.
1431 730 1508 758 Facit
1525 740 1632 766 quoque
1648 734 1762 760 mentio-

973 784 1046 808 netn,
1059 781 1185 811 tanquam
1195 777 1268 804 aliud
1283 785 1376 813 agens,
1386 777 1444 805 libri
1459 777 1607 811 Geneseos,
1618 783 1645 806 et
1656 779 1740 806 Exodi
1754 788 1761 806 :

974 822 1161 857 plurimusque
1177 828 1218 850 est
1234 823 1260 850 in
1273 825 1428 851 narratione
1442 829 1469 851 et
1478 825 1664 859 speculatione
1676 826 1765 852 taber-

122 874 153 908 τῇ
167 872 272 908 θεωρίᾳ
286 872 324 904 ὡς
343 873 445 900 ἐπίπαν
468 873 519 908 τῆς
535 875 652 909 σκηνῆς·
673 874 814 910 ἐπιτρέχει
827 873 856 900 δὲ
876 874 921 900 καὶ

977 870 1076 898 naculi.
1096 870 1237 898 Percurrit
1264 876 1291 898 et
1321 872 1477 906 prophetas,
1505 872 1677 907 indidemque
1705 881 1766 908 apo-

122 919 182 950 τοῖος
194 919 352 954 ἠροφήτας,
372 919 502 946 κάκεῖθεν
515 919 578 951 τοὺς
594 919 771 952 ἀποστόλους.
783 919 866 954 Λέγει
881 920 920 952 δὲ,

123 964 161 990 ὃτι
176 963 206 990 τὸ
223 963 341 999 μέγεθος
363 963 422 999 ἔχει
442 964 457 990 ό
476 964 552 1000 ήλιος
574 964 621 991 δύο
637 965 789 1000 κλιμάτων,
814 965 864 992 καὶ
876 966 918 992 ὄτι

123 1010 146 1035 oi
159 1009 272 1042 ἄγγελοι
281 1010 332 1036 οὐκ
343 1010 413 1037 είσὶν
427 1010 457 1036 ὲν
471 1010 509 1045 τῷ
523 1010 641 1046 οὐρανῷ,
656 1011 725 1038 ἀλλὰ
738 1011 820 1046 μόνον
835 1011 918 1038 uno"

123 1054 152 1080 τὸ
168 1055 316 1090 στερέωμα
351 1055 402 1082 καὶ
420 1055 481 1090 μεθ’
494 1056 584 1091 ήμῶν,
600 1057 649 1083 καὶ
661 1057 705 1084 ὅτι
715 1058 729 1083 ὁ
741 1057 859 1093 Χριστὸς
874 1057 922 1084 ἀν-

124 1100 209 1127 ελθὼν
241 1101 297 1128 ἀπὸ
322 1103 372 1137 τῆς
388 1103 441 1137 γῆς
453 1102 493 1134 εἰς
509 1102 540 1129 τὸ
558 1102 662 1138 μεταξὺ
678 1103 726 1130 τοῦ
741 1102 858 1138 οὐρανοῦ
874 1102 921 1130 καὶ

125 1146 170 1172 τοῦ
200 1146 394 1182 στερεώματος
420 1147 540 1182 εἰσῆλθε,
571 1148 620 1174 καὶ
643 1148 685 1175 ὅτι
701 1147 781 1174 τοῦτό
795 1149 854 1174 ἐστι
873 1148 921 1174 καὶ

126 1191 205 1225 μόνον
220 1192 238 1225 ή
255 1191 381 1226 βασιλεία
408 1191 463 1218 τῶν
489 1192 622 1227 οὐρανῶν.
654 1192 738 1227 Λέγει
753 1192 782 1219 δὲ
793 1193 841 1218 καὶ
852 1191 922 1219 ἄλλα

124 1237 185 1264 τινὰ
211 1237 356 1265 ἀλλόκοτα.
382 1238 545 1274 Προσφωνεῖ
561 1238 590 1265 δὲ
617 1239 681 1270 τοὺς
712 1238 761 1273 μὲν
790 1238 820 1270 ἐξ
838 1237 920 1264 αὑτοῦ

124 1282 220 1316 λόγους
250 1283 387 1318 Παμφίλῳ
417 1284 485 1310 τινί·
520 1283 576 1310 τῶν
594 1283 622 1310 δὲ
646 1283 750 1311 λοιπῶν
769 1282 798 1316 ἓξ
818 1284 852 1319 (οἱ
865 1283 920 1318 γὰρ

127 1330 232 1361 πάντες
243 1330 328 1356 αὐτοῦ
341 1330 448 1357 δώδεκά
460 1330 524 1366 εισι)
540 1330 587 1357 τὸν
601 1330 650 1365 μὲν
665 1330 779 1365 ἕϐδομον
794 1331 921 1357 Ἀναστα-

127 1374 184 1408 aito,
200 1375 231 1400 ὲν
243 1371 265 1408 ᾧ
280 1375 321 1401 ὃτι
333 1375 502 1402 ἀκατάλυτοί
515 1377 585 1402 εἰσιν
596 1376 621 1401 οί
635 1376 757 1411 οὐρανοὶ,
772 1376 817 1402 τὸν
826 1375 920 1410 ὄγδοον

125 1418 162 1449 δὲ.
179 1420 209 1451 ὃς
223 1420 298 1447 ἐστιν
311 1421 352 1452 εἰς
371 1420 422 1456 τὴν
440 1420 513 1456 ᾠδὴν
535 1420 658 1453 Ἐζεκίου
674 1421 722 1448 καὶ
738 1422 778 1453 εἰς
791 1421 837 1448 τὸν
851 1421 920 1448 ἀνα-

127 1465 256 1500 ποδισμδν
285 1466 334 1492 τοῦ
360 1466 449 1501 ήλίου,
479 1466 576 1502 Πέτρῳ
603 1468 771 1501 προσφωνεῖ,
797 1468 826 1493 ὲν
842 1463 864 1501 ᾧ
879 1467 921 1493 ὃτι

975 916 1071 943 stolos.
1086 915 1157 943 Solis
1181 916 1398 951 magnitudinem
1413 923 1474 943 esse
1486 916 1524 943 ait.
1539 917 1652 943 duorum
1670 916 1766 943 clima-

975 969 1043 990 tutu.
1060 962 1178 996 Angelos
1195 962 1222 990 in
1236 962 1307 990 caelo
1325 970 1377 990 non
1399 970 1470 996 esse,
1496 963 1542 990 sed
1568 968 1669 990 tantum
1684 971 1766 998 super

975 1010 1188 1041 ﬁrmamentum,
1201 1013 1229 1035 et
1239 1008 1378 1035 nobiscum
1388 1009 1501 1036 versari.
1512 1008 1649 1036 Christum
1665 1016 1680 1036 e
1692 1014 1765 1036 terra

973 1054 1176 1086 ascendentem,
1192 1054 1263 1080 inter
1291 1054 1389 1081 caelum
1409 1059 1436 1080 et
1457 1054 1658 1081 ﬁrmamentum
1670 1062 1766 1089 perve-

974 1098 1060 1131 nisse,
1079 1098 1160 1133 idque
1175 1098 1308 1126 duntaxat
1321 1098 1451 1126 calorum
1468 1106 1580 1134 regnum
1597 1107 1658 1127 esse
1675 1100 1765 1128 :alia-

974 1151 1027 1178 que
1043 1143 1087 1171 his
1101 1143 1198 1171 similia
1222 1144 1340 1171 absurde
1358 1143 1471 1178 profert.
1493 1144 1635 1179 Nuncnpat
1659 1145 1766 1180 priores

975 1197 1023 1218 sex
1037 1189 1122 1218 libros
1148 1189 1289 1225 Pamphilo
1303 1190 1431 1218 cuidam:
1452 1191 1486 1218 de
1502 1192 1615 1226 reliquis
1633 1199 1697 1219 vero
1717 1200 1765 1219 sex

977 1234 1053 1271 (sunt
1068 1236 1142 1263 enim
1158 1236 1186 1262 in
1201 1237 1359 1264 universum
1378 1236 1532 1272 duodecim)
1549 1239 1694 1272 septimum
1710 1241 1766 1273 qui-

976 1282 1038 1308 dem
1049 1281 1207 1313 Anastasio,
1225 1289 1280 1316 quo
1298 1283 1383 1310 cmlos
1392 1283 1505 1310 minime
1518 1284 1628 1310 dissolvi
1645 1285 1743 1312 asserit
1757 1294 1764 1312 :

973 1332 1102 1354 octavum
1117 1328 1178 1355 dein
1192 1329 1248 1363 (qui
1272 1334 1314 1356 est
1336 1330 1361 1356 in
1381 1330 1518 1357 canticum
1545 1330 1678 1363 Ezechize,
1694 1337 1721 1358 et
1739 1333 1764 1358 in

974 1376 1040 1403 solis
1053 1377 1219 1411 regressum)
1233 1375 1315 1403 Petro
1336 1376 1461 1403 inscribit
1477 1385 1485 1402 :
1504 1384 1558 1411 quo
1585 1377 1611 1403 in
1643 1376 1713 1404 libro
1739 1381 1766 1404 et

974 1421 1088 1449 Cantica
1106 1422 1275 1449 canticorum
1291 1422 1444 1456 explicasse
1456 1429 1485 1449 se
1498 1427 1704 1449 commemorat.
1719 1422 1764 1449 Be-

973 1467 1041 1502 liqui
1054 1473 1174 1503 quatuor
1191 1473 1267 1495 certo
1285 1468 1387 1495 nemini
1400 1469 1569 1496 dedicantur.

127 1509 337 1547 ὑπεμνημάτισε
348 1514 371 1530 ⁸³
393 1513 429 1540 τὰ
441 1513 572 1549 ᾏσματα
586 1514 640 1542 τῶν
657 1514 788 1550 ᾀσμάτων
803 1514 888 1549 λέγει.
906 1515 938 1542 οί
951 1514 980 1542 δὲ
990 1515 1078 1542 λοιποὶ
1091 1516 1225 1551 τέσσαρες
1240 1515 1272 1542 οὐ
1295 1515 1363 1550 πρός
1377 1524 1404 1542 τι
1419 1515 1565 1552 πρόσωπον
1597 1515 1671 1552 αὒτῷ
1703 1524 1766 1542 συν-

127 1559 274 1595 ετάγησαν.

478 1606 539 1633 AZ‘.

397 1652 468 1686 Περὶ
487 1651 653 1686 πολιτικῆς-ι

170 1697 340 1733 ’Δνεγνώσθη
358 1698 429 1733 Περὶ
443 1699 606 1733 πολιτικῆς
623 1700 646 1716 ’³
668 1699 706 1731 ὡς
735 1700 764 1726 ὲν
795 1700 922 1736 διαλόγῳ,

130 1744 226 1779 Μηνᾶν
253 1744 401 1780 πατρίκιον
432 1746 480 1772 καὶ
508 1745 613 1781 Θωμᾶν
636 1747 844 1783 ρεφερενδάριον
854 1747 878 1763 ’⁸
890 1746 925 1773 τὰ

130 1791 308 1825 διαλεγόμενα
339 1792 458 1826 εἰσάγων
495 1793 640 1828 πρόσωπα.
678 1793 805 1828 Περιέχει
843 1793 872 1820 δὲ
906 1793 923 1829 ἠ

131 1837 308 1873 πραγματεία
338 1837 437 1871 λόγους
453 1838 493 1871 ἐξ,
511 1839 540 1864 ὲν
554 1835 594 1869 οἷς
609 1839 657 1865 καὶ
679 1838 773 1873 ἕτερον
789 1837 859 1871 εἶδος
876 1848 925 1866 πο-

130 1882 232 1914 λιτείας
249 1882 326 1918 παρὰ
343 1883 377 1909 τὰ
394 1884 451 1915 τοῖς
468 1883 596 1915 παλαιοῖς
620 1884 757 1920 εἰρημένα
773 1884 889 1919 εἰσάγει,
911 1884 925 1911 ὃ

130 1928 176 1953 καὶ
205 1927 283 1954 καλεί
304 1928 507 1963 δικαιαρχικόν.
528 1929 733 1964 Ἐπιμέμφεται
749 1930 777 1956 δὲ
794 1930 843 1964 τῆς
858 1930 926 1957 Πλά-

127 1980 214 2004 τωνος
226 1973 341 2005 δικαίως
356 1974 506 2006 πολιτείας.
527 1975 579 2001 Ἦν
600 1974 622 2000 δ’
638 1975 713 2001 αὐτοὶ
726 1975 865 2002 πολιτείαν
874 1977 926 2002 εἰσ-

134 2020 260 2054 άγουσιν,
281 2020 382 2046 ἐκτῶν
416 2020 500 2055 τριῶν
533 2020 612 2047 εἱδῶν
638 2022 687 2056 τῆς
716 2021 854 2053 πολιτείας
867 2022 925 2048 δέον

130 2066 217 2101 αὐτὴν
240 2065 402 2099 συγκεῖσθαί
418 2075 495 2100 φασι,
517 2065 659 2101 βασιλικοῦ
675 2066 723 2093 καὶ
734 2067 926 2102 ἀριστοκρατι-

130 2111 180 2138 κοῦ
206 2111 259 2138 καὶ
274 2111 494 2147 δημοκρατικοῦ,
510 2112 541 2138 τὸ
556 2112 704 2147 εἰλικρινὲς
719 2113 786 2147 αὐτῇ
810 2114 927 2149 ἑκάστης

133 2158 275 2190 πολιτείας
306 2158 536 2193 συνεισαγούσης,
561 2158 693 2193 κάκείνην
706 2159 755 2194 τὴν
767 2159 805 2190 ὡς
819 2158 927 2193 ἀληθῶς

130 2205 248 2241 ἀρίστην
260 2205 402 2232 πολιτείαν
418 2205 616 2240 ἀποτελούσης.

483 2251 549 2279 AH’.

167 2297 320 2331 Θεοδώρου
337 2297 514 2332 Ἀντιοχέως
527 2297 669 2332 ἑρμηνεία
681 2297 738 2330 τῆς
750 2297 893 2331 Κτίσεως.

171 2342 346 2378 ’Δνεγνώοθη
361 2343 501 2378 Θεοδώρου
521 2343 691 2379 ’Δντιοχέως,
703 2340 734 2370 οῦ
746 2344 763 2378 ἡ
775 2343 926 2380 ἐπιγραφὴ,

139 2387 301 2422 Ἐρμηγεία
318 2387 376 2421 τῆς
397 2388 530 2421 Κτίσεως
541 2396 548 2403 ·
562 2389 591 2415 ὲν
606 2388 699 2423 τόμοις
718 2388 788 2415 ἑπτὰ
799 2389 816 2423 ή
833 2387 928 2424 πρώτη

133 2432 224 2468 paen;
251 2433 425 2469 ἐπεραίνετο.
458 2433 515 2469 Τὴν
528 2433 556 2461 δὲ
574 2433 675 2470 φράσιν
689 2433 754 2460 οὔτε
765 2434 788 2450 ’⁵
802 2433 929 2469 λαμπρὸς

1301 1604 1436 1633 XXXVII.

1202 1651 1240 1679 De
1255 1651 1396 1686 Republica
1410 1651 1471 1678 libri
1484 1659 1522 1679 Vt.

1009 1699 1055 1735 8a
1080 1699 1179 1727 Lectus
1207 1699 1243 1726 De
1262 1697 1406 1731 Rrpublica
1433 1698 1524 1730 Liber,
1548 1698 1655 1726 Menam
1681 1699 1767 1733 patri-

976 1747 1048 1774 cintn
1067 1751 1093 1772 et
1114 1745 1247 1772 Thomam
1271 1745 1486 1772 rel'crendarium
1506 1753 1554 1779 per
1571 1745 1707 1780 dialogum
1724 1746 1765 1772 Io—

976 1797 1090 1827 quentes
1105 1792 1294 1820 introducens.
1310 1791 1441 1818 Continet
1457 1800 1525 1826 opus
1542 1792 1592 1820 hoc
1610 1792 1693 1819 libros
1706 1800 1765 1826 sex,

976 1839 1075 1873 quibus
1100 1838 1299 1873 δικαιαρχικδν,
1315 1843 1344 1864 ιιι
1367 1838 1411 1865 ltic
1431 1838 1591 1872 appellatur,
1608 1846 1705 1865 novum
1720 1846 1768 1872 po-

978 1884 1046 1911 litiae
1062 1891 1159 1919 genus,
1177 1884 1315 1910 diversum
1338 1884 1372 1909 ab
1391 1883 1422 1909 iis
1436 1891 1496 1918 quae
1513 1884 1569 1918 (55)
1585 1890 1690 1910 veteres
1702 1892 1767 1918 pm-

977 1931 1113 1962 diderunl,
1135 1929 1322 1957 introducitur
1341 1939 1348 1956 :
1363 1937 1395 1956 ac
1411 1930 1532 1956 Platonis
1549 1930 1698 1964 respublica
1713 1938 1765 1957 not:

980 1976 1118 2003 immerito
1134 1976 1354 2010 reprehenditttr.
1369 1975 1454 2009 Quam
1482 1983 1545 2003 vero
1573 1983 1695 2010 personae
1715 1976 1768 2002 illa:

979 2022 1102 2056 politiam
1119 2020 1253 2054 all‘erunt,
1269 2029 1301 2048 ex
1318 2021 1403 2048 tribus
1416 2021 1516 2056 politia:
1529 2022 1678 2056 speciebus,
1695 2023 1767 2056 regia

979 2067 1121 2100 nimirum,
1141 2072 1170 2094 et
1185 2067 1360 2102 optimatum,
1387 2073 1419 2094 ac
1443 2066 1623 2102 popularium.
1641 2068 1767 2101 componi

978 2119 1105 2148 oportere
1127 2113 1204 2140 aiunt
1225 2122 1232 2140 :
1254 2118 1283 2139 ut
1297 2120 1356 2140 cum
1374 2113 1469 2139 harum
1482 2113 1701 2147 quaslibet,quod
1718 2120 1769 2147 pu-

981 2165 1040 2185 rum
1057 2162 1139 2193 atque
1162 2159 1297 2185 sincerum
1329 2157 1420 2190 habet,
1450 2157 1503 2184 huc
1531 2158 1687 2191 contulerit,
1713 2158 1770 2185 hinc

981 2204 1089 2231 tandem
1106 2211 1171 2231 vere
1188 2204 1291 2237 optima
1309 2204 1466 2238 reipublicae
1476 2203 1562 2231 forma
1576 2209 1768 2232 constituatur.

1317 2249 1462 2277 XXXVIII.

1038 2297 1164 2322 Theodori
1182 2297 1338 2323 Antioclocm'
1364 2297 1546 2331 interpretatio
1565 2295 1702 2324 Genusus.

1018 2340 1115 2369 Lectus
1132 2341 1267 2369 Theodori
1297 2343 1461 2370 Antiocheni
1477 2343 1546 2370 liber
1573 2347 1616 2370 est
1640 2350 1700 2370 cum
1720 2343 1771 2370 hac

983 2388 1159 2424 inscriptione
1172 2397 1179 2416 :
1195 2387 1386 2423 Interpretatio
1399 2389 1526 2416 Genereos
1538 2397 1548 2423 ;
1574 2389 1652 2416 libris
1666 2395 1770 2425 septem

983 2439 1072 2461 tomus
1086 2435 1190 2468 primus
1202 2434 1363 2462 absolvitur.
1374 2435 1469 2471 Stylus
1484 2435 1522 2462 illi
1535 2442 1624 2470 neque
1641 2435 1769 2468 illustris,

763 2500 878 2528 VARIA‘]
901 2500 1105 2529 LECTIONES.

122 2572 142 2603 ᾗ
169 2568 192 2583 ⁸⁸
203 2568 252 2595 τοῦ
266 2568 323 2595 τῶν
340 2567 470 2603 ρωμαίων
487 2577 518 2600 ς.
556 2569 578 2585 ⁸⁷
597 2569 647 2603 μὲν
666 2576 721 2595 οιιι.
738 2575 780 2602 pr.
794 2569 827 2596 Α.

878 2568 901 2584 ⁸⁸
914 2567 961 2594 οὖν
972 2576 1026 2595 om.
1044 2568 1077 2594 A.

1129 2568 1152 2605 εξ
1171 2567 1250 2604 ὑπὲρ]
1265 2568 1319 2595 ἀπὸ
1340 2568 1392 2605 λΑκ
1431 2569 1454 2585 ⁹⁰
1470 2570 1580 2605 μνήμην
1605 2569 1652 2596 καὶ
1678 2571 1727 2605 τῆς
1740 2579 1770 2601 ς.

135 2602 224 2640 ’ξενιτὸΔ
234 2604 258 2630 Α
274 2612 282 2630 :
298 2602 369 2640 ῦπὲρ
383 2602 414 2635 ς.
432 2602 662 2640 βοδιιιεεὶρέὲεϐ
679 2604 760 2640 [ἅμα
773 2604 840 2640 ἡμῖν
853 2603 881 2629 ἐν
889 2602 928 2640 τῷ
950 2602 1031 2640 χῴρῳ
1042 2604 1130 2640 τούτῳ
1141 2602 1290 2640 διαγουσιη
1304 2603 1350 2630 καὶ¹
1364 2602 1441 2630 οὔπω
1456 2602 1497 2635 τις
1517 2602 1546 2637 ἔξ
1558 2602 1653 2631 αὐτῶν
1667 2602 1770 2640 ὴξὶώίιη

137 2638 190 2674 τῶν
209 2638 353 2674 ἀνωντέως
364 2639 454 2673 τυχεῖν
464 2643 492 2664 et
506 2646 532 2672 |t.
549 2638 601 2665 5I5
613 2647 618 2662 :
644 2640 676 2665 τὰ
687 2637 774 2673 ἄστρα
786 2637 874 2665 πάντα
897 2637 1019 2674 κατωθέν
1046 2637 1120 2674 sum:
1130 2639 1177 2664 τοῦ
1196 2637 1383 2674 στερεώμοιτος
1397 2654 1432 2658 -
1449 2640 1600 2674 κενούμενα
1612 2640 1664 2666 ὑπὸ
1679 2637 1705 2666 1)
1717 2637 1770 2665 τῶν

135 2673 257 2715 ᾲοράτων
268 2673 421 2724 δυνιξμεριν.
438 2674 495 2724 lini
509 2675 541 2700 ἐκ
556 2674 651 2724 τρέφον
666 2674 847 2724 διδασκόμρθα
872 2673 1000 2700 ἐπένεικα
1011 2673 1076 2724 “fl-liv
1096 2673 1210 2724 ﬁer-cpta);
1224 2674 1339 2708 ἄγγελον
1355 2673 1398 2724 pf].
1408 2674 1591 2724 ὐῖτξρϐαίνειν.
1630 2675 1652 2690 ³⁸
1667 2675 1708 2701 ὅτι
1722 2675 1770 2700 καὶ

136 2708 235 2744 ὺπεμν.
258 2717 289 2740 ς.
327 2709 338 2724 ⁹

368 2708 437 2744 Aug.
446 2709 531 2736 Maius
543 2709 577 2735 ad
588 2709 647 2736 Cic.
663 2710 696 2736 de
712 2709 847 2743 republica
864 2717 890 2743 p.
907 2716 962 2735 xvr.

1011 2709 1034 2724 ”
1050 2707 1274 2744 ῥαιφερενδάοιον
1304 2718 1334 2741 ς.
1357 2707 1361 2708 ν
1375 2709 1398 2725 ³⁵
1412 2707 1473 2736 οὐδὲ
1488 2718 1516 2741 ς.

897 2765 1012 2795 ΝΟΤΛΕ.

170 2813 239 2849 (ειν)
247 2813 320 2849 Χίᾱε
328 2813 358 2841 Β.
373 2814 464 2841 Basilii
474 2819 545 2842 orat.
557 2815 574 2842 5
586 2813 716 2842 ﬂexaem.
728 2813 927 2849 etD.Ambt-os.

170 2848 232 2884 (55)
244 2848 334 2883 Plato,
349 2850 520 2884 Aristoteles,
540 2850 680 2885 Polybius,
697 2849 745 2877 lib.
769 2857 805 2881 γι,
820 2855 846 2876 et
869 2848 929 2875 [διυ-

980 2813 1089 2840 tarchus
1102 2812 1232 2848 singulari
1259 2813 1363 2844 libello,
1380 2812 1537 2842 Heraclides
1553 2819 1660 2848 quoque
1675 2811 1767 2840 I‘ontl-

984 2855 1042 2881 cns,
1058 2853 1085 2876 et
1099 2849 1184 2876 Nicol.
1197 2848 1387 2877 Damasccnus.
