1918 3086
144 125 175 158 ’11
727 123 860 153 ΡΙτΙΟΤΙῐ
880 122 1133 152 PATRIA‘RCH/E
1154 123 1208 153 CP.
1737 120 1773 152 72

146 189 234 216 neque
253 180 331 208 valtle
349 180 521 216 perspicuus.
538 179 655 215 Fugiens
671 187 745 212 vero,
761 185 892 214 quantum
907 179 934 206 itt

992 179 1048 206 »ὕτε
1063 179 1124 206 λίαν
1139 180 1240 214 σαφὴς,
1259 178 1368 213 φεύγων
1380 178 1409 205 δὲ
1420 178 1466 206 τὸν
1490 178 1603 205 δυνατὸν
1622 177 1697 213 αὖτῷ
1710 178 1773 213 τρό-

147 228 206 262 ipso
225 231 278 261 est,
295 226 448 261 allegorias,
462 230 490 253 et
518 225 692 254 historiarum
707 225 836 253 duntaxat
851 233 934 260 expoo

145 273 272 300 sitionem
299 277 431 305 tractans,
447 271 538 307 putide
570 271 651 299 nimis
673 272 767 299 eadem
788 271 934 299 identidem

147 319 292 353 repetit,et
308 318 430 353 ingratus
448 323 530 352 atque
541 317 698 345 fastidiosus
711 317 808 353 legenti
824 318 932 345 accidit.

148 364 218 396 Quin
246 368 273 390 et
299 363 415 391 Nestorii
446 364 621 395 sententiam,
652 363 777 399 quamvis
793 363 839 391 illo
860 363 935 399 prior

146 409 237 441 fuerit,
259 409 341 436 tacite
361 410 455 436 vomit.
482 409 532 438 llic
559 415 599 438 est
626 409 786 438 Theodorus
808 410 852 438 ille
878 410 936 437 Mo-

144 455 281 488 psuestiaa,
293 462 307 481 ο
324 462 378 489 quo
397 463 586 490 saepenumero
612 456 791 492 constat,(56)
804 456 933 484 Joannem

144 499 329 535 Plti-loponnnt
349 500 389 536 (ut
406 501 520 535 ipsemet
546 501 654 536 fatetur)
689 501 821 528 rationem
844 501 936 535 hujus-

146 547 218 574 modi
245 545 477 580 interpretationis
494 545 565 572 bona
579 545 632 572 fide
656 552 687 573 ac
709 546 780 574 serio
801 545 933 581 exegisse,

147 593 173 620 itt
190 599 240 619 suo
251 591 288 618 De
305 591 426 618 universi
442 591 579 618 creatione
592 597 684 626 opere.

472 636 594 664 XXXIX.

340 680 470 709 Eusebius
484 686 576 709 contra
591 681 754 710 Hieroclem.

184 760 264 788 Lecta
276 767 319 788 est
334 760 443 788 Eusebii
467 759 601 796 Pamphili
614 760 766 796 Confutatio
778 761 862 789 brevis
877 761 934 797 (57)

147 808 278 834 libroruttt
292 805 426 834 Hieroclis
437 807 470 834 de
488 805 631 841 Apollonio
645 806 765 841 Tyaneo.

503 907 561 935 XL.

203 952 375 987 Philostorgit'
393 950 590 978 Ecclesiastt'cts
609 950 734 978 Historiae
747 951 808 978 libri
824 959 873 979 χιι.

183 997 267 1025 Lecta
284 1002 327 1025 est
341 997 514 1031 Philastorgii
534 995 590 1031 (58)
608 996 701 1023 Ariani
718 997 799 1024 veluti
816 996 937 1025 Historia

151 1044 346 1072 Eccleriortt'ca.
363 1043 460 1071 Narrat
472 1043 529 1071 fere
550 1044 684 1071 contraria
702 1044 828 1073 omnibus
850 1045 937 1073 eccle-

149 1089 267 1117 siasticis
296 1089 445 1120 historicis,
467 1088 591 1116 laudibus
613 1089 755 1121 extollente,
773 1098 841 1125 quos
864 1091 938 1118 novit

149 1135 304 1162 Ariunismo
320 1133 445 1166 infectos,
459 1138 487 1160 et
502 1134 631 1161 conviciis
645 1135 812 1163 ortltodoxos
826 1135 938 1169 perfun-

150 1182 217 1208 dens
234 1189 242 1208 :
257 1185 286 1207 ut
299 1188 361 1208 esse
385 1180 436 1208 ltoc
456 1179 516 1215 ejus
539 1187 608 1214 opus
628 1187 682 1208 non
700 1185 753 1207 tam
769 1181 881 1208 historia
899 1181 940 1208 vi—

152 1228 258 1258 deatur,
275 1234 355 1260 quam
380 1227 568 1254 haereticorum
587 1225 717 1259 laudatio,
734 1234 794 1254 cum
820 1228 889 1254 nuda
913 1232 941 1255 et

152 1281 227 1300 mera
251 1273 452 1307 vituperatione
476 1277 558 1306 atque
586 1273 760 1300 accusatione
785 1272 940 1300 Catltolico-

153 1327 224 1347 rum.
244 1318 337 1354 Stylus
360 1318 398 1346 illi
424 1319 568 1354 comptior,
583 1322 611 1346 et
635 1319 749 1353 poeticis
770 1319 829 1347 sine
851 1319 940 1351 taedio.

152 1365 318 1398 minimeque
343 1364 456 1398 ingratis
478 1364 589 1391 vocibus
609 1364 705 1391 utitur.
726 1362 808 1398 Tropi
835 1372 943 1399 quoque

156 1416 188 1436 ac
219 1409 299 1436 verba
321 1408 514 1444 significantia,
550 1409 663 1443 gratiam
687 1408 737 1442 ipsi
762 1416 824 1436 cum
843 1409 941 1443 jucun-

152 1455 236 1482 tlitate
252 1454 399 1482 conciliant
415 1463 423 1482 :
442 1454 493 1481 ttisi
509 1454 580 1488 quod
597 1454 731 1482 interdum
748 1459 849 1482 temere
863 1455 941 1490 ipsis,

153 1499 195 1526 vel
211 1499 324 1526 rtimiunt
339 1499 454 1527 detortis
472 1499 581 1531 utendo,
597 1499 624 1527 in
644 1499 771 1535 frigidum
791 1504 818 1527 et
839 1500 942 1535 impor-

988 234 1038 252 πον
1060 225 1110 257 τὰς
1137 225 1312 260 ἀλληγορίας,
1343 225 1391 251 καὶ
1418 225 1489 252 κατά
1513 225 1563 260 τὴν
1590 224 1711 260 ἱστορίαν
1726 224 1774 259 τὴν

987 270 1137 306 ἑρμηνείαν
1166 271 1338 305 ποιούμενος.
1365 270 1529 304 Ταυτολογεῖ
1544 270 1573 296 δὲ
1587 269 1622 297 τὰ
1648 270 1774 298 ﬁdem.

988 318 1035 343 καὶ
1048 316 1146 352 ἄχαρίς
1162 325 1219 349 πως
1234 317 1281 343 καὶ
1298 317 1384 353 ἀηδὴς
1405 315 1476 344 εἶναι
1499 317 1583 349 δοκεῖ,
1600 317 1669 344 ἀλλὰ
1682 317 1729 343 καὶ
1745 317 1775 343 τὸ

987 361 1135 397 Νεστορίου
1154 362 1252 397 δόγμα,
1265 363 1290 389 εί
1303 363 1352 389 καὶ
1370 363 1423 398 πρὸ
1451 363 1599 398 Νεστορίου
1638 363 1774 398 ὑπῆρχεν,

989 408 1221 443 ὑπερευγόμευς.
1245 404 1331 440 Οὗτος
1344 407 1373 435 δέ
1397 409 1472 435 ἐστιν
1485 410 1499 435 ό
1514 409 1716 443 Μοψουεστίας,
1743 408 1774 435 ὃν

987 454 1035 481 καὶ
1049 454 1182 486 πλείστας
1205 454 1322 486 εὐθύνας
1340 454 1468 491 Ἰωάννης
1479 455 1493 481 ὁ
1506 455 1661 487 Φιλόπονος,
1675 454 1711 486 ὡς
1725 455 1775 482 αὺ-

986 500 1032 532 τός
1046 509 1125 536 φησι,
1151 501 1201 535 τῆς
1223 501 1354 536 τοιαύτης
1366 500 1516 536 ἑρμηνείας
1533 502 1562 528 ὲν
1576 501 1668 536 οίκείῳ
1684 501 1723 536 τῷ
1734 502 1775 532 εἰς

986 547 1036 583 τὴν
1055 547 1144 574 κτίσιν
1170 547 1308 583 πονήματι
1319 547 1427 583 ἐδείχθη
1445 547 1597 578 σπουδαίως
1611 547 1774 580 είσπραττὸ-

989 601 1079 628 μενος.

1333 640 1395 668 ΔΘ’.

993 685 1147 713 Ἐυσεόιου
1162 685 1216 713 τοῦ
1234 686 1392 720 Παμφίλου
1411 685 1486 719 πρὸς
1501 683 1572 718 τοὺς
1587 685 1663 718 ὑπὲρ
1678 685 1776 712 Ἀπολ-

1051 721 1163 748 λωνίου
1175 720 1228 748 τοῦ
1244 720 1377 753 Τυανέως
1398 720 1576 754 Ἱεροκλέους
1587 721 1708 755 λόγους.

1028 766 1198 802 Ἀνεγνώσθη
1214 766 1343 793 Εὐσεὸίου
1353 766 1399 794 τοῦ
1416 766 1560 802 Παμφίλου
1574 766 1774 793 ἀνασκευαστι-

987 811 1035 839 κδν
1061 811 1227 848 βιὸλιδάριον
1253 812 1322 847 πρὸς
1347 812 1412 844 τοὺς
1432 812 1504 848 ὑπὲρ
1526 811 1705 839 Ἀπολλωνίου
1728 810 1776 838 τοῦ

955 866 977 893 Β
991 858 1119 890 Τυανέως
1140 858 1306 894 Ἱεροκλέους
1314 858 1337 875 ³⁸
1352 858 1458 893 λόγους.

1350 904 1395 931 Μ’.

1094 948 1472 984 ΦιλοστοργίουἌρειανοῦ
1493 949 1668 984 Ἰστορικόν.

1021 996 1192 1031 ’Λνεγνώσθη
1202 995 1248 1031 [25
1255 994 1300 1031 IL]
1308 994 1651 1030 Φιλοστοργίου,’Δρειανοῦ
1658 995 1706 1030 τὴν
1715 995 1778 1030 θρη-

988 1044 1091 1076 σκείαν,
1103 1043 1141 1074 ὠς
1157 1042 1236 1077 δῆθεν
1245 1041 1502 1075 Ἐκκλησιαστικὴ
1519 1041 1655 1075 Ἱστορία.
1665 1041 1778 1076 Ἱστορεῖ

988 1088 1016 1115 δὲ
1028 1088 1158 1115 τάναντία
1165 1087 1257 1122 σχεδὸν
1267 1087 1352 1114 ἅπασι
1363 1088 1419 1118 τοῖς
1430 1087 1668 1122 ἐκκλησιαστικαῖς
1679 1088 1778 1122 ἱστορι-

989 1136 1058 1165 κοῖς.
1071 1134 1188 1170 Ἐξαίρει
1197 1135 1259 1166 τοὺς
1273 1133 1488 1170 Ἀρειανίζοντας
1496 1133 1627 1166 ἅπαντας,
1635 1134 1777 1170 λοιδορίαις

992 1179 1088 1206 πλύνει
1099 1181 1161 1212 τοὺς
1176 1180 1341 1215 ὀρθοόόξους,
1355 1180 1393 1211 ὡς
1405 1177 1477 1206 εῖναι
1490 1179 1540 1215 τὴν
1556 1180 1676 1215 ἱστορίαν
1694 1180 1777 1207 αὐτοῦ

996 1226 1033 1261 μὴ
1050 1226 1170 1261 ιστορίαν
1185 1225 1296 1261 μᾶλλον,
1313 1225 1371 1253 ἀλλ’
1383 1226 1520 1260 ἐγκώμιον
1539 1225 1589 1261 μὲν
1604 1226 1659 1253 τῶν
1674 1227 1778 1261 αἱρετι-

990 1272 1057 1305 κῶν,
1066 1271 1150 1306 ψόγον
1165 1270 1195 1297 δὲ
1207 1271 1310 1305 γυμνὸν
1322 1271 1369 1298 καὶ
1377 1271 1543 1306 κατηγορίαν
1553 1271 1607 1298 τῶν
1618 1271 1776 1307 ὀρθοδόξων.

993 1318 1070 1344 Ἔστι
1083 1316 1111 1343 δὲ
1123 1315 1172 1351 τὴν
1189 1316 1289 1351 φράσιν
1304 1315 1346 1352 [Η
1364 1315 1409 1352 IL]
1426 1316 1531 1351 κομψὸς
1546 1318 1595 1343 καὶ
1609 1318 1777 1351 ποιητικαῖς,

991 1363 1049 1390 ἀλλ’
1064 1363 1095 1389 οὐ
1119 1362 1282 1398 κατακόρως
1297 1362 1352 1389 οὐδ’
1375 1362 1517 1398 ἀχαρίτοις
1525 1362 1547 1378 ⁹⁷
1562 1362 1650 1395 λέξεσι
1674 1370 1779 1397 κεχρη-

993 1410 1083 1445 μένος.
1111 1409 1166 1436 Kal.
1179 1409 1195 1444 ή
1209 1409 1299 1444 τροπὴ
1313 1408 1343 1435 δὲ
1375 1408 1451 1443 αὑτῷ
1478 1408 1518 1444 τῷ
1538 1408 1682 1444 ὲμφατικῷ
1693 1409 1715 1424 ⁸³
1728 1408 1780 1443 τὴν

992 1456 1072 1491 χάριν
1089 1455 1158 1490 μετὰ
1172 1453 1219 1481 τοῦ
1235 1454 1312 1490 ἡδέος
1326 1454 1469 1489 ἐφέλκεται
1482 1460 1490 1468 ⁸
1506 1453 1575 1489 πλὴν
1590 1454 1675 1480 ἐνίοτε
1685 1462 1779 1489 παρα-

993 1501 1079 1534 ϐόλως
1107 1502 1201 1533 αὑταῖς
1218 1500 1266 1528 καὶ
1292 1500 1419 1528 πλεῖστον
1441 1500 1699 1536 ἀποτετραμμέναις
1711 1499 1780 1535 χρώ-

153 1551 248 1572 tunum
265 1552 419 1573 sermonem
438 1545 543 1573 incidit.
558 1544 676 1573 Ornatur
692 1546 727 1573 ab
742 1553 774 1573 eo
791 1545 835 1581 ειν
867 1547 939 1575 varie

993 1555 1074 1582 μενος
1098 1547 1138 1579 είς
1165 1545 1329 1582 ψυχολογίαν
1351 1546 1399 1573 καὶ
1428 1545 1619 1580 ἀκαιρολογίαν
1638 1545 1778 1572 ἐκπίπτει.

152 1592 252 1624 oratio,
272 1591 314 1618 vel
333 1592 367 1619 ad
384 1591 553 1624 satietatem;
579 1591 616 1619 ita
639 1596 670 1619 ut
690 1592 717 1619 itt
734 1592 939 1627 obscuritatem,

154 1644 204 1664 nec
218 1644 278 1664 eam
293 1644 400 1672 semper
414 1643 530 1673 gratam,
548 1638 655 1666 occulte
673 1638 797 1665 trahatur
812 1637 918 1666 auditor
931 1645 939 1665 :

153 1685 182 1711 in
197 1683 343 1719 multisque
362 1691 415 1712 non
442 1684 628 1712 incommodas
642 1683 762 1719 loquitur
780 1684 939 1712 sententias.

154 1729 252 1764 lttcipit
268 1734 359 1756 autem
380 1729 414 1757 ab
433 1729 492 1757 Arii
511 1729 602 1757 studio
622 1730 649 1756 in
669 1729 793 1757 haeresim
808 1737 840 1757 ac
854 1730 942 1764 pritno

155 1775 272 1809 incepto,
302 1782 388 1809 usque
411 1775 444 1802 ad
469 1775 539 1802 Aetii
565 1774 623 1811 (59)
646 1775 798 1810 impiissimi
824 1775 941 1804 hominis

155 1820 365 1847 revocationeut.
390 1820 485 1848 Aetius
502 1821 546 1848 hic
561 1821 595 1848 ab
611 1821 747 1856 ipsisﬁuna
762 1821 942 1850 sentientibus

157 1865 304 1899 haereticis,
321 1866 392 1900 quod
420 1866 479 1894 illos
503 1866 642 1901 impietate
666 1871 807 1902 superaret
827 1867 869 1902 (ut
885 1868 942 1903 ipse

155 1909 353 1945 Pltilostorgius
380 1910 423 1938 vel
449 1911 551 1939 invitus
580 1910 675 1946 refert)
699 1911 853 1940 ministerio
876 1913 942 1940 sub-

156 1959 255 1987 motus,
267 1960 360 1990 postea
373 1955 406 1983 ab
419 1956 577 1991 impiissituo
591 1954 700 1984 Juliano
711 1956 873 1992 imperatore
885 1957 941 1993 (60)

156 2005 310 2033 revocatus,
326 2000 536 2035 humaniterqne
552 2007 679 2037 acceptus
693 2008 744 2031 est.
760 2003 794 2032 Et
809 2004 866 2031 haec
882 2003 943 2039 qui-

156 2045 216 2072 dem
238 2045 323 2080 ipsius
341 2046 454 2073 historia
471 2053 524 2074 uno
540 2046 678 2075 volumine
697 2055 746 2075 sex
767 2048 850 2076 libros
869 2055 944 2076 com-

156 2091 247 2126 plexa,
274 2092 307 2118 uti
335 2091 387 2119 hoc
416 2099 502 2127 usque
530 2097 635 2128 tempus
670 2094 851 2129 progreditur.
884 2094 944 2128 Ipse

165 2143 229 2163 Vero
248 2137 364 2170 scriptor
380 2137 493 2164 mendax
509 2142 561 2170 est,
585 2143 612 2165 et
626 2137 724 2166 fabulis
737 2139 847 2166 minime
860 2139 943 2166 absti-

157 2189 239 2214 nens,
257 2183 438 2217 praedicatque
454 2184 582 2212 doctrinae
606 2185 723 2212 maxime
740 2192 820 2212 causa
835 2185 941 2213 Aetium

156 2233 184 2254 ct
210 2227 390 2262 Eunomium,
421 2229 499 2263 quasi
532 2230 582 2257 soli
615 2235 806 2265 repurgassent
834 2231 943 2264 pietatis

157 2277 284 2310 dogmata
319 2280 442 2311 tempore
473 2278 674 2310 contaminata,
706 2277 857 2314 prodigiose
889 2278 941 2306 hoc

156 2323 242 2356 ipsum
266 2322 422 2350 mentiendo
439 2330 447 2349 :
463 2323 602 2357 signorum
626 2328 728 2356 autem,
744 2329 773 2352 et
795 2324 857 2351 vitae
879 2331 940 2359 gra-

990 1592 1190 1628 Περιϐέῦληται
1200 1592 1228 1618 δὲ
1243 1591 1317 1626 αὐτῷ
1333 1590 1462 1623 ποικίλως
1476 1591 1490 1617 ό
1502 1590 1580 1625 λόγος
1591 1590 1639 1618 καὶ
1654 1591 1683 1617 ὲν
1693 1591 1777 1626 κόρῳ,

989 1639 1028 1671 ὡς
1042 1639 1083 1670 είς
1099 1638 1130 1665 τδ
1144 1637 1251 1672 ἀσαφὲς
1284 1636 1332 1664 κα)⁵
1346 1637 1397 1664 οὐκ
1411 1636 1456 1663 ἀεὶ
1468 1636 1564 1672 χαρίεν
1576 1636 1621 1663 τὸν
1640 1637 1778 1672 ἀκροατὴν

991 1682 1186 1719 ὑποσύρεσθαι.
1205 1682 1248 1709 'Ev
1265 1681 1372 1713 πολλοῖς
1383 1681 1412 1708 δὲ
1421 1681 1469 1708 καὶ
1481 1681 1589 1713 οίκείως
1600 1681 1777 1718 γνωμολογεῖ.

997 1729 1150 1765 Ἰστορεῖδὲ
1167 1729 1203 1756 τὰ
1214 1728 1269 1756 ἀπὸ
1294 1729 1344 1764 τῆς
1362 1727 1467 1763 ’Δρείου
1493 1728 1558 1763 περὶ
1590 1727 1640 1763 τὴν
1670 1727 1778 1763 αἰρεσιν

991 1775 1110 1810 σπουδῆς
1121 1783 1151 1801 τε
1164 1775 1212 1801 καὶ
1243 1773 1402 1810 κατάρξεως
1429 1773 1510 1809 μέχρι
1527 1773 1577 1808 τῆς
1600 1773 1704 1800 Ἀετίου
1730 1773 1778 1800 τοῦ

992 1819 1207 1846 δυσσεϐεστάτου
1235 1819 1423 1854 ἀνακλήσεως.
1453 1816 1537 1850 οὗτος
1551 1818 1580 1845 δὲ
1600 1819 1703 1850 ’Δάτιος
1713 1827 1770 1853 παρ

993 1865 1085 1893 αὐτῶν
1117 1866 1167 1900 μὲν
1195 1865 1250 1892 τῶν
1276 1865 1507 1900 συναιρεσιωτῶν,
1538 1864 1624 1892 διὰτὸ
1637 1865 1780 1896 κάκείνους

992 1909 1196 1946 ὑπερὸαλέσθαι
1212 1911 1234 1926 "
1252 1911 1286 1946 τῇ
1309 1909 1465 1944 δυσσεϐείᾳ,
1483 1909 1522 1941 ὡς
1537 1909 1618 1941 αὐτὸς
1639 1906 1716 1941 οὗτος
1731 1909 1780 1936 καὶ

993 1956 1032 1992 μὴ
1044 1955 1205 1991 βουλόμενος
1220 1956 1333 1990 ἱστορεῖ,
1343 1955 1393 1990 τῆς
1407 1954 1545 1986 διακονίας
1562 1954 1714 1990 καθῃρέθη,
1727 1954 1780 1982 ὑπὸ

991 2001 1021 2029 δὲ
1035 2002 1082 2028 τοῦ
1095 2001 1310 2028 δυσσεϐεστάτου
1333 2001 1480 2028 Ἰουλιανοῦ
1514 2001 1649 2036 ἀνεκλήθη
1677 2009 1708 2028 τε
1733 2002 1780 2027 καὶ

993 2047 1163 2082 φιλοφρόνως
1175 2046 1317 2080 ὲδεξιώθη.
1335 2047 1392 2073 Καὶ
1408 2047 1426 2082 ὴ
1452 2047 1502 2082 μὲν
1518 2047 1623 2082 ἱστορία
1647 2046 1729 2073 αὐτοῦ
1745 2047 1779 2073 δι’

993 2094 1052 2125 ἐνὸς
1064 2093 1179 2128 βιϐλίου,
1195 2093 1289 2128 τόμοις
1304 2093 1334 2125 ἓξ
1347 2093 1592 2129 συμπληρουμένη,
1605 2093 1685 2129 μέχρι
1704 2092 1780 2120 τοῦδε

993 2140 1102 2174 πρόεισι
1133 2139 1181 2166 τοῦ
1211 2139 1319 2174 χρόνον.
1354 2140 1433 2166 Ἔστι
1460 2139 1489 2166 δὲ
1508 2141 1541 2166 ὁ¹
1560 2140 1630 2176 ἀνὴρ
1651 2138 1777 2174 ψευδολό-

994 2193 1042 2219 γος
1058 2194 1088 2211 τε
1112 2186 1160 2212 καὶ
1187 2185 1247 2212 οὐδὲ
1277 2185 1438 2220 μυθολογίας
1464 2186 1645 2221 ἀπεχόμενος.
1663 2185 1780 2220 Ἐξαίρει

993 2231 1023 2258 δὲ
1041 2232 1070 2258 ὲν
1088 2231 1137 2266 μὲν
1150 2231 1238 2265 λόγοις
1265 2231 1382 2267 μάλιστα
1397 2232 1499 2259 ’Δέτιον
1514 2233 1561 2259 καὶ
1572 2232 1712 2267 Εὐνόμιον,
1731 2231 1780 2266 μό-

993 2286 1056 2309 νους
1093 2276 1265 2312 ἀνακαθᾶραι
1291 2277 1326 2304 τὰ
1357 2278 1407 2313 τῆς
1432 2277 1573 2308 εὐσεϐείας
1594 2277 1716 2312 δόγματα
1740 2275 1780 2311 τῷ

993 2325 1081 2360 χρόνῳ
1107 2324 1322 2360 συγκεχωσμένα
1345 2325 1557 2361 τερατευόμενος
1575 2325 1604 2352 ἐν
1626 2323 1778 2360 τεραστίοις

796 2391 910 2419 ἻΑΒΙᾹΞ
927 2391 1130 2421 LECTIONES.

187 2451 211 2467 "
225 2451 286 2478 libri
300 2449 455 2486 ίεροκλέως.
493 2449 516 2466 ’⁷
528 2449 621 2477 malim
635 2450 784 2485 ἀχαρίτως.
821 2450 845 2467 ’⁸
865 2451 1020 2486 ὲκφαντικῷ
1039 2459 1111 2479 corr.
1127 2453 1158 2479 Α.
1197 2454 1220 2470 ⁸³
1234 2451 1450 2488 ὑπερϐάλλεσθαι
1465 2460 1495 2483 ς.
1533 2450 1542 2466 ¹
1557 2449 1572 2476 ὁ
1586 2449 1663 2476 libris
1678 2448 1764 2475 deest.

911 2507 1024 2537 NOTE.

190 2568 246 2603 (56)
258 2567 308 2596 lnf.
326 2569 386 2596 cod.
403 2568 495 2596 XLIII.

192 2605 247 2639 (57)
262 2605 370 2637 Septem
382 2610 429 2631 eos
447 2604 530 2632 fuisse
554 2603 680 2638 colligere
698 2603 771 2639 licet
788 2611 822 2631 ex
851 2603 940 2631 libello

156 2638 275 2671 Eusebii,
286 2639 427 2672 quiatlhltc
441 2644 574 2673 superest,
587 2639 638 2666 hac
651 2638 827 2673 inscriptione
845 2648 852 2666 :
865 2649 874 2664 ι
886 2639 939 2665 Ett-

156 2674 222 2702 sebii
237 2673 369 2709 Pamphili
386 2673 520 2709 gresarea:
542 2674 625 2709 episc.
649 2674 798 2701 confutatio
826 2674 941 2709 scripto.

156 2708 373 2749 rumdlieroclis,
386 2707 524 2744 Tyaneunt
547 2707 654 2736 Christo
677 2709 817 2736 Servatori
835 2707 942 2743 compa-

157 2749 250 2772 I'HIIUS.
267 2753 276 2770 I

192 2779 247 2814 (58)
264 2778 385 2806 Meminit
401 2777 458 2812 ejus
473 2778 570 2805 Suidas
588 2779 614 2806 in
631 2778 745 2806 Leontio
757 2778 934 2814 Tripolitano,

991 2568 1095 2597 Callist.
1117 2569 1164 2597 lib.
1185 2577 1205 2601 ι,
1223 2576 1247 2596 c.
1265 2568 1337 2601 init.,
1353 2568 1408 2596 Deo
1428 2568 1541 2596 inritum
1560 2565 1695 2601 nominat,
1709 2563 1780 2590 reci-

993 2600 1259 2666 :ZLqu‘t-‘a9e‘rltn'eodem
1285 2604 1318 2631 de
1342 2604 1474 2632 Eunomio
1494 2602 1617 2638 quaedam
1642 2600 1711 2628 libro
1728 2606 1778 2632 ιιι,

992 2646 1051 2672 cap.
1066 2646 1102 2666 *ευ
1118 2646 1165 2666 un.

1029 2674 1086 2709 (59)
1107 2674 1144 2700 De
1169 2681 1222 2708 quo

994 2708 1220 2745 scriptgareliquit
1233 2708 1376 2745 Nicephor.
1391 2708 1496 2745 Callist.
1512 2708 1538 2734 itt
1554 2708 1656 2745 Hister.
1723 2740 1729 2745 _

1030 2743 1085 2778 (υο)
1102 2743 1164 2776 Eius
1190 2745 1240 2771 Itac
1266 2744 1300 2771 de
1323 2751 1351 2771 re
1378 2745 1411 2771 ad
1439 2743 1656 2778 Aetiumripsum
1678 2743 1778 2778 scripta

992 2777 1106 2814 epistola
1122 2778 1203 2814 hodie
1217 2784 1316 2811 exstat,
1332 2786 1392 2814 cum
1409 2778 1515 2806 caeteris
1536 2777 1657 2812 ejusdem
1682 2777 1776 2811 imper.

1264 2673 1359 2701 lnrimzt
1385 2673 1454 2700 scitu
1477 2673 1557 2706 digna
1577 2678 1630 2698 non
1649 2677 1702 2698 uno
1719 2670 1780 2699 loco

1258 2709 1376 2743 icephor.
1391 2708 1495 2736 Callist.
1512 2708 1538 2734 itt
1554 2706 1656 2734 Hister.

157 2813 241 2840 suam
261 2820 288 2841 et
314 2814 469 2842 narratione
494 2815 610 2847 quadam
635 2821 670 2841 ex
692 2814 741 2841 hac
764 2813 936 2848 Pltilostorgii
991 2814 1084 2842 Graece
1098 2818 1125 2841 et
1139 2813 1235 2842 Latine
1249 2814 1320 2842 edita
1336 2813 1458 2841 Parisiis.

157 2849 283 2881 historia;
297 2856 458 2883 rursumque
472 2849 498 2876 in
511 2849 645 2885 Pltlegone
655 2848 806 2882 Tralliano;
819 2847 933 2883 Nieeplt.
