1918 3086
192 187 227 218 79
759 184 891 226 ΡΗΟΤΙΙ
911 183 984 214 PAT

1044 182 1169 213 tRCHIE
1188 182 1243 212 ΟΡ.
1790 181 1828 212 80

194 245 264 272 l’t-cta
284 251 298 270 a
317 243 479 278 quibusdam
493 243 693 278 iactabantur:
717 242 764 270 sed
787 250 835 275 per
855 241 975 276 philoso—

1044 241 1176 278 ηλοσοφίᾳ
1191 241 1220 267 δὲ
1235 239 1283 267 καὶ
1306 239 1366 276 βίου
1383 240 1561 276 καθαρότητι,
1579 239 1628 267 καὶ
1650 239 1723 275 ᾇπερ
1745 239 1828 269 αὐτὸς

193 291 296 326 phiam,
309 297 341 318 ac
354 290 416 317 vitm
431 290 576 325 puritatem
592 289 649 317 hanc
661 289 755 320 etiam.
772 297 832 323 quae
843 289 900 324 ipse
915 295 978 315 mox

194 337 356 368 narraverit,
375 336 420 363 'ab
447 336 493 363 illo
515 335 637 369 profecta
666 334 753 370 ﬁngit.
787 334 856 368 Quin
886 333 979 369 potius

193 390 307 410 exosum
324 382 422 417 magis,
438 389 470 409 ac
481 381 620 414 veneﬁcis,
634 388 688 408 nou
707 387 772 408 vero
792 381 904 415 magicae
926 379 979 406 arti

193 430 313 457 deditum
329 428 424 456 fuisse.

229 475 287 502 lam
308 475 341 502 de
357 475 429 502 Indis
446 473 536 501 omnia
554 473 616 506 iste,
632 472 750 500 maxima
768 471 897 504 absurda,
915 470 981 498 ﬁde-

194 529 246 556 que
265 521 375 556 indigna
392 520 510 548 consuit.
525 520 600 548 Dolia
615 520 689 547 enim
706 519 777 555 apud
791 520 858 546 istos
874 518 980 550 statuit,

195 567 274 602 plena
297 567 425 594 imbrium
447 570 474 593 et
493 571 649 598 ventorum,
664 566 764 600 quibus
780 565 874 592 datum
888 564 924 592 sit
938 571 982 591 re-

193 614 302 647 gionem
322 612 477 647 compluere
491 612 518 639 in
537 612 665 639 imbrium
687 611 810 646 penuria,
829 611 983 644 iterumque

198 659 331 686 discussis
359 658 492 685 imbribus
517 658 632 691 siccare,
657 658 721 684 dum
748 656 863 684 alternis
883 663 982 691 aquam

199 709 367 739 ventumque
381 711 396 731 e
412 705 490 732 όινιὶὶε
517 704 701 739 suppeditant.
722 702 772 729 llis
796 701 907 733 similia,
937 702 983 729 de-

195 751 303 778 mentia:
315 731 406 785 plena,
424 754 452 777 et
463 750 516 776 alia
531 731 647 784 plurima
664 749 817 784 prodigiose
840 731 997 783 conﬁngit,’

196 797 287 830 itaque
310 796 388 823 libris
408 800 471 823 octo
492 795 581 823 omnis
599 795 633 823 ab
655 795 701 822 illo
716 793 858 821 vanissimi
880 793 983 821 laboris

194 849 274 877 opera
291 841 470 870 consumitur.

317 933 530 960 Audrom'ciauut
541 939 635 960 contra
650 932 844 961 Eunomianot.

230 1012 304 1040 Lecti
312 1017 374 1039 sunt
383 1013 573 1041 Androniciani
582 1013 898 1047 Adm-aualEunomianot
906 1014 988 1044 libelli

195 1061 259 1087 duo.
284 1059 424 1087 Promittit
446 1061 555 1094 quidem
578 1060 604 1087 in
624 1060 765 1096 prot‘emiis
784 1061 908 1097 grandia,
927 1070 988 1098 quae

195 1111 284 1133 tamen
301 1114 354 1133 non
366 1107 502 1141 praestitit,
518 1107 543 1134 in
559 1107 647 1134 altero
657 1108 812 1142 przrsertim
831 1107 910 1136 libro.
923 1107 987 1136 Phi-

195 1151 324 1186 losophia:
348 1151 393 1178 hic
416 1153 605 1186 perstudiosus
623 1158 676 1186 est,
693 1161 754 1180 cum
779 1153 911 1187 moribus,
928 1159 985 1181 tum

196 1200 287 1221 metue
299 1215 306 1227 ,
330 1200 411 1230 atque
430 1196 538 1223 dicendi
553 1196 660 1229 forma;
677 1197 808 1232 religione
826 1205 890 1226 vero
907 1198 986 1226 Chri—

196 1240 315 1266 stiauus.

543 1285 637 1314 XLVI.

199 1330 354 1358 Theodoreti
373 1329 472 1357 Contra
501 1332 638 1393 hwrelti’cot
661 1333 724 1360 libri
740 1341 831 1366 xxv";
844 1339 867 1362 et
887 1334 983 1362 Erani-

505 1374 551 1393 IIII!
575 1377 582 1393 1
604 1376 624 1393 l‘l
639 1376 679 1393 ΙΙΙ.

505 1374 551 1394 ΙΙω
565 1374 624 1394 [ιω-ι
639 1376 679 1395 ΙΙΙ.

236 1413 308 1440 Lecti
325 1413 487 1440 Theodoreti
500 1414 618 1448 episcopi
634 1414 697 1448 Cyri
718 1415 780 1441 libri
797 1420 895 1447 septem
910 1422 934 1443 et
947 1417 985 1443 vi-

196 1459 404 1492 ginti,Adv¢nus
415 1460 503 1486 varias
511 1461 715 1495 propositiones.
727 1461 793 1495 10b
804 1461 909 1489 Primus
918 1462 986 1489 liber

197 1505 252 1536 agit
265 1508 359 1531 contra
386 1509 551 1537 asserentes.
570 1505 651 1532 unius
672 1505 756 1532 fuisse
782 1511 886 1534 natura:
900 1507 985 1534 Deum

201 1550 334 1583 Verbum,
356 1556 384 1578 et
400 1552 471 1586 quod
485 1559 518 1578 ex
535 1551 640 1579 semine
654 1551 739 1579 David
750 1553 866 1588 sumpsit
881 1553 984 1588 princi-

1030 287 1133 322 ἔφησεν
1146 306 1154 319 ,
1183 287 1288 313 ἐκεῖνον
1305 286 1411 320 είσάγει
1430 284 1636 320 διαπεπρᾶχθαι
1647 292 1655 300 '
1673 283 1828 319 ἀπεχθάνε-

1030 332 1093 358 σθαι
1117 331 1145 359 δὲ
1160 332 1260 368 μᾶλλον
1286 331 1385 366 μάγοις
1399 331 1447 358 καὶ
1462 330 1621 365 φαρμακοῖς
1631 328 1663 360 ¹⁹,
1686 328 1724 364 μὴ
1739 329 1780 355 ὅτι
1794 336 1827 363 γε

1031 379 1112 406 αὑτὸν
1129 380 1162 414 τῇ
1181 378 1275 414 μάγων
1284 377 1306 393 ¹⁸
1320 376 1552 412 προσανακεῖσθαι
1566 377 1659 411 τέχνῃ.

1067 469 1135 503 Περὶ
1157 468 1186 494 δὲ
1203 468 1258 494 τῶν
1275 466 1363 494 Ἰνδῶν
1376 463 1454 498 οὗτος
1467 465 1502 493 τὰ
1518 466 1638 493 πάντα¹¹
1664 465 1829 500 παραλογὼ-

1031 523 1100 542 τατα
1116 515 1163 541 καὶ
1180 514 1349 540 ἀπιστότατα
1363 512 1567 549 διαρῤαψῳδεῖ·
1585 512 1682 544 πίθους
1701 511 1755 547 γὰρ
1775 511 1827 539 αὐ-

1031 562 1090 592 τοῖς
1103 561 1218 596 πλήρεις
1232 559 1345 596 όμόρων
1366 559 1413 586 καὶ
1431 559 1541 594 ἀνέμων
1556 558 1618 591 δοὺς
1633 558 1691 585 ὖειν
1706 557 1756 594 τὴν
1771 557 1828 593 χώ-

1033 615 1085 642 ραν
1099 606 1250 643 ἀνομσρίας
1266 605 1431 641 ἐπεχούσης,
1453 604 1500 641 [52
1523 605 1571 641 ἢ]
1588 604 1747 639 ὲξικμάζειν
1758 605 1781 621 ¹¹
1797 613 1830 632 τε

1033 650 1067 680 αὖ
1083 653 1353 689 καταῤῥηγνυμένων
1372 652 1484 687 όμὸρων
1504 652 1564 683 ταῖς
1586 652 1618 678 ὲκ
1627 651 1651 667 ’³
1667 651 1755 679 πίθων
1775 651 1831 679 ἀνὰ

1035 699 1117 734 μέρος
1133 699 1277 735 χορηγίαις
1296 698 1409 735 κυρίους
1431 698 1553 730 ὲκάθισε,
1569 697 1747 733 παραπλήσια
1764 697 1830 725 τού-

1033 753 1090 777 τοις
1113 745 1207 778 ἀνοίας
1225 745 1311 780 μεστὰ
1326 744 1374 771 καὶ
1394 744 1477 780 ἕτερα
1491 744 1605 771 πλεῖστα
1621 744 1830 779 τερατευσάμε-

1034 801 1088 823 νος.
1104 792 1148 818 Ἐν
1162 792 1234 819 ὀκτὼ
1249 792 1277 819 δὲ
1291 792 1381 826 λόγοις
1395 792 1412 826 ὴ
1430 791 1506 818 πᾶσα
1521 790 1596 826 αὑτῷ
1611 791 1661 826 τῆς
1677 799 1829 825 ματαιοπο-

1039 837 1093 869 δῐας
1113 838 1214 873 σπουδὴ
1233 838 1434 873 κατηνάλωται.

1392 883 1459 911 ME’.

998 920 1019 948 Β
1037 930 1280 964 ’Δνδρονικιανοῦ
1295 930 1370 965 πρὸς
1384 930 1590 966 Εὑνομιανοὺς
1603 929 1687 964 λόγοι
1701 929 1830 964 ,βραχεῖς

1400 966 1466 993 δύο.

1074 1013 1118 1050 [Η
1130 1011 1177 1048 Η.]
1194 1012 1418 1047 Ἀνεγνώσθησαν
1424 1012 1447 1028 ’⁵
1459 1010 1675 1047 ’Δνδρονικιανοῦ
1685 1011 1763 1044 Πρὸς
1769 1011 1829 1036 Εὐ-

1037 1059 1200 1095 νομιανοὺς
1217 1058 1302 1093 λόγιοι
1310 1057 1437 1092 βραχεῖς
1444 1056 1511 1084 δύο.
1528 1057 1712 1091 ’Υπισχνεῑται
1721 1055 1770 1091 μιν
1779 1053 1830 1082 οὖν

1038 1107 1067 1132 ἐν
1079 1105 1232 1141 προοιμίοις
1247 1105 1364 1140 μεγάλα,
1377 1104 1409 1130 οὐ
1423 1103 1535 1130 τοιαῦτα
1547 1103 1574 1129 δὲ
1589 1103 1607 1129 ἃ
1620 1103 1765 1137 διέρχεται,
1780 1103 1829 1129 καὶ

1038 1151 1155 1188 μάλιστά
1171 1160 1202 1185 γε
1214 1151 1243 1177 ὲν
1256 1151 1295 1186 τῷ
1309 1150 1428 1185 δευτέρῳ
1440 1149 1604 1185 λόγῳ.”Εστι
1620 1148 1647 1175 δὲ
1665 1147 1741 1180 οὗτος
1755 1148 1831 1183 φιλο-

1037 1198 1132 1231 σοφίας
1154 1197 1272 1233 ὲραστῆς
1286 1196 1324 1231 τῷ
1339 1205 1371 1222 τε
1389 1197 1447 1231 ήθει
1463 1196 1511 1222 καὶ
1534 1196 1567 1230 τῇ
1590 1195 1694 1231 διανοίᾳ
1709 1195 1758 1222 καὶ
1778 1195 1829 1222 τοῦ

1035 1243 1117 1277 λόγου
1130 1243 1169 1278 τῷ
1184 1243 1315 1278 σχήματι,
1331 1241 1492 1277 Χριστιανὸς
1510 1241 1538 1268 δὲ
1553 1241 1591 1276 τῷ
1609 1241 1772 1276 σεϐάσματι.

1397 1288 1471 1321 ινφ.

1037 1333 1228 1368 Θεοδωρήτου
1252 1334 1421 1361 ἐπισκόπου
1445 1334 1544 1367 Κύρου
1566 1335 1652 1369 λόγιοι
1677 1333 1730 1364 κζ’.
1748 1334 1832 1368 Πρὸς

1285 1369 1450 1403 διαφόρους
1469 1369 1579 1402 θέσεις.

1071 1415 1243 1450 ’Δνεγνώσθη
1250 1415 1425 1450 Θεοδωρήτου
1434 1414 1586 1441 ἐπισκόπου
1593 1415 1686 1449 Κύρου
1691 1414 1778 1449 λόγοι
1788 1414 1833 1444 κῦ

1036 1463 1112 1498 πρὸς
1120 1463 1284 1497 διαφόρους
1295 1461 1405 1494 θέσεις’
1415 1455 1452 1488 ὧν
1466 1462 1481 1488 ὁ
1493 1462 1543 1496 μὲν
1551 1462 1658 1497 πρῶτος
1669 1461 1748 1495 λόγος
1761 1461 1835 1496 πρὸς

1034 1509 1098 1541 τοὺς
1109 1509 1238 1543 λέγοντας
1255 1509 1318 1543 μίαν
1334 1509 1414 1542 φύσιν
1431 1507 1594 1543 γεγενῆσθαι
1606 1508 1651 1535 τὸν
1662 1507 1729 1534 Θεὸν
1743 1509 1836 1542 Λόγον

1036 1555 1083 1582 καὶ
1099 1555 1148 1589 τὴν
1161 1556 1193 1580 ὲκ
1206 1553 1364 1588 σπέρματος
1379 1553 1462 1580 Δαϐὶδ
1473 1553 1622 1589 ληφθεῖσαν
1635 1554 1764 1589 ἀπαρχὴν
1781 1555 1836 1581 καὶ

200 1597 286 1630 pium.
298 1597 416 1631 itemque
426 1597 559 1624 adversus
571 1604 630 1630 eos,
640 1598 685 1631 qui
697 1597 831 1624 divinitati
844 1598 985 1632 passiones

1044 1599 1245 1634 προσάπτοντας
1256 1600 1289 1626 τὰ
1303 1598 1375 1633 πάθη
1388 1600 1420 1634 τῇ
1432 1598 1549 1634 θεότητι,
1561 1599 1576 1625 ό
1585 1598 1613 1625 δὲ
1626 1599 1752 1634 δεύτερος
1761 1599 1835 1633 πρὸς

199 1643 555 1670 attribuunt.—Secundus
574 1642 654 1675 liber.
674 1650 735 1670 cum
764 1644 866 1670 eisdem
879 1651 895 1671 e
912 1643 988 1671 Scri-

205 1695 285 1723 ptura
314 1697 425 1716 manum
446 1690 564 1719 validius
589 1690 730 1717 conserit..
757 1689 928 1721 —’l‘ertius,
955 1690 989 1717 de

199 1737 292 1762 eadem
312 1743 341 1763 re
356 1735 487 1770 disputat.
501 1750 536 1756 —
551 1736 681 1769 Quartus,
699 1740 855 1763 sanctorum
873 1734 987 1764 Patrum

199 1781 320 1808 continet
339 1781 504 1813 doctrinam,
521 1781 554 1809 de
579 1781 697 1817 gloriosa
717 1781 907 1808 incarnatione
931 1781 987 1808 Do-

201 1828 266 1854 mini
278 1828 364 1855 nostri
380 1827 444 1855 Jesu
459 1827 560 1855 Christi
573 1828 635 1856 Filii
649 1828 707 1856 Dei.
719 1843 754 1848 —
763 1827 891 1861 Quintus,
903 1828 989 1855 haere-

157 1900 162 1905 <
202 1875 316 1900 ticorum
344 1874 449 1908 colligit
477 1873 633 1908 opiniones,
659 1881 729 1908 quas
755 1874 896 1908 componit
924 1882 988 1902 cum

200 1921 329 1955 opinione
349 1928 455 1954 eorum,
475 1921 522 1955 qui
539 1921 566 1948 in
584 1921 695 1948 Christo
714 1922 781 1948 duas
803 1925 914 1948 naturas
935 1921 988 1947 tui-

201 1967 273 1995 nime
287 1973 449 2001 agnoscunt,
460 1971 489 1994 et
503 1967 623 1995 ostendit
646 1974 774 2002 magnam
799 1974 846 1994 eos
865 1968 937 1995 inter
959 1975 989 1995 se

201 2013 366 2041 alftnitatem
397 2013 509 2041 habere.
525 2028 561 2034 —
584 2013 702 2046 Sextus,
722 2014 799 2049 ponit
823 2022 906 2041 unum
925 2021 988 2042 esse

203 2058 302 2086 Filium
318 2058 463 2086 Dominum
477 2063 601 2086 nostrqu
616 2058 709 2086 Jesum
726 2058 913 2086 Christum.—-
922 2059 990 2094 Sep-

201 2104 294 2136 timus,
307 2105 428 2139 epistola:
448 2104 538 2132 locutu
561 2109 647 2135 tenet,
664 2105 764 2139 quibus
784 2105 911 2133 volumen
934 2106 991 2140 pri-

203 2158 275 2176 umm
295 2150 454 2178 absolvitur.
469 2165 505 2170 —
525 2151 644 2178 Octavus
659 2158 734 2183 vero,
750 2156 845 2178 contra
866 2158 924 2183 eos,
942 2151 989 2186 qui

204 2196 378 2224 multitudine
387 2197 518 2224 duntaxat
527 2197 670 2224 veritatem
682 2196 986 2231 dijudicaut.—Nonus,

203 2242 229 2269 in
252 2249 310 2273 eos.
342 2243 387 2277 qui
406 2243 510 2277 iactant
526 2250 580 2270 non
603 2247 730 2277 oportere
744 2249 760 2269 e
775 2242 924 2277 Scripturis
944 2248 990 2270 aut

202 2287 288 2321 loqui,
301 2292 348 2314 aut
364 2295 497 2322 quaerere,
511 2288 557 2314 sed
575 2287 655 2314 lidem
667 2294 744 2314 suam
756 2287 808 2314 sibi
819 2286 990 2322 παίωνα-τ

203 2333 340 2367 Decimus,
354 2333 380 2360 in
397 2333 467 2361 male
478 2334 640 2368 objicientes
653 2333 718 2360 illud
736 2343 743 2361 :
763 2343 772 2359 α
789 2333 906 2361 Verbum
920 2342 988 2361 caro

203 2379 304 2406 factum
326 2384 379 2406 est.
395 2388 406 2405 ι
417 2393 452 2400 -—-
472 2379 653 2410 Undecimus.
671 2380 801 2406 adversus
816 2379 991 2414 prohibentes

202 2428 271 2453 duas
289 2432 388 2460 capere
414 2426 440 2452 in
463 2426 652 2453 incarnatione
667 2431 789 2453 naturas.
808 2440 843 2446 —-
858 2424 993 2453 Duodeci-

203 2480 274 2503 mus,
292 2472 318 2498 in
336 2478 383 2498 eos
400 2471 445 2505 qui
460 2477 588 2499 asserunt
601 2472 748 2504 dicentem,
761 2472 834 2499 aliud
850 2479 911 2500 esse
921 2472 991 2499 Ver-

204 2519 279 2551 bum,
304 2518 377 2545 aliud
398 2525 459 2545 esse
479 2526 600 2551 carnem,
622 2519 690 2546 duos
714 2519 784 2546 ﬁlios
810 2519 993 2553 proﬁteri.—

203 2564 332 2596 Decimus
350 2566 461 2598 tertius,
481 2570 576 2595 contra
605 2566 741 2599 dicentes,
762 2566 836 2600 quod
862 2567 933 2594 idem
956 2569 992 2596 sit

202 2609 341 2637 Christum
362 2611 498 2643 hominem
520 2618 685 2646 agnoscere,
711 2617 794 2646 atque
829 2611 855 2639 in
881 2612 991 2641 homine

203 2662 279 2689 spent
312 2656 457 2683 collocare.
485 2670 521 2675 —
545 2656 672 2683 Decimus
690 2661 809 2691 quartus
824 2678 831 2689 ,
859 2657 992 2685 adversus

204 2701 378 2730 euuutiautes
394 2712 401 2729 :
419 2711 428 2728 ι
447 2701 546 2729 Passus
563 2706 604 2729 est
618 2702 676 2729 sine
690 2702 826 2736 possimne.
847 2712 896 2728 ι-
912 2703 989 2730 Deci-

205 2756 266 2775 mus
279 2749 400 2783 quintus,
420 2749 446 2776 iu
473 2756 530 2781 eos,
547 2748 593 2784 qui
608 2749 703 2776 dicunt
721 2756 727 2775 :
745 2757 754 2774 ι
769 2747 868 2776 Passus
889 2754 931 2776 est
953 2750 991 2776 uti

1038 1647 1101 1677 τοὺς
1124 1646 1223 1676 αὐτοὺς
1246 1644 1454 1681 γραφικώτερον
1477 1645 1719 1679 συμπλεκόμενος,
1745 1645 1793 1672 καὶ
1819 1647 1837 1672 ό

1039 1692 1129 1728 τρίτος
1144 1692 1209 1727 περὶ
1226 1691 1275 1726 τῆς
1289 1691 1374 1724 αὐτῆς
1391 1690 1556 1721 ὑποθέσεως.
1566 1690 1595 1717 '0
1606 1691 1634 1717 δὲ
1646 1690 1775 1726 τέταρτος
1792 1690 1837 1717 δι-

1038 1737 1188 1769 δασκαλίας
1204 1737 1258 1763 τῶν
1282 1737 1367 1771 ἁγίων
1390 1737 1523 1772 Πατέρων
1546 1737 1669 1772 περιέχει
1694 1737 1760 1771 περὶ
1780 1737 1836 1771 τῆς

1039 1783 1146 1816 ἐνδόξου
1163 1783 1320 1818 οἰκονομίας
1334 1782 1382 1809 τοῦ
1396 1783 1532 1810 Δεσπότου
1547 1783 1625 1818 ἡμῶν
1641 1783 1760 1818 Χριστοῦ
1782 1783 1835 1810 τοῦ

1040 1828 1105 1855 Υἱοῦ
1128 1828 1175 1856 τοῦ
1198 1828 1317 1856 Θεοῦ.⁹0
1338 1829 1428 1864 μέντοι
1444 1829 1570 1863 πέμπτος
1585 1829 1731 1863 αἱρετικῶν
1752 1828 1836 1861 δόξας

1039 1873 1172 1909 ἀθροίζει,
1188 1874 1236 1900 καὶ
1263 1873 1446 1909 παρατίθησιν
1467 1873 1552 1904 αὑτὰς
1577 1875 1610 1908 τῇ
1633 1873 1696 1909 δόξῃ
1718 1873 1772 1900 τῶν
1793 1876 1834 1910 μὴ

1039 1919 1244 1954 ὁμολογούντων
1259 1920 1305 1946 ἐπὶ
1327 1920 1446 1954 Χριστοῦ
1461 1920 1508 1947 δύο
1523 1920 1630 1954 φύσεις,
1650 1922 1698 1947 καὶ
1710 1921 1834 1948 δείκνυσι

1012 1991 1016 1994 .
1040 1966 1141 2002 πολλὴν
1160 1966 1229 2002 πρὸς
1249 1966 1380 2001 ἀλλήλους
1393 1965 1573 1998 διασώζοντος
1591 1967 1641 2001 τὴν
1658 1967 1834 2001 συγγένειαν.
1856 1994 1867 2003 ,

1047 2014 1076 2040 '0
1097 2013 1126 2040 δὲ
1148 2013 1227 2044 ἕκτος
1245 2012 1422 2047 διαλαμὸάνει
1439 2012 1481 2039 ὅτι
1494 2009 1535 2044 εἷς
1551 2013 1654 2039 ἐστίν’·
1667 2013 1730 2044 Υἱὸς
1744 2013 1760 2039 ὸ
1775 2013 1834 2039 Κύ-

1041 2068 1098 2096 ριος
1120 2059 1199 2095 ἡμῶν
1217 2058 1321 2094 Ἰησοῦς
1343 2060 1357 2085 ό
1373 2059 1538 2094 Χριστός.’0
1552 2058 1665 2094 ἕϐδομος
1687 2059 1834 2094 ἐπιστολῆς

1040 2106 1134 2140 ἐπέχει
1152 2106 1248 2131 τόπον·
1265 2106 1294 2132 ὲν
1310 2103 1351 2136 οἷς
1365 2105 1395 2131 τὸ
1416 2105 1523 2140 πρῶτον
1539 2105 1742 2141 συνεπληροῦτο
1749 2107 1772 2122 ⁸⁸
1789 2106 1834 2141 βι-

1041 2151 1125 2178 ϐλίον.
1136 2151 1164 2178 ’0
1178 2151 1207 2178 δὲ
1221 2151 1312 2185 δγδοος
1323 2151 1345 2166 ¹⁷
1360 2152 1429 2186 πρὸς
1440 2151 1503 2183 τοὺς
1517 2151 1614 2186 πλήθει
1631 2152 1704 2187 μόνῳ
1725 2153 1834 2188 κρίνον-

1040 2205 1090 2228 τας
1105 2197 1155 2232 τὴν
1167 2196 1304 2231 ἀλήθειαν.
1315 2197 1344 2223 '0
1361 2197 1470 2228 ἔννατος
1485 2197 1553 2233 πρὸς
1572 2198 1635 2229 τοὺς
1650 2198 1780 2232 λέγοντας
1795 2199 1835 2234 μὴ

1006 2267 1028 2293 D
1041 2239 1096 2266 δεῖν
1108 2239 1162 2266 ἀπὺ
1172 2239 1227 2266 τῶν
1242 2240 1358 2275 Γραφῶν
1369 2240 1461 2275 ζητεῖν
1472 2241 1488 2276 ἢ
1502 2242 1603 2274 λαλετν,
1619 2242 1677 2269 ἀλλ’
1687 2243 1835 2278 ἀρκεῖσθαι

1043 2287 1076 2321 τῇ
1095 2286 1161 2321 παρ’
1174 2287 1281 2318 ἑαυτοῖς
1294 2286 1433 2314 πίστει.’0
1449 2288 1464 2314 ι’
1475 2288 1544 2323 πρὸς
1554 2288 1619 2320 τοὺς
1632 2289 1835 2324 προϐάλλοντας

1045 2332 1188 2366 κακοήθως
1202 2332 1233 2358 τὸ
1245 2333 1273 2359 «ό
1286 2333 1371 2367 Λόγος
1382 2333 1450 2369 σὰρξ
1461 2334 1595 2367 ἐγένετο.»
1606 2335 1634 2361 '0
1644 2337 1678 2361 ια’
1688 2335 1756 2370 πρὸς
1769 2337 1835 2367 τοὺς

1045 2378 1199 2410 κωλύοντας
1213 2378 1260 2405 δύο
1273 2379 1368 2413 φύσεις
1376 2380 1423 2406 ἐπὶ
1432 2380 1481 2414 τῆς
1490 2380 1723 2417 ὲνανθρωπήσεως
1730 2382 1836 2418 ἐκλαμ-

1045 2424 1146 2451 6ἀνειν.
1157 2425 1185 2452 Ὁ
1201 2424 1234 2459 ιβ’
1249 2424 1318 2461 πρὸς
1335 2426 1398 2456 τοὺς
1413 2426 1542 2460 λέγοντας
1561 2427 1603 2453 ὅτι
1626 2429 1640 2454 ό
1661 2427 1746 2463 λέγων
1770 2429 1837 2456 ἄλλο

1047 2470 1098 2506 μὲν
1111 2471 1156 2498 τὸν
1172 2471 1251 2505 λόγον
1265 2471 1329 2498 ἄλλο
1343 2471 1372 2498 δὲ
1386 2472 1437 2507 τὴν
1459 2472 1549 2508 σάρκα
1562 2472 1609 2499 δύο
1624 2473 1699 2505 υἱοὺς
1712 2474 1797 2508 λέγει,
1807 2475 1836 2501 '0

1045 2520 1080 2551 ιγ’
1090 2517 1159 2552 πρὸς
1170 2516 1233 2548 τοὺς
1246 2516 1374 2551 λέγοντας
1387 2517 1469 2544 ὅτιτὸ
1479 2519 1526 2544 καὶ
1537 2518 1680 2555 ἄνθρωπον
1690 2520 1837 2554 γινώσκειν

1043 2563 1090 2590 τὸν
1105 2563 1223 2598 Χριστὸν
1237 2564 1336 2590 ταύτόν
1357 2564 1415 2590 ἐστι
1435 2564 1474 2599 τῷ
1490 2565 1538 2592 καὶ
1552 2566 1594 2597 είς
1605 2565 1749 2601 ἄνθρωπον
1763 2567 1837 2603 ἔχειν

1043 2608 1094 2640 τὰς
1106 2608 1267 2641 ὲλπίδας.”0
1284 2609 1314 2636 ιδ’
1329 2610 1398 2645 πρὸς
1415 2610 1479 2642 τοὺς
1493 2610 1622 2644 λέγοντας
1643 2611 1745 2639 ἔπαθεν
1765 2614 1839 2640 ἀπα.

1045 2654 1110 2687 θῶς.
1134 2655 1164 2681 Ὀ
1180 2657 1211 2681 ιε’
1227 2654 1297 2689 πρὸς
1324 2655 1389 2687 τοὺς
1410 2655 1539 2690 λέγοντας
1556 2666 1565 2683 ι
1575 2656 1675 2684 ἔπαθεν
1687 2658 1725 2689 ὡς
1737 2659 1838 2696 ἠθέλη-

1046 2709 1121 2728 σεν.»
1131 2700 1160 2728 '0
1175 2703 1212 2734 ις’
1226 2701 1296 2736 πρὸς
1309 2702 1374 2734 τοὺς
1386 2702 1514 2736 λέγοντας
1525 2703 1566 2729 δτι
1580 2704 1632 2739 χρὴ
1648 2703 1775 2740 δέχεσθαι
1788 2706 1840 2738 τὰς

1046 2746 1138 2783 φωνὰς
1155 2747 1203 2773 καὶ
1219 2747 1256 2785 μὴ
1269 2749 1380 2775 σκοπεῖν
1394 2748 1427 2775 τὰ
1442 2749 1475 2775 δι’
1487 2749 1576 2777 αὐτῶν
1586 2751 1788 2787 σημαινόμενα,
1802 2752 1840 2784 ὡς

863 2795 908 2823 VA
915 2795 983 2823 lil/E
1002 2792 1208 2822 LECTIONES.

239 2844 261 2859 “
277 2844 435 2881 φαρμάκοις
450 2851 487 2881 κς.
521 2842 662 2881 “pd-fuit,
675 2842 833 2881 nisiﬂl'allor.
846 2843 921 2881 A._“
934 2842 1158 2881 πάντῃ-πάντων
1168 2848 1248 2881 corr.
1264 2840 1341 2881 AL”
1354 2840 1506 2881 eisrxécsw
1518 2842 1551 2874 Α,
1567 2843 1736 2881 vulgata_pro
1745 2847 1839 2881 γραφῇ

204 2885 338 2911 apposita.
373 2880 395 2894 "
415 2879 460 2911 tu]
475 2886 529 2905 uno
547 2879 579 2904 ἐκ
604 2879 669 2906 τῶν.

205 2914 272 2947 πρὸς
300 2921 329 2945 ς-

373 2880 395 2894 η
415 2878 460 2915 ex]

725 2879 747 2893 “
761 2877 917 2912 ἀνεγνώσθη
931 2878 964 2905 Λ.
999 2879 1021 2893 ’⁵

1038 2878 1112 2903 ἐστὶν
1141 2875 1204 2903 add.
1218 2876 1252 2904 A.
1290 2877 1313 2892 ’⁸
1328 2878 1539 2913 συμπληροῦται
1562 2887 1593 2909 ς.
1614 2875 1656 2894 ’⁸⁷
1672 2875 1828 2913 xiii
