1918 3086
68 129 104 162 81
560 132 826 166 BIBLIOTHECA.
842 147 878 154 —
888 134 996 166 CODD.
1026 135 1240 167 XLV-XLVII.
1677 133 1712 165 i9.

1695 155 1712 165 -ι

70 188 181 220 πάντας
193 189 406 226 ὑπερϐαίνοντα.
415 193 445 219 '0
459 192 492 224 ιζ’
501 191 570 226 πρὸς
580 193 644 224 τοὺς
654 192 782 227 λέγοντας
792 192 875 219 (ἐπα-

935 194 1024 221 roluit.
1045 203 1054 220 ι
1074 208 1107 216 ν-
1123 193 1250 221 Decimus
1277 196 1382 225 sextus,
1403 191 1429 219 in
1452 196 1606 220 asserentes
1629 199 1712 226 opor-

71 235 243 269 θενὸΛόγος
255 238 349 272 σαρκί.
367 247 376 264 ι
395 238 425 265 '0
442 237 477 274 ιη’
485 238 554 274 πρὸς
567 239 632 270 τοὺς
647 238 777 274 λέγοντας
794 239 874 266 ποίαν

71 280 209 307 δώσουσιν
222 282 249 308 oi
265 283 389 310 Ἰουδαῖοι
403 284 492 320 δίκην,
504 285 529 310 εί
542 283 580 319 μὴ
596 283 664 311 Θεδν
677 285 874 320 ὲσταύρωσαν;

79 327 112 354 '0
134 327 169 354 ιϐ’
185 328 257 363 πρὸς
270 329 335 361 τοὺς
349 330 479 364 λέγοντας
496 330 624 363 Ἰουδαῖός
639 331 714 358 ἐστιν
728 331 742 357 ὸ
756 330 794 366 μὴ
808 330 875 357 Θεὸν

75 374 268 408 ἐσταυρῶσθαι
281 374 379 410 λέγων.
388 377 417 404 Ὁ
432 380 455 404 κ’
468 377 538 412 πρὸς
553 376 618 408 τοὺς
632 376 762 411 λέγοντας
775 377 816 403 ὅτι
829 377 877 403 καὶ

75 419 190 453 ἄγγελοι
205 420 252 446 ἐπὶ
267 420 316 447 τοῦ
334 421 462 457 ’Δσραὰμ
486 422 626 454 ἐσθίοντες
638 423 669 450 οὐ
684 423 794 456 πάντως
809 432 877 459 σαρ-

74 465 126 496 κὸς
138 465 221 499 φύσιν
237 466 414 501 ἐπεφέροντο.
423 468 452 495 '0
466 471 510 495 κα¹
521 469 591 504 πρὺς
600 469 665 501 τοὺς
677 470 877 506 σμικρύνοντας

75 510 194 538 ἕκαστον
210 511 304 548 θαῦμα
318 514 359 549 τῷ
372 515 514 550 ἀρνεῖσθαι
535 514 586 551 τὴν
605 516 704 551 σάρκα.
721 516 769 552 [55
783 516 830 553 R.]
847 517 877 544 '0

76 556 119 591 ιβ’
134 557 205 591 πρὸς
216 559 282 590 τοὺς
299 559 468 594 ζημιοῦντας
484 560 565 596 ἡμῶν
580 561 611 588 τὸ
624 561 704 596 γένος
723 562 762 598 τῷ
785 562 822 598 μὴ
835 563 878 589 λέ-

76 610 138 636 γειν
152 604 187 630 ὲκ
201 603 252 639 τῆς
265 605 375 639 φύσεως
391 606 469 641 ἡμῶν
487 606 616 642 εἰλῆφθαι
632 607 682 643 τὴν
697 608 838 644 ἀπαρχήν.
847 608 877 634 Ὁ

77 651 121 682 κγ’
133 649 203 684 πρὸς
213 650 277 682 τοὺς
286 651 416 685 λέγοντας
430 652 572 679 πιστεύειν
585 653 678 685 ἁπλῶς
689 651 730 686 οἷς
738 653 760 670 ⁸⁸
769 654 878 689 λέγουσι

78 694 127 720 καὶ
144 693 183 729 μὴ
200 694 345 722 κατανοεῖν
358 697 385 723 τί
403 697 510 732 πρέπον
524 698 541 733 ἢ
557 699 693 734 ἀπρεπές.
713 698 743 725 '0
758 699 798 726 κδ’
809 699 878 735 πρὸς

78 740 144 771 τοὺς
159 740 342 777 ἀναιροῦντας
356 742 407 778 τὴν
421 743 476 770 τῶν
492 744 602 778 φύσεων
614 744 748 780 διαφορὰν
763 746 833 780 μετὰ
847 746 878 772 τδ

79 785 166 818 πάθος
181 788 230 814 καὶ
243 788 294 824 τὴν
315 789 460 825 ἀνάληψιν.
468 790 499 817 '0
515 793 555 817 κε’
569 791 808 826 ἁνακεφαλαίωσις
823 791 878 818 τῶν

79 833 151 860 κατὰ
169 834 254 869 μέρος
275 835 424 870 ῥηθέντων.
433 836 463 863 '0
478 840 525 869 κς¹
542 838 607 873 περὶ
628 838 680 873 τῆς
693 837 807 873 ὕστερον
823 846 877 874 μη-

80 879 209 915 νυθείσης
232 881 386 914 συνθέσεως
407 882 467 918 ἦτοι.
485 884 700 916 συνουσιώσεως.
711 885 741 911 'O
756 885 797 917 κζ’
812 885 878 920 περὶ
894 874 914 900 Β

79 925 127 952 τοῦ
144 926 218 953 κατὰ
233 926 279 953 τὸν
295 927 386 955 κοινὺν
407 929 552 964 ἄνθρωπον
567 929 777 966 ὕποδείγματος.
791 930 877 966 Δῆλον

79 970 108 997 δὲ
120 972 168 998 καὶ
184 973 218 998 ἐκ
234 973 319 1008 μόνης
333 972 424 1001 αὐτῶν
435 975 486 1010 τῆς
501 974 667 1008 ὑποθέσεως,
682 977 753 1003 ποῖοι
767 976 822 1003 τῶν
837 978 876 1003 εί-

82 1019 209 1054 ρημένων
226 1020 314 1055 λόγων
339 1021 371 1048 τὺ
390 1021 531 1057 ὸρθὸδοξον
554 1021 719 1057 κρατύνουσι
736 1022 876 1059 φρόνημα,

81 1065 125 1101 [15
139 1065 190 1102 1].]
206 1067 255 1093 καὶ
269 1067 343 1099 τίνες
358 1067 539 1095 ἐκκλίνουσιν.

926 245 984 267 tere
995 247 1076 268 voces
1089 240 1162 274 ipsas
1175 240 1319 274 accipere;
1336 247 1389 266 non
1403 243 1494 266 autem
1509 245 1604 266 earum
1620 244 1712 269 sensa,

926 291 954 314 nt
971 293 1031 321 quae
1049 286 1170 314 omnium
1196 291 1304 321 captum
1321 286 1465 318 excedant,
1481 285 1663 314 considerare.
1678 298 1714 304 —

926 332 1054 360 Decimus
1070 333 1213 368 septimus,
1236 333 1369 360 adversus
1393 333 1514 360 dicentes
1533 340 1540 359 :
1563 340 1573 357 ε
1597 331 1713 358 Verbum

926 385 975 414 per
990 386 1100 406 carnem
1111 384 1219 413 passum
1230 383 1284 406 est.
1299 387 1308 405 ι
1323 392 1359 398 -—
1370 379 1497 406 Decimus
1511 381 1634 408 octavus,
1649 384 1714 403 con-

928 429 968 453 tra
985 430 1153 458 asserentes,
1163 425 1258 460 quales
1276 424 1361 452 Judei
1377 431 1472 459 pcenas
1485 423 1574 451 daturi
1590 423 1713 455 fuissent,

927 471 950 498 si
970 470 1055 498 Deum
1079 471 1153 497 cruci
1175 477 1227 497 non
1251 469 1409 497 amxissenl.
1423 482 1458 489 -ω
1473 468 1597 496 Decimus
1612 473 1713 498 nonus.

928 517 954 544 itt
971 516 1138 543 allirmantes
1158 514 1281 543 Judaeum
1301 514 1378 541 illum
1400 519 1472 545 esse,
1490 512 1535 546 qui
1556 511 1641 539 Dequ
1661 511 1713 537 nti-

928 563 1000 589 nime
1014 561 1173 589 cruciﬁxum
1188 564 1302 587 asserat.
1313 558 1517 590 —-Viceslmus,
1532 562 1627 584 contra
1641 556 1714 583 aien-

929 612 979 638 tes,
992 605 1102 641 angelos
1111 613 1168 637 eos.
1179 605 1225 640 qui
1238 605 1308 640 apud
1322 604 1508 632 Abrahamum
1531 601 1620 630 cibum
1641 609 1715 628 sum-

928 657 1053 689 pserunl,
1065 660 1118 680 non
1137 652 1267 680 cuntinuo
1277 652 1360 679 etiam
1383 650 1475 678 carnis
1499 654 1624 676 naturam
1643 652 1716 674 atul-

929 700 1003 726 lisse.
1015 713 1051 719 —
1063 698 1217 726 Vicesimus
1235 697 1349 731 primus,
1368 696 1502 723 adversus
1517 702 1575 727 eos,
1597 694 1643 729 qui
1663 693 1715 720 mi-

929 746 1024 774 racula
1041 745 1199 780 singulatim
1217 747 1380 776 extenuant,
1394 743 1457 769 dum
1474 748 1585 768 carnem
1605 743 1715 774 negant.

927 807 963 813 —
978 791 1130 820 Vicesimus
1144 791 1292 824 secundus,
1304 791 1436 818 adversus
1457 796 1518 821 eos,
1536 788 1582 823 qui
1598 787 1717 822 humano

929 838 1020 873 generi
1045 839 1173 865 damnum
1195 837 1335 871 irrogant,
1358 836 1422 863 dum
1445 834 1598 862 concedere
1622 833 1718 859 nolunt

929 889 963 911 ex
977 888 1069 910 nostra
1089 886 1185 909 natura
1203 882 1367 917 principium
1387 884 1523 916 sumptum
1539 885 1611 906 esse.
1622 891 1657 897 -—
1671 876 1718 903 Vi-

930 929 1048 957 cesimus
1070 928 1179 960 tertius,
1199 932 1295 955 contra
1311 927 1459 962 iactantes,
1475 924 1588 953 credere
1610 921 1718 957 simpli-

930 977 999 1004 citer
1015 975 1059 1007 iis,
1074 982 1135 1009 quae
1146 975 1290 1006 dicuntur;
1307 978 1336 1001 et
1352 981 1405 1000 non
1421 972 1574 1004 attendere,
1589 970 1653 1005 quid
1669 969 1718 996 de—

932 1030 998 1050 cens
1022 1022 1068 1053 sit,
1088 1024 1135 1048 aut.
1156 1020 1297 1047 indecens.
1309 1034 1344 1040 —
1360 1019 1514 1046 Vicesimus
1532 1021 1657 1052 quartus,
1672 1014 1719 1041 atl-

928 1065 1166 1095 versus’tollentes
1186 1070 1348 1091 naturarum
1365 1062 1559 1093 diiierentiam,
1578 1065 1638 1095 post
1651 1066 1719 1093 pas-

80 1113 186 1140 sionem
202 1117 232 1140 et
242 1113 649 1142 ascensionem.—Vicesimus
664 1114 786 1149 quintus,
814 1114 972 1142 summatim
997 1119 1029 1140 ea
1043 1112 1152 1146 repetit,
1182 1118 1242 1146 qua:
1261 1116 1309 1145 per
1337 1114 1427 1144 partes
1455 1109 1585 1135 hactenus
1619 1105 1718 1132 tradit:-

81 1164 156 1187 sunt.
173 1173 211 1179 —
227 1159 298 1194 11a
324 1159 477 1188 Vicesimus
496 1164 601 1193 sextus,
621 1161 654 1188 de
678 1160 930 1195 post-manifestata
953 1159 1154 1194 compositione
1181 1164 1229 1185 seu
1261 1155 1551 1183 consubstantiatione.

1577 1166 1613 1173 --
1637 1150 1716 1177 Vice-

80 1208 165 1236 simus
188 1208 335 1242 septimus,
359 1209 392 1235 de
406 1216 438 1236 eo
453 1209 523 1244 quod
540 1209 690 1237 secundum
705 1216 878 1237 communem
897 1208 1034 1236 hominem
1051 1211 1103 1239 est,
1115 1205 1250 1240 exemplo.
1260 1204 1369 1232 Clarum
1378 1211 1444 1230 vero
1466 1203 1507 1229 vel
1536 1209 1569 1229 ex
1583 1201 1642 1228 solo
1660 1206 1704 1229 ar-

81 1259 211 1289 gumento
221 1255 334 1289 quinam
345 1263 377 1282 ex
391 1257 584 1292 suprascriptis
604 1257 680 1286 libris
693 1258 875 1285 orthodoxam
888 1257 1068 1285 corroborent
1082 1255 1246 1287 doctrinam,
1261 1253 1364 1289 quique
1381 1253 1416 1280 ab
1433 1259 1463 1279 ea
1483 1252 1637 1278 discedant.

116 1302 179 1329 Ἔτι
195 1303 225 1329 ὲν
238 1302 278 1338 τῷ
287 1303 363 1338 αὐτῷ
375 1304 465 1340 τεύχει
479 1305 691 1341 ἀνεγνώσθησαν
699 1307 722 1322 ’⁹
737 1304 785 1333 τοῦ
795 1304 879 1332 αὑτοῦ

81 1345 153 1380 λόγοι
162 1348 250 1382 τρεῖς,
260 1348 372 1382 μείζους
379 1348 433 1375 τῶν
441 1350 659 1385 προειρημένων⁸
676 1349 854 1385 Ἐρανιστὴς
862 1351 879 1386 ἢ

82 1392 284 1427 Πολὺμορςοος
294 1392 619 1435 ἐφερονὲπιγραφην.⁷ον
629 1396 644 1423 6
653 1396 702 1432 μὲν
709 1396 829 1432 πρῶτος,
840 1397 881 1423 ὄτι

83 1438 218 1473 ἄτρεπτος
232 1438 247 1464 ὁ
261 1438 329 1470 Θεὸς
346 1438 448 1474 Δόγοςο
460 1440 475 1467 ὁ
488 1439 624 1477 δεύτερος,
641 1442 682 1468 ὅτι
695 1441 848 1477 ἁσύγχυτος
862 1442 878 1477 ἡ

83 1483 197 1515 ἓνωσις’
215 1484 229 1510 ὸ
242 1484 349 1519 τρίτος,
366 1485 407 1512 ὅτι
423 1485 533 1521 ἀπαθὴς
546 1487 561 1513 ὁ
574 1486 642 1519 Θεὸς
656 1487 819 1521 Λόγος.Ἐτι
834 1488 881 1514 καὶ

967 1303 1062 1331 Adhuc
1078 1303 1105 1330 in
1118 1303 1220 1338 [eodem
1241 1301 1301 1336 ipso
1316 1299 1460 1328 Volumine
1485 1298 1535 1334 legi
1560 1303 1615 1325 tres
1646 1296 1719 1331 ejus-

932 1350 994 1379 dem
1017 1350 1100 1378 libros
1122 1348 1307 1383 superioribus
1331 1346 1457 1380 majores.
1479 1344 1599 1372 Titulum
1623 1343 1719 1378 prtel‘e-

933 1400 997 1423 runt.
1018 1395 1165 1431 ὲρανιστὴς
1183 1393 1251 1429 (75),
1267 1392 1284 1429 ἦ
1298 1391 1477 1427 Πολύμορφος
1486 1390 1525 1425 (id
1541 1394 1592 1422 est,
1609 1389 1721 1420 sodalis,

932 1450 979 1470 seu
1007 1441 1200 1476 multiformia).
1231 1439 1333 1466 Horum
1360 1438 1475 1472 primus,
1498 1436 1581 1464 Deum
1602 1435 1721 1462 Verbum

932 1487 1101 1513 immutabile
1112 1492 1172 1513 esse
1187 1484 1276 1512 docet.
1292 1483 1379 1515 Alter,
1396 1482 1577 1514 inconfnssm,
1594 1481 1720 1508 minime-

85 1528 225 1564 τέταρτος,
241 1530 271 1556 ὲν
295 1526 319 1564 ᾧ
341 1531 533 1567 συλλογισμοῖς
554 1533 606 1568 τῆς
628 1534 713 1568 αὐτῆς
729 1533 882 1566 ὑποθέσεως

935 1540 987 1567 que
1014 1532 1122 1560 ntistam
1150 1531 1278 1558 unionem
1301 1534 1372 1557 esse.
1398 1528 1507 1556 Tertius
1529 1527 1722 1562 impassibilem

87 1574 333 1610 ὑπεραγωνίζετσι.
349 1573 429 1604 Οὗτοι
444 1576 473 1604 δὲ
494 1579 519 1605 oi
532 1580 608 1614 τρεῖς
620 1579 695 1614 λόγοι
715 1580 744 1607 ὲν
767 1579 884 1615 διαλόγῳ

87 1620 155 1646 εἰσὶν
169 1620 248 1656 αὐτῷ
266 1622 501 1658 διεσκευασμένοι,
515 1625 540 1651 οἱ
553 1625 583 1652 δὲ
596 1625 672 1652 ἄλλοι
684 1626 881 1661 καταλογάδην.

89 1666 179 1702 Sno-11c
189 1667 220 1694 δέ
231 1668 308 1695 ἐστιν
324 1669 353 1695 ὲν
367 1670 453 1696 ἅπασι
464 1670 513 1706 τὴν
526 1671 638 1706 φράσιν,
649 1671 687 1704 ὡς
698 1671 827 1707 εὐκρινὴς
837 1672 886 1698 καὶ

90 1713 220 1748 καθαρὸς,
234 1714 283 1740 καὶ
300 1715 350 1741 οὐκ
362 1715 486 1751 ἀμοιρῶν
502 1717 549 1743 τοῦ
565 1717 652 1752 ἡδέος,
669 1717 845 1754 καταλλήλως
855 1726 884 1745 τε

91 1760 145 1791 τοίς
163 1760 301 1796 νοήμασιν
320 1761 552 1797 ὲνευθηνούμενος
564 1762 597 1790 ³⁸.

450 1907 516 1934 ΜΖ’.

100 1962 246 1996 Ἰωσήπου
278 1964 421 1992 Ἰουδαίου
447 1966 482 1993 τὰ
501 1966 578 1993 κατὰ
603 1965 764 1999 Ἰουδαίους
795 1966 886 1999 πάθη,

223 1999 275 2026 καί
289 2000 309 2033 ἠ
324 1999 380 2034 τῆς
401 2000 601 2035 Ἰερουσαλὴμ
618 2001 743 2035 ἅλωσις.

127 2056 302 2092 Ἀνεγνώσθη
316 2057 586 2093 ἸωσήπουῚουδαίου
593 2059 629 2086 τὰ
638 2060 714 2087 κατὰ
722 2057 888 2092 Ἰουδαίους

94 2102 185 2136 πάθη.
200 2102 230 2128 ὲν
244 2099 284 2134 οἷς
297 2102 315 2137 ἦ
329 2110 360 2129 τε
370 2103 422 2138 τῆς
438 2103 616 2140 Ἰερουσαλὴμ
627 2105 673 2131 ἐπὶ
686 2104 759 2131 τέλει
775 2104 830 2131 τῶν
844 2104 888 2130 λό-

95 2157 150 2182 γων
171 2148 275 2180 ἅλωσις
296 2149 345 2176 καὶ
369 2150 386 2184 ἠ
411 2149 462 2184 τῆς
485 2151 616 2183 Μασάδας
631 2150 772 2186 πολίχνης.
786 2151 840 2186 πρὸ
859 2149 888 2177 δὲ

936 1577 993 1604 sive
1014 1575 1264 1610 imperturbabilem
1289 1580 1349 1602 esse
1371 1573 1454 1600 Deum
1464 1571 1594 1600 Verbum.
1612 1571 1724 1598 Accedit

936 1626 1059 1656 quartus,
1072 1621 1098 1648 in
1116 1628 1170 1655 quo
1187 1619 1349 1656 syllogismis
1372 1619 1431 1646 haec
1454 1618 1546 1646 eadem
1563 1623 1723 1653 argumenta

936 1668 1044 1694 retexit.
1057 1667 1146 1701 Atque
1175 1667 1202 1694 hi
1227 1666 1339 1701 quidem
1366 1665 1428 1692 libri
1454 1672 1502 1699 per
1528 1664 1664 1699 dialogum
1690 1665 1724 1690 ab

936 1713 994 1748 ipso
1017 1712 1163 1747 conscripti
1184 1717 1258 1744 sunt,
1288 1711 1383 1746 reliqui
1410 1718 1475 1738 vero
1501 1710 1670 1742 continenti,
1693 1717 1725 1736 ac

937 1763 1066 1794 perpetua
1094 1759 1177 1787 serie.
1205 1758 1298 1794 Stylns
1320 1759 1345 1786 ei
1371 1757 1398 1785 in
1414 1757 1539 1785 omnibus
1566 1756 1725 1792 perspicuus

936 1806 990 1840 (est
1000 1806 1072 1833 enim
1098 1806 1242 1833 distinctus
1269 1812 1302 1832 ac
1327 1804 1420 1838 purus)
1441 1811 1529 1838 neque
1548 1803 1726 1838 iucunditatis

938 1857 1034 1886 expers
1048 1859 1055 1877 :
1072 1850 1246 1886 proportione
1256 1857 1319 1876 vero
1330 1849 1454 1877 sensibus
1471 1848 1610 1877 exuberat.

1281 1906 1385 1934 XLVII.

1029 1962 1137 1997 Iosephi
1151 1961 1242 1990 Judazi
1257 1961 1289 1988 de
1302 1961 1368 1988 libro
1381 1960 1496 1987 Iudaico
1510 1960 1569 1986 libri
1583 1966 1632 1986 νιι.

974 2052 1039 2087 Legi
1059 2051 1206 2087 Josepltum
1222 2050 1356 2083 Judaeum,
1372 2049 1411 2076 De
1420 2049 1541 2076 Iudaica?
1555 2048 1638 2082 gentis
1651 2047 1728 2075 ἐπία-

941 2101 1032 2129 milate
1043 2105 1121 2134 atque
1137 2098 1253 2126 interitu.
1263 2097 1323 2131 Quo
1339 2097 1365 2124 in
1381 2096 1450 2124 libro
1462 2100 1584 2122 extremo
1599 2094 1727 2121 Hieroso-

941 2148 1074 2184 lymorum
1099 2145 1233 2173 excidium
1256 2149 1358 2176 narrat,
1383 2147 1411 2169 et
1429 2141 1544 2169 Masadaa
1561 2140 1652 2175 oppidi
1674 2148 1682 2166 :
1701 2144 1728 2166 et

94 2194 198 2221 τούτων
211 2196 228 2229 ἡ
242 2195 298 2221 τῶν
308 2195 490 2227 Ἰωταπάτων,
504 2197 533 2223 ὲν
600 2197 647 2223 καὶ
666 2185 749 2228 αὐτὸς
758 2185 886 2231 Ἰώσηπος

943 2199 1007 2221 ante
1029 2193 1087 2220 haec
1112 2191 1311 2225 Jotapatorum,
1334 2189 1360 2215 in
1386 2195 1440 2222 quo
1463 2191 1491 2214 et
1518 2187 1576 2220 ipse
1593 2185 1729 2218 Iosephus

95 2240 162 2275 ἥλω.
177 2240 218 2267 ἔτι
238 2241 267 2268 δὲ
280 2241 422 2277 Γισχάλων
428 2243 449 2259 ³¹
464 2242 565 2274 ἅλωσις
577 2243 624 2270 καὶ
636 2242 723 2270 ἄλλων
733 2242 888 2269 Ἰουδαϊκῶν

96 2286 236 2321 φρουρίων
258 2287 455 2322 ὲρημία.Ἔστι
477 2288 506 2314 δὲ
532 2288 637 2324 αὺτῷ¹¹
652 2289 682 2315 τὺ
698 2287 840 2323 σύνταγμα
860 2290 889 2314 ὲν

97 2330 188 2365 λύγοις
201 2333 281 2360 ἑπτά.
296 2333 426 2369 Καθαρὸς
440 2334 491 2368 τὴν
501 2334 612 2370 φράσιν,
626 2335 673 2361 καὶ
690 2334 798 2369 ἀξίωμα
809 2334 890 2368 λόγου

99 2377 168 2411 μετὰ
180 2377 337 2414 εὐκρινείας
352 2381 400 2406 καὶ
416 2380 513 2415 ἡδονῆς
534 2379 621 2412 δεινὸς
635 2380 764 2416 ἐκφῆναι,
778 2380 891 2412 πιθανός

97 2430 127 2448 τε
142 2425 204 2455 ταῖς
219 2423 403 2458 δημηγορίαις
420 2425 467 2452 καὶ
480 2425 616 2461 ἐπίχαρις,
634 2426 687 2452 κᾶν
703 2426 750 2452 ἐπὶ
763 2425 891 2453 τάναντία

99 2469 112 2495 ὸ
124 2470 220 2504 καιρὸς
229 2471 299 2505 καλῇ
313 2471 468 2506 χρήσασθαι
479 2472 517 2507 τῷ
527 2471 609 2507 λόγῳ,
622 2471 707 2504 δεξιὸς
720 2471 767 2498 καὶ
779 2471 892 2506 γόνιμος

99 2515 301 2552 ἐνθυμημάτων
324 2518 512 2553 ὲφζέκάτερα,
530 2519 578 2545 καὶ
595 2517 799 2552 γνωμολογικὸς
810 2517 839 2543 δὲ
853 2517 891 2548 ὼς

942 2244 1053 2275 captus;
1073 2243 1202 2272 praeterea
1218 2235 1406 2264 Giscltalorum
1429 2233 1609 2264 eversionem,
1622 2236 1648 2258 et
1661 2231 1729 2258 alio-

943 2293 1003 2312 rum
1016 2284 1190 2312 Judaicorum
1202 2281 1428 2308 munimentorum
1443 2278 1646 2307 desolationem.
1662 2277 1731 2304 Sunt

944 2338 1034 2359 autem
1044 2330 1124 2365 hujus
1135 2329 1225 2364 operis
1235 2328 1294 2354 libri
1306 2332 1420 2361 septem.
1431 2325 1567 2354 Candidus
1579 2324 1617 2352 illi
1629 2331 1730 2356 sermo,

943 2379 990 2414 qui
1009 2377 1145 2405 rationum
1163 2374 1268 2410 pondus
1285 2379 1366 2408 atque
1383 2377 1548 2400 momentum
1572 2379 1632 2398 ettm
1657 2372 1732 2405 puri-

945 2430 1001 2452 tate
1016 2431 1047 2451 ac
1058 2422 1231 2458 iucunditate
1242 2420 1396 2454 exprimere
1409 2418 1504 2453 possit.
1518 2417 1544 2444 In
1557 2416 1733 2444 concionibus

946 2467 1124 2505 persuadendi
1150 2466 1176 2493 vi
1203 2464 1332 2500 prmditus
1360 2467 1421 2494 est,
1448 2469 1480 2488 ac
1505 2461 1650 2495 gratiosus,
1676 2465 1732 2487 tum

946 2516 1027 2542 etiam
1045 2521 1105 2541 cutn
1131 2513 1225 2538 suadet
1242 2507 1430 2544 opportunitas
1452 2507 1602 2534 orationem
1625 2505 1651 2532 in
1665 2513 1732 2532 con-

719 2603 837 2632 VAHIE
857 2601 1056 2631 LECTIONES.

138 2651 222 2689 ἐ’-οὓς
238 2661 271 2684 ς.
309 2654 333 2670 ”
350 2653 509 2689 ἀνεγνώσθη
529 2653 576 2681 τοῦ
588 2651 682 2680 αὑτοῦ.
698 2654 732 2685 Α,
747 2651 957 2687 ἀνεγνώσθησαν
973 2648 1056 2677 αὐτοῦ
1088 2656 1107 2680 ς·
1122 2667 1130 2674 .

103 2686 126 2702 ³¹
139 2687 205 2713 αὐτὸ
227 2696 258 2720 ς.

1177 2646 1200 2662 ³⁰
1215 2643 1414 2681 εὐθηνούμενος
1443 2652 1474 2675 ς.
1516 2643 1536 2659 ³¹
1551 2643 1687 2679 χισχάλων
1700 2642 1732 2668 Α.

860 2771 974 2801 NOTAE.

139 2832 196 2865 (75)
211 2831 400 2858 Emcmlicalur
416 2831 538 2858 redditur
552 2839 566 2857 a
577 2830 712 2858 Gentiano
724 2829 842 2858 llerveto
857 2838 890 2859 ex
909 2830 993 2865 ipsius
1007 2829 1171 2858 Theodoreti
1189 2829 1297 2856 Prmfal.
1322 2827 1445 2855 Sadalam
1474 2832 1524 2860 ego
1546 2831 1622 2856 voco,
1652 2819 1730 2856 quasi

106 2867 310 2897 simuledalem,
328 2871 355 2894 et
368 2868 487 2899 eiusdem
505 2866 664 2897 participem
678 2866 817 2895 srmbolte.
