1918 3086
106 108 142 140 85
612 107 873 140 BIBLIOTHECA.
890 121 926 128 -
937 108 1044 139 CODD;
1064 108 1233 139 XLVIII-L.
1711 107 1746 138 86

108 162 292 198 κοσμογονίας
304 161 510 197 κεφαλαιωδῶς.
530 162 598 197 Περὶ
614 165 707 198 μέντοι
726 163 845 200 Χριστοῦ
858 173 889 191 το

959 163 1080 191 disserit.
1096 163 1132 190 De
1154 163 1263 190 Christo
1276 166 1367 189 autem
1391 169 1456 189 vero
1477 161 1533 189 Deo
1553 161 1692 195 aptissime
1707 161 1747 189 lo-

110 207 241 243 άληθινοῦ
257 207 325 235 Θεοῦ
343 207 422 243 ἡμῶν
435 207 473 239 ὡς
490 207 604 242 ἔγγιστα
619 208 750 244 θεολογεῖ,
765 210 860 245 κλῆσίν
874 219 904 237 τε

108 254 194 290 αὐτὴν
215 253 459 289 ἀναφθεγγόμενος
479 254 612 288 Χριστοῦ,
626 255 674 282 καὶ
692 255 740 291 τὴν
755 256 787 283 ὲκ
801 256 904 292 πατρδς

108 301 248 336 ἄφραστον
270 302 400 336 γέννησιν
422 300 578 336 ἀμέμπτως
590 300 805 336 ἀναγράφων.”0
829 311 904 335 τινας

109 346 173 377 ἴσως
184 346 232 372 καὶ
253 345 424 380 ἀμφιδοξεῖν,
441 345 480 376 ὡς
490 345 624 380 Ἰωσήπου
641 345 684 381 εἴη
699 345 731 372 τὸ
748 347 904 381 συνταγμά-

107 400 181 423 nov,
197 392 382 419 ἀναπείσειεν.
400 391 482 418 Οὐδὲν
504 391 533 418 δὲ
555 391 587 418 τὸ
607 392 658 426 τῆς
680 392 808 427 φράσεως
830 393 904 428 αὐτῷ

105 437 177 472 πρὸς
195 437 231 464 τὰ
249 438 384 464 ὑπόλοιπα
403 437 451 465 τοῦ
470 438 567 474 ἀνδρὸς
586 438 690 465 ἀποδεῖ.

141 480 230 521 Εὗρον
247 484 276 510 δὲ
285 485 307 500 ³⁷
323 485 354 511 ὲν
370 487 567 521 παραγραφαῖς
582 486 623 513 ὅτι
639 487 690 513 οὐκ
705 486 779 514 ἔστιν
794 487 808 513 ὀ
823 487 902 522 λόγος

103 529 256 564 Ἰωσήπου,
273 531 341 557 ἀλλὰ
366 531 446 557 Γαΐου
468 531 540 563 τινὸς
561 532 747 568 πρεσϐυτέρου
761 533 791 560 ἐν
808 532 901 569 Ῥώμῃ

103 576 299 612 διατρίϐοντος,
312 577 342 604 ὄν
357 586 422 612 φασι
431 577 560 610 συντάξαι
575 579 622 605 καὶ
637 579 690 606 τὸν
704 579 899 614 Λαϐύρινθονι

102 620 135 649 οὗ
152 623 201 650 καὶ
217 623 341 658 διάλογος
356 624 468 659 φέρεται
481 625 551 660 πρὸς
564 625 685 661 Πρόκλον
698 626 759 652 τινὰ
774 626 900 662 ὑπέρμα-

101 677 151 702 χον
162 668 281 704 τῆςτῶν
294 669 487 696 Μοντανιστῶν
498 670 639 706 αἱρέσεως.
655 671 857 706 Ἀνεπιγράφου
871 671 899 698 δὲ

101 714 333 748 καταλειφθέντος
354 716 400 742 τοῦ
419 716 499 751 λόγου
522 717 589 751 φασὶ
612 717 675 748 τοὺς
700 717 750 752 μὲν
765 717 898 752 Ἰωσήπου

100 761 258 796 ἐπιγράψαι
268 781 275 794 ,
289 762 354 793 τοὺς
366 762 394 788 δὲ
409 763 554 790 Ίουστινου
569 763 616 790 τοῦ
635 764 787 799 μάρτυρος,
803 764 898 796 ἄλλους

959 211 1061 246 quitur,
1083 210 1192 245 quando
1208 214 1235 236 et
1251 209 1336 243 ipsam
1359 208 1459 236 Chriin
1479 207 1689 243 appellationem
1707 206 1745 233 illi

958 257 1092 290 attribuit,
1111 262 1138 284 et
1156 256 1366 284 inenarrabilem
1388 263 1421 282 ex
1438 254 1518 282 Patre
1539 254 1744 289 generationem

957 303 1026 330 citra
1044 303 1282 336 reprehensionem
1296 301 1434 329 describit.
1452 301 1517 334 Qua:
1529 307 1574 327 res
1590 298 1743 333 ambigendi

957 349 1074 377 fortasse
1090 349 1206 383 cuipiam
1236 355 1346 375 causam
1363 348 1492 382 praebeat,
1513 347 1583 374 sitne
1600 347 1650 374 hoc
1665 344 1744 372 Jose‘

958 395 1002 430 phi
1018 395 1177 430 opusculum
1191 403 1199 422 :
1214 394 1266 421 etsi
1283 393 1350 421 nihil
1366 393 1471 421 dicendi
1486 400 1585 428 genere
1599 400 1614 419 a
1632 391 1743 426 reliquis

956 442 1076 476 ejusdem
1090 441 1199 475 scriptis
1211 440 1335 468 discedit.

991 487 1118 522 Comperi
1147 487 1305 514 adnotatum
1328 486 1435 519 fuisse,
1466 493 1520 512 non
1547 492 1608 512 esse
1631 484 1741 519 Iosephi

958 535 1009 561 hoc
1037 541 1123 569 opus,
1149 534 1196 561 sed
1227 533 1284 561 Caii
1314 532 1453 566 cujusdam
1479 532 1629 568 presbyteri
1649 532 1742 559 Romae

954 578 1070 610 attentis,
1085 585 1165 612 quem
1181 582 1209 605 et
1223 581 1361 604 auctorem
1380 577 1483 604 faciunt
1497 576 1654 611 Labyrinthi
1669 585 1678 604 :
1693 584 1742 604 cu-

951 625 996 660 jus
1011 624 1093 652 etiam
1109 624 1230 659 dialogus
1240 628 1281 651 est
1295 624 1426 650 adversus
1443 623 1568 650 Proclum
1582 623 1738 658 quemdam,

954 671 1065 698 hmresis
1080 670 1304 698 Montanistarum
1321 670 1503 697 defensorem.
1518 669 1585 697 Cum
1599 670 1670 697 enim
1680 670 1740 697 sine

954 717 1031 744 titulo
1054 724 1121 751 opus
1147 717 1271 744 relictum
1296 721 1388 748 esset,
1410 716 1454 743 alii
1489 716 1596 751 quidem
1621 715 1740 750 Josepho

953 762 1113 796 inscriptum
1132 761 1254 788 referunt
1274 761 1319 788 alii
1336 761 1443 788 Justiuo
1469 762 1592 797 martyri,
1616 762 1738 788 nonnulli

99 807 128 833 ίὲ
140 808 291 843 Εἰρηναιου
299 808 332 841 ⁸⁸,
342 808 437 845 ὥσπερ
446 809 493 836 καὶ
507 810 561 837 τὸν
571 810 757 844 Λαϐύρινθόν
764 819 835 843 τινες
849 811 890 837 ἐπ

953 807 1063 841 Irenzco,
1092 808 1319 841 quemadmodum
1349 813 1376 835 et
1405 807 1598 843 Labyrinthum
1628 807 1738 844 Origeni

99 851 226 887 ἔγραψαν
245 852 412 889 Ὠριγένους.
434 854 512 881 Ἐπεὶ
533 854 614 881 Γαΐου
642 855 701 881 ἐστὶ
727 855 838 891 πόνημα
863 858 890 892 ei

950 853 1059 887 quidam
1075 853 1204 881 tribuere.
1219 854 1325 888 Alioqui
1337 853 1395 882 Caii
1412 859 1453 882 est
1468 862 1534 888 opus
1555 855 1675 890 ejusdem
1694 863 1739 882 re-

97 897 216 933 ὀληθεὶᾳ
226 898 273 925 τοῦ
285 899 307 915 ³⁹
316 900 510 935 συντεταχότος
523 900 577 928 τὸν
588 901 784 936 Λαϐύρινθον,
799 902 837 934 ὡς
850 903 897 929 καὶ

96 943 179 974 αὐτὸς
189 944 220 970 ὲν
231 943 272 979 τῷ
281 944 354 971 τέλει
362 945 416 972 τοῦ
425 946 612 980 Λαϐυρίνθου
623 946 823 984 διεμαρτύρατο
832 948 896 976 ἑαυ-

95 989 144 1015 τοῦ
162 987 234 1017 εἶναι
241 990 286 1017 τὸν
295 991 365 1025 Περὶ
375 991 431 1026 τῆς
445 992 498 1019 τοῦ
506 993 621 1026 παντὸς
637 994 748 1025 οὐσίας
763 993 895 1027 λόγον.λΕξ

94 1036 118 1062 ὂ⁴
133 1037 230 1072 ἕτερος
244 1038 292 1064 καὶ
304 1038 354 1073 οὐχ
369 1035 447 1070 οὗτός
466 1039 551 1072 ἐστιν,
566 1039 643 1066 οὒπω
660 1048 707 1075 μοι
720 1040 834 1074 γέγονεν
850 1040 895 1067 εὕ-

93 1082 184 1116 ὂηλον.
201 1082 305 1110 Τοῦτον
329 1084 376 1110 τὸν
397 1084 475 1111 Γάϊον
491 1085 676 1121 πρεσϐύτερόν
691 1095 755 1121 φασι
779 1087 895 1122 γεγενῆ-

94 1128 160 1155 σθαι
169 1128 222 1163 τῆς
234 1130 306 1156 κατὰ
313 1129 425 1166 Ῥώμην
437 1130 482 1166 [57
495 1131 542 1167 R.]
551 1131 716 1167 Ἐχκλησίας
726 1133 773 1159 ἐπὶ
786 1133 896 1160 Οὑίκτο-

94 1182 141 1210 ρος
153 1175 202 1200 καὶ
217 1175 367 1210 Ζεφυρίνου
384 1177 436 1204 τῶν
451 1177 612 1213 ἀρχιερέων,
630 1178 852 1214 χειροτονηθῆναι
866 1179 895 1205 δὲ

92 1221 177 1246 αὑτὸν
195 1222 245 1247 καὶ
258 1220 345 1248 ἐθνῶν
362 1222 522 1249 ἐπίσκοπον.
539 1223 671 1257 Συντάξαι
687 1224 716 1251 δὲ
730 1225 777 1251 καὶ
801 1225 894 1261 ἕτερον

90 1265 172 1300 λόγον
188 1267 262 1298 ἰδίως
275 1267 348 1293 κατὰ
364 1267 412 1303 τῆς
423 1268 597 1304 ’Δρτέμωνος
611 1270 754 1305 αἱρέσεως,
765 1270 895 1298 καὶκατὰ

91 1312 217 1347 Πρόκλου
235 1312 263 1339 δὲ
283 1313 454 1340 σπουδαστοῦ
477 1315 619 1342 Μοντανοῦ
639 1316 789 1343 σπουδαίαν
801 1317 893 1344 διάλε-

90 1358 166 1391 ξιν⁸⁴³
182 1359 387 1394 συντεταχέναι,
402 1357 434 1387 ἓν
448 1357 464 1398 ᾖ
478 1361 656 1397 τρισκαίδεκα
681 1363 765 1397 μόνας
783 1365 892 1390 ἐπιστο-

91 1403 141 1435 λὰς
167 1404 329 1440 ἀριθμεῖται
358 1406 487 1440 Παύλου,
514 1408 564 1434 οὐκ
592 1408 728 1444 ὲγκρίνων
752 1409 802 1445 τὴν
823 1409 893 1444 πρὸς

96 1449 254 1486 Ἑϐραίους.

450 1500 517 1528 Μθκ

91 1541 147 1570 τοῦ
161 1542 310 1582 ὲν-ἁγζοις
323 1546 477 1579 Κυρίλλου
491 1545 546 1573 τοῦ
560 1546 802 1581 Ἀλεξανδρείας,
815 1547 892 1575 κατὰ

178 1580 241 1604 τῶν
251 1580 418 1614 Νεστοριου
434 1582 645 1616 βλασφημιῶν
655 1580 742 1617 λόγοι
764 1586 796 1610 ε’.

126 1623 300 1660 Ἀνεγνὼσθη
315 1625 364 1652 τοῦ
387 1627 416 1652 ὲν
439 1627 527 1661 ἁγίοις
551 1627 688 1664 Κυρίλλου
704 1628 752 1655 τοῦ
764 1628 891 1662 ’Δλεξαν-

90 1668 210 1704 opsita“
223 1671 306 1698 Κατὰ
319 1671 379 1698 τῶν
391 1673 446 1700 τοῦ
458 1674 624 1708 Νεστορίου
632 1674 850 1709 βλασφημιῶν,
861 1676 890 1701 ὲν

91 1715 180 1749 λόγοις
189 1717 281 1744 πέντε.
290 1718 421 1747 Φυλάττει
433 1718 462 1745 δὲ
474 1720 527 1746 κάν
537 1720 642 1752 τούτοις
651 1720 706 1748 τῶν
719 1723 827 1748 οἰκείων
843 1722 889 1748 λό-

90 1769 146 1795 γων
170 1762 217 1790 τὸν
240 1764 405 1800 χαρακτῆρα
427 1764 520 1791 καὶτὸ
538 1765 654 1800 ἰδίωμα,
678 1767 846 1802 σαφέστερος
860 1767 889 1794 δέ

89 1807 145 1834 ἐστι
159 1808 207 1835 τοῦ
222 1809 291 1844 πρὸς
309 1809 438 1845 Ἑρμείαν
452 1813 499 1838 καὶ
514 1812 562 1838 τοῦ
579 1813 649 1847 Περὶ
664 1813 720 1848 τῆς
741 1814 777 1841 ἐν
793 1815 888 1842 Πνεύ-

87 1861 158 1887 ματι
171 1855 328 1888 λατρείας.
336 1856 367 1884 ὐ
377 1857 406 1884 δὲ
416 1856 495 1892 λόγος
507 1858 582 1894 αὐτῷ
595 1859 779 1894 πεποιημένος
789 1861 836 1887 καὶ
847 1862 888 1893 εἰς

90 1899 245 1931 ἰδιάζουσαν
263 1902 339 1929 ἰδέαν
355 1903 588 1940 ἐκϐεϐιασμένος,
604 1905 652 1932 καὶ
675 1903 732 1933 οἷον
754 1906 888 1943 λελυμένη

88 1946 135 1972 καὶ
153 1947 185 1974 τὺ
205 1948 308 1984 μέτρον
327 1949 492 1985 ὑπερορῶσα
511 1951 630 1987 ποίησις.

459 1998 502 2025 N’.

86 2038 193 2067 Νικίου
209 2042 350 2076 μοναχοῦ
373 2044 589 2112 καέἓίτῶνζτοῦ
603 2046 775 2073 Φιλοπόνου
790 2054 885 2080 κεφα-

461 2089 503 2106 ων
540 2084 557 2108 ’.

461 2089 503 2106 ων
523 2084 557 2108 ζ’.

121 2119 169 2156 [l7
175 2121 223 2158 H.]
231 2122 402 2157 ’Δνεγνώσθη
411 2124 507 2150 Νικίου
517 2124 725 2160 μοναχοῦζΚατὰ
731 2125 791 2152 τῶν
798 2127 852 2154 τοῦ
862 2127 884 2143 ⁸⁸

949 906 1029 931 vera,
1059 899 1105 933 qui
1131 898 1321 934 Labyrintltum
1345 900 1497 934 composuit
1521 900 1606 935 12a,
1627 900 1738 935 quando

949 944 993 972 ille
1010 945 1068 979 ipse
1086 945 1112 971 in
1126 950 1248 972 extremo
1267 944 1431 980 Labyrintlio
1458 950 1585 973 testatum
1615 946 1736 980 reliquit,

947 996 1009 1016 esse
1024 997 1054 1016 se
1073 989 1134 1016 libri
1153 989 1190 1016 De
1205 991 1322 1017 uniuersi
1339 992 1440 1023 jmrlura
1467 996 1615 1018 auctorem.
1636 990 1736 1018 Verum

948 1034 991 1061 hic
1007 1042 1040 1061 ue
1052 1034 1120 1061 liber
1132 1034 1177 1062 ille
1189 1034 1236 1068 sit,
1252 1035 1286 1061 de
1309 1042 1364 1069 quo
1388 1036 1492 1069 agitur},
1510 1043 1545 1062 an
1561 1035 1641 1067 alius,
1665 1043 1736 1062 nou-

947 1081 1009 1107 dum
1037 1080 1102 1108 mihi
1130 1080 1223 1115 liquet.
1245 1080 1324 1108 llunc
1345 1080 1441 1108 Caium
1463 1081 1520 1116 (77)
1548 1082 1734 1118 presbyterum

947 1126 1075 1154 Romanae
1095 1127 1224 1155 Ecclesiae
1242 1127 1327 1166 fuisse
1342 1127 1489 1160 afﬁrmant,
1511 1129 1562 1156 sub
1584 1128 1693 1156 Victore
1707 1136 1735 1156 et

946 1173 1101 1208 Zephyrino
1119 1173 1311 1208 pontiﬁcibus,
1335 1174 1549 1209 ordinatumque
1573 1179 1599 1201 et
1613 1175 1733 1209 gentium

945 1220 1112 1254 episcopum,
1130 1220 1275 1254 scripsisse
1291 1227 1399 1255 quoque
1421 1220 1584 1255 peculiarem
1600 1221 1681 1248 alium
1699 1221 1733 1248 li-

944 1265 1023 1292 brum
1037 1269 1133 1292 contra
1149 1264 1305 1292 Artemonis
1327 1264 1453 1292 haeresim
1468 1264 1538 1299 (78),
1559 1269 1586 1292 et
1602 1265 1733 1293 adversus

943 1310 1080 1343 Pruclurn,
1097 1309 1218 1337 Montani
1236 1311 1397 1344 studiosum,
1419 1315 1574 1338 accuratam
1601 1312 1733 1346 disputa-

945 1358 1059 1389 tionem,
1075 1357 1101 1383 in
1119 1364 1171 1389 qua
1186 1357 1315 1384 tredecim
1330 1357 1461 1384 duntaxat
1474 1357 1504 1384 B.
1518 1356 1593 1385 Pauli
1605 1359 1733 1392 epistolas

943 1407 1083 1430 enumeret
1099 1403 1166 1438 (79),
1184 1410 1237 1430 non
1252 1407 1361 1438 recepta
1384 1403 1411 1430 in
1429 1411 1540 1431 censum
1560 1410 1603 1435 ea,
1615 1411 1676 1439 quae
1691 1409 1732 1432 est

941 1449 974 1476 ad
993 1449 1132 1477 llebraaos.

1288 1495 1372 1524 XLIX

942 1540 1019 1569 Beati
1035 1541 1132 1577 Cyrilli
1146 1543 1324 1570 Alexandrini
1337 1548 1429 1570 contra
1446 1543 1600 1571 Nestorium
1625 1543 1686 1570 libri
1703 1552 1729 1571 ν.

976 1621 1075 1649 Lectus
1089 1625 1131 1649 est
1151 1621 1181 1650 B.
1201 1622 1317 1658 Cyrillus
1332 1622 1502 1650 Alexandria:
1518 1623 1661 1658 episcopus
1674 1624 1730 1651 Ad-

941 1675 1029 1694 versus
1045 1667 1223 1702 blasphemiae
1244 1668 1374 1701 Nestor-ii,
1392 1669 1467 1696 libris
1488 1670 1612 1705 quinque.
1633 1669 1731 1698 Servat

941 1713 968 1740 in
989 1713 1030 1741 his
1046 1721 1156 1748 quoque
1179 1721 1257 1741 suum
1274 1715 1382 1742 dicendi
1409 1715 1609 1749 characterem,
1630 1721 1658 1744 et
1673 1723 1730 1743 ser-

940 1759 1028 1787 monis
1040 1759 1244 1794 proprietatem.
1260 1759 1368 1788 Clarior
1383 1768 1447 1788 vero
1463 1765 1505 1788 est
1519 1769 1600 1796 quam
1616 1761 1649 1788 ad
1662 1760 1730 1788 Her-

939 1805 1022 1832 miam
1036 1805 1172 1839 scribens,
1189 1806 1276 1833 autin
1294 1806 1370 1834 libris
1391 1807 1429 1834 De
1446 1807 1601 1834 adoraliane
1621 1808 1649 1834 in
1665 1807 1727 1842 Spi-

939 1851 993 1878 ritu
1019 1851 1087 1887 (80).
1114 1851 1212 1879 Sermo
1235 1852 1272 1879 illi
1300 1852 1444 1885 conﬁctus,
1475 1858 1502 1880 et
1528 1854 1561 1880 ad
1592 1854 1726 1888 propriam

939 1898 1046 1925 dicendi
1064 1898 1179 1926 formam
1202 1904 1355 1932 contortus,
1380 1906 1412 1927 ac
1433 1899 1514 1927 veluti
1529 1899 1648 1927 solutum
1675 1908 1726 1927 uu-

939 1950 1082 1977 rnerosque
1098 1943 1238 1979 negligens
1259 1949 1389 1972 metrum.

938 2035 1031 2063 Nicias
1046 2037 1190 2064 monachus
1206 2042 1300 2064 contra
1323 2037 1510 2072 Pliilopunum,
1537 2037 1672 2069 Set-erum,
1694 2047 1726 2065 ac

1284 2078 1382 2107 gentes.

972 2118 1070 2146 Lectus
1086 2118 1178 2146 Nicias
1204 2121 1365 2152 monachus,
1388 2119 1487 2146 Contra
1515 2118 1656 2154 I’hiloponi
1678 2128 1724 2147 ca-

85 2167 259 2196 Φιλοπόνου
275 2171 451 2203 κεφαλαίων
461 2170 548 2203 ἑπτὰ,
559 2167 597 2198 ὧν
610 2171 839 2207 διεμνημόνευσεν
854 2173 884 2200 ὲν

950 2166 991 2192 ita
1014 2171 1120 2200 septem,
1142 2174 1258 2200 quorum
1277 2167 1438 2194 meminerat
1453 2168 1479 2194 in
1497 2168 1567 2196 libro
1585 2176 1664 2203 quem
1683 2168 1725 2195 in-

84 2211 123 2247 τῷ
138 2213 300 2250 γαλουμένῳ
317 2215 400 2242 αὑτοῦ
420 2216 492 2251 λόγῳ
505 2217 675 2251 Διαιτητής.
689 2218 767 2244 Ἔστι
791 2218 820 2244 δὲ
833 2218 883 2254 τὴν

950 2212 1044 2245 cripsit
1064 2213 1213 2248 Διαιτήτην
1229 2213 1293 2247 (hoc
1307 2217 1360 2245 est,
1383 2214 1537 2246 arbitrium,
1564 2223 1612 2242 seu
1636 2216 1725 2249 cogni-

86 2258 186 2292 φράσιν
200 2259 305 2292 ἁπλοῦς
332 2261 380 2287 καὶ
395 2261 528 2297 σύντομος
543 2263 590 2289 καὶ
606 2264 666 2295 ταῖς
686 2263 881 2299 ἅντιῤῥήσεσιν

87 2302 180 2335 ἱκανὸς
197 2305 245 2331 καὶ
264 2305 422 2341 ἀπέριττος.

121 2390 295 2428 ’Λνεγνώσθη
304 2393 333 2419 δὲ
345 2393 392 2420 τοῦ
401 2394 484 2421 αὐτοῦ
494 2396 541 2422 καὶ
550 2395 631 2422 Κατὰ
641 2396 695 2423 τοῦ
705 2396 879 2429 δυσσεϐοῦς

85 2437 230 2471 Σεϐήρου,
242 2438 282 2465 ἔτι
301 2439 330 2465 δὲ
349 2440 396 2466 καὶ
417 2441 498 2468 Κατὰ
521 2441 681 2476 Ἐλλήνων
705 2443 790 2477 λόγοι
810 2441 877 2470 δύο.

933 2258 1039 2291 tarem),
1058 2257 1146 2293 stylus
1176 2258 1226 2293 ipsi
1259 2258 1374 2293 simplex
1406 2264 1490 2293 atque
1514 2260 1659 2292 concisus.
1697 2265 1724 2287 et

933 2303 1154 2338 responsionibus
1189 2303 1384 2338 satisfaciens,
1420 2306 1585 2340 minimeque
1624 2306 1724 2333 redun-

932 2349 1010 2376 dans.

971 2394 1033 2429 Legi
1051 2395 1170 2429 ejusdem
1183 2399 1211 2422 et
1234 2395 1336 2423 Contra
1359 2397 1467 2432 impium
1496 2397 1619 2425 Severum
1635 2399 1722 2426 adhuc

931 2441 1014 2468 etiam
1035 2440 1134 2468 Contra
1151 2446 1239 2476 gentes
1256 2442 1338 2469 libros
1360 2444 1437 2471 ιιιιοι.

735 2518 852 2546 varum
871 2517 1077 2546 LECTIONES.
1122 2504 1123 2507 “

129 2562 151 2577 ³⁷
164 2563 192 2601 δὲ
206 2571 259 2590 οιη.
278 2564 311 2591 Α.
349 2565 372 2581 ³⁸
385 2565 510 2601 εἰρηνὲου
537 2575 568 2598 ς.
607 2567 630 2583 ³⁹
644 2567 692 2594 τοῦ
706 2567 727 2595 Α
746 2577 752 2595 :
769 2569 853 2595 αὑτοῦ
872 2577 903 2600 ς.

87 2604 144 2624 0m.
156 2599 189 2625 A.

944 2569 968 2584 ⁸ο
987 2567 1120 2605 διάλεξιν]
1135 2568 1164 2595 δὲ
1174 2569 1246 2603 λέξιν
1258 2570 1290 2597 Α.
1330 2570 1351 2586 ⁸¹
1366 2569 1551 2606 ἀλεξανδρέως
1564 2573 1597 2599 Α.
1635 2575 1657 2590 ⁸³
1673 2573 1720 2600 τοῦ

850 2672 966 2701 NOT/E.

123 2729 180 2765 (Π)
194 2729 307 2769 Vide
324 2730 399 2769 Hier.
414 2732 440 2759 in
464 2731 603 2766 Catulario,
628 2743 653 2763 ε.
675 2735 721 2769 59,
736 2741 763 2764 et
777 2736 877 2765 Euseb.

88 2765 231 2802 iih._rr.c.
250 2765 302 2799 H;
316 2772 344 2802 et
361 2767 406 2802 lib:
423 2775 452 2800 tl,
472 2773 532 2802 cap.
549 2765 601 2796 τι
713 2765 735 2791 ’-

193 2801 236 2842 pe
247 2808 300 2842 qua
318 2801 376 2836 lege
390 2800 651 2842 'l‘heodoreliatque
666 2805 787 2842 rlﬂiceph.

123 2836 178 2872 (79)
190 2836 257 2870 Qua
268 2836 335 2865 item
363 2838 497 2866 sententia
521 2836 648 2869 tribuitur
664 2836 807 2878 Hippolyto
826 2843 874 2871 iui.

928 2739 1163 2812 gnill'0fgltiistant
1186 2776 1266 2803 hodie
1289 2785 1346 2804 xvn
1367 2776 1468 2812 Dialogi
1498 2776 1534 2803 De
1560 2777 1718 2804 ndoratimre

887 2826 892 2831 -
928 2810 954 2836 iu
982 2810 1078 2842 spiritu
1104 2817 1129 2837 et
1160 2812 1291 2844 ueritate,
1316 2812 1410 2840 Roma:
1435 2810 1499 2840 editi
1522 2813 1622 2846 interp.
1653 2814 1718 2841 Aut.

928 2846 1032 2880 Agellio
1043 2847 1128 2880 cpisc.
