1918 3086
56 116 94 147 89
651 117 915 148 BIBLIOTHECA.
932 129 967 135 -
980 117 1063 148 COD.
1079 117 1145 148 LII.
1657 110 1692 145 9ο

60 176 348 211 συμφωνία.Ἐγραψε
362 177 391 204 δὲ
407 177 454 204 καὶ
467 176 581 208 Διτώῖος
603 177 618 203 ὁ
636 176 783 211 Ἀρμενίας
799 175 859 202 ὲπί-

925 176 1026 211 ἱοτίρείι
1049 181 1077 203 et
1093 174 1199 203 Litoius
1221 173 1279 210 (ει)
1312 172 1448 200 Armenia
1472 171 1628 206 episcopus,
1659 172 1694 200 de

62 230 176 255 σκοπος,
191 221 442 258 διαπυνθανόμενος
454 223 488 250 τὰ
498 223 562 258 περὶ
573 223 628 249 τῶν
637 222 842 250 Μεσαλιανιτῶν
850 229 857 236 ·

62 268 112 294 καὶ
133 267 245 305 ἑγρᾴφη
263 268 337 302 αύτῷ
352 270 369 303 ἡ
384 269 448 304 περὶ
465 269 554 295 αὐτῶν
567 268 695 304 συνοδικὴ
709 268 798 303 ψῆφος
812 267 860 293 καὶ

64 313 343 348 ἁπόφασις.Ἕγραψε
364 314 393 341 δὲ
407 316 422 341 ὁ
440 313 525 348 μέγας
540 313 690 345 causam
702 314 749 340 καὶ
760 314 860 348 Ἀρμε-

66 357 116 393 νίῳ
131 358 187 384 τινὶ
201 358 345 393 ὲπισκόπῳ
358 358 422 394 περὶ
434 359 484 393 τῆς
496 358 582 393 αὐτῆς
598 358 756 390 ὑποθέσεως
766 358 861 384 δεύτε-

68 411 131 438 ρον·
146 404 178 429 ὲν
188 403 218 430 δὲ
230 405 264 439 τῇ
279 403 396 440 δευτέρᾳ
408 404 536 439 ἐπιστολῇ
551 403 598 440 [18
612 403 659 438 Η.]
673 404 720 430 καὶ
728 403 751 420 ⁵ο
765 403 862 438 ἐγκλη-

66 456 110 475 σιν
132 449 283 484 προσάγει,
299 450 341 476 ὅτι
361 449 528 485 προστασίας
551 450 624 482 τινος
650 449 714 486 παρ’
729 450 810 477 αὑτοῦ
837 451 861 476 οι

66 494 269 521 Μεσαλιανῖται
292 495 484 530 τυγχάνουσιν.
504 495 628 531 Ἔγραψε
653 496 746 530 μέντοι
773 496 823 523 καὶ
847 497 862 523 ὁ

68 540 385 572 Κωνσταντινουπὸλεως
394 541 516 572 Ἀττικὸς
526 542 584 573 τοῖς
599 542 627 568 ὲν
641 541 790 577 Παμφυλίᾳ
801 542 862 568 ἑπι-

70 585 196 617 σκόποις.
209 586 255 612 ἵνα
272 586 443 621 πανταχόθεν
461 588 524 618 τοὺς
541 586 729 618 Μεσαλιανοὺς
747 586 785 616 ὼς
807 585 861 621 ἄγη

70 632 119 658 καὶ
135 631 208 667 μύση
221 631 411 659 ἀπελαύνουσιν
420 640 427 646 ·
445 632 485 659 ἔτι
496 633 523 659 δὲ
534 633 548 659 ό
562 632 644 664 αὐτὸς
657 632 704 659 καὶ
719 631 786 668 πρὸς
797 632 864 667 ’Δμ-

72 677 194 713 φιλόχιον
212 678 260 704 τὸν
278 679 357 713 Σίδης
375 678 487 713 ὁμοίως.

107 723 235 758 Ἔγραψε
251 723 280 750 δὲ
295 725 343 750 καὶ
361 724 493 756 Σισίννιος
520 725 535 750 ὁ
552 725 865 759 Κωνσταντινουπόλεως

73 769 122 795 καὶ
137 770 266 801 Θεόδοτος
287 771 302 797 ὁ
323 770 489 806 Ἀντιοχείας
513 772 606 808 κοινὴν
624 773 770 808 ἐπιστολὴν
796 774 865 808 πρὸς

74 814 232 849 Βερινιανὸν
244 816 291 842 καὶ
308 816 483 851 Ἀμφιλόχιον
492 817 539 844 καὶ
551 818 661 850 λοιποὺς
672 819 735 850 τοὺς
745 819 774 845 ἐν
786 819 865 854 Παμ-

910 222 1079 250 Messalianis
1093 222 1274 255 interrogans.
1289 219 1458 254 missumque
1481 218 1514 246 ad
1529 218 1602 245 illum
1618 225 1696 253 synn-

910 269 1000 296 dicnm
1023 267 1056 295 de
1071 267 1124 294 illis
1146 267 1284 294 decretum
1304 269 1387 300 atque
1409 264 1554 292 sententia.
1581 263 1698 297 Scripsit

909 320 1018 348 quoque
1041 320 1156 347 magnus
1178 311 1324 339 Flavianus
1347 310 1478 337 Armenio
1504 308 1614 336 cuidam
1640 308 1698 343 epi-

909 365 1003 393 scopo,
1024 357 1094 392 13a
1117 357 1216 384 iterum
1242 356 1275 383 de
1296 355 1392 382 eadem
1415 356 1473 389 ipsa
1489 362 1540 382 re;
1569 361 1621 389 qna
1638 353 1698 388 qui-

910 405 971 431 dem
984 403 1070 430 allera
1083 402 1207 437 epistola,
1227 401 1310 428 etiam
1334 400 1458 435 queritur
1480 400 1513 427 et‘
1529 399 1697 434 expostulat,

911 449 1055 484 patrocinii
1071 448 1143 482 apud
1163 448 1251 482 ipsum
1272 446 1375 480 aliquid
1401 445 1601 472 Messalianitas
1621 444 1698 471 inve-

912 495 981 521 nire.
998 493 1117 527 Scripsit
1130 498 1157 519 et
1172 492 1280 519 Atticus
1305 489 1624 524 Constantinopolitanus
1645 491 1700 524 epi-

912 541 1002 575 scopis
1013 541 1040 567 in
1056 540 1214 575 Pamphylia
1228 539 1436 570 exsistentibus,
1451 543 1481 565 ut
1496 538 1615 572 untdique
1627 537 1700 564 Mes-

913 587 1032 614 salianos
1050 585 1131 613 veluti
1147 593 1241 613 sacros
1263 593 1295 612 ac
1317 583 1495 612 detestandos
1511 583 1699 610 exturbarent.

913 629 983 663 Quin
1003 634 1031 656 et
1043 630 1112 656 idem
1129 629 1162 656 ad
1179 629 1401 664 Amphilochium
1424 627 1497 655 Sidae
1512 626 1702 662 praesidentem

914 675 1041 703 similiter
1055 675 1178 709 scripsit.

951 720 1087 748 Sisinnius
1111 721 1175 748 item
1203 719 1533 755 Cnnstantinopolitanns,
1562 723 1591 746 et
1614 718 1704 744 Then-

916 767 997 795 dotus
1012 766 1208 798 Antiochenus,
1225 773 1397 794 communem
1419 765 1563 800 epistolam
1579 764 1613 791 ad
1629 763 1705 790 Beri-

917 812 1040 844 nianum,
1063 816 1091 840 et
1106 811 1336 847 Amphilochium,
1358 816 1526 845 caaterosque
1550 810 1576 836 in
1616 809 1700 836 Pam-

76 861 159 896 φυλία
173 862 352 893 ἐπισκόπους,
366 860 400 897 ἦς
411 863 586 898 ἡέπιγραφὴ,
596 873 604 889 ι
620 864 682 895 Τοῖς
692 864 865 898 θεοφιλεστά-

925 857 1000 886 )hilia
1016 857 1158 892 episcopos
1173 857 1324 892 scripsere,
1341 857 1419 891 cujus
1442 856 1564 890 epistola:
1580 855 1639 882 haec
1664 854 1706 881 in-

76 916 132 938 τοις
149 907 368 942 συλλειτουργοῖς
386 908 535 944 Βερινιανῷ
554 910 601 936 καὶ
622 910 797 945 ’Δμφιλοχίῳ,
820 911 867 937 καὶ

77 953 145 978 πᾶσι
167 954 226 983 τοῖς
252 954 281 979 ἐν
306 953 454 990 Παμφυλίᾳ
476 955 645 988 ἐπισκόποις,
667 955 798 987 Σισίννιος
820 956 867 982 καὶ

77 997 207 1028 Wa;
232 997 281 1024 καὶ
297 999 373 1025 πᾶσα
393 999 409 1032 ἡ
426 998 492 1032 ἁγία
511 1000 620 1030 σύνοδος
634 1000 650 1034 ὴ
669 1000 739 1027 κατὰ
756 1000 830 1027 θείαν
845 1001 866 1017 ⁵¹

78 1042 157 1078 χάριν
173 1044 389 1079 ωγκροτηῦεϊσα
405 1045 434 1070 ὲν
451 1046 484 1080 τῇ
502 1045 681 1080 μεγαλοπόλει
695 1048 868 1074 Κωνσταντι-

78 1089 206 1116 νσυπόλει
227 1090 277 1123 τῆς
299 1091 467 1124 χειροτονίας
486 1091 568 1118 ἓνεκα
589 1092 637 1118 τοῦ
661 1092 867 1126 θεοφιλεστάτου

78 1135 125 1161 καὶ
149 1134 304 1168 ἁγιωτάτου
317 1135 341 1151 ⁵⁸
363 1136 512 1163 ἐπισκόπου
536 1137 680 1169 Σισιννίου,
704 1137 869 1172 θισπίσματι

78 1181 125 1207 τοῦ
148 1180 347 1208 εὐσεϐεστάτου
370 1182 416 1208 καὶ
441 1181 615 1217 φιλοχρίστου
635 1183 714 1218 ήμῶν
737 1183 870 1218 βασιλέως

79 1225 233 1257 Θεοδοσίου,
245 1227 275 1253 ὲν
288 1227 383 1262 Κυρίῳ
394 1227 509 1262 χαίρειν.
527 1237 537 1254 ι
548 1228 592 1255 'Ev
604 1228 691 1265 ταύτῃ
701 1230 734 1265 τῇ
744 1229 869 1265 συνοδικῇ

79 1273 210 1308 ἐπιστολῇ
225 1273 274 1300 καὶ
291 1273 369 1299 Νέων
385 1274 533 1305 ἐπίσκοπος
543 1274 724 1310 ἐξεφώνησεν,
741 1275 779 1307 ὡς
794 1275 871 1306 εἴτις

81 1319 150 1352 μετὰ
165 1318 213 1345 τὸν
235 1318 458 1353 ἀναθεματισμὶν
475 1319 615 1354 φωραθείη
636 1320 675 1353 τῷ
695 1319 784 1355 χρόνῳ
801 1320 871 1355 ἦδιᾶ

82 1364 215 1399 ῥημάτων
231 1364 248 1399 ἢ
261 1364 305 1390 διὰ
323 1365 494 1400 πραγμάτων
509 1366 548 1396 είς
565 1365 614 1401 τὴν
630 1366 747 1401 ὑποψίαν
759 1367 809 1402 τῆς
827 1367 872 1393 νό-

83 1419 129 1437 σου
146 1410 251 1446 ταύτης
276 1411 431 1446 ἐμπίπτων,
449 1411 546 1447 μηκέτι
566 1412 659 1438 λοιπὸν
684 1413 764 1440 αὐτὸν
781 1413 873 1449 χώραν

82 1458 164 1492 ἔχειν,
184 1457 249 1492 μηδ’
267 1457 300 1484 ἂν
323 1458 454 1493 μυριάκις
474 1458 722 1494 ἐπαγγέλληται⁵³,
735 1459 784 1494 τὴν
797 1459 873 1492 τάξιν

81 1502 259 1538 ἀναπληροῦν
280 1502 336 1529 τῶν
360 1504 580 1538 μετανοούντων·
610 1505 829 1538 συγκινδυνεύειν
850 1506 873 1522 ⁸⁵

919 904 1031 939 scriptio
1045 909 1107 931 est:
1123 913 1132 929 ι
1154 904 1210 931 Deo
1223 903 1394 931 charissimis
1418 909 1559 930 sacrorum
1580 901 1705 937 collegis,

920 950 1077 984 Beriniano,
1104 953 1131 977 et
1148 949 1351 983 Amphilochia,
1376 949 1559 983 omnibusque
1584 947 1651 975 adeo
1677 947 1704 974 in

921 995 1077 1031 Pamphylia
1093 995 1240 1031 episcopis,
1267 995 1416 1027 Sisinnius,
1441 1000 1526 1029 atque
1549 994 1706 1021 Theodotus

921 1047 948 1069 et
963 1042 1090 1069 universa
1117 1047 1213 1069 sancta
1242 1042 1374 1076 synodus,
1399 1048 1460 1076 quae
1487 1040 1536 1068 Dei
1564 1040 1662 1075 gratia,
1679 1039 1707 1066 in

922 1095 1019 1124 magna
1034 1089 1102 1116 urbe
1118 1087 1420 1122 Constantinopolitana
1440 1090 1534 1114 coacta
1559 1090 1615 1117 est,
1638 1093 1707 1112 con-

923 1134 1047 1161 secrandi
1062 1134 1152 1169 gratia
1172 1133 1228 1161 Deo
1244 1133 1424 1160 amantissimi
1439 1132 1559 1166 episcopi
1582 1130 1708 1162 Sisinnii,

920 1179 997 1214 jussu
1012 1184 1039 1208 et
1063 1180 1226 1207 auctoritate
1254 1179 1426 1213 pientissimi,
1444 1183 1472 1206 et.
1494 1177 1604 1205 ChriSto
1628 1177 1706 1204 chari

923 1226 1099 1261 Imperatoris
1111 1226 1195 1253 nostri
1211 1225 1369 1256 Theodosii,
1386 1225 1500 1252 salutem
1515 1224 1541 1251 in
1557 1223 1680 1250 Domino.
1697 1231 1707 1248 ι

924 1271 953 1300 1η
984 1280 1016 1299 ea
1042 1272 1098 1306 ipsa
1126 1272 1253 1307 synodica
1271 1271 1386 1305 epistola
1403 1269 1478 1297 Neon
1503 1269 1647 1304 episcopus
1663 1276 1710 1294 cx-

925 1318 1062 1350 clamavit,
1083 1322 1123 1350 nt,
1149 1317 1171 1344 si
1197 1318 1259 1352 quis
1286 1322 1346 1351 post
1371 1315 1627 1344 anathematismnm
1657 1314 1712 1341 ullo

926 1368 1049 1398 tempore
1064 1362 1250 1397 deprehensus
1275 1361 1368 1392 fuerit,
1398 1368 1428 1388 re
1451 1365 1497 1387 aut
1512 1360 1603 1393 Verbo,
1620 1360 1647 1387 in
1667 1367 1713 1387 sn-

926 1408 1074 1443 spicionem
1092 1408 1168 1435 malze
1189 1407 1270 1442 hujus
1297 1411 1379 1434 secta!
1403 1406 1544 1438 incidisse,
1573 1413 1712 1440 nunquam

926 1461 1019 1491 postea
1036 1454 1124 1482 locum
1150 1458 1252 1486 teneat,
1275 1461 1310 1481 ne
1331 1454 1353 1481 si
1372 1453 1470 1480 millies
1487 1453 1597 1488 quidem
1625 1453 1713 1487 ρωπί-

929 1501 1046 1528 tentibus
1061 1500 1226 1528 constitutas
1241 1507 1336 1534 poenas
1350 1499 1481 1526 luiturum
1499 1506 1528 1526 se
1541 1498 1712 1533 polliceatur.

81 1549 193 1584 δὲαὺτῷ
203 1550 252 1576 καὶ
264 1549 308 1576 τὸν
324 1549 525 1585 συγκροτοῦντα
535 1550 627 1584 αὐτὸν,
644 1534 699 1578 εἴτε
711 1552 872 1584 ἐπίσκοπος,

925 1545 988 1573 Pari
1001 1553 1061 1572 cum
1079 1545 1132 1572 hoc
1145 1545 1266 1580 periculo
1279 1550 1379 1572 etcum
1393 1543 1513 1578 subjicit,
1530 1544 1576 1578 qui
1599 1550 1714 1570 consen-

83 1595 135 1622 εἴτε
152 1595 234 1626 ἄλλος
252 1604 294 1626 τις
310 1596 364 1629 εἴη.
391 1596 512 1631 Ἐγράφη
529 1597 556 1623 δὲ
573 1597 620 1623 καὶ
634 1597 764 1634 ἐπιστολὴ
783 1597 874 1626 Ἰωάν-

83 1648 128 1666 νου
148 1641 317 1675 Ἀντιοχείας
333 1641 359 1657 ⁸⁵
376 1641 442 1676 πρὸς
457 1642 606 1678 Νεστόριον
628 1643 693 1678 περὶ
707 1643 763 1670 τῶν
783 1645 877 1671 Μεσα-

84 1686 220 1713 ἳιανιτῶν.
247 1685 397 1721 Ἐξήνεγκε
415 1687 442 1713 δὲ
457 1687 503 1714 καὶ
526 1688 590 1723 ὅρον
603 1689 620 1723 ἡ
637 1689 703 1723 ἁγία
725 1690 775 1716 καὶ
788 1690 878 1718 οἰκου-

87 1731 185 1767 μενικὴ
202 1731 323 1763 σύνοδος,
341 1733 358 1767 ἡ
376 1733 404 1759 ὲν
425 1732 530 1769 Ἐφέσῳ
547 1734 638 1769 τρίτη,
654 1733 877 1770 ἀπογυμνώσασα

86 1778 175 1805 αὐτῶν
187 1777 212 1794 ⁸⁸
228 1778 277 1805 καὶ
290 1778 325 1805 τὰ
339 1778 369 1805 ἐν
381 1778 420 1813 τῷ
434 1778 575 1814 λεγομένῳ
585 1779 675 1807 αὐτῶν
687 1780 782 1816 βιϐλίῳ
792 1781 878 1817 ἀσκη-

86 1824 153 1860 τικῷ
175 1825 327 1860 βλάσφημα
349 1826 397 1852 καὶ
417 1826 542 1861 αἱρετικὰ
569 1827 718 1861 κεφάλαια,
739 1828 787 1855 καὶ
811 1828 879 1855 καθ-

88 1870 262 1898 υποὸαλοῦσα
271 1872 310 1907 τῷ
324 1872 485 1907 ἀναθέματι.
496 1873 620 1908 Ἔγραψε
631 1873 659 1900 δὲ
672 1874 719 1900 καὶ
732 1874 879 1910 ’Δρχέλαος

89 1919 103 1943 ὁ
115 1918 285 1952 Καισαρείας
297 1919 347 1953 τῆς
364 1919 556 1945 Καππαδοκῶν
572 1919 720 1951 ἐπίσκοπος
739 1919 879 1954 ἀναθεμα-

90 1965 200 1999 τισμοϋς
208 1965 435 1999 εἰκοσιτέσσαρας
444 1964 497 1991 τῶν
505 1965 661 1999 κεφαλαίων
670 1965 770 1992 αὐτῶν.
780 1964 823 2001 [Μ
833 1964 880 2001 IL]

92 2010 224 2041 Συνέταξε
241 2010 270 2036 δὲ
289 2010 350 2036 κατ’
375 2009 464 2036 αὐτῶν
483 2010 530 2037 καὶ
550 2010 727 2045 Ἡρακλείδας
740 2011 754 2036 ὁ
770 2010 881 2044 Νύσσης

91 2056 239 2087 ἐπίσκοπος
256 2055 401 2088 ἐπιστολὰς
414 2055 471 2087 δύο,
485 2053 524 2082 ὧν
535 2057 565 2083 ὲν
579 2057 611 2092 τῇ
626 2056 741 2093 δευτέρᾳ
756 2058 803 2083 καὶ
814 2057 882 2092 χρῆ-

92 2110 132 2133 σις
147 2103 263 2138 φέρεται
277 2102 328 2137 τῆς
347 2102 528 2138 ἀρχαιότητος
552 2102 607 2130 τῶν
630 2103 739 2129 σεπτῶν
759 2104 881 2131 εἰκόνων.

129 2237 254 2273 Ἔγραψε
265 2236 293 2263 δὲ
308 2236 398 2272 χρόνῳ
414 2235 526 2272 ὕστερον
541 2235 588 2262 καὶ
598 2234 750 2271 Γερόντιος,
763 2233 882 2270 πρεσϐύ-

94 2293 172 2320 τερος
188 2285 236 2310 καὶ
253 2283 408 2319 ἡγούμενος
423 2282 477 2308 τῶν
495 2284 524 2309 ἔν
543 2281 644 2308 Γλίτιδι
662 2280 798 2316 μοωχῶν,
817 2280 887 2315 πρὸς

101 2330 226 2357 Ἀλύπιον
243 2329 457 2365 ἀρχιεπίσκοπον
472 2328 522 2363 τῆς
537 2328 566 2353 ὲν
581 2327 767 2364 Καππαδοκίᾳ
780 2327 885 2354 Καισα-

99 2376 183 2412 ρείας,
201 2376 366 2411 ἐγκλήματα
391 2375 462 2401 κατὰ
483 2373 643 2409 Λαμπετίου
665 2373 759 2405 κινῶν,
784 2372 814 2404 ὃς
839 2374 887 2401 καὶ

97 2423 203 2458 πρῶτος
223 2423 272 2457 τῆς
293 2421 444 2457 εἰρημένης
460 2421 593 2455 αἱρέσεως
617 2420 729 2455 ἴσχυσεν
753 2419 886 2454 ἐκκλέψαι

96 2470 124 2496 τὸ
137 2470 188 2504 τῆς
201 2468 352 2504 ἱερωσύνης
369 2467 416 2494 καὶ
436 2466 563 2494 ὑπελθεῖν
585 2465 705 2500 ἀξίωμα,
722 2464 836 2500 βέὸηλος
852 2464 891 2491 ὢν

98 2516 146 2543 καὶ
163 2515 300 2542 ἀπατεὼν.
322 2514 450 2546 ’Δλύπιος
466 2514 494 2540 δὲ
512 2513 534 2530 ⁵⁷
551 2513 586 2540 τὰ
608 2513 750 2548 γραφέντα
773 2511 890 2547 δεξάμε-

927 1591 976 1618 tiat
992 1589 1202 1625 applaudatque,
1224 1589 1281 1616 sive
1298 1589 1454 1623 episcopus,
1477 1587 1535 1615 sive
1558 1587 1619 1621 quis
1645 1586 1716 1613 alius

927 1636 971 1664 ille
984 1636 1074 1664 fuerit.
1091 1636 1172 1663 Missa
1189 1643 1297 1670 quoque
1317 1634 1431 1669 epistola
1451 1633 1563 1661 Joannis
1585 1633 1642 1668 (85)
1660 1633 1717 1659 An-

929 1683 1045 1710 tiocheni
1061 1683 1095 1709 ad
1108 1682 1275 1715 Nestorium,
1292 1681 1326 1708 de
1344 1679 1547 1708 Messalianitis.
1560 1678 1635 1706 Fecit
1651 1679 1716 1705 item

928 1729 1067 1756 decretum
1081 1728 1128 1764 (de
1152 1728 1205 1755 hoc
1221 1727 1278 1762 ipso
1292 1725 1426 1760 Adelpbio
1441 1723 1582 1759 haeretica)
1601 1731 1677 1750 sacra
1690 1728 1718 1749 et

928 1775 1098 1802 mcumenica
1134 1775 1256 1810 synodus
1288 1772 1426 1808 Ephesina
1467 1771 1548 1799 tertia
1567 1790 1575 1803 ,
1595 1778 1657 1805 quae
1691 1774 1719 1797 et

930 1821 1008 1848 illntn
1051 1828 1112 1848 cum
1162 1819 1338 1855 blasphemiis
1387 1817 1576 1853 capitibusqne
1630 1816 1719 1843 haere-

929 1874 1011 1900 seos,
1039 1869 1173 1901 quotquot
1212 1866 1238 1893 in
1271 1865 1380 1892 illorum
1414 1864 1484 1892 libro
1517 1863 1643 1890 Ascetico
1675 1869 1720 1888 es-

930 1918 1001 1944 sent,
1031 1912 1152 1944 detexit,
1187 1916 1215 1939 et
1242 1910 1408 1938 anathemati
1445 1909 1574 1943 subjecit.
1605 1906 1721 1941 Scripsit

931 1965 960 1987 et
999 1958 1151 1987 Archelaus
1176 1958 1307 1985 Caesareis
1349 1956 1530 1991 Cappadociae
1578 1954 1722 1988 episcopus

931 2010 1049 2041 quatuor
1057 2009 1084 2032 et
1095 2003 1189 2038 viginti
1204 2002 1447 2030 anathematismos
1455 2000 1573 2035 capitum
1583 2000 1715 2040 ipsorum.

931 2048 1090 2084 Composuit
1119 2048 1250 2074 adversus
1279 2046 1339 2074 illos
1357 2051 1386 2073 et
1403 2045 1560 2072 Heraclidas
1582 2043 1723 2078 Nyssenus

931 2096 1075 2130 cpiscopus
1088 2095 1156 2122 duas
1167 2093 1298 2128 epistolas
1314 2101 1321 2120 :
1338 2099 1452 2127 quarum
1483 2091 1510 2118 in
1532 2090 1617 2117 altera
1637 2089 1723 2116 etiam

934 2142 1117 2170 testimonium
1130 2140 1265 2176 quoddam
1285 2139 1397 2167 all'ertur
1428 2145 1478 2173 pro
1493 2137 1656 2172 antiquitate
1674 2144 1722 2163 sa-

896 2206 923 2236 Ι)
935 2194 1041 2216 crarum
1057 2186 1215 2220 imaginum.

971 2232 1126 2267 Insequenti
1141 2239 1205 2259 vero
1221 2235 1341 2264 tempore
1363 2229 1514 2258 Gerontius
1535 2235 1642 2263 quoque
1663 2235 1725 2263 pre-

938 2280 1031 2315 sbyter
1041 2285 1069 2305 et
1084 2277 1228 2313 prafectus
1239 2276 1433 2304 monachorum
1449 2276 1475 2302 in
1488 2274 1598 2304 Glitide.
1616 2274 1726 2307 scripsit

937 2327 970 2353 ad
996 2325 1124 2360 Alypium
1155 2324 1390 2358 archiepiscopum
1408 2322 1538 2349 Caesarea:
1550 2319 1726 2355 Cappadociae

937 2371 1062 2407 querelas
1082 2370 1171 2397 varias
1188 2370 1319 2396 adversus
1335 2368 1519 2403 Lampetium,
1549 2366 1594 2401 qui
1622 2366 1726 2400 primus

925 2426 971 2459 ‘ex
986 2419 1057 2446 dicta
1085 2416 1182 2445 haeresi
1211 2416 1353 2450 subripere
1381 2414 1474 2441 furtim
1491 2413 1558 2449 13!;
1579 2411 1725 2439 sacerdotii

937 2465 1110 2500 dignitatem,
1124 2470 1157 2490 ac
1167 2462 1257 2489 subire
1268 2461 1365 2496 potuit,
1380 2460 1524 2494 -profanus
1538 2459 1594 2492 ipse
1613 2464 1673 2483 cum
1684 2463 1728 2482 es-

937 2516 990 2544 set,
1004 2516 1085 2545 atque
1105 2510 1246 2544 impostor.
1262 2507 1351 2541 Quare
1368 2507 1493 2542 Alypius,
1514 2504 1635 2539 acceptis
1654 2503 1726 2530 litte-

751 2567 868 2596 VARle
887 2565 1091 2595 LECTIONES.

132 2631 155 2646 "
168 2631 216 2656 καὶ
229 2638 285 2656 om.
300 2631 332 2656 Α.
371 2629 394 2645 ¹¹
411 2628 498 2664 θείαν]
525 2628 585 2655 θεοῦ
605 2628 637 2654 Α.
675 2629 698 2644 ⁵²
719 2628 764 2655 καὶ
778 2628 932 2661 ἅγιωτάτου
949 2628 1011 2656 add.
1029 2628 1060 2654 A.
1097 2626 1120 2643 "
1135 2625 1320 2660 ἐπαγγείληται
1339 2624 1371 2650 Α.
1409 2622 1433 2639 ⁸⁵
1451 2619 1660 2656 συγκενδυνεύει
1695 2625 1723 2649 ς.

99 2666 120 2681 ⁵⁵
140 2666 286 2700 ἁντιοχέως
300 2669 334 2692 Α.
374 2664 397 2680 ⁵⁸
412 2664 491 2690 αὑτὸν
507 2673 536 2696 ς.
574 2664 596 2680 ⁵*
609 2664 638 2690 δὲ
655 2664 697 2691 A:
715 2665 764 2690 καὶ
799 2671 831 2695 ς.

846 2718 963 2748 ΝΟΤιΕ.
1706 2738 1710 2741 ,

136 2772 193 2806 (84)
215 2770 471 2806 ΙιειοῐιιενΕροιεεῖω
489 2753 671 2806 Melitinensis
686 2769 778 2806 _episc._
801 2766 890 2795 Theo-
944 2767 1140 2806 cessitualque
1156 2763 1189 2790 ad
1206 2761 1361 2806 Nestorium
1387 2759 1530 2795 scripsisse
1557 2757 1663 2793 legitur.
1678 2755 1728 2782 Ni-

105 2803 197 2835 doretn
211 2807 257 2835 lib.
275 2814 301 2833 tv
316 2805 387 2832 Hist.
408 2812 467 2839 cap.
485 2805 529 2838 10,
549 2804 670 2837 Latoius,
686 2803 801 2837 Niceph.

139 2843 195 2879 (85)
213 2841 382 2870 Patriarcha:
396 2841 509 2875 accipio,
537 2841 582 2875 qui
611 2840 640 2868 S.
665 2839 805 2867 Theodoto
831 2844 892 2866 suc-

945 2797 1084 2837 ceph.'llb.
1095 2797 1166 2833 σιν,
1182 2806 1247 2833 cap.
1264 2797 1310 2824 55.
