1918 3086
190 93 222 126 91
765 95 898 126 PIIOTII
918 96 989 126 PAT

1043 96 1172 127 \RCH/E
1191 97 1246 126 CP.
1787 92 1824 124 92

191 153 240 186 ris,
276 152 310 179 ad
341 152 498 180 llormizam
517 151 652 179 Comanes
679 152 847 186 episcopum,
876 160 936 187 quae
950 153 983 180 de

1043 162 1089 186 σος,
1103 154 1171 188 πρὸς
1183 153 1229 179 τὸν
1241 151 1390 179 ἐπίσκοπον
1405 151 1536 186 Κομάνης
1555 150 1688 187 Ὀρμίζην
1698 150 1824 177 ἐπιστέλ-

193 197 338 232 Lampetie
350 196 554 232 spargerentur,
576 197 739 224 excutienda
758 197 843 225 misit.
861 197 982 225 Accusa-

192 243 275 271 tiouis
284 248 364 270 erant
383 243 471 278 capita
488 243 545 270 liu‘c
560 251 569 270 :
583 243 700 270 Puellam
730 243 802 270 ulnis
830 244 982 278 amplexum

193 295 274 323 atque
294 289 482 316 exosculatum
500 289 596 316 fuisse.
625 288 713 323 Ipsum
735 289 905 324 Lampetium
922 298 985 317 nar-

194 344 280 368 rasse,
299 335 498 371 Hierosolymis
524 343 555 363 se
575 343 636 363 cum
657 335 809 363 diacouissa
841 343 983 370 peccasse;

195 383 393 409 accedentibus
407 382 468 409 dein
483 381 619 409 nonnullis
641 382 687 416 qui
710 382 805 409 morbo
825 382 984 409 medicinam

195 432 360 462 qumrereut,
378 427 512 458 adducite.
531 427 641 460 dixisse,
665 427 807 462 pulchram
831 427 897 454 inihi
911 427 987 462 puel-

195 473 262 504 lam,
281 473 478 507 ostendamque
508 473 555 509 tibi
581 473 811 500 sanctimoniam:
836 480 883 500 eos
909 474 984 506 item,

196 519 246 553 qui
269 519 348 546 statis
363 519 438 546 horis
450 519 607 554 psallerent,
622 519 694 546 foede
710 519 839 550 irrisisse,
857 524 882 546 et
894 519 987 547 convi-

198 565 243 592 tiis
258 564 433 598 insectatum,
465 569 593 600 tanquam
624 565 676 600 legi
699 565 788 592 adhuc
811 565 985 598 servientes;

197 610 303 644 aliaque
312 611 401 637 multa
420 611 445 636 id
466 618 551 644 genus
562 610 663 637 nefaria
680 611 707 637 in
722 611 768 638 illo
780 615 987 645 accnsata,qn:e

197 663 212 682 a
227 655 395 684 Messalianis
412 660 440 683 et.
454 657 532 690 fiunt,
547 662 572 684 et
588 657 724 684 dicuntur.
752 657 986 690 Quemadmodum

197 707 225 728 et
243 709 303 735 nos,
335 703 434 736 inquit,
466 703 528 729 dum
545 710 594 736 pro
608 703 678 730 virili
711 710 843 730 conamur
856 703 987 737 quosdam

198 747 332 774 abducere
352 748 386 775 ab
406 748 457 775 hoc
468 755 570 780 errore,
601 749 646 783 qui
663 755 749 783 nuper
761 748 840 776 istinc
856 748 988 783 pullulare

198 794 295 827 coepit,
309 794 445 827 ingentem
459 802 525 821 sane
541 794 710 828 pntredinem
740 795 986 829 perturbationum,

1033 199 1073 226 λει
1086 200 1120 226 τὰ
1132 199 1197 234 περὶ
1212 198 1369 233 Λαμπετίου
1382 197 1508 230 ἐξετάσαι
1517 197 1662 232 λεγόμενα.
1677 196 1731 224 Kal.
1742 194 1777 231 ἦν
1789 195 1825 222 τὰ

1034 243 1234 279 ὲγκαλούμενα,
1253 244 1294 270 ὅτι
1308 243 1394 278 κόρην
1409 242 1479 268 κατὰ
1501 241 1589 276 στόμα
1605 241 1689 276 φιλῶν
1707 241 1826 275 ἐνηγκα-

1034 289 1133 322 ὶίζετο,
1149 289 1197 316 καὶ
1210 289 1251 315 ὅτι
1266 288 1346 320 αὐτὸς
1363 288 1467 318 ἐκεῖνος
1485 287 1537 322 ἐφη
1552 286 1709 322 Λαμπέτιος
1724 286 1754 312 ἐν
1773 286 1826 312 Ἰε-

1036 335 1195 370 ροσολύμοις
1218 334 1286 369 μετά
1303 342 1376 365 τινος
1394 333 1567 368 διακονίσσης
1587 333 1760 367 ἐξαμαρτεῖν,
1777 331 1826 358 καὶ

1035 381 1075 407 ὃτι
1092 380 1295 416 προσελθόντων
1305 379 1328 396 ⁸⁸
1341 379 1422 406 τινῶν
1437 379 1484 406 καὶ
1494 379 1648 414 νοσήματος
1663 379 1735 404 ἴασιν
1750 376 1827 409 ἐξαι-

1035 427 1174 462 τουμένων
1185 426 1249 461 ἔφη,
1257 436 1266 451 t
1278 426 1343 461 φέρε
1354 426 1418 460 μίαν
1432 425 1515 460 κόρην
1530 424 1597 459 πρὸς
1612 423 1661 459 ἐμὲ
1670 423 1766 458 καλὴν,
1777 423 1828 450 καὶ

1036 473 1116 506 δείξω
1133 481 1175 499 σοι
1191 472 1356 507 ἁγιωσύνην.
1373 481 1383 498 ι
1400 471 1447 498 καὶ
1463 472 1504 498 ὅτι
1525 471 1588 502 τοὺς
1602 470 1651 502 τὰς
1665 469 1740 504 ὧρας
1756 468 1825 503 ᾠά).-

1037 519 1132 549 λοντας
1147 517 1347 553 ὲξεμυκτήριζε
1364 517 1411 544 καὶ
1425 517 1548 552 διέσυρεν
1564 516 1602 547 ὡς
1620 515 1672 542 ὑπὸ
1689 515 1770 550 νόμον
1785 515 1829 541 ἔτι

1037 564 1232 599 τυγχάνοντας.
1249 563 1304 590 Καὶ
1317 563 1385 590 ἄλλα
1402 562 1470 589 ἄττα
1492 561 1610 596 ἀθέμιτα
1628 560 1795 596 διεϐέϐλητο,
1809 560 1829 587 ἃ

1037 611 1093 641 τοῖς
1107 609 1289 641 Μεσαλιανοῖς
1314 609 1361 635 καὶ
1382 610 1500 635 ποιεῖται
1525 608 1571 634 καὶ
1594 607 1713 641 λέγεται,
1734 606 1829 638 καθὼς

1038 656 1085 683 καὶ
1102 657 1192 691 ἡμεῖς,
1206 657 1244 687 ὡς
1258 653 1313 682 οἷόν
1329 663 1360 682 τε
1375 656 1451 690 ἡμῖν,
1463 654 1539 686 τινὰς
1550 654 1601 688 τῆς
1617 653 1745 689 τοιαύτης
1758 653 1831 680 πλά-

1039 709 1087 736 νης
1118 700 1280 734 ἀπάγοντες,
1301 699 1346 735 [l9
1373 698 1420 735 11.]
1445 698 1509 734 ἄρτι
1534 698 1693 734 βλαστάνειν
1722 697 1830 725 ἐκεῖθεν

1039 745 1195 781 ἀρξαμένης
1210 746 1244 776 δ’,
1263 744 1364 780 πολλὴν
1389 744 1523 780 σηπεδόνα
1547 743 1643 770 παθῶν
1667 744 1714 770 καὶ
1727 743 1832 774 κακίας

1038 790 1089 822 τὰς
1103 790 1215 817 ἐκείνων
1231 790 1320 825 ψυχάς
1331 789 1548 824 ἐπιϐοσκομένην
1563 789 1734 824 ἑωράκαμεν.
1756 788 1831 814 Ἀλλ’

199 843 280 872 atque
298 839 491 873 improbitatis,
506 847 600 866 eorum
616 840 761 873 depascere
773 841 879 867 animos
890 841 987 874 depre-

1043 837 1053 864 5
1069 845 1101 872 γε
1120 836 1280 871 Λαμπέτιος
1300 835 1428 872 Ὀρμίζου
1448 836 1497 869 μὲν
1519 834 1568 862 τοῦ
1586 835 1735 861 ἐπισκόπου
1750 834 1833 861 δικά-

200 885 357 912 hentlimus.
374 884 473 912 Verum
489 885 531 912 hic
541 884 709 920 Latnpetius,
724 885 850 913 Hormiza
861 887 988 921 episcopo

197 930 299 964 judice,
312 936 339 957 et
354 930 489 957 Gerontio
507 932 668 966 presbytero
683 935 786 964 actore,
799 932 896 966 partim
909 932 988 960 testi-

199 977 250 1002 bus
265 976 420 1010 convictus,
446 976 545 1010 partim
573 984 621 1003 sua
646 977 704 1011 ipse
718 977 892 1005 confessione
915 985 987 1010 reus.

200 1022 321 1048 omnium
335 1022 446 1048 calculis
459 1023 607 1049 sacerdotii
637 1023 769 1057 dignitate
790 1024 987 1051 submovetur:

200 1067 366 1094 assentiente
376 1068 459 1095 etiam
475 1068 573 1104 Alypio
597 1069 771 1102 Caesariensi,
796 1070 843 1104 qui
857 1070 987 1097 miserum

200 1111 274 1138 illum
287 1113 428 1148 (deceptus
442 1114 511 1149 ipse)
528 1114 718 1150 presbyterum
740 1115 892 1143 ordinarat.
914 1115 987 1142 ldem

199 1165 264 1185 vero
275 1158 504 1187 sceleratissimus
528 1160 686 1195 Lampetius
711 1160 812 1188 librum
843 1162 988 1196 quemdam

200 1204 362 1238 composuit,
376 1212 457 1238 quem
474 1207 673 1233 Testamentum
687 1206 847 1238 nominavit,
879 1207 923 1234 cui
939 1208 991 1234 im-

201 1249 310 1283 pietatis
321 1257 378 1277 sua:
391 1249 517 1285 dogmata
527 1252 650 1285 quaedam
663 1252 803 1287 inspersit,
820 1260 881 1279 eum
890 1253 989 1280 librum

204 1295 333 1328 Severus,
348 1296 394 1330 qtti
410 1297 607 1325 Antiochenam
621 1298 719 1326 invasit
733 1299 836 1330 sedem,
851 1299 990 1334 presbyter

201 1341 285 1368 etiam
302 1343 438 1370 exsistens
449 1342 589 1372 refutavit.
617 1344 735 1378 Alpheus
753 1349 844 1372 tamen
870 1345 988 1380 quidam,

201 1386 450 1415 Rhinocorurorum
478 1389 642 1424 episcopus,
668 1389 837 1425 Lampetium
862 1391 991 1426 Apologia

201 1431 333 1464 defendit,
349 1434 427 1468 quasi
446 1434 511 1462 nihil
526 1443 632 1467 eorttm,
661 1436 695 1463 de
717 1436 815 1470 quibus
845 1444 990 1464 accusare-

202 1478 445 1511 tur,autdixisset,
464 1485 508 1506 aut
527 1479 647 1507 fecisset.
671 1480 727 1508 Etsi
750 1486 840 1508 autem
864 1481 891 1508 in
916 1481 991 1508 edito

201 1523 318 1556 quodam
337 1532 352 1550 a
368 1532 397 1552 se
411 1524 482 1552 lihro
493 1525 612 1560 Alpheus
623 1525 675 1553 iste
703 1527 781 1558 nihil,
796 1531 926 1562 quantum
938 1535 983 1554 co-

202 1577 344 1603 gnoscere
370 1570 445 1607 Πρω,
467 1572 658 1605 calumniatur,
676 1572 801 1601 abdicare
817 1573 993 1602 nihilominus

202 1620 330 1650 tauquam
346 1617 468 1645 sentiens
479 1625 539 1644 cum
554 1617 704 1654 Lampetio,
719 1624 830 1647 coactus
843 1625 895 1647 est.
912 1620 988 1647 Alter

201 1660 335 1694 Alpheus,
374 1663 532 1697 praeceptori
577 1664 760 1698 cognominis,
804 1672 818 1691 a
848 1664 994 1693 Timouieo

201 1706 386 1734 Alexandrino
402 1708 545 1743 presbyter
555 1709 709 1742 ordinatus,
724 1710 758 1736 ob
772 1711 895 1737 eamdem
909 1711 995 1738 haere-

205 1753 257 1780 sim
281 1754 467 1786 submovetur,
500 1759 530 1782 ttt
554 1755 704 1788 Ptolomaei,
740 1755 994 1783 Rhinocorurorum

202 1806 312 1833 quoque
325 1799 457 1834 episcopi,
472 1801 506 1827 ad
517 1801 642 1828 eumdem
655 1801 743 1836 ipsum
764 1801 936 1829 Timotheum
952 1809 998 1830 re-

202 1844 268 1872 latio
288 1849 419 1872 testatur.

566 1892 634 1921 Llll.

203 1935 326 1971 Synod!“
340 1935 557 1973 Carthaginensis
579 1944 602 1965 et
619 1937 724 1973 Scripta
747 1940 869 1972 qua’dam
895 1946 988 1968 contra

390 1971 541 2007 Pelagium,
561 1978 639 2008 atque
656 1971 811 2011 Calatiam.

237 2017 337 2045 Lectus
346 2017 424 2051 liber,
437 2026 483 2047 seu
498 2018 619 2054 Synodus
628 2021 753 2047 adversus
761 2020 898 2056 Pelagium
907 2027 931 2048 ει
941 2022 994 2049 Ce—

203 2065 297 2091 lettum
311 2064 378 2100 (86),
395 2065 562 2100 Carthagine
585 2067 611 2093 in
626 2074 730 2093 summa
745 2067 802 2094 atde
818 2067 922 2100 habita,
941 2068 996 2096 llo-

204 2111 282 2138 uorio
289 2110 379 2139 Felice
388 2111 543 2140 Occidentis
554 2113 661 2147 imperii
679 2113 785 2140 clavutn
796 2117 916 2140 tenente.
927 2114 996 2149 15a

206 2156 338 2185 Prresedit
363 2158 389 2185 in
418 2166 449 2185 ea
474 2159 600 2185 Aurelius
627 2159 783 2193 episcopus,
814 2165 842 2186 et
867 2160 996 2187 Datianus
1012 2172 1034 2199 Β

204 2203 333 2231 Ptentesii
353 2205 446 2238 prima:
462 2205 534 2231 aedis
549 2204 701 2239 Byzaccna:
712 2204 858 2238 provincia:
872 2213 879 2230 :
899 2204 996 2238 quibus

208 2249 354 2276 adfuerunt
368 2250 452 2277 variis
469 2257 485 2277 e
501 2250 650 2285 provinciis
665 2251 820 2278 sacerdotio
837 2255 996 2286 praestantes

204 2295 269 2327 viri,
284 2302 397 2321 numero
410 2295 518 2322 ducenti
529 2300 647 2329 quatuor
658 2301 686 2323 et
699 2296 806 2331 viginti.

241 2341 357 2367 Damnat
375 2340 433 2367 haec
449 2342 568 2376 synodus
580 2342 756 2370 anathemate
776 2349 835 2375 eos,
863 2342 908 2377 qui
919 2349 996 2370 asse-

205 2390 297 2413 rercnt
313 2386 370 2420 (87)
389 2386 523 2413 Adamum
537 2387 680 2414 mortalem
693 2395 753 2415 esse
766 2387 917 2421 conditum,
941 2395 994 2415 nou

206 2438 294 2459 autem
312 2433 542 2467 praevaricationis
560 2441 654 2467 causa,
673 2438 760 2462 morte
780 2434 934 2462 multatum.
952 2434 996 2462 Si-

206 2479 305 2506 militer
321 2483 349 2506 et
363 2486 411 2506 eos
432 2479 477 2514 qui
494 2486 589 2507 recens
607 2485 686 2508 natos
708 2480 826 2509 infantes
842 2481 994 2515 'baptismo

1038 883 1142 915 ζοντος,
1152 881 1295 918 Γεροντίου
1304 881 1332 908 δέ
1340 881 1388 909 τοῦ
1401 881 1588 917 πρεσϐυτέρου
1600 879 1832 916 κατηγοροῦντος,

1039 929 1085 955 καὶ
1101 928 1134 955 τὰ
1153 928 1203 962 μέν
1216 927 1260 954 διὰ
1276 927 1423 964 μαρτύρων
1445 926 1624 962 ἐξελεγχθεὶς,
1641 926 1676 953 τά
1695 927 1723 953 δὲ
1735 926 1774 962 τῷ
1787 927 1834 953 ot-

1039 974 1104 1010 κείῳ
1118 975 1237 1010 στόματι
1249 974 1425 1010 περιπαρεὶς,
1441 969 1561 1005 άπάσαις
1574 970 1674 1008 ψήφοις
1686 973 1735 1008 τῆς
1751 975 1834 1007 ίερω-

1040 1020 1124 1056 σύνης
1143 1020 1308 1056 καθῄρηται,
1335 1021 1481 1056 συμψήφου
1506 1020 1690 1055 γεγενημένου
1713 1019 1761 1047 καὶ
1780 1021 1834 1047 τοῦ

1039 1067 1209 1102 Καισαρείας
1229 1067 1369 1099 Ἀλυπίου,
1393 1066 1423 1099 ὃς
1447 1067 1557 1094 καὶτὸν
1583 1067 1700 1093 δείλαιον
1725 1067 1835 1093 ἐκεῖνον

1039 1112 1223 1148 ἐξαπατηθεὶς
1250 1114 1291 1145 είς
1314 1114 1360 1140 τὸν
1383 1112 1432 1140 τοῦ
1462 1113 1661 1149 πρεσϐυτερίου
1679 1105 1701 1130 ⁸⁸
1728 1113 1836 1148 βαθμὸν

1039 1158 1171 1193 ἐτύγχανε
1195 1158 1396 1194 προενηνοχώς.
1420 1156 1505 1190 Οὗτος
1533 1158 1562 1186 δὲ
1586 1160 1600 1186 ὁ
1626 1159 1837 1194 τρισαλιτήριος

1039 1203 1196 1237 Δαμπέτιος
1211 1202 1259 1230 καὶ
1276 1203 1357 1237 λόγον
1370 1202 1432 1229 τινὰ
1448 1202 1607 1238 συνέθηκεν,
1618 1202 1647 1229 ὃν
1663 1202 1709 1229 καὶ
1726 1202 1838 1235 Διαθῆ-

1040 1257 1101 1283 κην
1118 1249 1297 1281 ἐπεκάλεσεν,
1315 1245 1372 1284 ἐνῇ
1386 1249 1433 1275 καί
1447 1249 1535 1275 τινα⁶¹
1550 1249 1599 1284 τῆς
1613 1248 1772 1280 δυσσεϐείας
1784 1248 1838 1274 αὒ-

1040 1295 1087 1323 τοῦ
1099 1295 1264 1331 ἐνέσπαρται
1274 1304 1282 1311 ·
1295 1295 1329 1331 ἢν
1343 1296 1390 1322 καὶ
1402 1295 1522 1331 Σεϐῆρος
1533 1296 1554 1312 ⁶¹
1570 1297 1584 1322 ὁ
1601 1295 1646 1322 τὸν
1667 1295 1838 1330 Ἀντιοχικὸν

1041 1341 1135 1377 θρόνον
1150 1341 1290 1373 amasse.
1305 1341 1346 1368 ἔτι
1369 1341 1564 1377 πρεσϐυτέρων
1583 1341 1689 1377 ἐπέχων
1705 1342 1783 1375 τάξιν
1799 1342 1837 1373 ",

1041 1387 1199 1423 ἀνέτρεψεν.
1223 1387 1346 1422 Ἀλφειὸς
1363 1388 1387 1404 ⁸⁸
1403 1387 1494 1422 μέντοι
1514 1396 1556 1420 τις
1575 1388 1724 1420 ἐπίσκοπος
1746 1388 1840 1414 Ῥινο-

1041 1433 1182 1469 κορούρων
1197 1433 1220 1450 ⁸⁵
1237 1433 1483 1470 ύπεραπολογεῖται
1508 1433 1666 1472 Λαμπετίου
1683 1433 1721 1464 ὡς
1749 1432 1838 1469 μηδὲν

1005 1503 1026 1532 c
1042 1476 1080 1506 ὧν
1093 1479 1224 1515 ἐνεκλήθη
1240 1479 1256 1515 ἢ
1276 1480 1398 1510 εἰπόντος
1410 1479 1427 1514 ἢ
1443 1480 1608 1514 ποιήσαντος
1618 1485 1625 1493 ⁸
1645 1479 1794 1513 ἐκθέμενος
1807 1479 1840 1507 ει

1043 1526 1092 1552 καὶ
1105 1525 1185 1560 λόγον
1206 1525 1267 1552 τινὰ
1280 1525 1356 1552 οὐδὲν
1380 1526 1410 1552 ἐν
1430 1524 1517 1560 αὐτῷ,
1534 1525 1598 1551 ὅσον
1624 1524 1681 1551 ἔστι
1706 1525 1838 1558 συνιδεῖν,

1045 1570 1218 1607 βλασφημεῖ²
1241 1570 1382 1607 καθῃρέθη
1397 1570 1489 1605 μέντοι
1506 1578 1538 1605 γε
1559 1570 1598 1602 ὠς
1621 1570 1655 1596 τὰ
1676 1569 1839 1604 Λαμπετίου

1045 1618 1161 1653 φρονῶν.
1178 1617 1233 1644 Καὶ
1257 1615 1381 1651 ’Ἀλφειὸς
1403 1616 1432 1643 δέ
1459 1625 1500 1648 τις
1524 1616 1614 1648 ἄλλος,
1629 1615 1775 1650 ὁμώνυμος
1796 1616 1840 1650 τῷ

1044 1664 1198 1698 καθηγητῇ,
1215 1663 1414 1699 χειροτονηθεὶς
1429 1662 1616 1699 πρεσϐύτερος
1633 1661 1686 1688 ὑπὸ
1702 1661 1840 1696 Τιμοθέου

1044 1710 1092 1736 τοῦ
1107 1709 1312 1745 Ἀλεξανδρείας
1327 1710 1360 1742 “,
1378 1708 1423 1736 διά
1436 1709 1486 1745 τὴν
1508 1709 1593 1743 αὐτὴν
1607 1707 1746 1744 καθῃρέθη
1763 1707 1841 1744 ὠρε-

1046 1764 1099 1789 σιν,
1115 1755 1153 1787 ὡς
1164 1756 1182 1790 ἠ
1193 1754 1241 1782 τοῦ
1254 1755 1422 1790 Πτολεμαίου
1434 1754 1481 1782 τοῦ
1501 1753 1712 1789 Ῥινοκοροὺρων
1725 1754 1841 1780 ἐπισκό-

1045 1810 1098 1829 που
1123 1801 1193 1836 πρὸς
1219 1800 1353 1836 Τιμόθεον
1374 1800 1420 1828 τδν
1451 1800 1653 1836 προειρημένον
1682 1798 1840 1826 ἐκδιδάσκει

1046 1848 1183 1883 ἀναφορὰ.

1419 1892 1483 1920 ΝΓν.

1047 1940 1180 1973 Σύνοδυς
1194 1939 1270 1967 κατὰ
1286 1939 1435 1974 Halm-[ou
1459 1938 1509 1965 καὶ
1520 1937 1691 1974 γΚελεστιου
1706 1936 1741 1963 ἐν
1754 1938 1842 1972 Καρ-

1303 1973 1415 2009 aurern
1429 1973 1583 2002 συστᾶσα.

1081 2020 1252 2056 Ἀνεγνώσθη
1265 2020 1393 2056 βιϐλίονή
1413 2020 1494 2048 Κατὰ
1509 2020 1659 2054 Πελαγίου
1674 2019 1725 2046 καὶ
1743 2021 1840 2047 Κελε-

1047 2067 1133 2094 στίου
1140 2067 1162 2082 ⁶⁷
1169 2067 1302 2100 σύνοδος
1310 2067 1339 2094 ἐν
1346 2066 1511 2102 Καρθαγένῃ
1522 2066 1643 2092 συστᾶσα
1650 2067 1679 2092 ἐν
1689 2066 1720 2101 τῇ
1732 2065 1841 2101 μεγάλῃ

1048 2113 1181 2148 ἐκκλησία
1204 2113 1327 2140 Φαύστου
1347 2112 1478 2148 Ὀνωρίου
1493 2113 1524 2138 τὸ
1542 2112 1592 2148 τῆς
1614 2112 1741 2147 ἑσπερίου
1761 2111 1841 2146 βασι-

1048 2158 1123 2190 λείας
1148 2159 1329 2195 φρουροῦντος
1350 2159 1476 2194 ὰξίωμα·
1494 2159 1594 2195 ἐξῆρχε
1614 2159 1643 2186 δὲ
1664 2158 1768 2194 ταύτης
1789 2159 1843 2193 τῆς

1048 2205 1157 2232 συνόδου
1178 2205 1314 2241 Αὐρήλιος
1327 2205 1350 2221 ⁸⁸
1362 2206 1512 2237 ἐπίσκοπος
1536 2205 1584 2232 καὶ
1602 2204 1728 2236 Δοτιανδς
1745 2205 1768 2221 ⁸⁵
1787 2204 1843 2231 Τε-

1048 2251 1207 2278 πτεντεσίου
1224 2251 1248 2268 ⁷⁰
1264 2251 1311 2278 τοῦ
1328 2251 1438 2286 πρώτου
1452 2251 1548 2287 θρόνου
1560 2252 1580 2267 ⁷¹
1602 2251 1736 2286 ἐπαρχίας
1753 2250 1844 2282 Βυζα-

1047 2298 1142 2333 κηνῆς,
1151 2295 1192 2329 οἷς
1201 2298 1364 2333 συνήδρευον
1374 2298 1406 2324 ἐκ
1416 2297 1553 2332 διαφόρων
1566 2297 1706 2332 ἐπαρχιῶν
1713 2297 1736 2312 ⁷¹
1744 2296 1842 2332 ἄνδρες

1046 2343 1244 2377 διαπρέποντες
1259 2344 1392 2380 ἱερωσύνῃ
1404 2363 1411 2374 ,
1427 2344 1473 2370 τὸν
1485 2343 1601 2379 ἀριθμὸν
1619 2346 1684 2370 σκε¹.

1085 2388 1162 2423 Αὕτη
1177 2389 1193 2423 ἡ
1209 2387 1318 2420 σύνοδος
1331 2389 1392 2420 τοὺς
1409 2388 1507 2424 θνητὸν
1529 2388 1682 2422 πλασθῆναι
1694 2387 1740 2414 τὸν
1753 2387 1843 2422 Ἀδὰμ

1052 2433 1182 2468 λέγοντας
1198 2433 1244 2469 144
1258 2433 1305 2469 3.]
1322 2433 1388 2460 ἀλλὰ
1408 2433 1445 2468 μὴ
1462 2435 1495 2460 ἐκ
1519 2434 1701 2470 παραϐάσεως
1725 2433 1806 2460 τοῦτο
1818 2434 1843 2450 ⁷³

1051 2479 1284 2514 καταδικασθῆναι
1311 2479 1528 2516 ἀναθεματίζειθ
1559 2480 1690 2512 ὡσαύτως
1715 2479 1780 2512 τοὺς
1808 2481 1844 2506 τά

852 2537 969 2565 νΑιιιΑῑ
986 2535 1188 2564 LECTIONES.

241 2583 264 2621 ⁵Δ⁸
279 2583 476 2621 acamas.”
492 2585 702 2621 ⁸⁹νάρξαμένους
715 2586 747 2612 Λ.
786 2586 809 2602 ⁶⁰
824 2586 1011 2621 πρεσϐυτέρου
1025 2594 1056 2617 ς.

206 2618 313 2657 ἐπέχων
338 2628 374 2657 g_._
407 2620 429 2657 ξδ
445 2618 658 2657 ’άλφιδςἏέείβ
673 2625 700 2647 et
716 2621 798 2648 infra.
836 2618 858 2637 ⁸⁸
877 2618 1094 2657 ῥινοκρυρούρων
1108 2619 1254 2657 A._sic__et
1278 2618 1360 2646 infra.

1112 2585 1135 2600 οι
1154 2592 1217 2610 τινα
1248 2583 1378 2620 τῶνγτῆς
1394 2592 1425 2615 ς.
1458 2583 1624 2620 θ’ρευῇρος
1660 2591 1691 2620 ς.
1765 2581 1844 2620 τά-ξιν

1418 2619 1440 2635 ⁶⁶
1451 2618 1640 2658 αλέξανδρέως
1660 2617 1691 2644 A.
1731 2617 1752 2658 ’ἶ
1764 2617 1844 2643 κελεε

207 2652 315 2693 σίουγᾼ.
354 2652 508 2693 “Aab-pllio;
523 2655 543 2682 A
561 2655 697 2693 ιάϐρζλιος
726 2664 757 2687 ς’.
796 2657 818 2693 θ’
833 2652 1124 2693 Δνοτιανὸςηδιάςτινος
1138 2655 1172 2693 Αζ
1208 2655 1231 2693 :’°
1246 2654 1490 2693 renfsvucilouA:
1511 2653 1558 2693 τοῦ
1570 2652 1600 2680 τε
1621 2652 1785 2693 πτεντεξῖῑου
1811 2661 1843 2684 ς.

207 2689 228 2705 ⁷¹
245 2688 355 2725 πρώτου
375 2687 483 2726 θρόνου]
497 2687 688 2726 πρωτοθρόνου
705 2698 777 2718 corr.
791 2692 825 2718 Α..
845 2692 871 2707 τι
885 2687 1020 2727 ἐπαρχίας
1034 2689 1238 2725 βυζακηνῆςΑε
1257 2688 1420 2726 Βυζακηνῆς
1437 2689 1574 2724 ἐπαρχίας
1598 2697 1628 2720 ς.
1650 2687 1673 2704 ⁷³
1687 2687 1783 2715 τοῦτον
1812 2696 1844 2720 ς.

965 2737 1082 2766 NOT/E.

245 2782 302 2823 (86)
318 2783 400 2818 Cujus
410 2783 519 2823 epistol.
531 2784 686 2820 synodalcm
703 2785 788 2815 babes
802 2791 822 2816 t.
835 2786 856 2814 ll
872 2785 992 2823 Operuui

210 2818 241 2846 D.
252 2820 367 2854 August.
381 2820 462 2854 epist.
478 2819 522 2847 90.

1086 2785 1141 2821 (8'1)
1159 2785 1246 2818 Quam
1272 2786 1438 2813 sententiam
1455 2793 1564 2820 otioque
1594 2784 1716 2821 tenuisse
1737 2783 1843 2811 diceZ-Jr

1047 2821 1205 2850 Thcodows
1220 2821 1408 2850 Autiochenus
1425 2821 1474 2848 inf.
1486 2822 1546 2849 cod.
1563 2820 1623 2848 H7.
