1918 3086
117 125 152 158 69
573 124 838 155 BIBLIOTHECA.
854 126 1004 156 —CODD.
1024 126 1307 158 XXXV-XXXVIII.
1729 127 1766 160 70

119 184 168 212 τοῦ
209 182 357 218 Ῥωμαίων
378 181 403 198 ⁸⁸
430 182 562 217 βασιλέως
600 181 720 217 ἡμέραις
753 182 922 217 ἔναιιμάζων⁴

979 184 1114 217 peratoris
1136 184 1305 219 temporibus
1327 184 1426 212 Iloruil.
1455 185 1551 220 Incipit
1571 192 1654 221 super
1676 189 1764 216 eccle-

125 229 295 265 Ἇπάρχεται
305 229 356 264 μὲν
364 228 386 245 ⁸⁷
398 226 445 256 οὖν
453 228 476 244 ⁸⁸
486 228 557 263 ὺπέρ
563 229 586 244 ⁸⁸
595 237 677 256 τινων
687 228 925 264 ὲκκλησιαστικῶν

120 276 268 310 δογμάτων
299 275 468 310 Γραφικαῖς,
488 275 527 307 ὡς
543 275 642 307 ἐδόκει,
671 274 834 310 μαρτυρίαις
850 276 925 308 dy»—

120 321 257 353 νίζεσθαιο
269 320 328 348 ἐστι
344 322 374 348 δὲ.
386 323 515 353 ταπεινὸς
526 323 576 356 τὴν
592 320 694 355 φράσιν
709 321 757 347 καὶ
770 320 925 353 συντάξεως

121 367 184 393 οὐδὲ
201 367 254 401 τῆς
286 368 383 401 κοινῆς
411 366 545 401 μετέχων.
564 365 646 393 Ἀλλὰ
661 365 708 394 καί
722 374 784 392 τινα
794 367 865 393 κατὰ
874 366 923 403 τὴν

121 412 246 446 ἱστορίαν
269 411 316 448 [24
331 411 379 448 R.]
408 413 530 440 ἀπίθανα
562 412 722 448 συντίθησι·
752 412 794 439 διὸ
818 413 865 440 καὶ
876 421 925 448 μυ·-

120 459 272 494 θικώτερον
302 458 406 494 μᾶλλον
422 459 439 494 ἢ
454 459 639 495 ἀληθέστερον
661 458 791 494 ἡγεῖσθαι
815 459 860 486 τὸν
877 459 925 486 ἄν-

120 505 234 539 θρωπον
259 504 377 531 δίκαιον.
396 504 483 540 ’Υπὲρ
499 501 537 531 ὧν
559 505 589 532 δὲ
615 505 740 541 δόγματα
771 506 922 539 ἐνίσταται,

120 550 180 577 ἔστι
201 549 303 582 ταῦτα,
318 550 360 577 ὅτι
375 549 390 576 ὁ
407 550 522 586 οὐρανὸς
542 551 593 577 οὐκ
607 550 665 578 ἔστι
679 552 695 586 ή
709 552 755 586 γῆ.
772 551 829 578 ἀλλ’
844 552 858 578 ὁ
874 552 924 587 μὲν

121 595 188 621 ὡσεὶ
216 595 343 630 καμάρα.
361 596 378 630 ή
393 595 421 622 δὲ
436 595 622 631 ἑτερομήκης,
641 596 690 623 καὶ
712 596 875 631 κεκόλληται
890 597 923 624 τὰ

121 641 231 677 πέρατα
242 640 290 677 [lo
299 640 347 677 IL]
358 641 405 668 τοῦ
419 641 535 676 οὐρανοῦ
548 641 617 677 πρὸς
626 642 661 668 τὰ
672 642 778 678 πέρατα
797 643 848 678 τῆς
859 643 921 678 γῆς,

123 688 169 714 καὶ
184 688 227 714 ὅτι
242 687 345 719 πάντες
362 687 388 714 οί
404 688 519 722 ἀστέρες
532 687 673 715 κινοῦνται
687 688 812 722 ἀγγέλων
826 689 921 720 αὐτοῖς

123 734 154 768 τῇ
171 733 283 768 κινήσει
307 733 518 765 διακονούντων,
546 733 595 760 κα)⁸
627 734 711 769 ἕτερά
724 743 784 760 τινα
796 733 920 761 τοιαῦτα.

124 779 245 805 Ποιεῖται
274 778 323 805 καὶ
342 779 381 810 ὼς
393 780 423 804 ἐν
435 779 608 814 παρεκϐάσει
633 779 745 814 μνήμην
763 779 814 814 τῆς
843 779 922 805 Γενέ-

124 833 193 856 σεως
201 824 225 841 ⁸⁸
238 825 286 850 καὶ
298 825 350 859 τῆς
363 825 482 858 Ἐξόδου,
492 825 625 860 διατρίῦει
640 825 670 852 δὲ
687 827 720 860 τῇ
736 826 861 860 διηγήσει
874 825 922 852 καὶ

976 229 1095 257 siasticis
1111 230 1274 265 quibusdam
1302 231 1483 266 dogmatibus,
1507 239 1591 260 sacra:
1607 232 1765 267 Scriptum,

976 275 1069 309 utipsi
1101 275 1209 310 quidem
1230 275 1382 308 videbatur,
1409 277 1570 305 testimoniis
1593 279 1767 305 contendere.

977 319 1072 356 Stylus
1084 321 1122 348 illi
1140 321 1260 353 humilis,
1273 326 1473 349 etstructuram
1490 323 1677 350 adhibetinl’ra
1691 331 1765 350 com-

975 375 1097 395 munem.
1112 367 1258 402 Componit
1269 372 1296 394 et
1320 368 1487 395 incredibilia
1513 370 1645 403 quaedam,
1660 377 1710 396 non
1727 378 1768 396 sa-

974 413 1010 440 tis
1029 413 1062 440 ad
1089 413 1245 440 bistoricam
1259 413 1339 440 [idem
1358 421 1366 440 :
1388 413 1422 441 ob
1436 421 1496 448 quae
1514 414 1652 442 fabulosus
1678 415 1768 449 potius

975 466 1056 492 quam
1072 466 1154 485 verus
1176 459 1293 493 scriptor
1323 459 1415 486 haberi
1443 460 1539 486 merito
1566 461 1673 487 debeat.
1694 461 1767 487 Inter

976 504 1033 536 illa,
1049 504 1107 531 bzec
1119 503 1175 530 fere
1193 503 1318 538 dogmata
1346 504 1472 538 proponit
1486 514 1493 531 ε
1511 504 1614 531 Caelum
1629 505 1697 540 (Μ’)
1714 513 1766 532 non

974 555 1037 576 esse
1053 547 1202 574 orhiculari
1219 548 1364 583 llgura,-ac
1374 556 1463 583 neque
1485 553 1583 575 terram
1602 558 1608 576 :
1625 551 1671 576 sed
1701 550 1766 577 illud

975 593 1089 620 fornicis
1103 592 1201 626 simile,
1217 593 1287 620 hanc
1302 593 1386 621 altera
1401 599 1476 628 parte
1502 593 1660 628 longiorem,
1676 600 1766 621 extre-

975 638 1080 672 misque
1094 638 1215 672 partibus
1243 645 1304 665 cum
1337 638 1398 665 cceli
1427 638 1550 666 terminis
1579 639 1708 673 copulari.
1723 640 1763 666 Ad

974 683 1042 716 haec,
1057 683 1147 710 omnia
1165 687 1237 709 astra
1254 683 1367 714 moveri,
1378 683 1482 718 angelis
1492 685 1524 710 ad
1540 688 1642 710 rnotutn
1658 685 1764 711 subscr-

974 729 1120 761 vientibus,
1144 734 1170 756 el
1199 730 1225 756 id
1244 737 1328 764 genus
1344 729 1406 756 alia.
1432 724 1509 756 Facit
1526 737 1632 764 quoque
1648 732 1763 758 mentio-

974 782 1046 806 nem,
1059 779 1185 809 tanquam
1195 775 1268 802 aliud
1283 783 1376 810 agens,
1386 775 1445 802 libri
1459 775 1607 808 Geneseos,
1618 780 1645 803 et
1657 776 1740 804 Exodi
1754 786 1761 804 :

973 820 1162 855 plurimusque
1177 826 1218 848 est
1234 821 1260 848 in
1273 823 1428 849 narratione
1442 826 1469 849 et
1479 822 1664 857 speculatione
1677 824 1766 850 taber-

121 872 154 906 τῇ
168 870 272 906 θεωρίᾳ
286 870 324 902 ὡς
343 871 446 898 ἐπίπαν
468 871 519 905 τῆς
535 872 652 907 σκηνῆς·
674 871 814 907 ἐπιτρέχει
827 871 856 898 δὲ
877 871 922 898 καὶ

978 868 1076 896 naculi.
1097 867 1237 896 Percurrit
1264 874 1291 896 et
1321 869 1477 904 prophetas,
1505 870 1678 905 indidemqne
1706 878 1766 905 apo-

122 919 183 948 τοὺς
195 917 352 952 ἠροφήτας,
373 917 502 944 κάκεῖθεν
516 917 578 949 τοὺς
594 917 771 950 ἀποστόλους.
783 918 866 952 Λέγει
882 917 921 949 δὲ,

121 962 161 988 ὅτι
176 961 208 987 τὸ
223 961 341 996 μέγεθος
364 961 422 996 ἔχει
442 962 457 988 ὁ
475 963 553 998 ἥλιος
574 962 621 989 δύο
638 963 790 998 κλιμάτων,
814 963 864 990 καὶ
877 963 918 990 ὅτι

122 1007 146 1033 οἱ
160 1007 273 1041 ἄγγελοι
281 1008 332 1034 οὐκ
343 1008 413 1034 εἰσὶν
428 1008 457 1034 ὲν
471 1008 509 1043 τῷ
523 1008 642 1044 οὐρανῷ,
656 1009 725 1036 ἀλλὰ
739 1009 821 1044 μόνον
835 1009 918 1035 ὕπὸ¹¹

122 1053 152 1079 τὸ
168 1053 316 1089 στερέωμα
351 1053 401 1080 καὶ
420 1053 480 1088 μεθ’
493 1055 510 1089 ἡ
516 1054 585 1088 μῶν,
600 1055 650 1081 καὶ
661 1055 705 1082 ὅτι
716 1056 729 1082 ό
741 1054 860 1091 Χριστὸς
875 1055 922 1082 ἅν-

123 1098 209 1126 ελθὼν
241 1100 298 1126 ἀπὸ
322 1101 373 1135 τῆς
388 1101 441 1135 γῆς
453 1100 493 1132 είς
509 1100 540 1127 τὸ
559 1100 663 1136 μεταξὺ
678 1101 726 1128 τοῦ
741 1100 858 1136 οὐρανοῦ
874 1100 921 1127 καὶ

124 1144 170 1171 τοῦ
200 1144 394 1180 στερεώματος
419 1145 540 1180 εἰσῆλθε,
572 1146 620 1172 καὶ
643 1147 686 1172 ὅτι
701 1145 781 1172 τοῦτό
796 1147 854 1172 ἐστι
873 1145 921 1172 καὶ

125 1189 206 1223 μόνον
221 1191 238 1223 ἡ
255 1189 381 1224 βασιλεία
408 1189 462 1216 τῶν
489 1190 623 1225 οὐρανῶν.
654 1190 739 1225 Λέγει
753 1190 782 1217 δὲ
794 1190 841 1216 καὶ
853 1189 922 1217 ἄλλα

123 1235 185 1262 τινὰ
211 1236 357 1263 ἀλλόκοτα.
382 1236 546 1272 Προσφωνεί
561 1236 590 1263 δὲ
617 1236 681 1268 τοὺς
713 1236 762 1271 μὲν
790 1236 820 1268 ἒξ
839 1235 921 1262 αὑτοῦ

123 1281 220 1314 immo;
250 1282 387 1316 Παμφίλῳ
417 1282 485 1308 τινί·
520 1281 576 1308 τῶν
594 1281 623 1308 δὲ
647 1281 750 1308 λοιπῶν
769 1280 799 1314 ἓξ
818 1282 852 1316 (οἱ
865 1280 921 1316 γὰρ

126 1328 232 1359 πάντες
244 1327 328 1354 αὑτοῦ
342 1328 448 1355 δώδεκά
460 1328 524 1364 είσι)
541 1328 587 1355 τὸν
601 1328 651 1363 μὲν
665 1328 780 1363 ἕϐδομον
794 1329 922 1354 Ἀναστα-

126 1372 184 1406 σίῳ,
200 1373 231 1398 έν
243 1369 265 1406 ᾧ
280 1373 322 1399 ὅτι
334 1372 502 1400 ἀκατάλυτοί
515 1374 585 1400 εἰσιν
596 1374 621 1399 οί
635 1374 757 1409 οὐρανοὶ,
772 1374 817 1399 τὴν
827 1373 921 1407 ὖγδοον

124 1417 162 1447 δὲ.
180 1418 209 1449 ὃς
223 1418 298 1445 ἐστιν
312 1419 353 1450 εἰς
372 1419 422 1454 τὴν
440 1418 513 1454 ᾠδὴν
536 1418 658 1451 Ἐζεκίου
675 1419 722 1446 καὶ
739 1420 778 1451 είς
791 1419 837 1446 τὸν
852 1419 921 1445 ἀνα-

125 1463 257 1498 ποδισμδν
286 1464 335 1490 τοῦ
361 1464 449 1499 suo»,
479 1464 577 1500 Πέτρῳ
603 1466 771 1499 προσφωνεῖ,
797 1465 826 1491 ὲν
842 1461 864 1498 ᾧ
880 1465 922 1491 ὅτι

975 913 1071 941 stolos.
1086 913 1158 941 Solis
1181 914 1398 949 magnitudinem
1413 921 1473 941 esse
1486 914 1524 940 ait
1539 915 1652 941 duorum
1670 914 1766 941 clima-

975 967 1044 988 tum.
1060 960 1178 994 Angelos
1195 960 1222 987 in
1236 960 1307 988 coelo
1325 968 1378 988 non
1399 968 1470 994 esse,
1497 961 1543 988 sed
1569 965 1669 988 tantum
1685 969 1766 996 super

975 1007 1188 1039 lirmamentum,
1202 1011 1229 1032 et
1239 1005 1378 1033 nobiscum
1388 1006 1502 1033 versari.
1512 1006 1650 1033 Christum
1665 1014 1681 1034 e
1693 1012 1765 1034 terra

973 1052 1177 1084 ascendentem,
1192 1051 1264 1078 inter
1291 1051 1389 1079 malum
1409 1056 1436 1078 et
1458 1052 1658 1079 ﬁrmamentum
1670 1060 1766 1087 perve-

975 1096 1061 1128 nisse,
1078 1096 1160 1131 idque
1176 1096 1309 1123 duntaxat
1321 1096 1451 1124 ctelorum
1468 1104 1580 1132 regnum
1598 1105 1659 1125 esse
1675 1105 1682 1124 :
1696 1098 1765 1125 alia-

975 1148 1028 1176 que
1044 1141 1087 1169 his
1101 1141 1199 1169 similia
1222 1142 1340 1169 absurde
1358 1141 1471 1176 profert.
1493 1142 1636 1177 Nuncupat
1659 1143 1766 1178 priores

975 1196 1023 1216 sex
1037 1188 1122 1216 libros
1149 1187 1289 1223 Pamphilo
1303 1188 1410 1215 cuidam
1424 1197 1431 1216 :
1453 1189 1487 1216 de
1502 1189 1615 1223 reliquis
1633 1197 1698 1217 vero
1717 1197 1764 1217 sex

978 1232 1053 1269 (sunt.
1068 1234 1143 1261 enim
1158 1234 1186 1260 in
1202 1235 1359 1262 universum
1378 1234 1532 1270 duodecim)
1550 1237 1694 1270 septimum
1710 1238 1766 1271 qui-

977 1279 1038 1306 dem
1050 1278 1208 1311 Anastasio,
1225 1287 1281 1314 quo
1298 1281 1382 1308 malos
1392 1281 1506 1308 minime
1519 1281 1629 1308 dissolvi
1646 1283 1743 1309 asserit
1757 1292 1765 1310 :

973 1329 1103 1352 octavum
1117 1326 1178 1353 deitt
1192 1326 1248 1361 (qui
1272 1332 1315 1354 est
1336 1327 1362 1354 in
1382 1327 1519 1355 canticum
1545 1327 1678 1361 Ezrachiaa,
1695 1334 1722 1356 et
1739 1330 1765 1356 in

974 1374 1041 1400 solis
1054 1374 1220 1409 regressum)
1234 1373 1315 1401 Petro
1336 1373 1485 1401 inscribit:
1505 1381 1559 1409 quo
1586 1374 1611 1400 in
1643 1374 1714 1401 libro
1739 1379 1766 1402 et

975 1419 1088 1447 Cantica
1106 1420 1276 1447 canticorum
1292 1420 1445 1454 explicasse
1457 1427 1485 1447 se
1498 1424 1705 1447 commemorat.
1719 1419 1764 1447 Re-

977 1464 1042 1500 liqui
1054 1471 1174 1500 quatuor
1191 1471 1268 1493 certo
1285 1466 1388 1492 nemini
1400 1466 1570 1493 dedicantur.

126 1507 338 1546 ὺπεμνημάτισε
349 1512 372 1528 ⁸³
393 1511 428 1538 τὰ
441 1511 572 1548 ᾌσματα
586 1512 640 1539 τῶν
657 1512 789 1548 ᾀσμάτων
803 1512 889 1547 λέγει.
907 1512 938 1540 Ol
951 1512 981 1539 δὲ
990 1513 1079 1540 λοιποὶ
1091 1513 1225 1549 τέσσαρες
1240 1513 1272 1540 οὺ
1295 1513 1363 1548 πρός
1378 1521 1405 1540 τι
1420 1513 1565 1549 πρόσωπον
1597 1513 1672 1550 αὐτῷ
1704 1521 1766 1540 συν-

126 1558 274 1593 ετάγησαν.

479 1604 539 1631 ΛΖ’.

397 1650 468 1684 Περὶ
488 1649 653 1685 πολιτικῆς-

170 1695 341 1732 Ἀνεγνώσθη
358 1696 430 1731 Περὶ
444 1697 606 1731 πολιτικῆς
623 1697 647 1714 ’³
669 1697 707 1730 ὡς
735 1698 764 1724 ὲν
795 1698 923 1734 διαλόγῳ,

129 1743 226 1777 Μηνᾶν
254 1743 401 1778 πατρίκιον
433 1743 481 1770 καὶ
509 1744 614 1779 Θωμᾶν
636 1744 879 1780 ῥεφερενδάριον⁹⁸
891 1745 926 1771 τὰ

129 1789 309 1823 διαλεγόμενα
339 1790 459 1824 εἰσάγων
495 1790 640 1825 πρόσωπα.
679 1791 806 1826 Περιέχει
844 1791 872 1818 δὲ
906 1792 924 1826 ἠ

131 1835 308 1871 πραγματεία
340 1835 437 1870 λόγους
454 1836 494 1869 ἐξ,
511 1837 540 1862 έν
554 1833 595 1868 οἷς
610 1837 658 1862 καὶ
679 1837 774 1871 ἕτερον
790 1835 860 1868 εἶδος
877 1845 926 1864 πο-

130 1880 233 1912 λιτείας
249 1881 326 1916 παρὰ
343 1881 378 1907 τὰ
394 1882 452 1913 τοῖς
469 1881 596 1913 παλαιοῖς
621 1882 757 1918 εἰρημένα
773 1882 890 1917 εἰσάγει,
911 1882 926 1909 ὂ

130 1926 177 1951 καὶ
205 1926 284 1952 κιλεῖ
305 1926 508 1961 ὁικαιαρχικόν.
529 1927 734 1962 Ἐπιμέμφεται
750 1928 777 1954 δὲ
794 1928 843 1963 τῆς
858 1928 927 1955 Πλά-

129 1978 214 2002 τωνος
227 1971 342 2003 δικαίως
357 1972 506 2004 πολιτείας.
527 1973 579 1999 Ἦν
600 1972 623 1998 δ’
638 1973 714 1999 αὐτοὶ
727 1973 866 2000 πολιτείαν
874 1975 927 2000 εἰσ-

135 2018 261 2052 άγουσιν,
281 2018 383 2044 ἐκτῶν
417 2019 501 2053 τριῶν
533 2018 613 2045 εἰδῶν
639 2020 688 2054 τῆς
716 2019 855 2050 πολιτείας
867 2020 926 2046 δέον

131 2064 217 2099 αὐτὴν
240 2063 403 2097 συγκεῖσθαί
418 2073 495 2099 φασι,
517 2063 660 2099 βασιλικοῦ
675 2064 723 2091 καὶ
735 2065 926 2100 ἀριστοκρατι-

131 2109 181 2135 κοῦ
208 2110 259 2136 καὶ
275 2109 494 2145 δημοκρατικοῦ,
511 2110 541 2136 τὸ
556 2110 705 2145 εἰλικρινὲς
719 2111 787 2145 αὐτῇ
810 2112 928 2147 ἑκάστης

133 2156 276 2188 πολιτείας
307 2156 536 2191 συνεισαγούσης,
562 2156 693 2192 κάκείνην
706 2156 755 2192 τὴν
768 2157 805 2188 ὠς
820 2156 927 2192 ἀληθῶς

131 2203 249 2239 ἀρίστην
262 2203 402 2230 πολιτείαν
419 2203 616 2238 ἁποτελούσης.

483 2250 550 2277 AH’.

167 2295 321 2329 Θεοδώρου
339 2295 514 2329 Ἀντιοχέως
527 2295 669 2330 ἑρμηνεία
682 2295 739 2328 τῆς
751 2295 893 2329 Κτίσεως.

172 2340 348 2376 ’Δνεγνώσθη
362 2341 501 2376 Θεοδώρου
521 2341 692 2377 Ἀντιοχέως,
703 2338 735 2368 οὗ
747 2342 764 2376 ἡ
776 2341 927 2377 ἐπιγραφὴ,

139 2385 303 2420 Ἐρμηνεία
320 2385 376 2419 τῆς
398 2386 530 2419 Κτίσεως
541 2394 548 2401 ·
562 2387 592 2412 ὲν
607 2386 700 2421 τόμοις
718 2386 816 2421 ὲπτὰή
834 2385 929 2421 πρώτη

133 2430 226 2465 βίϐλος
253 2430 426 2466 ἐπεραίνετο.
459 2432 516 2467 Τὴν
528 2431 557 2459 δὲ
575 2431 675 2467 φράσιν
690 2431 754 2458 οὕτε
766 2431 788 2447 ⁸⁸
802 2431 930 2467 λαμπρὸς

1302 1602 1436 1630 XXXVII.

1202 1649 1241 1677 De
1256 1649 1396 1684 Republica
1411 1649 1471 1676 libri
1484 1657 1523 1676 VI.

1010 1697 1055 1733 8a
1081 1697 1179 1724 Lectus
1207 1696 1243 1723 De
1264 1695 1407 1729 Republica
1433 1695 1524 1728 Liber,
1548 1696 1656 1723 Menam
1682 1697 1767 1731 patri-

976 1745 1049 1772 cinttt
1067 1749 1094 1770 et
1115 1743 1248 1770 Thomam
1271 1742 1486 1770 rel'erendarium
1507 1750 1555 1777 per
1571 1742 1707 1777 dialogum
1724 1743 1765 1770 lo-

977 1795 1091 1825 quentes
1106 1790 1294 1818 introducens.
1310 1788 1441 1817 Contiuct
1457 1797 1525 1824 opus
1542 1789 1593 1817 hoc
1609 1790 1693 1817 libros
1707 1798 1765 1824 sex,

976 1837 1076 1871 quibus
1101 1835 1299 1871 δικαιαρχικὸν,
1315 1840 1345 1862 ut
1368 1835 1411 1862 ltic
1431 1835 1591 1870 appellatur.
1608 1843 1705 1863 novutn
1720 1844 1769 1870 po—

979 1882 1047 1909 litiae
1062 1889 1161 1917 genus,
1178 1882 1316 1908 diversum
1339 1882 1372 1907 ab
1391 1881 1422 1908 iis
1436 1889 1496 1916 qnze
1513 1881 1570 1916 (55)
1585 1887 1691 1908 veteres
1703 1889 1767 1916 prc-

978 1929 1114 1960 diderunt,
1137 1927 1322 1954 introducitur
1342 1937 1348 1954 :
1364 1935 1395 1954 ac
1411 1927 1532 1954 Platonis
1550 1928 1699 1962 respublica
1714 1936 1766 1954 not:

980 1974 1120 2001 inttnerito
1135 1973 1354 2008 reprehenditur.
1369 1974 1454 2007 Quam
1482 1981 1546 2001 vero
1573 1981 1696 2007 personae
1716 1974 1768 2000 illa:

980 2019 1103 2054 politiam
1120 2018 1254 2052 allerunt,
1270 2027 1302 2046 ex
1318 2018 1403 2046 tribus
1416 2019 1517 2053 politia:
1529 2020 1679 2054 speciebus,
1696 2021 1768 2054 regia

980 2065 1122 2097 nimirum,
1143 2070 1172 2092 et
1186 2065 1360 2099 optimatum,
1388 2072 1420 2091 ac
1444 2064 1624 2100 popularium.
1641 2065 1768 2098 componi

979 2116 1107 2146 oportere
1128 2111 1204 2137 aiunt
1226 2120 1233 2138 :
1255 2115 1283 2137 ut
1297 2118 1357 2137 cuin
1374 2110 1470 2137 harum
1483 2110 1620 2144 quaelibet,
1631 2111 1702 2144 quod
1718 2118 1769 2144 pu-

981 2164 1040 2182 rutn
1057 2160 1140 2191 atque
1163 2157 1297 2183 sincerum
1331 2155 1421 2188 habet,
1451 2155 1503 2182 huc
1532 2155 1687 2188 contulerit,
1713 2155 1770 2182 lucc

981 2202 1090 2229 tandem
1107 2209 1172 2229 vere
1189 2202 1292 2236 optima
1310 2202 1466 2236 reipublica:
1477 2201 1562 2229 forma
1576 2207 1769 2230 constituatur.

1317 2247 1462 2275 XXXVIII.

1039 2294 1165 2320 Theodori
1184 2295 1339 2321 Antiocheni
1365 2295 1546 2328 interpretatio
1565 2293 1703 2322 Cauneas.

1019 2338 1116 2367 Lectus
1133 2339 1268 2367 Theodori
1298 2340 1462 2367 Autiocheni
1478 2341 1547 2368 liber
1574 2345 1616 2368 est
1640 2348 1701 2368 cum
1721 2341 1772 2368 liae

984 2385 1160 2421 inscriptione
1174 2395 1181 2413 :
1196 2385 1386 2421 Interpretatio
1400 2386 1548 2420 Geneseos;
1574 2387 1652 2414 libris
1667 2392 1771 2422 septem

985 2436 1073 2459 tomus
1087 2433 1191 2466 primus
1203 2432 1364 2460 absolvitur.
1375 2432 1470 2468 Stylus
1485 2432 1523 2459 illi
1536 2440 1625 2468 neque
1642 2433 1770 2466 illustris,

764 2498 879 2526 VARIA‘]
903 2498 1106 2526 LECTlONES.

169 2565 193 2581 "
204 2565 254 2592 τοῦ
268 2566 324 2593 τῶν
341 2565 471 2602 ῥωμαίῳν
488 2575 519 2598 ς.
557 2567 579 2583 ⁸⁷
598 2566 721 2602 μὲνγοιιι.
739 2573 781 2601 pr.
795 2567 828 2593 Α.

879 2566 902 2582 ⁸⁸
915 2565 961 2592 οὖν
973 2573 1027 2594 om.
1046 2566 1078 2592 A.

1131 2566 1153 2603 εξ
1172 2565 1252 2602 ὑπὲρ]
1266 2566 1320 2592 ἀπὸ
1341 2566 1393 2603 _A._
1432 2567 1455 2583 ’°
1471 2568 1592 2603 μνήμην
1606 2567 1653 2594 καὶ
1679 2569 1727 2603 τῆς
1742 2576 1770 2599 ς.

135 2600 222 2637 ’ξύ-πὸ
236 2602 260 2628 Δ
275 2610 283 2628 :
299 2599 369 2636 ὑπὲρ
383 2599 415 2634 ζ.
433 2601 556 2632 Cosmas,
569 2599 663 2635 p.986
679 2610 686 2628 :
703 2599 761 2636 ἅμα
774 2602 841 2636 ἡμῖν
854 2601 882 2627 ἐν
890 2600 929 2635 τῷ
952 2600 1032 2637 χῴρῳ
1043 2601 1131 2637 τούτῳ
1142 2599 1274 2635 διάγοὺἇι,
1287 2635 1291 2637 _
1304 2601 1352 2628 καὶ
1365 2599 1442 2628 οὔπω
1456 2599 1498 2633 τις
1518 2599 1547 2635 ἔξ
1559 2599 1654 2628 ἀὐτῶν
1668 2599 1771 2637 ﬁgis;th

137 2636 199 2672 τῶν
211 2636 270 2663 ἄνω
285 2637 354 2667 τέως
364 2638 455 2671 τυχεῖν
465 2641 493 2663 et
507 2644 533 2670 ιι.
550 2637 602 2663 515
614 2644 619 2660 2
645 2638 677 2663 τὰ
688 2635 775 2672 ᾆστρα
787 2635 875 2663 στάντα
898 2635 1020 2672 κᾴτὼθέν
1048 2635 1121 2672 ὲστιξ
1132 2637 1178 2662 τοῦ
1197 2635 1384 2672 στερεὼματος
1398 2651 1433 2656 -—
1450 2637 1601 2672 κενούμενα
1613 2637 1665 2664 ὑπὸ
1681 2635 1705 2664 1)
1718 2635 1771 2662 τῶν

135 2671 258 2713 ᾁοράτων
269 2671 337 2713 δυνρ

136 2714 236 2742 νπεμν.
259 2715 290 2739 ς.

375 2670 422 2698 ων.
439 2672 494 2698 Καὶ
510 2673 542 2698 ὲκ
556 2672 652 2698 τούτου
666 2670 848 2706 διδασκόμεθα
873 2670 1001 2698 ἐπένεικα
1022 2671 1077 2697 τῶν
1097 2671 1205 2706 ἄστρων
1226 2670 1340 2705 ἄγγελον

328 2706 352 2722 ⁹¹
369 2706 438 2742 Aug.
447 2707 532 2734 Maius
544 2707 577 2733 ad
589 2707 648 2734 Cic.
664 2707 697 2734 de
713 2707 848 2741 republica
865 2714 891 2741 p.
908 2714 963 2732 xw.

1356 2671 1399 2722 μῐὶ
1409 2671 1592 2722 ὑῖτξρϐαίνειν.
1631 2673 1653 2688 ⁹¹
1668 2673 1710 2698 ὅτι
1723 2673 1772 2697 καὶ

1012 2707 1035 2722 οδ
1051 2705 1276 2741 ραιφερενδάοιον
1305 2715 1336 2739 ς.
1358 2705 1362 2706 ν
1376 2705 1399 2722 ³⁸
1412 2705 1474 2733 οὐδὲ
1489 2716 1518 2739 ς.

898 2763 1014 2792 NOTAE.

170 2811 239 2848 (δι’)
246 2811 321 2848 _Vide
329 2811 359 2839 Β.
373 2812 464 2839 Basilii
475 2817 546 2840 orat.
557 2812 575 2840 5
587 2811 754 2848 ﬂexaemrel
763 2810 928 2848 D.Amb_ros.

170 2845 233 2883 (55)
244 2846 334 2881 Plato,
350 2848 521 2882 Aristoteles,
541 2848 681 2883 Polybius,
699 2847 747 2875 lib.
770 2854 806 2879 ιι,
822 2853 847 2874 ct
869 2845 930 2873 l'lu-

981 2811 1090 2838 tarchus
1103 2810 1233 2846 singulari
1261 2810 1363 2842 libello,
1381 2810 1538 2839 Heraclides
1554 2818 1661 2846 quoque
1677 2809 1768 2838 Ponti-

985 2854 1044 2879 cus,
1059 2851 1086 2874 et
1100 2847 1186 2874 Nicol.
1199 2846 1388 2874 Damascenus.
