1918 3086
147 126 178 159 ’11
729 124 862 154 PIlOTlI
883 124 941 154 PA']

994 123 1135 153 'A'RCH/E
1156 124 1210 154 CP.
1739 121 1775 152 72

148 190 236 217 neque
255 181 333 209 valde
351 182 524 217 perspicuus.
540 180 657 216 Fagiens
673 188 748 214 vero,
763 187 894 215 quantmn
910 181 936 208 in

994 180 1050 206 nine
1065 180 1127 207 λίαν
1142 181 1242 215 σαφὴς,
1261 179 1370 214 φεύγων
1382 180 1410 206 δὲ
1422 179 1468 206 τὸν
1492 178 1605 206 δυνατὸν
1624 177 1699 214 αὖτῷ
1712 179 1775 214 τρό-

149 229 208 263 ipso
227 232 280 262 est,
297 228 450 263 allegorias,
464 231 491 254 et
520 226 694 255 historiarum
709 227 838 254 duntaxat
853 234 936 261 expo-

147 275 274 302 sitionem
302 279 433 306 tractans,
449 273 541 308 putide
572 273 653 300 nimis
675 273 769 300 eadem
790 272 935 300 idemidem

149 320 294 354 repelit,et
310 319 433 354 ingratus
451 324 532 353 atque
543 318 701 346 fastidiosus
713 318 810 354 legenti
826 319 934 346 accidit.

150 365 220 397 Quin
248 370 275 391 et
301 364 417 392 Nestorii
449 365 623 396 sententiam.
655 364 779 400 quamvis
796 364 841 392 illo
862 365 937 400 prior

149 409 239 442 fuerit,
261 410 342 437 tacite
364 411 457 438 vomit.
484 410 534 439 llic
561 416 602 439 est
628 410 789 439 Theodorus
810 411 855 439 ille
880 411 938 438 Mo-

147 456 283 489 psuestiae,
295 463 310 482 a
327 463 379 490 quo
399 464 588 490 saepenumero
614 457 794 493 constat,(56)
806 457 935 485 Joannem

147 500 330 536 PltHoponum
351 501 391 537 (ut
408 501 523 536 ipsemet
548 502 656 537 fatetur)
690 502 823 530 rationem
846 502 938 537 hujus-

148 547 220 574 modi
247 546 479 580 interpretationis
496 546 567 573 bona
581 546 634 574 ﬁde
659 553 689 574 ac
711 547 782 574 serio
803 547 935 582 exegisse,

149 595 175 621 in
192 600 242 620 suo
254 592 291 619 De
307 591 428 619 universi
444 592 582 619 creatione
595 599 686 627 opere.

475 637 596 666 XXXIX.

342 681 473 709 Euubius
486 687 579 710 contra
594 682 756 711 Hieroclem.

186 761 267 789 Lecta
279 768 322 789 est
337 761 445 789 Eusebii
469 760 603 796 Pamphili
616 761 768 796 Confulatio
780 762 864 790 brevis
880 762 936 798 (57)

149 809 281 835 lihrorutn
294 806 429 835 Hieroclis
439 808 472 834 de
490 807 633 842 Apollonio
647 807 767 842 Tyaneo.

205 953 377 988 Philostorgit'
395 951 593 979 Ecclesiuuicw
611 951 736 979 Historia
749 952 811 980 libri
826 960 876 980 sit.

186 998 269 1026 Lecta
286 1003 329 1026 est
343 997 517 1032 Philoslorgii
536 996 592 1032 (58)
610 997 704 1024 Ariani
721 997 802 1025 veluti
819 997 939 1026 Historia

152 1045 349 1072 Ecclesiaslica.
365 1044 462 1072 Narrat
474 1044 531 1072 fere
552 1045 686 1072 contraria
704 1045 830 1074 omnibus
852 1046 940 1074 eccle-

150 1090 270 1118 siasticis
298 1090 447 1121 hisloricis,
469 1089 593 1116 laudibus
615 1090 757 1122 extollente.
774 1099 844 1126 quos
866 1092 941 1119 novit

151 1136 306 1163 Arianismo
322 1134 447 1167 infectos,
461 1139 490 1161 et
504 1135 633 1162 conviciis
647 1135 814 1163 orthodoxos
828 1136 940 1170 perfun-

152 1182 218 1208 dens
236 1190 243 1208 :
259 1185 289 1208 ut
301 1188 363 1208 esse
387 1181 439 1208 hoc
458 1179 518 1215 ejus
541 1188 610 1214 opus
630 1188 684 1208 non
702 1185 755 1208 tam
771 1181 884 1209 historia
901 1181 942 1208 vi-

154 1228 260 1259 deatur,
277 1234 357 1261 quam
382 1227 571 1254 haereticorum
589 1225 719 1260 laudatio,
736 1234 797 1254 cum
822 1229 891 1254 nuda
915 1233 943 1255 et

154 1281 229 1300 mera
253 1273 454 1307 vituperatione
478 1277 561 1306 atque
588 1273 762 1300 accusatione
788 1273 942 1300 Catholico—

155 1327 226 1347 rum.
246 1318 339 1354 Slylus
362 1318 401 1346 illi
426 1319 570 1354 comptior,
586 1323 613 1346 et
637 1319 751 1353 poeticis
773 1319 831 1347 sine
853 1319 942 1351 taedio.

154 1365 320 1398 minimeque
345 1364 459 1398 ingratis
480 1364 591 1391 vocibus
611 1364 707 1391 utitur.
728 1363 810 1399 'l‘ropi
837 1372 945 1400 quoque

158 1416 191 1436 ae
221 1409 301 1435 verba
323 1408 516 1443 signiﬁcantia,
551 1409 665 1444 gratiam
688 1409 740 1443 ipsi
765 1416 826 1437 cutn
845 1409 943 1444 jucun-

154 1455 238 1482 ditate
254 1454 402 1482 conciliant
418 1463 425 1482 :
444 1454 495 1482 nisi
511 1455 581 1489 quod
599 1454 733 1482 interdum
749 1459 851 1483 temere
865 1455 943 1490 ipsis,

155 1499 197 1526 vel
213 1499 326 1526 nimium
342 1499 456 1527 detortis
474 1499 583 1531 utendo,
599 1499 626 1527 in
646 1499 772 1536 frigidum
793 1504 820 1527 et
841 1501 944 1536 impor-

990 235 1040 253 πον
1062 227 1112 258 τὰς
1139 226 1314 261 ἀλληγορίας,
1345 226 1393 252 καὶ
1419 225 1491 252 κατὰ
1514 225 1564 261 τὴν
1592 225 1713 261 ἱστορίαν
1728 224 1776 260 τὴν

989 271 1139 307 ἑρμηνείαν
1168 273 1340 306 ποιούμενος.
1367 271 1530 305 Ταυτολογεῖ
1545 271 1575 297 δὲ
1589 270 1624 297 τὰ
1650 270 1776 298 πλεῖστα.

989 318 1037 344 καὶ
1050 318 1149 353 ἄχαρίς
1163 327 1221 349 πως
1236 318 1283 345 καὶ
1300 318 1386 354 ἀηδὴς
1407 316 1478 345 εἶναι
1501 318 1585 349 δοκεῖ,
1601 317 1671 345 ἀλλὰ
1684 318 1732 344 καὶ
1747 317 1777 344 τὸ

989 363 1137 399 Νεστορίου
1156 363 1254 398 δόγμα,
1267 364 1292 389 εἰ
1305 364 1353 390 καὶ
1372 363 1425 400 πρὸ
1452 364 1601 399 Νεστορίου
1640 363 1776 398 ὑπῆρχεν,

991 409 1223 444 ὐπερευγόμενὶς.
1247 405 1333 440 Οὗτος
1346 409 1374 435 δέ
1399 411 1473 436 ἐστιν
1487 411 1501 436 ό
1515 409 1718 444 Μοψουεστίας,
1745 409 1776 437 ὃν

989 455 1038 482 καὶ
1051 455 1185 487 πλείστας
1207 455 1324 487 εὐθύνας
1342 455 1469 492 Ἰωάννης
1481 456 1495 482 ὁ
1508 456 1664 488 Φιλόπονος,
1677 455 1713 487 ὡς
1727 456 1778 483 αὑ-

989 501 1034 533 τός
1048 509 1126 536 φησι,
1153 502 1203 536 τῆς
1225 501 1356 537 τοιαύτης
1368 501 1518 537 ἑρμηνείας
1535 503 1564 529 ἐν
1578 501 1670 537 οἰκείῳ
1686 502 1725 537 τῷ
1736 503 1777 533 εἰς

988 548 1038 584 τὴν
1057 548 1146 575 κτίσιν
1172 549 1310 584 πονήματι
1321 548 1429 584 ὲδείχθη
1447 548 1599 579 σπουδαίως
1613 548 1777 581 είσπραττὸ-

991 602 1082 629 μενος.

1335 641 1397 669 ΛΘ’.

995 686 1149 714 Ἐὐσεόιου
1164 686 1218 713 τοῦ
1237 687 1394 721 Παμφίλου
1414 686 1488 720 πρὸς
1503 683 1575 719 τοὺς
1589 686 1666 720 ὑπὲρ
1679 686 1779 713 Ἀπολ-

1053 722 1165 749 λωνίου
1177 721 1230 749 τοῦ
1246 721 1379 754 Τυανέως
1401 721 1578 755 Ἱεροκλέους
1589 722 1709 756 λόγους.

1030 767 1200 803 Ἀνεγνώσθη
1216 767 1345 794 Εὐσεὸίου
1355 767 1401 795 τοῦ
1418 767 1563 802 Παμφίλου
1576 767 1776 794 ἀνασκευαστι-

989 813 1037 840 κδν
1064 813 1229 849 βιϐλιδάριον
1256 813 1324 848 πρὸς
1349 813 1414 845 τοὺς
1434 813 1507 849 ὑπὲρ
1528 812 1706 840 Ἀπολλωνίου
1731 811 1779 839 τοῦ

958 867 979 894 Β
993 859 1122 891 Τυανέως
1142 859 1308 895 Ἱεροκλέους
1316 859 1339 876 ³⁸
1354 859 1460 893 λόγους.

1352 905 1397 932 Μ’.

1096 949 1475 985 ΦιλοστοργιουἊρειαν-οὗ
1495 950 1670 985 Ἰστορικόν.

1024 997 1194 1032 Ἀνεγνώσθη
1204 996 1250 1032 [25
1257 995 1302 1032 IL]
1311 995 1653 1031 Φιλοστοργίου,’Δρειανοῦ
1659 996 1708 1031 τὴν
1717 996 1781 1032 Θρη-

990 1045 1094 1076 σκεῑαν,
1105 1043 1144 1075 ὡς
1160 1043 1238 1078 δῆθεν
1247 1042 1504 1076 Ἐκκλησιαστικὴ
1521 1042 1658 1076 Ἱστορία,
1667 1042 1780 1077 Ἱστορεῖ

990 1089 1019 1115 δὲ
1030 1089 1160 1116 τάναντία
1167 1088 1260 1123 σχεδὸν
1269 1089 1354 1115 ἅπασι
1365 1089 1421 1119 τοῖς
1432 1087 1670 1122 ὲκκλησιαστικοῖς
1681 1089 1780 1123 ἱστορι-

992 1136 1060 1166 κοῖς.
1073 1135 1190 1170 Ἐξαίρει
1199 1136 1261 1167 τοὺς
1275 1134 1780 1171 Ἀρειανίζονταςᾶπαντας,λοιδορίαις

994 1180 1091 1207 πλύνει
1101 1181 1164 1212 τοὺς
1178 1180 1343 1215 ὀρθοδόξους,
1357 1180 1395 1212 ὡς
1407 1178 1479 1207 εἶναι
1493 1180 1542 1216 τὴν
1557 1181 1679 1216 ἱστορίαν
1696 1181 1778 1208 αὑτοῦ

998 1226 1036 1261 μὴ
1052 1226 1172 1261 ἱστορίαν
1188 1226 1298 1262 μᾶλλον,
1315 1226 1373 1253 ἀλλ’
1385 1226 1522 1261 ἐγκώμιον
1541 1227 1591 1262 μὲν
1606 1227 1662 1254 τῶν
1676 1228 1780 1262 αἱρετι-

992 1272 1059 1305 κῶν,
1069 1271 1152 1306 ψόγον
1168 1271 1197 1298 δὲ
1209 1271 1313 1306 γυμνὸν
1324 1272 1371 1298 καὶ
1379 1272 1546 1307 κατηγορίαν
1555 1272 1609 1299 τῶν
1621 1272 1778 1307 ὀρθοδόξων.

995 1318 1073 1344 Ἔστι
1085 1317 1113 1343 δὲ
1125 1316 1174 1351 τὴν
1191 1317 1291 1352 φράσιν
1306 1316 1348 1353 [Η
1367 1316 1412 1353 IL]
1428 1316 1533 1352 κομψὸς
1548 1319 1597 1344 καὶ
1611 1319 1779 1352 ποιητικαῖς.

993 1364 1051 1391 ἀλλ’
1066 1364 1097 1390 οὺ
1122 1363 1284 1398 κατακόρως
1299 1363 1354 1390 οὐδ’
1377 1363 1519 1398 ἀχαρίτοις
1527 1363 1550 1379 ⁹⁷
1564 1363 1652 1396 λέξεσι
1676 1371 1780 1398 κεχρη-

995 1410 1085 1446 μένος.
1113 1410 1168 1436 Καὶ
1181 1410 1198 1445 ὴ
1212 1409 1301 1445 τροπὴ
1315 1409 1345 1436 δὲ
1378 1408 1453 1444 αὑτῷ
1480 1408 1520 1444 τῷ
1540 1409 1684 1444 ὲμφατικῷ
1695 1410 1717 1425 ⁸⁵
1730 1409 1782 1444 τὴν

994 1457 1075 1492 χάριν
1091 1455 1160 1491 μετὰ
1175 1454 1221 1482 τοῦ
1237 1455 1315 1490 ἡδέος
1328 1454 1471 1489 ἐφέλκεται
1484 1461 1492 1469 '
1507 1454 1577 1490 πλὴν
1592 1455 1677 1481 ἐνίοτε
1688 1463 1781 1490 παρα-

995 1502 1082 1534 ϐόλως
1109 1502 1203 1534 αὐταῖς
1220 1501 1268 1529 καὶ
1294 1501 1420 1528 πλεῖστον
1443 1501 1701 1536 ἀποτετραμμέναις
1713 1500 1782 1536 χρώ-

155 1551 250 1572 tunum
268 1552 422 1573 sermonem
440 1546 545 1574 incidit.
560 1545 678 1574 Ornatur
694 1546 728 1574 ab
743 1553 776 1574 eo
793 1546 837 1582 8b
869 1547 941 1576 varie

995 1556 1076 1582 μενος
1100 1547 1140 1579 είς
1167 1546 1331 1582 ψυχολογίαν
1353 1546 1401 1573 καὶ
1430 1546 1621 1581 ἀκαιρολογίαν
1640 1546 1779 1573 ἐκπίπτει.

154 1592 254 1623 oratio,
274 1591 316 1618 vel
335 1592 369 1619 ad
386 1592 556 1626 satietatem;
580 1592 617 1620 ita
641 1596 671 1620 ut
692 1593 719 1620 in
736 1593 941 1628 obscuritatem,

156 1644 206 1664 nec
220 1644 280 1664 eam
295 1644 402 1672 semper
416 1643 532 1673 gratam,
550 1638 657 1666 occulte
675 1638 798 1666 trahatur
813 1638 920 1666 auditor
933 1645 941 1666 :

156 1685 184 1710 in
199 1683 345 1719 multisque
364 1692 417 1712 non
444 1685 630 1712 incommodus
644 1684 764 1719 loquitur
782 1685 941 1712 sententias.

156 1729 254 1764 lucipit
270 1734 361 1757 autem
381 1729 416 1757 ah
435 1729 493 1757 Arii
513 1730 604 1757 studio
624 1730 651 1757 in
671 1729 842 1758 haresimac
856 1730 944 1765 primo

157 1774 274 1809 incepto,
304 1782 390 1810 usque
412 1775 445 1802 ad
470 1775 541 1803 Aetii
567 1775 625 1811 (59)
648 1775 800 1810 impiissimi
826 1775 943 1804 hominis

157 1821 367 1848 revocationetn.
392 1821 487 1848 Aetius
504 1821 548 1849 hic
562 1821 596 1848 ab
613 1822 749 1856 ipsisiuna
764 1821 943 1850 sentientibus

159 1865 306 1899 hmreticis,
323 1867 393 1900 quod
421 1867 481 1894 illos
505 1867 644 1901 impietate
667 1872 809 1902 superaret
829 1867 870 1903 (ut
887 1868 944 1903 ipse

156 1909 354 1945 Philostorgius
381 1911 424 1938 vel
451 1911 553 1939 invitus
582 1911 677 1947 refert)
701 1911 854 1940 ministerio
878 1913 944 1941 sub-

157 1960 257 1988 motus,
269 1961 362 1990 postea
374 1956 408 1983 ab
421 1956 579 1991 impiissitno
593 1955 702 1984 Juliano
713 1956 875 1992 imperatore
886 1958 943 1994 (60)

158 2005 311 2033 revocatus,
328 2000 538 2036 humaniterth
554 2007 681 2037 acceptus
695 2008 746 2031 est.
762 2003 796 2032 Et
811 2004 868 2032 haec
884 2004 945 2039 qui-

158 2045 217 2072 dem
240 2045 325 2080 ipsius
343 2046 455 2073 liistoria
472 2053 525 2074 uno
542 2047 679 2075 volumine
699 2055 748 2076 sex
768 2048 852 2076 libros
871 2056 945 2076 com-

158 2091 249 2126 plexa,
276 2092 309 2118 ad
337 2091 389 2119 hoc
418 2100 504 2127 usque
532 2098 637 2129 tempus
672 2094 853 2129 progreditur.
885 2094 945 2128 lpse

167 2143 231 2163 Vero
250 2137 365 2171 scriptor
381 2137 495 2165 mendax
510 2143 563 2170 est,
587 2143 614 2165 et
628 2137 726 2167 fabulis
739 2139 849 2167 minime
862 2139 945 2166 absti-

159 2189 241 2214 neas,
259 2183 440 2217 praedicatque
455 2185 584 2212 doctrime
608 2185 725 2212 maxime
742 2192 821 2212 causa
837 2185 943 2213 Aetium

159 2233 186 2254 et
212 2228 392 2262 Etmomium,
424 2229 500 2263 quasi
534 2230 584 2257 soli
617 2235 807 2265 repurgassent
835 2231 944 2265 pietatis

159 2277 286 2310 dogmata
321 2281 444 2311 tempore
475 2278 675 2311 contaminata,
707 2278 859 2314 prodigiose
890 2279 943 2306 hoc

159 2323 244 2357 ipsum
267 2322 424 2350 mentiendo
441 2330 449 2349 :
465 2323 604 2357 signorum
627 2328 730 2358 autem,
746 2329 774 2353 et
796 2325 859 2352 vitae
881 2332 942 2360 gra-

992 1593 1192 1629 Περιὸέὸληται
1202 1592 1231 1619 δὲ
1244 1592 1319 1627 αὐτῷ
1335 1591 1464 1623 ποικίλως
1477 1591 1492 1618 ὁ
1504 1591 1582 1625 λόγος
1593 1591 1641 1618 καὶ
1656 1592 1685 1617 ἐν
1696 1592 1778 1627 κόρῳ,

991 1639 1030 1671 ὼς
1044 1639 1085 1670 είς
1101 1638 1132 1665 τὸ
1147 1637 1253 1673 ἀσαφὲς
1286 1637 1334 1664 καὶ
1348 1637 1399 1664 οὐκ
1413 1637 1458 1664 ἀεὶ
1470 1637 1566 1672 χαρίεν
1578 1637 1624 1663 τὸν
1642 1637 1780 1673 ἀκροατὴν

993 1683 1188 1719 ὑποσύρεσθαι.
1206 1682 1250 1710 Ἐν
1267 1682 1373 1714 πολλοῖς
1384 1682 1413 1709 δὲ
1423 1682 1471 1709 καὶ
1483 1681 1591 1714 οῑκείως
1601 1682 1779 1718 γνωμολογεῖ.

998 1731 1111 1766 Ἱστορεῖ
1123 1729 1152 1756 δὲ
1169 1729 1205 1756 τὰ
1216 1728 1271 1756 ἀπὸ
1296 1729 1346 1764 τῆς
1364 1728 1469 1763 ’Δρείου
1495 1728 1560 1763 περὶ
1591 1729 1642 1764 τὴν
1672 1728 1780 1764 αἵρεσιν

994 1776 1112 1811 σπουδῆς
1123 1784 1153 1802 τε
1166 1775 1214 1802 καὶ
1245 1774 1404 1810 κατάρξεως
1431 1774 1512 1810 μέχρι
1529 1774 1579 1809 τῆς
1601 1774 1706 1801 Ἀετίου
1731 1773 1780 1800 τοῦ

994 1820 1209 1847 δυσσεὸεπάτου
1237 1819 1425 1855 ἀνακλήσεως.
1454 1817 1539 1850 Οὗτος
1553 1819 1582 1846 δὲ
1601 1819 1704 1851 ’Δάτιος
1715 1828 1772 1854 παρ

995 1866 1087 1893 αὐτῶν
1119 1866 1169 1901 μὲν
1197 1865 1252 1893 τῶν
1278 1865 1508 1900 συναιρεσιωτῶν,
1540 1865 1625 1893 διὰτὸ
1639 1866 1782 1897 κάκείνους

994 1909 1198 1946 ὑπερϐαλέσθαι
1213 1911 1236 1926 ’θ
1254 1911 1288 1946 τῇ
1311 1909 1467 1945 δυσσεϐείᾳ,
1486 1910 1524 1942 ὡς
1538 1909 1620 1942 αὐτὸς
1641 1906 1717 1941 οὗτος
1733 1910 1782 1937 καὶ

995 1957 1034 1992 μὴ
1045 1955 1206 1992 βουλόμενος
1222 1956 1334 1991 ἱστορεῖ,
1345 1955 1395 1990 τῆς
1409 1955 1547 1987 διακονίας
1564 1955 1715 1991 καθῃρέθη,
1729 1955 1782 1982 ὑπὸ

993 2002 1023 2029 δὲ
1037 2002 1083 2029 τοῦ
1097 2001 1312 2029 δυσσεϐεστάτου
1335 2001 1482 2028 Ἰουλιανοῦ
1516 2001 1651 2037 ἀνεκλήθη
1679 2010 1709 2028 τε
1735 2002 1782 2028 καὶ

995 2047 1165 2083 φιλοφρόνως
1177 2047 1319 2081 ὲδεξιώθη.
1337 2048 1393 2074 Καὶ
1410 2048 1427 2083 ἡ
1454 2047 1504 2082 μὲν
1520 2047 1625 2082 ἱστορία
1649 2047 1731 2074 αὐτοῦ
1747 2048 1781 2074 δι’

994 2094 1054 2125 ἐνὸς
1065 2093 1181 2128 βιὸλίου,
1197 2093 1291 2129 τόμοις
1306 2093 1336 2126 ἓξ
1349 2093 1593 2129 συμπληρουμένη,
1607 2094 1687 2129 μέχρι
1706 2093 1782 2121 τοῦδε

995 2140 1104 2175 πρόεισι
1135 2139 1183 2167 τοῦ
1213 2140 1321 2175 χρόνου.
1356 2140 1434 2166 Ἔστι
1462 2140 1490 2167 δὲ
1510 2141 1543 2167 ὁ¹
1562 2140 1632 2176 ἀνὴρ
1653 2139 1779 2175 ψευδολό-

995 2194 1043 2219 γος
1060 2194 1089 2212 τε
1113 2186 1161 2212 καὶ
1189 2186 1249 2212 οὐδὲ
1279 2185 1440 2220 μυθολογίας
1466 2187 1647 2222 ἀπεχόμενος.
1664 2186 1782 2221 Ἑξαίρει

995 2232 1024 2258 δὲ
1043 2233 1072 2258 ὲν
1090 2232 1138 2267 μὲν
1151 2232 1240 2266 λόγοις
1267 2232 1384 2268 μάλιστα
1399 2232 1501 2259 ’Δέτιον
1516 2233 1562 2259 καὶ
1574 2233 1714 2268 Εὐνόμιον,
1733 2232 1782 2267 μό-

995 2286 1058 2309 νους
1094 2277 1267 2312 ἀνακαθᾶραι
1293 2277 1327 2304 τὰ
1359 2279 1409 2314 τῆς
1433 2277 1574 2309 εὐσεϐείας
1596 2277 1718 2313 δόγματα
1741 2277 1782 2311 τῷ

994 2325 1082 2360 χρόνῳ
1109 2325 1323 2360 συγκεχωσμένα
1347 2325 1559 2361 τερατευόμενος
1576 2326 1606 2352 ὲν
1628 2324 1781 2360 τεραστίοις

797 2391 912 2419 ἻΑΒΙᾹΞ
929 2391 1132 2421 LECTIONES.

189 2451 213 2467 "
228 2451 288 2478 "bri
302 2449 457 2487 ἱεροκλέως.
495 2449 518 2466 ³⁷
530 2449 622 2477 malim
638 2450 785 2485 ἀχαρίτως.
823 2451 846 2467 ’⁸
866 2451 1021 2487 ὲκφαντικῷ
1041 2459 1112 2480 corr.
1129 2453 1160 2480 A.
1199 2455 1221 2470 "
1235 2451 1451 2488 ὑπερϐάλλεσθαι
1466 2460 1497 2484 ς.
1535 2451 1543 2466 ¹
1559 2450 1573 2476 ὁ
1588 2450 1665 2477 libris
1679 2449 1765 2476 deest.

912 2508 1025 2537 NOTJE.

192 2568 248 2603 (se)
260 2567 311 2596 lnf.
328 2569 388 2596 cod.
405 2568 497 2596 XLIII.

194 2604 250 2639 (57)
265 2604 372 2637 Septem
384 2611 431 2631 eos
449 2604 532 2632 fuisse
556 2604 682 2639 colligere
700 2603 772 2639 licet,
790 2611 823 2631 ex
852 2603 941 2632 libello

158 2638 277 2671 Eusebii,
288 2639 333 2673 qui
342 2639 429 2665 adhuc
443 2644 576 2673 superest,
589 2638 639 2666 hac
652 2638 828 2673 inscriptione
847 2648 853 2666 :
867 2649 876 2665 ι
887 2639 941 2666 En-

157 2674 225 2702 sebii
239 2673 371 2708 Pamphili
389 2673 522 2709 gestirem
544 2675 626 2709 episc.
651 2674 800 2701 confutatio
828 2675 942 2709 scripto-

158 2707 375 2750 rum_llierdclis,
388 2707 526 2744 Tyaneum
549 2707 656 2736 Christo
679 2709 819 2736 Servatori
837 2707 944 2743 compa-

158 2750 253 2772 ranlls.
269 2754 279 2770 ν

195 2779 249 2814 (58)
267 2778 387 2806 Meminit
403 2777 460 2812 ejus
475 2777 572 2805 Suidas
590 2779 616 2806 in
632 2778 746 2806 Leontio
759 2778 936 2814 Tripolitano,

159 2813 238 2840 allata
263 2820 290 2842 et
316 2814 472 2841 narratione
497 2815 612 2847 quadam
638 2821 671 2841 ex
693 2815 742 2841 hac
765 2813 937 2848 Philostorgii

160 2849 285 2881 historia;
299 2856 460 2883 rursumque
475 2849 500 2876 in
514 2849 647 2884 Phlegone
656 2848 808 2882 Tralliano;
820 2847 934 2883 Nieeph.

993 2569 1097 2597 Callist.
1117 2569 1165 2597 lib.
1186 2577 1207 2601 ι,
1224 2576 1249 2596 c.
1267 2569 1339 2601 init.,
1355 2568 1410 2596 Deo
1429 2569 1542 2596 inuisum
1561 2566 1696 2598 nominat,
1710 2564 1783 2591 κείν

994 2609 1140 2666 gtqugserx
1166 2605 1261 2632 eodem
1287 2604 1320 2631 de
1343 2604 1475 2632 Eunomia
1496 2603 1618 2638 quaedam
1643 2601 1712 2628 libro
1730 2607 1780 2632 xu,

1027 2647 1053 2666 a.
1070 2659 1084 2665 -
1128 2647 1166 2666 tn.

993 2646 1223 2709 ωἳὲίῧθὸΐδαυο
1247 2674 1361 2708 plurima
1387 2673 1456 2701 scitur
1478 2673 1632 2709 digna_non
1650 2678 1704 2698 uno
1721 2671 1782 2700 loco

995 2707 1096 2745 scripta
1104 2707 1221 2745 reliquit
1235 2707 1378 2743 Nicepltor.
1393 2709 1498 2745 Callist,
1513 2709 1539 2734 in
1555 2707 1657 2745 llistor.
1725 2740 1730 2745 _

1031 2743 1086 2778 (υο)
1103 2743 1166 2776 Eius
1192 2745 1241 2771 hac
1267 2744 1301 2771 de
1325 2751 1353 2771 re
1380 2745 1413 2771 ad
1440 2743 1657 2778 Aetiumripsum
1679 2743 1780 2774 scripta

994 2777 1107 2814 epistola
1123 2778 1204 2806 hodie
1219 2784 1318 2810 exstat,
1334 2786 1394 2806 cum
1411 2778 1517 2806 caeteris
1537 2777 1658 2813 ejusdem
1682 2777 1778 2812 imper.

993 2814 1086 2842 Graece
1099 2818 1126 2841 et
1140 2813 1236 2842 Latine
1251 2814 1322 2842 edita
1338 2813 1460 2841 Parisiis.

1019 2821 1086 2841 raace
1099 2821 1126 2841 ει
1140 2821 1236 2842 ιιοιιηε
1251 2821 1322 2842 culta
1339 2821 1460 2841 I'ill'lSllS.
