1918 3086
205 172 240 205 ’15

206 229 290 264 Ilujus
310 228 432 256 historiae
455 227 516 255 libri
539 228 632 255 decem
649 233 722 260 sunt,
737 231 767 254 ut
783 228 827 254 ille
845 228 901 262 ipse
917 227 994 262 polli-

204 281 292 308 cetur,
311 282 424 309 quorum
448 274 568 309 quinque
590 274 721 301 duntaxat
742 273 832 309 legere
843 273 908 300 mihi
925 281 991 300 cou-

203 320 274 355 tigit,
295 319 436 346 historiam
459 318 631 345 continentes
654 318 694 352 (ut
709 317 764 352 jam
783 317 849 352 dixi)
863 325 878 344 a
894 316 992 344 Nesto-

204 366 235 393 rii
251 365 428 399 blasphemia,
441 371 526 398 usque
547 364 580 391 ad
597 363 668 391 Petri
691 363 809 391 haeretici
826 371 842 391 e
863 364 929 390 sede
946 364 990 390 de-

201 412 356 447 jcctionem.

554 454 632 482 XLII.

255 500 351 527 Basilii
367 499 459 527 Cilicis
475 499 669 527 Ecclesiastica:
685 499 803 527 historice
816 499 877 526 libri
896 506 938 526 ιιι.

240 547 323 575 Lecta
335 552 377 574 est
388 547 480 574 Basilii
493 546 586 573 Cilicis
598 546 717 574 Historia
731 546 907 574 ecclesiastica
922 547 990 582 (67).

204 591 301 625 Incipit
319 591 353 618 ab
374 591 482 617 interitu
502 590 633 625 Simplicii
655 592 730 619 urbis
746 592 838 619 Romae
859 592 992 627 episcopi,

202 637 249 671 qui
283 637 316 663 ad
345 636 475 664 Acacium
513 635 844 672 Cunstantiuopolitanum
882 638 993 673 scripsit

203 690 238 710 ne
263 690 324 710 cum
349 682 431 711 Pctro
457 684 502 718 qui
531 683 644 719 Mougus
670 687 877 720 cognominatus
898 690 951 718 est,
966 691 994 712 et

203 735 267 757 tunc
299 729 492 757 Alexandriam
524 731 734 766 corrumpebat,
766 732 992 759 communicaret.

205 775 255 803 Hic
278 775 350 803 enim
370 775 465 803 Petrus
485 781 605 803 sanctam
621 777 791 805 Chalcedone
813 778 930 805 habitam
947 786 993 813 sy-

203 822 303 849 nodum
319 822 428 856 publice
442 826 526 856 atque
544 823 570 849 in
591 823 710 851 Ecclesia
727 824 902 852 anathemate
917 825 993 852 datu-

203 866 295 894 nabat.
318 867 371 895 Per
391 875 471 901 quem
497 873 524 895 et
545 869 661 896 Aeacius
682 869 767 903 (recte
786 870 896 904 quidem
915 870 993 897 initio

202 918 297 940 contra
324 914 412 948 ipsum
440 917 590 949 permotus)
616 920 693 949 post,
713 916 785 950 quod
813 917 846 943 ab
871 917 916 944 illo
940 925 992 944 non

204 960 376 990 abhorreret.
394 959 513 987 haztetici
539 960 694 994 opinionem
720 961 792 996 apud
817 961 917 989 multos
940 970 992 989 nou

202 1004 306 1040 eliugit,
321 1012 334 1031 a
350 1003 481 1032 Romanis
498 1013 562 1032 vero
581 1006 663 1032 etiam
680 1008 746 1033 sede
761 1012 850 1035 motus
865 1013 917 1040 est.
934 1016 995 1042 qua:

202 1058 247 1077 res
263 1051 312 1077 sub
327 1049 435 1077 Zenone
460 1051 558 1078 iterum
585 1057 716 1086 regnante
740 1053 841 1086 agitata
858 1052 924 1088 (68).
939 1053 995 1079 Au-

201 1096 421 1131 spieaturitaque
432 1097 466 1123 ab
479 1097 521 1124 his
537 1097 645 1132 quidem
656 1099 834 1132 temporibus,
853 1099 994 1133 pervenit—

201 1149 254 1176 que
268 1142 300 1168 ad
307 1142 442 1169 Anastasii
454 1143 680 1177 imp.excessum,
689 1144 734 1178 qui
746 1149 848 1179 septem
861 1150 888 1172 et
899 1145 992 1180 viginti

201 1195 297 1220 annos,
314 1195 473 1222 mensesque
487 1193 582 1219 tres,ut
603 1189 646 1216 hic
662 1190 766 1222 scribit,
782 1190 924 1223 imperavit
945 1199 995 1217 cu-

198 1234 244 1268 jus
253 1234 393 1268 imperium
402 1234 509 1268 excepit
517 1233 639 1262 Justinus
648 1234 784 1268 Thrax,nt
792 1235 890 1262 ibidem
901 1235 993 1264 refert.

204 1281 302 1308 Verum
316 1281 352 1308 ibi
369 1281 424 1308 fere
440 1281 484 1308 hic
498 1281 567 1308 liber
581 1282 741 1313 absolvitur,
756 1289 770 1308 a
785 1281 894 1309 Zenone
908 1289 994 1316 usque

201 1327 234 1354 ad
251 1327 391 1354 Anastasii
415 1327 530 1360 exitum,
545 1333 573 1354 et
592 1327 690 1355 .iustini
715 1327 874 1355 electionem
894 1328 994 1363 pertin-

200 1380 278 1408 gens.
304 1364 399 1400 ltefert
422 1373 487 1400 item
519 1374 586 1401 alios
613 1375 680 1401 duos
707 1382 722 1401 ιι
749 1381 779 1401 se
803 1373 886 1401 libros
911 1374 994 1401 fuisse

200 1421 386 1454 conscriptos.
403 1419 519 1455 primum
540 1424 568 1448 et
593 1420 724 1448 tertium:
741 1424 768 1448 et
788 1420 862 1447 illum
884 1419 993 1454 quidem

200 1467 235 1492 ab
263 1466 377 1501 imperio
405 1465 536 1493 Marciani
565 1466 648 1494 ducto
674 1465 769 1499 initio,
798 1466 831 1493 ad
856 1465 993 1493 Zenonem

202 1519 288 1547 usque
305 1511 429 1546 perduci,
450 1512 522 1539 unde
536 1516 563 1539 et.
579 1513 728 1540 secundum
753 1513 790 1540 sit
815 1513 991 1548 auspicatus;

203 1558 311 1585 tertium
331 1565 394 1585 vero
418 1559 498 1593 hujus
521 1558 634 1586 alterius
658 1558 702 1594 9b
729 1558 790 1586 libri
815 1558 896 1587 ﬁnem
919 1558 994 1586 exci-

202 1611 281 1639 pere,
296 1612 310 1631 a
325 1603 424 1632 Justini
441 1605 608 1640 temporibus
625 1605 787 1640 incipiendo.

239 1694 288 1723 Est
310 1694 355 1723 hic
382 1695 509 1731 scriptor,
527 1696 560 1723 ad
586 1696 685 1732 stylum
711 1696 784 1731 quod
807 1697 916 1730 attinet,
940 1704 992 1724 non

203 1742 282 1769 valde
313 1746 468 1775 accuratus,
493 1744 539 1770 sed
563 1748 591 1770 et
615 1743 656 1770 sui
678 1743 817 1771 interdum
843 1743 991 1772 dissimilis.

202 1788 290 1815 Aﬂ'ert
311 1794 402 1816 autem
428 1789 548 1816 maxime
570 1789 759 1823 episcoporum
778 1789 849 1817 ultro
871 1789 994 1824 citroque

203 1835 301 1862 missas
324 1834 464 1869 epistolas,
480 1842 535 1870 quo
558 1835 708 1862 narrationi
737 1843 803 1868 suae,
825 1840 855 1862 ut
866 1834 992 1867 allirmat,

205 1880 283 1907 iidem
305 1880 435 1907 conciliet
455 1888 462 1907 :
479 1889 539 1915 quae
558 1889 619 1909 cum
636 1881 797 1909 immensum
814 1881 930 1908 reddant
945 1888 993 1908 vo-

204 1926 304 1959 lumen,
322 1927 349 1953 iu
371 1934 470 1961 magno
490 1932 578 1954 tamen
597 1928 741 1954 verborum
759 1934 856 1954 acervo
872 1927 916 1953 vix
934 1934 994 1953 mo-

204 1972 294 1999 dicam
322 1971 439 1999 aﬂ‘eruut
467 1972 621 2004 historiam,
647 1977 676 1999 et
698 1972 862 1999 narrationis
885 1971 995 2005 insuper

205 2018 396 2053 perspicuitas,
413 2018 441 2046 vi
456 2023 538 2054 atque
553 2019 631 2053 copia
644 2025 738 2046 eorum
751 2025 811 2053 quae
826 2016 995 2051 interjiciuu-

207 2070 260 2098 tur,
277 2065 449 2093 rescinditur.

559 2120 650 2150 XLIII.

350 2167 431 2195 Joun.
451 2166 612 2201 Philoponus
633 2168 660 2194 in
678 2166 870 2194 Hexaemeron.

242 2213 369 2249 Legimus
383 2212 515 2241 Joannem
533 2213 713 2247 Philoponum
732 2212 787 2247 (09)
804 2213 831 2238 in
846 2211 994 2238 Hexaeme-

206 2270 263 2293 ron,
284 2267 339 2296 quo
359 2259 386 2287 in
407 2259 478 2287 libro
498 2267 581 2294 purus
600 2264 644 2286 est
667 2262 693 2286 et
710 2258 810 2291 clarus,
828 2265 911 2292 seque
936 2257 994 2292 ipse

205 2307 312 2335 dicendi
334 2305 413 2335 modo
438 2305 533 2337 vincit,
547 2309 628 2339 atque
652 2308 681 2331 ut
700 2303 800 2331 Basilio
818 2302 915 2338 Magno
931 2303 991 2338 plu-

205 2354 303 2380 rimum
330 2351 387 2379 fere
411 2350 563 2382 consentit,
590 2350 630 2377 sic
657 2357 706 2384 per
734 2349 823 2376 omnia
850 2348 991 2376 Theodoro

205 2397 376 2432 Mopsuestia;
398 2401 541 2430 repugnat,
561 2395 606 2430 qui
630 2395 700 2422 idem
721 2394 779 2428 ipse
802 2399 990 2428 argumentum

204 2449 359 2478 aggressus,
385 2441 631 2476 lnterprelationem
656 2440 784 2468 Geneseos
801 2440 869 2477 (70),
894 2441 992 2469 librum

205 2488 356 2523 inscripsit,
376 2487 455 2522 cujus
481 2487 624 2523 opiniones
651 2486 815 2522 Philoponus
844 2487 993 2523 reprehen-

205 2537 281 2568 dens,
297 2539 391 2561 contra
408 2534 484 2562 nisus
497 2539 550 2562 est.

789 170 922 200 ΡΗΟΤῙῘ
941 169 1195 200 PATRIARCH/E
1215 169 1270 199 ΟΡ.

1802 162 1838 194 76

1007 227 1081 259 Λώς
1098 228 1144 252 καὶ
1161 226 1243 263 αὐτὸς
1267 225 1372 255 ἐκεῖνος
1395 217 1660 257 ὲπαγγέλλεται.⁷Ων
1684 219 1750 254 ἡμῖν
1776 217 1841 247 τοὺς

1046 273 1127 300 πέντε
1143 272 1256 306 γέγονεν
1269 270 1441 304 ἀναγνῶναι,
1455 269 1636 305 περιέχοντας
1649 264 1702 301 (ὡς
1717 264 1840 300 ἔφημεν)

1045 316 1100 342 ἀπὸ
1112 316 1163 350 τῆς
1179 314 1328 350 Νεπορίου
1345 313 1520 349 βλασφημίας
1540 312 1624 347 μέχρι
1635 310 1685 345 τῆς
1698 309 1745 336 τοῦ
1761 309 1840 343 αἱρε-

1046 360 1122 387 τικοῦ
1146 361 1249 396 Πέτρου
1271 360 1469 395 καθαιρέσεως.

1404 450 1471 476 ΜΒ’.

1080 497 1245 524 Βασιλείου
1260 497 1383 528 Κίλικος
1397 494 1655 529 Ἐκκλησιαστίκὴ
1678 496 1805 529 ἱστορία.

1083 541 1256 576 Ἀνεγνώσθη
1283 541 1423 567 Βασιλείου
1445 539 1558 571 Κίλικος
1585 540 1842 574 Ἑκκλησιαστικὴ

1047 588 1175 622 (ampla.
1191 588 1323 622 ’Δρχεται
1338 587 1393 613 ἀπὸ
1406 587 1456 622 τῆς
1468 586 1596 621 τελευτῆς
1615 586 1778 621 Σιμπλικίου
1794 587 1841 614 τοῦ

1054 633 1177 668 Ῥώμης,
1195 634 1223 665 ὃς
1239 633 1308 668 πρὸς
1326 633 1453 659 ’Δκάκιον
1468 633 1514 659 τὸν
1529 633 1841 666 Κωνσταντινουπὸλεως

1046 679 1166 714 ἔγραψεν
1186 679 1339 713 ἀποστῆναι
1361 679 1410 713 τῆς
1435 678 1503 713 πρὸς
1528 678 1630 714 Πέτρον
1652 679 1699 705 τὸν
1716 679 1842 712 Ἀλεξάν-

1045 725 1154 759 δρειαν⁵
1170 724 1370 759 λυμαινόμενον
1385 723 1538 755 κοινωνίας,
1590 724 1705 760 ἐπίκλην
1716 725 1840 759 Μογγός·

1046 768 1124 802 οὗτος
1142 770 1196 806 γὰρ
1213 771 1262 805 τὴν
1278 771 1307 796 ἐν
1330 770 1483 806 Καλχηδόνι
1500 770 1580 804 ἁγίαν
1599 770 1708 798 σύνοδον
1725 772 1844 807 δημοσίᾳ

1047 819 1095 844 καὶ
1120 819 1149 844 ἐν
1167 817 1317 853 Ἐκκλησία
1335 818 1525 853 ἀνεθεμάτιςε.
1543 818 1582 844 Δι’
1596 818 1625 844 ὃν
1650 818 1697 845 καὶ
1712 818 1842 851 ’Λκάκιος

1047 864 1136 896 καλῶς
1164 864 1296 900 πρότερον
1322 864 1481 890 κατάὺτοῦ
1505 864 1695 899 κεκινημένος,
1726 865 1842 901 ὕστερον

1046 911 1095 937 οὐκ
1110 911 1352 946 ἀποστρεφόμενος
1368 910 1508 946 αἱρετικοῦ
1529 911 1611 944 δόξαν
1633 911 1710 946 παρὰ
1733 911 1843 943 πολλοῖς

1047 959 1271 994 ὲκτήσατο,τοῖς
1286 958 1315 984 δὲ
1341 958 1489 993 Ῥωμαίοις
1521 961 1569 985 καὶ
1599 960 1651 986 ὑπὸ
1679 959 1842 996 καθαίρεσιν

1045 1004 1057 1030 ἑ
1061 1013 1094 1031 πε
1099 1013 1154 1030 σεν.
1163 1004 1226 1030 Ἐπὶ
1235 1005 1358 1039 Ζήνωνος
1365 1004 1393 1031 δὲ
1404 1004 1434 1031 τὺ
1448 1005 1574 1039 δεύτερον
1586 1005 1672 1032 ταῦτα
1678 1006 1841 1041 ἐπράττετο.

1047 1051 1178 1086 Ἀρχεται
1194 1050 1242 1084 μὲν
1259 1048 1305 1076 οὖν
1321 1051 1354 1076 ἐκ
1369 1049 1452 1076 τῶνδε
1467 1049 1521 1076 τῶν
1535 1050 1649 1085 χρόνων,
1669 1051 1715 1077 καὶ
1732 1051 1842 1077 κάτεισι

1047 1097 1128 1132 μέχρι
1143 1095 1271 1130 τελευτῆς
1289 1097 1478 1128 Ἀναστασίου,
1496 1096 1525 1129 ὃς
1548 1097 1706 1123 εἰκοσιεπτὰ
1722 1097 1770 1133 ἐτη
1792 1097 1843 1124 καὶ

1046 1142 1134 1177 μῆνας
1148 1143 1232 1177 τρεῖς,
1246 1141 1284 1172 ὡς
1299 1139 1375 1173 οὗτός
1389 1151 1482 1177 φησιν,
1500 1143 1529 1169 ὲν
1541 1143 1574 1178 τῇ
1591 1142 1716 1178 βασιλείᾳ
1729 1143 1844 1178 διήρκε-

1046 1195 1091 1214 σεν
1101 1195 1108 1202 ·
1127 1187 1186 1222 μεθ’
1203 1187 1382 1213 ὃνῚουστῖνον
1398 1188 1444 1214 τὸν
1458 1188 1553 1223 Θρᾷκα
1569 1188 1760 1225 ἀναρρηθῆναι
1775 1188 1844 1224 γράρ

1045 1242 1091 1268 φει
1117 1233 1319 1268 βασιλέα.’Δλ).’
1336 1234 1353 1268 ἡ
1373 1233 1422 1268 μὲν
1436 1233 1526 1268 βίϐλος
1550 1234 1618 1270 αὕτη
1647 1234 1763 1261 ἐνταῦθά
1787 1243 1842 1261 που

1044 1279 1093 1314 τὴν
1106 1279 1218 1315 Γραφὴν
1233 1279 1341 1314 ἵστησιν
1351 1299 1358 1311 ,
1377 1279 1431 1306 ἀπὸ
1445 1280 1568 1315 Ζήνωνος
1584 1281 1665 1316 μέχρι
1678 1281 1730 1316 τῆς
1745 1281 1842 1308 τελευ-

1043 1325 1093 1359 τῆς
1107 1325 1283 1351 ’Λναστασίου
1299 1325 1406 1360 καὶτῆς
1421 1326 1566 1352 Ἰουστίνου
1581 1326 1758 1362 ἀναρρήσεως
1773 1335 1844 1353 κατ-

1046 1371 1132 1397 ιοῦσα.
1143 1371 1226 1404 Λέγει
1237 1370 1266 1397 δὲ
1281 1368 1359 1403 οὗτος
1372 1371 1410 1403 ὠς
1423 1371 1519 1406 εἴησαν
1531 1372 1606 1407 αὑτῷ
1621 1373 1669 1399 καὶ
1684 1373 1778 1408 ἕτεραι
1791 1373 1843 1400 δύο

1044 1417 1232 1452 πεπονημέναι
1249 1417 1346 1452 βίϐλοι,
1361 1416 1457 1453 πρώτη
1476 1417 1523 1444 καὶ
1541 1418 1622 1453 τρίτη
1633 1426 1640 1433 ·
1657 1415 1695 1445 ὧν
1716 1418 1766 1454 τὴν
1790 1419 1844 1453 μέν

1043 1462 1098 1489 ἀπὺ
1112 1463 1273 1498 Μαρκιανοῦ
1288 1464 1335 1490 τοῦ
1353 1463 1486 1498 βασιλέως
1505 1464 1638 1500 ἄρχεσθαι
1650 1484 1657 1497 ,
1674 1464 1844 1500 καταλήγειν

1043 1508 1071 1535 δέ
1097 1509 1149 1541 ἓως
1171 1509 1307 1544 Ζήνωνος,
1329 1511 1376 1545 ἀφ’
1391 1508 1422 1538 οὗ
1445 1512 1495 1548 τὴν
1516 1510 1604 1546 ἀρχὴν
1619 1511 1635 1546 ἡ
1650 1510 1766 1546 δευτέρα
1789 1511 1843 1538 ἐπ-

1044 1554 1170 1590 εποίητο,
1187 1555 1237 1590 τὴν
1250 1555 1279 1582 δὲ
1292 1555 1387 1591 τρίτην
1404 1555 1540 1583 ποιεῖσθαι
1560 1555 1704 1590 προοίμιον
1718 1556 1748 1582 τὸ
1761 1556 1842 1588 τέλος

1007 1601 1028 1630 C
1044 1600 1094 1634 τῆς
1108 1600 1237 1637 δευτέρας
1255 1602 1303 1628 καὶ
1326 1602 1380 1628 ἀπὸ
1395 1602 1447 1637 τῆς
1471 1601 1763 1638 βασιλειαςἾουστίνου
1784 1602 1843 1629 ἁπ-

1043 1646 1187 1682 άρχεσθαι.
1304 1643 1307 1645 ’

1081 1693 1158 1720 Ἔστι
1169 1694 1197 1720 δὲ
1208 1694 1222 1720 6
1235 1695 1413 1730 συγγραφεὺς
1425 1694 1454 1721 οὐ
1470 1694 1531 1722 λίαν
1545 1695 1595 1730 τὴν
1606 1694 1707 1730 φράσιν
1721 1694 1842 1730 ἀπηκρι-

1044 1739 1182 1774 ϐωμένος,
1200 1740 1269 1768 ἀλλὰ
1290 1741 1338 1767 καὶ
1356 1741 1509 1776 ἀνωμάλως
1534 1741 1603 1776 ἔχων
1628 1741 1716 1776 πρὸς⁸
1729 1741 1839 1768 ἑαυτόν.

1044 1785 1184 1821 Κέχρηται
1209 1786 1237 1813 δὲ
1256 1787 1374 1822 μάλιστα
1396 1788 1457 1818 ταῖς
1481 1788 1547 1824 παρ’
1564 1787 1688 1822 ἀλλήλων
1703 1787 1758 1813 τῶν
1779 1787 1843 1813 ἐπι-

1045 1831 1155 1859 σκόπων
1173 1833 1364 1869 στελλομέναις
1378 1835 1545 1867 ἐπιστολαῖς,
1560 1836 1601 1867 si;
1615 1835 1708 1862 πίστιν
1721 1834 1770 1870 (ὦς
1783 1843 1840 1870 φη-

1045 1877 1107 1912 σιν)
1120 1875 1158 1904 ὦν
1169 1878 1250 1910 αὐτὸς
1265 1879 1365 1914 γράφει
1376 1888 1383 1893 ·
1399 1879 1428 1906 αἳ
1444 1879 1492 1906 καὶ
1508 1879 1670 1915 πολύστιχον
1687 1879 1792 1906 ποιοῦσι
1807 1881 1841 1907 τὸ

1045 1923 1147 1959 βιϐλίον
1161 1925 1209 1952 καὶ
1223 1926 1252 1951 ἐν
1268 1925 1364 1960 πλήθει
1380 1926 1467 1961 λόγων
1498 1926 1594 1962 ὀλίγην
1617 1926 1732 1960 συνάγον
1742 1926 1751 1941 ⁷
1766 1926 1842 1952 ἱστο-

1047 1970 1124 2005 ρίαν
1142 1971 1183 2009 διο
1196 1972 1243 1998 καὶ
1256 1972 1287 1998 τὸ
1302 1972 1387 2006 σαφὲς
1405 1973 1454 2008 τῆς
1479 1974 1602 2008 ἱστορίας
1620 1972 1660 2008 τῷ
1676 1972 1773 2008 πλήθει
1788 1981 1842 1999 πε-

1045 2019 1206 2054 ρικόπτεται
1225 2019 1280 2047 τῶν
1298 2021 1549 2057 παρεντιθεμένων.

1010 926 1030 951 Β

1399 2121 1466 2147 Ml".

1045 2164 1189 2193 Ἰωάννου
1207 2165 1261 2192 τοῦ
1277 2167 1449 2193 Φιλοπὸνου
1468 2167 1512 2199 εις
1532 2166 1590 2202 τὴν
1605 2166 1698 2202 ἕκτην
1711 2168 1839 2203 ἡμέραν.

1081 2211 1251 2247 Ἀνεγνώσοη
1260 2213 1382 2239 Ἰωάννου
1396 2213 1443 2239 τοῦ
1451 2213 1597 2240 Φιλοπόνου
1606 2215 1658 2247 Εἰς
1665 2213 1722 2248 τὴν
1730 2214 1840 2249 Ἑξαή-

1011 2271 1031 2298 D
1044 2259 1232 2293 ysporfEcn
1245 2259 1274 2285 δὲ
1290 2260 1319 2285 ὲν
1334 2259 1422 2296 τούτῳ
1437 2260 1475 2296 τῷ
1489 2261 1584 2296 βιϐλίῳ
1597 2261 1716 2296 καθαρὸς
1732 2261 1777 2297 [29
1791 2260 1838 2297 IL]

1046 2303 1093 2330 καὶ
1108 2304 1197 2339 σαφὴς
1212 2305 1260 2331 καὶ
1273 2305 1404 2340 κρείττων
1429 2307 1462 2342 τῇ
1482 2305 1553 2339 λέξει
1568 2306 1678 2338 ἑαυτοῦ,
1696 2307 1744 2333 καὶ
1767 2315 1798 2332 συ
1803 2315 1840 2342 μ-

1045 2349 1143 2384 φωνῶν
1154 2349 1244 2384 σχεδὸν
1255 2351 1283 2376 ἐν
1295 2351 1351 2382 τοῖς
1364 2351 1500 2384 πλείστοις
1515 2351 1646 2388 Βασιλείῳ
1657 2352 1695 2387 τῷ
1707 2351 1838 2387 Μεγάλῳ,

1045 2395 1216 2422 ἀντιπίπτων
1231 2395 1260 2421 δὲ
1275 2395 1308 2422 δι’
1323 2395 1383 2423 ὃλου
1397 2398 1436 2432 τῷ
1451 2398 1639 2432 Μοψουεστίας
1655 2397 1796 2433 Θεοδώρῳ,
1809 2398 1840 2429 ὃς

1047 2441 1096 2478 τὴν
1112 2441 1198 2477 αὐτὴν
1213 2441 1342 2468 ὑπόθεσιν
1362 2443 1564 2478 ἐνστησάμενος
1584 2443 1760 2477 Ἑρμηνείαν
1783 2443 1840 2476 τῆς

1046 2488 1172 2521 κτίσεως
1193 2487 1223 2514 τὴ
1243 2486 1345 2522 βιϐλίον
1370 2488 1541 2524 ἐπέγραψεν·
1558 2485 1589 2515 οὗ
1614 2488 1664 2520 τὰς
1689 2488 1768 2521 δόξας
1798 2488 1839 2514 δι-

1049 2533 1169 2569 ελέγχων
1182 2535 1196 2561 ὁ
1208 2534 1353 2566 Φιλόπονος
1365 2534 1415 2570 τὴν
1427 2535 1553 2562 ἐναντίαν
1567 2533 1712 2570 ἐτράπετο.

834 2624 954 2653 νΑῐὶιλΕ
969 2625 1170 2654 LECTIONES.

241 2687 251 2703 ‘
269 2687 313 2713 τὸν
329 2686 379 2721 τὴν
391 2685 596 2721 Ἀλεξάνδρειαν
609 2694 640 2717 ς.
679 2685 689 2700 ⁸
700 2683 780 2720 πρὸς]
797 2685 844 2712 καὶ
861 2685 928 2720 πρὸς
939 2685 972 2712 Α.

1013 2685 1022 2700 ⁷
1039 2686 1157 2720 συνάγον
1171 2685 1192 2712 A
1207 2695 1213 2712 :
1231 2686 1396 2720 συναγαγεῖν
1409 2692 1440 2717 ς.

951 2764 1067 2792 NOTAE.

239 2823 436 2859 (6τλλ1θιιιὶιιῑῑ
460 2822 540 2857 huius
563 2822 675 2859 Niceph.
693 2821 797 2849 Callist.
824 2821 868 2849 lib.
886 2830 905 2854 ι,
928 2829 988 2856 cap.

204 2859 265 2886 init.
282 2859 346 2893 Ejus
361 2866 441 2887 etiam
457 2864 499 2886 cst
513 2859 574 2886 cod.
595 2858 645 2884 H7
663 2858 710 2884 inf.
824 2861 825 2865 ‘

237 2892 379 2930 (litijLegc
391 2895 465 2922 card.
488 2894 586 2921 liarou.
602 2893 699 2920 Animi.
720 2899 784 2920 tum.
799 2893 841 2926 νι,
858 2892 890 2920 ad
908 2892 939 2920 Α.
956 2892 987 2919 C.

1042 2821 1136 2890 “(‘69)
1157 2855 1240 2889 Hujus
1259 2857 1349 2891 operis
1365 2861 1496 2892 excerpta
1509 2856 1632 2885 invenies
1648 2855 1697 2883 iui'.
1713 2857 1761 2883 cml
1778 2857 1834 2884 H0.

1082 2893 1138 2927 (70)
1155 2893 1221 2926 Sup.
1239 2894 1301 2921 cod.
1319 2892 1362 2920 58.
