1918 3086
75 187 102 220 τ’]

407 241 475 267 MA'.

76 289 256 323 Φιλοστράτου
283 287 387 323 Τυρίου
407 288 452 319 είς
481 286 536 314 τὸν
557 286 763 314 Ἀπολλωνίου
786 286 839 313 τοῦ

265 322 397 355 Τυανέως
410 323 483 354 ,βίον
497 323 583 356 λόγοι
593 325 629 358 η’.

102 370 259 406 Ἆνεγνώσθη
292 369 474 404 Φιλοστράτου
509 368 610 403 Τυρίου
635 368 688 400 Εις
710 367 765 394 τὸν
787 367 841 394 τοῦ

75 417 258 446 ’Δπολνιωγίου
268 415 320 442 τοῦ
332 414 466 447 Τυανέως
476 414 498 450 ll
505 415 522 442 5
537 415 571 441 Η.
578 413 585 449 ]
592 414 665 446 βίον
674 414 750 447 λόγοι
758 414 839 441 ὀκτώ.

76 460 222 495 Ἐπιδὲτὴν
229 460 329 495 φράσιν
337 458 426 494 σαφὴς
440 458 568 494 ἐπίχαρις
579 459 591 474 ⁸
605 468 634 485 τε
648 460 696 486 καὶ
704 460 843 495 ἀφοριστι-

75 509 120 541 κὸς,
138 508 181 534 καὶ
208 506 299 541 βρύων
316 505 507 540 γλυκύτητος,
525 506 573 532 καὶ
584 505 623 541 τῷ
633 506 780 542 ἀρχαῖσμῷ
796 506 843 533 καὶ

75 555 122 585 ταῖς
133 551 406 587 καινοπρεπεστέρως
417 550 472 578 τῶν
484 551 638 583 συντάξεων
648 551 843 587 ἐμφιλοτιμού-

76 607 149 634 μενος-

105 646 205 680 Ίστορεῖ
225 644 254 671 δὲ
275 644 321 671 τὸν
339 643 520 670 Ἀπολλώνιον
544 643 612 678 πρός
626 652 656 670 τε
675 644 783 676 Ἰνδοὺς,
798 644 845 677 οὒς

74 693 136 719 καλεῖ
158 693 202 718 καὶ
226 691 401 726 Βραχμᾶνας,
417 690 539 722 ἀπιέναι,
557 690 587 723 ἐξ
602 689 640 718 ὧν
660 691 707 718 καὶ
731 692 846 718 πλεῖστα

74 739 113 772 τῆς
126 738 183 773 παρ’
197 738 290 768 αὐτοῖς
310 736 455 771 Θεοσοφίας
475 736 605 771 ἐκμαθεῖν
615 756 623 768 ,
639 737 686 763 καὶ
700 738 768 772 προς
782 738 847 769 τοὺς

74 784 190 810 Αἰθιόπων
215 783 327 817 σοφοὺς,
340 782 386 814 οὓς
412 782 460 808 καὶ
473 782 614 817 Γυμνοὺς
629 782 770 816 ὀνομάζει,
784 783 825 810 ὅτι
836 784 847 799 ⁹

74 830 154 864 γυμνοὶ
177 829 220 856 τὸν
237 829 294 864 βίον
309 829 370 855 ὃλον
382 828 517 862 διάγουσι,
536 828 682 863 μηδὲ],τοῢ
704 829 786 864 ἀέρος
809 828 847 855 δι-

74 875 195 910 οχλοῦντος
206 874 308 906 αὐτοὺς
321 875 361 906 εἰς
370 874 517 909 περιῦολὴν
529 874 625 900 ἐλθεῖν.
636 874 731 910 Πολλῷ
742 874 770 901 δέ
781 882 848 910 φησι

75 922 124 952 τοὺς
140 921 220 947 Ὶνδὼν
239 921 297 947 τῶν
314 921 344 946 ὲν
357 920 396 954 τῷ
408 919 538 954 Αἰθιοπίᾳ
551 919 642 953 σοφῶν
656 919 793 954 προέχειν,
807 920 847 946 ὅτι

76 968 97 992 τέ
108 974 164 1001 φησι
175 965 239 1001 πρὸς
252 966 352 992 ἀκτῖνα
368 963 506 996 οἰκοῦντες
520 964 596 998 ἡλίου
611 963 710 997 μᾶλλόν
731 964 784 990 εἰσι
798 965 848 999 τὴν

75 1012 174 1038 διάνοιαν
186 1011 257 1043 ὀξεῖς
279 1010 330 1037 καὶ
352 1010 483 1046 καθαροὶυ,
499 1010 547 1037 καὶ
559 1010 601 1037 ὅτι
617 1009 663 1036 καὶ
677 1010 765 1045 χρόνῳ
782 1018 848 1046 προ-

76 1065 178 1092 gito-115;.

103 1102 140 1138 Τῷ
156 1101 243 1137 μέντοι
260 1099 434 1136 ’Λπολλωνίῳ
448 1100 524 1128 οὐδὲν
538 1100 606 1132 ὅλως
631 1100 698 1136 φησὶ
720 1100 848 1136 τελεσθῆ-

77 1156 120 1179 ut,
131 1144 170 1173 οἷα
182 1148 195 1172 ο
211 1145 341 1180 μυθώδης
351 1146 425 1181 αὑτῷ
438 1145 670 1181 χαρίζεταιλόγος
682 1154 689 1161 ³
705 1146 849 1180 φιλόσοφον

77 1192 99 1216 ιε
110 1199 162 1216 τινα
172 1191 217 1216 καὶ
232 1191 361 1226 ἐγκρατῆ
372 1190 429 1226 βίον
439 1190 623 1227 ἀποσεμνύνει
634 1192 656 1208 ¹⁹
669 1191 751 1219 αὑτὸν
762 1192 851 1227 βιοῦν-

76 1243 117 1266 τα,
129 1235 172 1262 ἅτε
187 1237 234 1263 καὶ
247 1236 442 1272 Πυθαγορικὴν
457 1237 677 1273 ἐπιδεικνύμενον
690 1238 850 1273 φιλοσοφίαν

77 1280 100 1306 ἐν
110 1288 134 1306 τε
150 1280 223 1316 eam
247 1281 297 1307 καὶ
320 1281 351 1306 ὲν
370 1282 496 1317 δόγμασι.
511 1283 563 1309 Τὸν
583 1283 613 1310 δὲ
636 1283 750 1311 θάνατον
766 1284 850 1312 αὑτοῦ

77 1326 157 1361 ἄδηλόν
167 1335 195 1353 τε
209 1326 258 1353 καὶ
269 1325 380 1358 πολλοῖς
393 1326 612 1363 διαφωνούμενον
627 1329 702 1364 λέγει
713 1330 851 1364 γενέσθαι,

77 1371 145 1398 αὑτοῦ
154 1372 254 1399 ἐκείνου
266 1371 350 1398 τοῦτο
362 1373 563 1406 σπουδάσαντος
570 1382 577 1389 ο
588 1375 634 1401 καὶ
644 1375 698 1410 γὰρ
706 1376 753 1402 καὶ
762 1375 852 1408 ζῶντα

77 1417 110 1443 ἑτι
126 1418 239 1452 λέγεινη
263 1418 304 1450 ὡς
323 1418 364 1445 δεῖ
376 1418 422 1445 τὸν
439 1419 520 1454 σοφὸν
533 1421 596 1452 τοὺς
612 1421 726 1453 πολλοὺς
737 1421 852 1448 λαθόντα

77 1463 165 1497 βιιῖιναι,
180 1466 203 1491 ει
213 1465 241 1491 δὲ
253 1464 304 1500 μὴ,
322 1464 373 1492 κᾶν
385 1464 451 1499 γοῦν
463 1466 616 1493 ἀποσιῶναι
627 1466 757 1494 λαθόντασ
767 1467 852 1502 τάφον

77 1510 99 1536 δὲ
110 1511 183 1538 αὑτοῦ
201 1511 332 1547 μηδαμοῦ
347 1512 398 1547 γῆς
413 1512 557 1546 ἐγνῶσθαι.
568 1513 651 1547 Λέγει
662 1513 786 1540 δὲκαὺτδν
799 1513 852 1548 μά-

77 1555 143 1586 λιστα
157 1557 307 1592 χρημάτων
324 1557 442 1593 κρείττω
455 1557 590 1592 γενέσθαι,
606 1559 643 1590 ὡς
656 1559 703 1585 καὶ
713 1559 762 1594 τὴν
783 1559 850 1594 κτῆ-

79 1611 113 1628 σιν
124 1603 199 1630 αὑτοῦ
214 1603 253 1638 τῷ
266 1613 298 1630 τε
317 1603 376 1638 ίδίῳ
395 1602 502 1638 ἀδελφῷ
518 1604 565 1631 καὶ
578 1604 681 1639 ἑτέροις
693 1603 853 1631 καταλιπεῖν

78 1649 117 1674 καὶ
128 1651 197 1685 παρὰ
212 1650 332 1685 μηδενὸς
344 1650 398 1677 τῶν
415 1650 459 1677 ἐπ’
469 1650 490 1665 ⁸⁵
504 1649 650 1683 ἐξουσίαις,
662 1650 751 1677 καίτοι
768 1650 854 1677 πολλὰ

77 1693 219 1728 ἀξιούντων,
245 1695 394 1730 πεισθῆναι
404 1696 427 1711 ¹³
451 1694 545 1721 λαῦεἶν
572 1695 713 1730 χρήματα.
736 1694 853 1730 Φησὶν¹⁸

78 1740 146 1766 αὐτὸν
159 1741 202 1768 τδν
215 1741 245 1767 ἐν
259 1741 369 1775 Ἐφέσῳ
381 1740 475 1776 λοιμὸν
485 1742 506 1757 ’³
520 1742 566 1767 καὶ
580 1741 700 1776 προῖδεῖν
715 1741 761 1767 καὶ
774 1749 854 1775 γεγο-

77 1787 130 1814 νότα
141 1788 251 1815 παῦσαι.
265 1788 326 1816 Καὶ
349 1788 443 1815 λέοντα
457 1788 486 1814 δὲ
502 1788 576 1821 ἰδεῖν,
597 1789 643 1815 καὶ
666 1789 755 1815 ειπεῖν
775 1788 813 1820 ὼς
836 1788 852 1823 ἠ

78 1833 118 1859 τοῦ
132 1834 271 1869 Ἀμάσιδος
290 1833 342 1860 τοῦ
356 1834 514 1868 Αἰγυπτίων
534 1833 668 1869 βασιλέως
682 1833 756 1868 ψυχὴ
771 1834 800 1860 ὲν
814 1833 853 1868 τῷ

78 1877 150 1913 θηρίῳ
168 1879 221 1913 sit],
245 1879 389 1913 ὗπέχουσα
409 1879 488 1914 δίκην
511 1879 566 1905 τῶν
589 1877 777 1913 βεὸιωμένων·
805 1879 853 1905 καὶ

80 1921 222 1956 Ἔμπουσαν
238 1923 354 1957 ἐλέγξαι
381 1924 409 1950 ὲν
432 1923 575 1958 ὑποκρίσει
595 1923 706 1958 ἑταίρας
720 1923 784 1959 ὲρᾷν
797 1924 853 1950 Με-

78 1967 161 1994 νίππου
182 1969 440 2004 προσποιουμένην·
464 1969 512 1995 καὶ
528 1968 613 2004 κόρην
626 1969 655 1995 ὲν
674 1969 769 2005 Ῥώμῃ
790 1969 853 2004 ἄρτι

77 2015 184 2042 τεθνάναι
195 2015 331 2042 δοκοῦσαν
348 2015 550 2051 ὲπαναστρέψαι
566 2015 605 2050 τῷ
619 2015 684 2050 βίῳ·
708 2015 756 2042 καὶ
774 2015 853 2042 λῦσαι

77 2059 101 2085 τὺ
121 2061 208 2092 σκέλος
233 2062 263 2088 ὲν
285 2061 327 2096 τῷ
350 2060 529 2096 δεσμωτηρίῳ
544 2060 609 2087 ὄντα
624 2060 781 2095 δεδεμένον·
806 2061 853 2087 καὶ

77 2107 282 2142 ἀπολογήσασθαι
298 2107 350 2142 μὲν
363 2108 430 2142 πρὸς
444 2107 602 2142 Δομιτιανὺν
613 2107 635 2122 ¹⁶
648 2107 720 2142 ὺπέρ
730 2115 759 2133 τε
771 2106 853 2134 αὐτοῦ

77 2153 115 2177 καί
129 2152 242 2188 Nepotis,
253 2153 284 2184 ὃς
301 2153 372 2187 μετὰ
387 2152 546 2188 Δομιτιανὸν
558 2153 700 2187 Ῥωμαίων
714 2152 854 2179 ἐὸασίλευ-

78 2205 124 2228 σεν,
138 2199 321 2234 ἀφανισθῆναι
343 2198 372 2225 δὲ
396 2199 466 2233 μετὰ
480 2198 530 2234 τὴν
552 2198 700 2232 ἀπολογίαν
714 2197 761 2225 τοῦ
777 2198 854 2224 δικα-

530 181 794 212 BIBLIOTHECA.
816 195 848 200 —
863 181 971 212 CODD.
991 182 1191 213 XLII-XLIV.

856 244 879 271 Α

863 915 884 942 Β
898 913 1029 940 amictum
1077 913 1200 940 induant.

1644 185 1680 216 '18

1243 239 1334 268 XLIV.

892 286 1050 314 Philostrati
1068 286 1142 321 Tyrii
1154 287 1185 314 de
1208 287 1259 312 vita
1274 286 1406 320 Apollonii
1429 285 1529 321 Tyanu'
1542 287 1605 314 libri
1621 295 1681 316 Vm.

928 365 993 400 Legi
1010 365 1167 393 Philostrati
1184 365 1257 401 Tyrii
1268 365 1307 392 De
1319 366 1370 392 vita
1381 366 1515 405 Apollonii
1525 365 1683 404 Tynnei(7l)

893 412 979 440 libros
994 417 1066 439 octo.
1085 412 1162 446 Stylo
1187 419 1252 439 ustis
1281 417 1324 439 est
1345 418 1447 446 aperto,
1463 413 1594 447 gratioso,
1619 422 1685 440 con-

894 459 968 491 ciso,
983 458 1064 492 pleno
1077 459 1159 485 etiam
1177 457 1328 491 dulcedine,
1346 465 1378 484 ac
1401 465 1461 484 cum
1477 466 1510 485 ex
1531 459 1613 492 prisci
1636 459 1680 486 lo—

894 505 996 539 quendi
1029 504 1143 537 formis,
1169 509 1227 532 tum
1252 512 1285 531 ex
1314 504 1512 531 recentioribus
1541 504 1684 540 elegantiis

894 550 1000 578 laudem
1012 551 1119 586 quierit.

932 638 1032 666 Narrat
1042 638 1212 674 Apollonium
1226 639 1258 665 ad
1273 638 1352 666 ludos
1364 639 1442 674 (quos
1455 643 1482 665 et
1498 638 1684 666 Brachmanas

896 685 1031 720 nominat)
1047 684 1199 719 profectum
1218 691 1288 716 esse,
1307 692 1340 711 ex
1364 685 1462 718 quibus
1487 684 1616 718 plerapie
1639 686 1681 711 di-

896 730 966 756 vinae
978 737 1072 757 eorum
1086 729 1226 762 sapientia:
1247 729 1382 757 didicerit.
1398 728 1552 756 Profectum
1570 729 1633 756 item
1649 730 1683 756 ad

897 775 1056 811 Ethiopum
1074 776 1220 810 sapientes,
1234 782 1303 809 quos
1316 779 1343 801 et
1356 774 1480 809 Γυμνοὺς
1496 775 1683 809 appellat(72l.

903 821 976 856 quod
991 821 1056 847 nudi
1070 825 1177 847 aetatem
1193 825 1322 855 perpetuo
1350 820 1513 855 transigant,
1534 825 1561 847 et
1576 828 1608 847 ne
1624 821 1685 848 cmli

901 867 1010 902 quidem
1053 870 1214 901 tempestate
1259 869 1340 900 atque
1380 866 1552 894 inclementia
1596 866 1686 893 vexati

1248 913 1374 940 Indorum
1416 917 1506 940 autem
1550 913 1687 948 sapientes

899 959 978 994 longe
999 959 1037 985 ait
1061 958 1104 985 his
1126 959 1300 991 antccellere,
1323 964 1377 985 tum
1407 958 1480 993 quod
1507 958 1572 986 solis
1603 959 1687 986 radiis

900 1006 1053 1038 propiores,
1077 1009 1168 1032 mente
1192 1009 1254 1031 sunt
1272 1005 1358 1038 magis
1380 1009 1469 1036 acuta,
1490 1009 1518 1030 et
1532 1012 1611 1039 pura,
1629 1010 1686 1032 tum

899 1058 932 1078 ex
949 1057 982 1078 eo
995 1057 1112 1084 quoque,
1130 1051 1202 1085 quod
1214 1055 1294 1078 relate
1311 1051 1367 1077 sint
1382 1051 1499 1085 priores.

932 1097 973 1123 Ab
989 1096 1132 1130 Apollonio
1149 1103 1230 1131 porro
1250 1103 1343 1123 corium
1371 1096 1437 1122 nihil
1451 1095 1563 1123 omnino
1581 1100 1686 1130 gestum

900 1142 995 1175 refert,
1020 1149 1081 1177 qua:
1103 1141 1225 1169 fabulose
1252 1142 1284 1169 de
1308 1142 1365 1176 ipso
1390 1146 1556 1169 narrantur:
1583 1146 1686 1169 tantum

900 1187 1115 1224 philosophicam
1132 1188 1278 1222 quamdam
1297 1192 1531 1223 temperatumque
1551 1187 1610 1222 ejus
1633 1188 1688 1215 vita

906 1234 1024 1267 extollit,
1046 1242 1098 1270 qua
1118 1233 1315 1270 Pythagoream
1339 1239 1454 1266 sectam,
1479 1242 1540 1262 cum
1567 1235 1688 1262 moribus

902 1285 958 1308 tum
978 1281 1102 1308 doctrina
1117 1280 1294 1314 expresserit.
1308 1279 1420 1307 Mortem
1441 1279 1526 1314 ipsius
1541 1280 1686 1306 obscuram

909 1327 1006 1359 fuisse,
1024 1331 1051 1354 et
1068 1334 1082 1353 a
1094 1326 1185 1354 multis
1200 1326 1275 1354 varie
1290 1330 1428 1353 narratam
1447 1325 1553 1357 scribit,
1567 1325 1688 1352 studiose

905 1373 960 1401 hoc
975 1373 1063 1408 ipsum
1075 1372 1243 1400 Philostrato
1256 1377 1365 1407 agente.
1383 1371 1489 1399 Etenim
1504 1376 1531 1398 et
1550 1372 1686 1398 viventem

903 1418 959 1454 (75)
969 1419 1058 1446 dicere
1065 1418 1336 1452 solitum,sapientem
1346 1423 1472 1452 oportere
1481 1416 1574 1444 fallere
1581 1423 1688 1448 omnes,

902 1472 935 1493 ac
960 1464 1046 1492 latere
1066 1465 1092 1491 in
1111 1465 1182 1496 vita,
1209 1464 1235 1491 id
1256 1464 1278 1491 si
1298 1468 1425 1498 nequeat,
1440 1463 1508 1490 mori
1528 1463 1625 1490 saltem
1646 1461 1688 1489 la-

904 1516 1004 1539 tentem
1028 1511 1137 1538 debere.
1160 1510 1319 1545 Sepulcrum
1341 1510 1401 1544 ejus
1415 1517 1547 1545 nusquam
1566 1509 1687 1537 Ostendi.

907 1556 976 1591 ιοο
989 1555 1072 1583 Addit
1091 1560 1119 1582 et
1135 1555 1290 1583 divitiarum
1304 1554 1449 1582 mirificum
1473 1559 1687 1589 contemptorem

905 1603 1000 1634 fuisse,
1015 1606 1044 1629 ut
1058 1606 1086 1629 et
1107 1608 1172 1629 suas
1186 1601 1244 1636 ipse
1259 1601 1445 1635 possessiones
1467 1608 1598 1636 germano
1610 1599 1688 1627 fratri

905 1649 1020 1683 aliisque
1034 1653 1131 1682 sponte
1157 1647 1336 1679 concesserit,
1350 1652 1377 1674 et
1394 1655 1408 1674 a
1425 1647 1534 1674 nemine
1555 1646 1691 1681 potentio-

905 1702 964 1722 rum
993 1693 1125 1728 pecunias
1150 1693 1298 1728 acceperit,
1329 1692 1504 1727 quantumvis
1534 1692 1572 1719 illi
1606 1691 1690 1719 multa

905 1739 1018 1767 merenti
1041 1738 1231 1766 obtruderent.
1254 1737 1364 1765 Famem
1389 1736 1488 1771 Ephesi
1510 1736 1589 1772 longe
1625 1741 1688 1764 ante

904 1787 1065 1821 providisse,
1084 1791 1111 1814 et
1125 1792 1214 1813 ortam
1234 1786 1387 1813 sustulisse.
1411 1784 1502 1813 Leone
1525 1784 1595 1812 forte
1619 1784 1689 1817 viso,

905 1833 1007 1860 dixisse
1035 1831 1178 1867 Amasydis
1205 1831 1394 1866 Egyptiorum
1432 1830 1504 1866 regis
1542 1831 1659 1858 animam
1678 1849 1688 1862 ,

904 1887 999 1914 poenas
1014 1879 1074 1906 vita:
1090 1878 1223 1905 scelerum
1237 1879 1358 1909 dantem,
1378 1878 1404 1904 in
1423 1877 1508 1904 feram
1525 1877 1596 1904 illam
1613 1885 1692 1904 com~

906 1926 1048 1960 migrasse.
1067 1924 1210 1959 Empnsam
1227 1924 1282 1960 (74)
1301 1925 1364 1951 item
1388 1923 1612 1957 deprehendisse.
1639 1924 1689 1950 sub

905 1979 1020 2006 persona
1045 1970 1196 1998 meretricis
1217 1969 1332 2003 Menippi
1350 1977 1379 1996 se
1399 1976 1492 1996 amore
1511 1974 1617 2002 captam
1637 1969 1690 1995 lin-

905 2021 1026 2052 gentcm.
1050 2016 1168 2044 Puellam
1196 2015 1291 2042 Roma:
1314 2015 1419 2050 pridem
1440 2015 1580 2049 exspirare
1593 2015 1689 2046 visam,

907 2064 933 2090 in
954 2063 1038 2089 vitam
1057 2069 1211 2089 revocasse.
1230 2060 1352 2088 Solvisse
1373 2061 1518 2094 compedes
1540 2060 1602 2093 sibi,
1627 2063 1690 2087 dum

906 2109 932 2136 in
948 2115 1058 2136 carcere
1074 2107 1237 2135 constrictus
1251 2111 1399 2134 teneretur.
1411 2106 1488 2141 Apud
1506 2105 1690 2133 Domitianum

905 2155 970 2189 imp.
989 2161 1097 2181 causam
1119 2153 1229 2184 dixisse,
1245 2160 1294 2187 pro
1318 2160 1346 2180 se
1369 2157 1398 2179 et
1412 2151 1512 2185 Nerva,
1531 2152 1580 2186 qui
1597 2152 1689 2179 Domi-

906 2201 981 2228 tiano
1003 2201 1030 2227 in
1053 2200 1167 2235 imperio
1195 2199 1338 2232 successit,
1359 2206 1494 2233 causaque
1511 2199 1582 2226 dicta
1603 2206 1619 2225 e
1632 2198 1692 2225 foro

78 2244 172 2278 στηρίου
197 2245 245 2272 καὶ
270 2244 516 2280 πρὸς¹Δημήτριον
532 2244 580 2271 καὶ
595 2244 698 2279 Δάμιν,
715 2244 786 2270 οὕτω
807 2244 849 2270 καἸ

908 2247 1061 2279 evanuisse,
1079 2251 1106 2273 et
1119 2246 1151 2272 ad
1171 2246 1349 2277 Demetrium,
1368 2252 1400 2272 ac
1413 2244 1509 2272 Damin
1521 2245 1646 2279 (siccum
1659 2245 1693 2272 iis

77 2290 223 2324 συνθέμενον
249 2291 362 2322 αὐτοῖς,
388 2290 606 2325 παραγενέσθαι,
631 2291 662 2316 οὐ
688 2290 730 2318 διὰ
744 2290 852 2326 χρόνου,

78 2337 215 2370 πιραυτίκα
230 2338 270 2369 δὲ,
289 2337 380 2364 καίτοι
393 2337 452 2363 ὁδὸν
465 2337 576 2372 ἡμερῶν
591 2345 671 2363 τινων
682 2337 702 2352 ¹⁷
715 2337 855 2372 διεστηκό-

76 2388 125 2411 τις.
140 2382 229 2409 Ταῦτα
247 2385 298 2418 μὲν
322 2383 388 2417 περὶ
411 2382 493 2409 αὐτοῦ
504 2383 525 2398 ¹⁵
541 2382 721 2415 ἀναπλάττει,
737 2383 768 2409 οὐ
792 2383 856 2418 μένω

76 2435 109 2452 τοι
117 2436 144 2460 γε
158 2429 193 2460 ὡς
204 2429 247 2464 εἴη
259 2429 404 2462 τελεστὴς,
417 2429 444 2455 εἴ
454 2437 515 2454 ¹τινα
526 2428 693 2455 διετελέσατο
704 2428 760 2455 τῶν
776 2429 856 2460 ἐνίοις

76 2473 298 2511 ὄιαῡρυλουμένων
318 2476 365 2503 ὑπ’
377 2475 459 2503 αὑτοῦ
479 2475 644 2511 πεποιῆσθαι
659 2475 833 2510 τελεσμάτων
845 2484 852 2491 ·

908 2298 988 2328 pacto
1013 2293 1091 2327 inito)
1119 2292 1193 2319 nullo
1216 2292 1346 2326 tentporis
1363 2291 1460 2326 spatio.
1478 2291 1525 2318 sed
1543 2295 1692 2322 momento.

909 2339 1068 2371 accessisse,
1086 2337 1148 2366 licet
1173 2338 1277 2364 dierum
1301 2337 1404 2372 aliquot
1425 2337 1522 2364 itinere
1548 2337 1692 2365 distantes.

909 2384 985 2412 Talia
1009 2384 1042 2411 de
1069 2384 1127 2418 ipso
1156 2383 1336 2411 Philostratus
1355 2382 1583 2410 comminiscitur.
1608 2381 1693 2415 [Negat

911 2436 1001 2458 tamen
1025 2438 1074 2464 pro
1096 2430 1236 2457 initiatore
1260 2430 1414 2457 habendum
1428 2450 1435 2462 ,
1463 2432 1604 2463 propterea
1621 2429 1693 2462 quod

908 2485 1001 2504 eorum
1018 2484 1130 2512 operum
1147 2477 1270 2511 quaedam
1286 2475 1418 2509 effecerit,
1429 2483 1489 2510 quas
1509 2475 1543 2502 ab
1560 2474 1606 2502 illo
1628 2482 1694 2503 con-

703 2531 821 2559 νΑιιυΕ
842 2531 1047 2560 LECTIONES.

105 2577 114 2592 ⁸
127 2579 230 2614 ἀσαφὴς
241 2578 374 2614 ἐπίχαρις
390 2578 419 2605 δὲ
434 2579 581 2606 llamaker.
596 2578 658 2605 lect.
678 2579 838 2607 Philostrat.
864 2579 931 2606 fasc.
955 2580 979 2605 1.
994 2587 1019 2611 p.
1038 2578 1080 2606 Vl.
1120 2579 1131 2595 ’
1144 2577 1196 2613 ὅτι]
1214 2578 1254 2614 δτι
1267 2578 1328 2614 καὶ,
1341 2586 1383 2614 ςκ
1404 2576 1631 2614 Διθγάποσεμνῦνει
1649 2584 1695 2611 mg

76 2613 194 2648 editorum
209 2613 226 2641 'z
256 2615 355 2648 scripti
371 2614 583 2648 ἀποσεμνύνειν.

78 2646 257 2685 ξξφησὶνῗοόιί.
276 2646 345 2685 Ag"
370 2648 395 2665 ”
412 2646 492 2685 λιμδν
523 2658 553 2682 ς.

78 2680 190 2710 “tab-.06
207 2692 238 2717 ς·
280 2683 320 2720 εἴ]
333 2684 350 2719 ἦ
364 2684 395 2709 Α.

630 2614 650 2629 ¹¹
675 2614 715 2640 ἑτι
732 2614 822 2647 λέγειν
838 2622 881 2649 mg
896 2623 903 2641 :
921 2614 1059 2648 ἐπιλέγειν
1073 2615 1105 2641 Α.
1138 2614 1160 2629 ⁸³
1176 2613 1280 2649 ὲπίιιης

611 2649 633 2665 ³⁵
650 2646 815 2684 Δομετιανὸν
831 2646 879 2682 ςῘ
910 2649 929 2665 ¹⁷
939 2646 1033 2685 τινῶν]
1062 2649 1156 2676 malim
1176 2646 1277 2683 τριῶνξ
1301 2648 1356 2675 vid.
1377 2646 1434 2675 Vit.
1458 2646 1593 2682 Apollonii
1609 2646 1635 2680 7,
1649 2647 1696 2674 Η.

1299 2622 1306 2639 :
1324 2613 1384 2640 libri
1399 2612 1455 2639 ὑπ’.
1505 2612 1526 2628 ¹³
1535 2611 1694 2645 πεισθῆναι.

833 2726 947 2754 ΝΟΤΑΞ.

106 2773 157 2808 (7i)
177 2775 241 2808 Quae
264 2775 362 2803 Graice
384 2778 464 2809 atque
480 2773 541 2801 Lat.
559 2777 649 2800 exstat
668 2773 744 2809 cujus
770 2773 852 2800 etiam
907 2772 935 2798 δὲ
954 2773 1002 2808 μὴ,
1025 2773 1098 2800 Λάϐε
1115 2773 1268 2800 ἀποθανών.
1280 2773 1308 2800 1η
1325 2773 1395 2808 quod
1409 2773 1517 2808 Epicuri
1531 2772 1631 2800 dictum
1644 2771 1686 2798 sin

76 2813 189 2846 excerpta
206 2811 282 2846 leges
296 2810 359 2837 infr.
378 2812 438 2837 cod.
449 2809 514 2846 24!.

77 2842 257 2906 “aggeratis,
271 2845 411 2878 Laertius,
423 2851 450 2873 et
460 2844 597 2877 Lucinam
615 2842 853 2879 Cymnosophistas

176 2888 190 2906 n
206 2900 214 2907 .

106 2913 157 2948 (75)
169 2915 218 2943 lui.
235 2916 263 2944 in
279 2915 418 2951 excerptis
440 2915 501 2944 cod.
517 2914 580 2942 ΞΗ.
594 2914 665 2944 Λάϐε
684 2913 803 2949 βιώσας,
829 2913 854 2939 εξ

908 2809 969 2842 gula
975 2810 1011 2835 ris
1026 2815 1117 2836 exstat
1128 2809 1174 2836 Plu
1181 2816 1232 2836 lar.
1247 2809 1366 2836 libellus.

945 2844 1000 2879 (74)
1011 2843 1049 2880 De
1056 2851 1167 2880 empusa
1176 2844 1262 2880 fusius
1269 2845 1325 2880 agit
1335 2843 1385 2871 Lil.
1392 2843 1438 2880 iGy
1444 2842 1545 2877 raldus,
1554 2841 1624 2870 (list.
1636 2842 1694 2869 deo.

910 2879 1021 2915 Syntag.
1041 2879 1084 2914 12,
1099 2880 1160 2907 vide
1174 2884 1202 2908 et
1215 2878 1329 2908 Phavor.
1343 2880 1371 2908 in
1385 2879 1491 2906 Laxico.
