1918 3086
185 188 220 220 ’19
752 183 885 214 ΡΗΟΤΙΙ
904 180 1162 213 ΡΑΤΒΙΑΒΟΗίΕ
1181 180 1236 211 CP.
1783 178 1821 209 8ο

188 246 258 272 freta
277 251 292 271 ο
311 244 473 279 quihusdam
487 243 687 278 iactabantur:
711 242 757 270 sed
780 249 828 275 per
848 240 969 276 philoso-

1040 240 1169 276 »ιλοσοφὶᾳ
1185 239 1213 266 δὲ
1229 238 1276 266 καὶ
1300 238 1360 274 βίου
1377 238 1555 274 καθαρότητι,
1573 237 1621 264 καὶ
1643 236 1717 272 ᾇπερ
1739 236 1822 266 αὐτὸς

187 293 290 326 phiam,
303 298 335 318 ac
348 291 410 317 vita;
425 290 570 325 puritatem
585 290 642 317 haec
655 289 749 320 etiam.
766 296 825 322 quae
837 289 894 323 ipse
909 295 972 314 mox

187 337 350 369 narraverit,
369 337 414 364 'ab
441 336 487 363 illo
509 335 631 370 profecta
660 334 747 370 ﬁngit.
780 334 850 367 Quin
880 332 973 368 potius

187 391 301 410 exosum
318 382 415 417 magis,
431 390 463 409 ac
475 381 614 414 veneﬁcis,
628 388 681 408 non
701 387 766 407 vero
786 380 898 414 magicae
921 378 973 405 arti

187 431 307 457 deditum
323 429 418 457 fuisse.

223 476 281 503 Jam
302 475 334 502 de
351 475 424 502 indis
440 473 531 501 omnia
549 474 611 506 iste,
626 471 744 500 maxima
762 470 891 503 absurda,
909 470 975 497 ﬁde-

188 530 241 557 qne
259 522 369 556 indigna
386 521 505 549 consuit.
519 520 595 548 Dolia
610 520 683 547 enim
700 519 772 555 apud
785 520 852 546 istos
868 517 974 550 statuit,

189 568 268 602 plena
292 567 419 594 imbrium
441 571 469 593 et
487 572 644 598 ventorum,
658 566 757 600 quibus
775 565 868 592 datum
883 564 918 591 sit
933 570 977 590 re-

188 614 297 648 gionem
316 613 472 648 compluere
485 613 512 640 in
532 612 660 639 imbrium
682 611 805 646 penuria,
824 611 977 644 iterumque

193 660 326 686 discussis
354 659 486 686 imbribus
512 659 627 691 siccare,
651 658 715 685 dum
743 656 858 684 alternis
878 663 977 690 aquam

193 710 362 740 ventumque
376 712 391 732 e
406 705 485 733 doliis
512 704 696 739 suppeditant.
717 702 766 729 llis
791 701 902 733 similia,
932 701 978 728 de-

190 752 298 779 mentim
311 730 401 785 plena,
419 755 446 777 et
458 750 511 777 alia
526 730 642 784 pluirima
659 749 812 783 prodigiose
835 730 991 783 conﬁngit,‘

191 798 282 831 itaque
305 796 383 824 libris
404 801 466 824 octo
487 795 576 823 omnis
594 795 628 823 ab
650 795 696 822 illo
711 793 852 821 vanissimi
874 792 978 820 laboris

190 850 270 878 opera
287 841 466 871 consumitur.

544 885 624 914 XLV.

313 934 525 961 Andronicianue
537 939 630 960 contra
645 932 840 961 Eunomianam

226 1013 300 1041 Lecti
308 1018 370 1040 sunt
378 1014 397 1040 A
403 1014 568 1041 ndroniciani
578 1012 894 1046 Adversuslb‘unomianos
902 1013 984 1043 libelli

191 1062 255 1088 duo.
279 1059 420 1088 Promittit
442 1061 551 1095 quidem
574 1060 600 1087 in
620 1060 760 1096 prooemiis
780 1061 904 1096 grandia,
923 1069 983 1098 quae

191 1113 281 1134 tamen
297 1115 349 1134 non
362 1108 497 1142 praestitit,
513 1107 539 1134 in
555 1107 643 1135 altero
653 1108 808 1143 pra'sertim
827 1106 906 1135 libro.
919 1106 983 1135 Phi-

192 1152 320 1187 losophia:
345 1152 390 1180 hic
412 1153 601 1187 perstudiosus
619 1157 672 1186 est,
688 1161 750 1180 cum
775 1153 907 1186 moribus,
924 1158 981 1180 tum

192 1201 283 1222 mente
295 1215 303 1228 ,
326 1201 407 1231 atque
426 1197 534 1224 dicendi
548 1196 656 1229 forma;
673 1197 804 1232 religione
823 1205 887 1225 vero
903 1197 983 1226 Chri-

193 1241 311 1267 stiunus.

539 1285 634 1314 XLVI.

196 1331 352 1358 Theodoreti
370 1329 469 1358 Contra
497 1333 636 1394 Inerqticos
657 1333 721 1360 libri
736 1341 828 1366 xxvn;
840 1339 864 1361 et
884 1334 980 1361 Erani-

502 1374 548 1394 me
572 1377 579 1394 ι
601 1377 621 1394 ιει
636 1376 676 1394 m.

502 1374 548 1394 εισι»
561 1374 621 1394 ενοι-ι
636 1376 676 1395 ΙΙΙ.

233 1414 305 1440 Lecti
322 1414 484 1441 Theodoreti
496 1414 615 1449 episcopi
631 1414 694 1448 Cyri
715 1414 777 1440 libri
794 1420 892 1446 septem
907 1421 931 1442 el
943 1416 982 1442 oi—

193 1460 401 1493 ginti,Adversus
412 1460 500 1487 uarias
509 1461 712 1495 propositiones.
724 1460 791 1495 10b
801 1461 906 1488 Primus
915 1461 983 1488 liber

194 1505 249 1537 agit
262 1509 356 1532 contra
383 1510 548 1537 asserentes,
567 1506 647 1532 unius
669 1505 754 1532 fuisse
779 1511 883 1533 natura:
897 1505 981 1533 Deum

198 1551 331 1584 Verbum,
353 1557 381 1579 et
397 1552 468 1586 quod
482 1559 516 1579 ex
532 1551 637 1579 semine
651 1551 735 1579 David
748 1553 863 1587 sumpsit
878 1552 981 1587 princi-

1024 285 1127 321 ἔφησεν
1139 305 1148 317 ,
1176 286 1282 312 ἐκεῖνον
1300 283 1405 318 εἰσάγει
1423 281 1630 318 διαπεπρᾶχθαι
1641 289 1649 298 ο
1667 280 1820 316 ἀπεχθάνε-

1024 330 1087 357 σθαι
1111 329 1138 357 δὲ
1153 330 1254 366 μᾶλλον
1280 330 1379 364 μάγοις
1393 329 1441 356 καὶ
1456 328 1615 363 φαρμακοῖς
1625 325 1657 357 ⁸³,
1680 325 1718 361 μὴ
1733 326 1774 352 δτι
1787 333 1821 360 γε

1024 378 1106 404 αὑτὸν
1123 378 1156 413 τῇ
1175 376 1269 412 μάγων
1277 375 1301 392 ’⁸
1313 374 1546 411 προσανακεϊσθαι
1560 374 1653 409 τέχνῃ.

1061 467 1130 502 Περὶ
1151 466 1180 493 δὲ
1198 466 1253 492 τῶν
1270 465 1357 492 Ἰνδῶν
1371 460 1449 496 οὗτος
1462 464 1496 491 τὰ
1512 463 1603 490 πάντα
1611 463 1632 479 ¹¹
1659 462 1823 497 παραλογώ-

1025 522 1095 541 τατα
1110 513 1158 539 καὶ
1175 512 1344 539 ἀπιστότατα
1357 509 1543 547 διαρῤαψῳδεῖ
1554 517 1561 526 ’
1579 509 1676 541 πίθους
1695 508 1749 544 γὰρ
1769 508 1821 536 αὐ-

1026 561 1084 591 τοῖς
1097 559 1212 594 πλήρεις
1227 558 1340 594 δμδρων
1360 557 1407 584 καὶ
1426 556 1535 592 ἀνέμων
1550 555 1612 588 δοὺς
1628 555 1686 582 ὕειν
1700 554 1751 590 τὴν
1765 554 1822 590 χώ-

1028 614 1079 641 ραν
1094 605 1244 641 ἀνομϐρίας
1261 603 1425 639 ἐπεχούσης,
1448 602 1495 639 [5‘2
1518 602 1566 639 IL]
1583 601 1741 637 ὲξικμάζειν
1752 601 1776 618 ⁸³
1791 610 1824 629 τε

1028 649 1061 679 αὖ
1078 651 1348 687 καταῤῥηγνυμένων
1367 649 1479 685 ὁμόρων
1499 650 1559 680 ταῖς
1580 649 1613 675 ὲκ
1622 648 1646 664 ’³
1662 647 1750 675 πίθων
1770 648 1825 676 ἀνὰ

1030 698 1112 733 μέρος
1127 698 1272 734 χορηγίαις
1291 696 1404 732 κυρίους
1426 695 1548 728 ἐκάθισε,
1564 694 1742 730 παραπλήσια
1758 694 1824 721 τού-

1029 753 1085 776 τοις
1108 744 1202 777 ἀνοίας
1220 743 1306 778 μεστὰ
1321 742 1369 769 καὶ
1389 742 1471 777 ἕτερα
1487 742 1601 768 πλεῖστα
1616 740 1824 775 τερατευσάμε-

1029 799 1083 822 νος.
1099 791 1143 817 Ἐν
1157 791 1229 817 ὀκτὼ
1244 791 1272 817 δὲ
1286 790 1376 824 λόγοις
1391 790 1407 824 ἡ
1425 789 1501 815 πᾶσα
1516 787 1591 823 αὺτῷ
1607 788 1656 824 τῆς
1672 796 1823 822 ματαιοπο-

1034 836 1088 868 Ila;
1108 837 1210 871 σπουδὴ
1227 836 1429 872 κατηνάλωται.

1387 881 1455 909 ΜΕ’.

993 919 1015 947 Β
1032 929 1275 963 Ἀνδρονικιανοῦ
1291 928 1366 963 πρὸς
1379 927 1586 963 Εὐνομιανοὺς
1599 927 1683 961 λόγοι
1696 925 1824 961 ,βραχεῖς

1396 964 1461 991 δύο.

1069 1012 1092 1049 [l
1099 1013 1114 1039 Δ
1125 1010 1172 1047 ιι]
1189 1010 1414 1046 Ἀνεγνώσθησαν
1420 1010 1443 1026 ’⁸
1454 1007 1670 1045 Ἀνδρονικιανοῦ
1680 1008 1758 1041 Πρὸς
1764 1008 1824 1034 Et).

1033 1058 1196 1094 νομιανοὺς
1213 1057 1298 1092 λόγοι
1306 1055 1433 1090 βραχεῖς
1441 1054 1506 1081 δύο.
1524 1054 1708 1088 ’Υπισχνείται
1717 1052 1766 1088 μὲν
1775 1050 1823 1079 οὖν

1034 1106 1063 1131 ὲν
1075 1104 1228 1139 προοιμίοις
1243 1103 1360 1138 μεγάλα,
1373 1102 1404 1128 οὒ
1418 1101 1530 1128 τοιαῦτα
1543 1101 1571 1127 δὲ
1585 1100 1603 1127 ἃ
1616 1100 1761 1135 διέρχεται,
1776 1100 1823 1126 καὶ

1034 1150 1151 1186 μάλιστά
1167 1159 1198 1184 γε
1210 1150 1239 1175 ὲν
1252 1149 1291 1185 τῷ
1305 1148 1424 1183 δευτέρῳ
1436 1146 1600 1182 λόγῳ.Ἕστι
1616 1146 1643 1172 δὲ
1661 1143 1738 1177 οὗτος
1751 1145 1825 1180 φιλο-

1033 1196 1128 1230 σοφίας
1151 1195 1268 1231 ὲραστὴς
1282 1195 1320 1229 τῷ
1336 1203 1367 1220 τε
1385 1195 1443 1229 ήθει
1459 1193 1508 1220 καὶ
1530 1193 1563 1228 τῇ
1586 1192 1690 1228 διανοίᾳ
1706 1192 1754 1219 καὶ
1774 1191 1823 1218 τοῦ

1032 1241 1112 1276 λόγου
1126 1241 1165 1277 τῷ
1180 1241 1312 1276 σχήματι,
1327 1239 1489 1275 Χριστιανὸς
1506 1239 1534 1265 δὲ
1549 1239 1588 1274 τῷ
1605 1238 1768 1273 σεϐάσματι.

1393 1286 1467 1319 λιςῖη

1033 1332 1225 1367 Θεοδωρήτου
1249 1332 1418 1359 ἐπισκόπου
1441 1332 1541 1365 Κύρου
1563 1332 1649 1366 λόγοι
1674 1330 1726 1361 κζ’.
1745 1330 1825 1364 Πρὸς

1282 1367 1446 1401 διαφόρους
1466 1367 1576 1400 θέσεις.

1067 1413 1239 1449 Ἀνεγνώσθη
1247 1413 1422 1448 Θεοδωρήτου
1431 1412 1582 1438 ἐπισκόπου
1590 1412 1683 1446 Κύρου
1689 1411 1776 1447 λόγοι
1785 1411 1827 1441 xi?

1033 1462 1109 1496 πρὸς
1117 1461 1280 1496 διαφόρους
1291 1459 1402 1493 θέσεις·
1411 1452 1449 1486 ὧν
1462 1460 1477 1485 ὁ
1490 1459 1539 1494 μὲν
1548 1459 1655 1494 πρῶτος
1667 1458 1745 1492 λόγος
1758 1459 1828 1493 πρὸς

1031 1509 1094 1539 τοὺς
1107 1507 1236 1541 λέγοντας
1252 1507 1315 1541 μίαν
1331 1507 1411 1540 φύσιν
1428 1505 1591 1541 γεγενῆσθαι
1604 1505 1648 1532 τὸν
1659 1505 1726 1532 Θεὸν
1740 1506 1829 1540 Λόγον

1033 1554 1080 1581 καὶ
1096 1553 1145 1587 τὴν
1158 1554 1189 1579 ὲκ
1203 1552 1361 1587 σπέρματος
1376 1551 1459 1578 Δαϐὶδ
1470 1551 1620 1586 ληφθεῖσαν
1632 1550 1761 1586 ἀπαρχὴν
1779 1552 1829 1577 καὶ

197 1598 283 1631 pium.
295 1598 414 1632 itemque
424 1597 556 1625 adversus
568 1604 627 1630 eos,
637 1598 682 1631 qui
695 1597 828 1624 divinitati
841 1598 982 1632 passiones

1040 1598 1241 1633 προσάπτοντας
1253 1598 1287 1624 τὰ
1300 1596 1372 1631 πάθη
1385 1598 1418 1632 τῇ
1429 1596 1546 1632 θεότητι,
1559 1597 1573 1623 ὁ
1582 1596 1610 1623 δὲ
1623 1596 1749 1632 δεύτερος
1759 1596 1829 1630 προς

197 1643 552 1670 attribuunt.—Seeundus
571 1643 652 1674 liber,
672 1650 732 1670 cum
761 1643 863 1670 eisdem
876 1650 892 1670 e
910 1642 984 1670 Scri-

203 1695 283 1724 ptura
313 1697 422 1717 manum
444 1690 562 1719 validius
586 1690 728 1717 conserit..
754 1703 789 1709 —-
804 1688 925 1721 Tertius,
952 1689 986 1716 de

197 1737 290 1763 eadem
310 1744 339 1763 re
354 1736 486 1771 disputat.
498 1750 534 1756 —
549 1736 679 1769 Quartus,
696 1740 852 1762 sanctorum
871 1734 984 1761 Patrum

197 1782 318 1809 continet
338 1782 502 1813 doctrinam,
519 1781 552 1809 de
577 1781 695 1816 gloriosa
714 1781 905 1808 incarnatione
929 1780 984 1807 Du-

199 1829 264 1855 mini
276 1829 363 1856 nostri
378 1827 441 1855 Iesu
457 1828 558 1856 Christi
571 1827 633 1856 Filii
647 1828 705 1855 Dei.
717 1842 751 1847 -—
761 1827 889 1860 Quintus,
901 1827 987 1854 imre-

199 1876 314 1902 ticormn
343 1874 447 1908 colligit
475 1874 631 1908 opiniones,
658 1881 727 1908 quas
753 1873 894 1908 componit
922 1881 986 1901 cum

198 1922 327 1957 opinione
348 1929 454 1954 eorum,
473 1921 520 1956 qui
538 1921 564 1948 in
582 1920 693 1948 Christo
713 1922 779 1948 duas
801 1925 912 1947 naturas
933 1920 986 1947 Ini-

200 1969 272 1995 nime
285 1973 448 2003 agnoscunt,
459 1972 487 1995 et
501 1967 622 1995 ostendit
645 1974 772 2002 magnam
797 1974 844 1994 eos
863 1968 935 1994 inter
956 1973 987 1994 se

199 2014 364 2042 all'mitatem
395 2014 508 2042 habere.
524 2029 559 2034 —
583 2013 701 2046 Sextus,
721 2013 797 2048 ponit
821 2021 905 2040 unum
923 2020 986 2041 esse

202 2059 300 2087 Filium
317 2059 462 2087 Dominum
475 2064 599 2087 nostrqu
615 2058 708 2086 Jcsum
725 2058 911 2086 Christum.—
920 2058 988 2093 Sep-

200 2105 293 2138 timus,
305 2105 427 2140 cpistola:
447 2105 537 2132 locum
560 2109 646 2136 tenet,
663 2105 762 2139 quibus
783 2105 909 2132 volumen
933 2105 989 2140 pri-

202 2159 274 2178 mum
294 2151 453 2178 absolvitur.
469 2165 504 2171 —-
524 2151 642 2177 Octavus
658 2158 733 2183 vero,
748 2155 844 2177 contra
865 2157 923 2183 eos,
941 2151 988 2185 qui

203 2196 378 2224 multitudine
386 2197 518 2224 duntaxat
526 2197 669 2224 veritatem
681 2195 985 2231 dijudicant.—Nonus,

202 2243 228 2270 in
251 2250 309 2274 eos,
341 2243 386 2277 qui
405 2243 509 2277 iactant
525 2251 580 2270 non
603 2246 728 2277 oportere
744 2249 759 2269 θ
774 2242 923 2276 Scripturis
943 2247 989 2270 aut

202 2288 287 2321 loqui,
300 2292 347 2314 aut
363 2295 496 2322 quaerere,
511 2288 557 2314 sed
575 2287 654 2314 ﬁdem
666 2294 743 2314 suam
755 2287 807 2314 sibi
817 2286 989 2321 sulllcere.—¢

202 2333 340 2367 Decimus,
354 2333 380 2360 in
396 2333 466 2361 male
478 2334 639 2368 objicientes
652 2333 718 2360 illud
735 2342 742 2360 :
762 2343 771 2359 ι
789 2333 906 2360 Verbum
919 2341 987 2360 caro

203 2379 303 2407 laetum
326 2384 379 2406 est.
395 2388 405 2405 ι
416 2393 452 2400 —-
472 2379 653 2411 Undecimus,
671 2381 800 2407 adversus
815 2378 990 2413 prohibentes

202 2427 271 2454 duas
289 2433 388 2460 capere
414 2426 440 2452 in
463 2425 651 2453 incarnatione
667 2431 789 2453 naturas.
807 2439 843 2445 —
857 2424 992 2452 Duodeci-

203 2480 274 2504 mus,
291 2472 318 2498 in
336 2479 384 2498 eos
400 2472 445 2506 qui
461 2477 588 2499 asserunt
601 2472 748 2504 dicentem,
761 2471 834 2499 aliud
850 2479 911 2499 esse
921 2471 991 2498 Ver-

204 2520 279 2552 hum,
304 2519 377 2546 aliud
398 2525 459 2546 esse
479 2526 600 2551 carnem,
622 2519 690 2545 duos
714 2518 784 2545 ﬁlios
810 2519 942 2553 proﬁteri.
956 2534 993 2540 —

203 2565 331 2597 Decii-ius
350 2566 461 2598 tertius,
482 2570 577 2595 contra
606 2565 741 2598 dicentes,
762 2566 836 2600 quod
862 2566 934 2593 idem
956 2568 992 2594 sit

201 2610 341 2638 Christum
361 2611 498 2643 hominem
520 2617 685 2646 agnoscere,
711 2616 794 2646 atque
829 2611 855 2638 in
881 2612 991 2640 homine

203 2663 279 2690 spent
312 2657 457 2684 collocare.
485 2671 521 2676 —
546 2656 673 2683 Decimus
691 2661 809 2690 quartus
825 2677 831 2689 ,
859 2656 992 2684 adversus

204 2703 378 2730 enuntiantes
394 2712 401 2730 ι
419 2712 428 2728 ι
447 2702 546 2730 Passus
563 2705 604 2729 est
618 2702 676 2729 sine
690 2702 826 2736 passione.
848 2711 897 2727 ι-
912 2702 990 2729 Deci-

205 2757 266 2776 mus
280 2750 400 2784 quintus,
420 2749 446 2775 in
473 2757 531 2781 eos.
547 2748 593 2784 qui
609 2749 703 2776 dicunt
721 2757 728 2775 :
746 2757 755 2774 ι
769 2747 869 2776 Passus
889 2753 931 2775 est
953 2748 991 2775 uti

1035 1646 1098 1676 τοὺς
1122 1645 1221 1675 αὐτοὺς
1243 1642 1451 1679 γραφικώτερον
1474 1642 1717 1677 συμπλεκόμενος,
1743 1642 1790 1668 καὶ
1815 1643 1831 1668 ὁ

1036 1691 1126 1727 τρίτος
1141 1691 1206 1725 περὶ
1223 1690 1273 1724 τῆς
1286 1689 1372 1723 αὐτῆς
1388 1687 1592 1719 ὑποθέσεως.”0
1604 1688 1632 1714 δὲ
1643 1688 1772 1723 τέταρτος
1789 1687 1831 1714 δι-

1036 1736 1186 1768 δασκαλίας
1202 1736 1256 1762 τῶν
1280 1735 1365 1769 ἁγίων
1388 1734 1521 1769 Πατέρων
1544 1735 1667 1769 περιέχει
1691 1734 1758 1768 περὶ
1778 1734 1830 1768 τῆς

1037 1783 1143 1815 ἐνδόξου
1161 1782 1318 1816 οἰκονομίας
1331 1781 1380 1807 τοῦ
1394 1781 1529 1808 Δεσπότου
1545 1781 1623 1816 ήμιῖιν
1639 1780 1758 1815 Χριστοῦ
1780 1780 1829 1806 τοῦ

1038 1827 1103 1854 Υἱοῧ
1126 1827 1173 1854 τοῦ
1196 1827 1314 1854 Θεοῠ.’0
1336 1827 1426 1862 μέντοι
1442 1827 1568 1861 πέμπτος
1583 1826 1728 1861 αἱρετικῶν
1750 1826 1831 1858 δόξας

1037 1872 1170 1908 ἁθροίζει,
1186 1873 1233 1899 καὶ
1261 1871 1444 1907 παρατίθησιν
1465 1871 1551 1902 αὑτὰς
1575 1872 1608 1906 τῇ
1631 1871 1694 1907 δόξῃ
1716 1871 1770 1898 τῶν
1791 1873 1830 1906 μὴ

1037 1918 1242 1953 ὁμολογούντων
1257 1919 1303 1945 ἐπὶ
1325 1918 1444 1953 Χριστοῦ
1459 1918 1506 1944 δύο
1521 1917 1628 1952 φύσεις,
1649 1919 1696 1944 καὶ
1709 1918 1831 1945 δείκνυσι

1011 1990 1014 1994 ι
1039 1965 1139 2001 πολλὴν
1158 1965 1227 2000 πρὸς
1247 1964 1378 1999 ἀλλήλους
1391 1963 1571 1995 διασώζοντας
1589 1964 1639 1998 τὴν
1657 1964 1830 1998 συγγένειαν.
1852 1990 1865 1999 _

1045 2012 1074 2039 '0
1095 2012 1125 2039 δὲ
1146 2011 1225 2042 ἕκτος
1243 2011 1421 2045 διαλαμσάνει
1437 2010 1479 2037 ὄτι
1493 2007 1534 2042 εἷς
1549 2011 1623 2036 ἐστὶν
1630 2011 1652 2027 ’⁸
1666 2010 1729 2042 Υἱὸς
1743 2010 1758 2036 ὸ
1773 2011 1831 2036 Κύ-

1040 2067 1096 2095 ριος
1119 2058 1197 2094 ἡμῶν
1215 2057 1320 2093 Ἰησοῦς
1341 2058 1356 2083 ὁ
1371 2057 1497 2092 Χριστός.
1508 2056 1537 2083 '0
1551 2056 1663 2092 ἕϐδομος
1685 2056 1832 2091 ἐπιστολῆς

1039 2105 1132 2139 ἐπέχει
1151 2105 1246 2131 τόπον·
1264 2104 1293 2130 ἐν
1308 2101 1350 2134 οἷς
1363 2103 1394 2129 τὸ
1414 2103 1521 2138 πρῶτον
1538 2102 1740 2138 συνεπληροῦτο
1748 2103 1771 2119 ’⁸
1788 2103 1832 2138 βι-

1040 2150 1123 2177 ϐλίον.
1135 2150 1163 2176 Ὁ
1176 2149 1206 2176 δδ
1219 2149 1311 2183 ὄγδοος
1322 2149 1344 2164 ’⁷
1359 2150 1427 2184 πρὸς
1439 2149 1502 2181 τοὺς
1516 2148 1613 2184 πλήθει
1630 2149 1703 2184 μόνῳ
1724 2149 1834 2185 κρίνον-

1039 2204 1088 2227 τας
1104 2196 1154 2230 τὴν
1165 2195 1303 2229 ἀλήθειαν.
1314 2195 1342 2221 '0
1359 2195 1469 2226 ἐννατος
1483 2195 1552 2231 πρὸς
1571 2195 1634 2227 τοὺς
1649 2195 1778 2229 λέγοντας
1794 2196 1835 2231 μὴ

1040 2239 1095 2265 δεῖν
1107 2238 1161 2265 ἀπὸ
1171 2238 1226 2264 τῶν
1241 2238 1356 2274 Γραφῶν
1368 2238 1487 2274 ζητεῖνῆ
1501 2239 1602 2272 λαλεῖν,
1618 2239 1676 2266 ἀλλ’
1687 2240 1835 2275 ἀρκεῖσθαι

1042 2285 1075 2320 τῇ
1094 2285 1159 2320 παρ’
1173 2285 1279 2316 ἑαυτοῖς
1293 2285 1432 2312 πίστει.¹0
1447 2285 1463 2312 ι’
1475 2286 1543 2321 πρὸς
1553 2286 1617 2317 τοὺς
1632 2286 1836 2321 προϐάλλοντας

1044 2330 1187 2365 κακοήθως
1201 2331 1232 2356 τὸ
1244 2331 1273 2357 ιὸ
1284 2331 1370 2365 Λόγος
1381 2331 1449 2367 σὰρξ
1460 2332 1594 2365 ἐγένετο.»
1605 2333 1633 2358 '0
1643 2335 1678 2359 ια’
1688 2332 1755 2367 πρὸς
1769 2334 1836 2364 τοὺς

1044 2377 1198 2408 κωλύοντας
1212 2376 1259 2404 δύο
1272 2378 1367 2411 φύσεις
1376 2378 1422 2404 ἐπὶ
1432 2378 1481 2413 τῆς
1489 2377 1722 2414 ἐνανθρωπήσεως
1730 2379 1837 2414 ἐκλαμ-

1044 2423 1145 2450 ϐάνειν.
1156 2423 1184 2450 ’0
1201 2422 1233 2458 ιβ’
1249 2423 1318 2459 πρὸς
1335 2424 1397 2454 τοὺς
1413 2424 1541 2458 λέγοντας
1561 2425 1602 2451 ὄτι
1626 2426 1640 2452 ὸ
1661 2425 1745 2460 λέγων
1769 2426 1838 2453 ἄλλο

1047 2469 1097 2504 μὲν
1110 2469 1156 2496 τὸν
1172 2469 1250 2503 λόγον
1265 2469 1329 2496 ἄλλο
1342 2469 1371 2496 δὲ
1386 2470 1436 2505 τὴν
1459 2470 1549 2506 σάρκα
1561 2470 1608 2497 δύο
1624 2471 1698 2503 υἱοὺς
1711 2471 1796 2505 λέγει.
1806 2473 1837 2498 '0

1045 2519 1080 2549 ιγ’
1090 2515 1159 2551 πρὸς
1169 2514 1232 2547 τοὺς
1245 2514 1373 2549 λέγοντας
1386 2516 1428 2542 ὅτι
1438 2515 1468 2542 τὸ
1479 2516 1526 2542 καὶ
1536 2516 1680 2552 ἄνθρωπον
1690 2517 1838 2552 γινώσκειν

1043 2561 1090 2588 τὸν
1105 2561 1223 2597 Χριστὸν
1236 2561 1336 2588 ταύτόν
1356 2563 1414 2588 ἐστι
1434 2562 1474 2598 τῷ
1490 2563 1538 2589 καὶ
1552 2564 1593 2594 εἰς
1606 2563 1749 2598 ἄνθρωπον
1763 2564 1838 2600 ἔχειν

1043 2607 1094 2639 τὰς
1107 2607 1228 2639 ἐλπίδας.
1238 2607 1267 2633 '0
1284 2607 1314 2634 ιδ’
1329 2608 1398 2643 πρὸς
1415 2609 1478 2640 τοὺς
1493 2608 1622 2642 λέγοντας
1643 2609 1744 2636 ἔπαθεν
1765 2611 1841 2637 ἁπα-

1045 2653 1110 2685 θῶς.
1134 2654 1164 2679 ’0
1180 2656 1211 2679 ιε’
1227 2652 1296 2687 πρὸς
1324 2653 1389 2685 τοὺς
1410 2654 1539 2688 λέγοντας
1556 2663 1565 2681 ι
1575 2654 1675 2681 ἔπαθεν
1687 2655 1725 2687 ὡς
1737 2656 1840 2692 ἠθέλη-

1047 2708 1121 2726 σεν.)
1131 2699 1160 2726 '0
1175 2702 1212 2732 ις’
1227 2699 1296 2734 πρὸς
1309 2700 1374 2732 τοὺς
1386 2700 1514 2734 λέγοντας
1526 2701 1566 2727 ὃτι
1579 2702 1632 2737 χρὴ
1649 2701 1775 2737 δέχεσθαι
1788 2703 1841 2735 τὰς

1047 2745 1139 2782 φωνὰς
1155 2745 1203 2771 καὶ
1219 2745 1256 2783 μὴ
1269 2747 1381 2773 σκοπεῖν
1394 2746 1428 2773 τὰ
1442 2747 1476 2773 δι’
1487 2747 1576 2775 αὐτῶν
1587 2749 1788 2785 σημαινόμενα,
1801 2749 1842 2781 ὡς

864 2794 984 2822 νΑιιιλΕ
1002 2791 1208 2820 LECTIONES.

239 2845 261 2860 "
277 2845 435 2884 φαρμάξοις
450 2851 488 2884 Ἲς.
522 2842 662 2884 ’τ’-μάγῳ,
675 2841 834 2884 ηἰεὶηΐιι-Ποιι.
847 2841 923 2884 ᾼ.Λ¹“
935 2841 1158 2884 πάντῃπάντων
1168 2846 1249 2884 ‘c‘orr.
1265 2838 1342 2884 Azﬂ"
1354 2838 1506 2884 ἐξωριάζειν
1518 2841 1551 2872 Α,
1567 2841 1736 2884 vulgata'pro
1745 2844 1841 2878 γραφῇ

204 2875 343 2912 apposita:
373 2881 396 2895 "
416 2879 460 2912 ἐκ]
475 2887 530 2905 uno
548 2875 579 2905 ὲόι
605 2875 669 2905 τῶν.
725 2877 748 2892 ¹⁴
761 2875 918 2911 ἀνεγνώσθη
932 2876 965 2904 Δ.

373 2881 396 2895 ιι
416 2879 460 2916 ἐκ]

205 2915 273 2948 πρὸς
300 2922 330 2945 ς.

1000 2877 1022 2892 ³³
1039 2877 1113 2901 ἐστὶν
1141 2874 1205 2901 add.
1219 2874 1252 2903 Α.

1291 2875 1314 2890 ’⁸
1328 2876 1539 2911 συμπληροῦται
1563 2884 1594 2907 ς.
1617 2875 1656 2891 ί⁴¹⁷
1672 2875 1830 2910 ὕγδοοξχαί
