1918 3086
86 129 112 161 81

86 187 175 219 πάντας
187 188 393 225 ὑπερϐαίνοντα.
401 192 432 219 ’0
446 192 479 224 ιζ’
488 192 557 227 πρὸς
567 194 632 225 τοὺς
641 193 768 228 λέγοντας
778 194 862 221 «ἐπαι
876 197 900 227 Δ

87 234 233 268 omnem
245 237 335 271 σαρκί.
353 247 364 264 ι
381 238 411 265 '0
429 237 464 274 ιη’
473 238 541 274 πρὸς
555 240 619 271 τοὺς
633 240 764 275 λέγοντας
780 241 861 268 ποίαν

87 279 200 306 δώσουσιν
213 281 239 307 oi
254 281 376 310 Ἰουδαῖοι
389 283 478 320 δίκην,
491 285 515 311 ιι
529 283 567 320 μὴ
582 284 651 312 Θεὸν
664 286 842 322 ἐσταύρωσαν
853 296 860 320 ;

91 326 116 352 '0
134 325 163 352 ιϐ’
177 327 246 362 πρὸς
258 328 322 360 τοὺς
335 329 465 364 λέγοντας
482 331 611 364 Ἰουδαῖός
625 332 700 359 ἐστιν
714 332 729 359 ὁ
742 332 780 368 μὴ
794 332 861 360 Θεὸν

88 372 256 407 ἐσταυρῶσθαι
269 373 365 409 λέγων.
375 376 403 403 '0
418 380 442 404 κ’
455 377 525 412 πρὸς
540 377 604 409 τοὺς
617 377 748 412 λέγοντας
760 379 802 405 ὅτι
815 379 863 406 καὶ

87 417 181 451 ἁγγελοι
194 419 240 445 ἐπὶ
254 419 302 446 τοῦ
321 421 449 457 Ἀϐραὰμ
472 423 612 455 ἐσθίοντες
624 424 654 451 οὐ
670 425 780 457 πάντως
795 433 863 461 σαρ-

86 463 126 494 κὴς
135 463 209 498 φύσιν
223 464 399 500 ἐπεφέροντο.
409 468 438 494 ’0
452 472 495 494 κα¹
507 469 576 504 πρὸς
586 470 650 502 τοὺς
663 471 863 507 σμικρύνοντας

86 509 182 536 ἕκαστον
198 510 290 547 θαῦμα
304 513 344 548 τῷ
358 515 500 550 ἀρνεῖσθαι
521 515 571 551 τὴν
590 516 689 552 σάρκα.
706 517 754 554 [55
769 518 815 554 IL]
832 519 862 546 ’0

86 554 119 589 »ιβ’
130 555 192 589 πρὸς
204 558 267 589 τοὺς
285 558 454 593 ζημιοῦντας
469 560 550 596 ἡμῶν
565 562 596 588 τὸ
609 563 690 596 γένος
708 563 748 599 τῷ
769 564 807 600 μὴ
820 565 862 591 λέ-

85 608 134 633 γειν
147 602 176 628 ὲκ
189 602 237 638 τῆς
251 603 360 638 φύσεως
376 606 453 641 ἡμῶν
472 607 600 642 εἰλῆφθαι
617 607 666 644 τὴν
681 609 822 645 ἀπαρχήν.
832 609 862 636 Ὁ

86 649 120 680 η’
129 648 190 683 πρὸς
199 649 262 681 τοὺς
271 649 400 684 λέγοντας
415 652 557 679 πιστεύειν
570 654 663 686 ἁπλῶς
674 652 714 686 οἷς
723 655 745 671 ⁸⁸
753 655 862 690 λέγουσι

86 692 124 718 ut
138 691 171 727 μὴ
186 692 330 721 κατανοεῖν
343 696 370 722 τί
387 697 495 732 πρέπον
508 698 525 733 ἢ
541 699 677 734 ἀπρεπές.
697 699 727 727 '0
742 700 782 727 κδ’
793 701 863 736 πρὸς

86 739 138 770 τοὺς
150 738 326 775 ἀναιροῦντας
341 742 391 778 τὴν
405 743 461 770 τῶν
476 743 586 778 φύσεων
599 745 732 781 διαφορὰν
747 747 818 782 μετά
831 748 862 773 τὸ

86 782 156 816 πάθος
169 786 213 813 καὶ
226 787 278 823 τὴν
299 788 482 824 ἀνάληψιν.⁹0
499 793 539 817 κε’
554 791 792 827 ἀνακεφαλαίωσις
807 793 862 820 τῶν

86 831 143 858 κατὰ
157 831 236 868 μέρος
258 834 447 869 ρηθέντων.¹0
462 840 509 869 κς¹
526 839 592 873 περὶ
612 838 663 874 τῆς
677 839 791 875 ὕστερον
807 848 861 876 μη-

86 877 193 914 νυθείσης
215 880 370 913 συνθέσεως
390 882 450 918 ἦτοι
469 884 684 916 συνουσιώσεως.
694 885 724 912 '0
739 886 781 918 κζ’
795 887 861 922 περὶ
877 876 898 903 Β

85 923 123 949 τοῦ
136 924 200 951 κατά
214 925 261 952 τὸν
277 926 369 953 κοινὸν
390 928 536 964 ἄνθρωπον
551 930 760 967 ὕποδείγματος.
774 932 860 968 Δῆλον

85 968 108 994 δὲ
118 971 157 996 καὶ
170 971 200 998 ὲκ
215 972 302 1006 μόνης
316 972 408 1000 αὐτῶν
419 975 469 1009 τῆς
484 975 650 1009 ὑποθέσεως,
665 979 737 1004 ¹ιιοίοι
750 978 805 1004 τῶν
820 980 859 1005 εί-

87 1017 192 1051 ρημένων
207 1019 297 1054 λόγων
322 1020 353 1047 τὸ
373 1021 514 1056 ὸρθόδοξον
537 1022 703 1058 κρατύνουσι
719 1023 858 1061 φρόνημα,

86 1062 121 1097 [i5
133 1063 174 1100 il]
188 1066 234 1092 καὶ
249 1066 326 1098 τίνες
340 1067 521 1095 ἐκκλίνουσιν.

547 133 813 167 BIBLIOTHECA.
829 149 866 156 -
876 135 984 168 CODD.
1013 138 1227 170 XLV-XLVII.

1665 139 1699 171 i2

914 197 1011 224 voluit.
1032 207 1042 223 ι
1061 212 1094 219 ρ-
1110 197 1237 224 Decimus
1264 201 1370 229 sextus,
1389 196 1416 224 in
1440 201 1593 225 asserentes
1616 205 1699 232 opor-

914 248 970 270 tere
983 249 1063 270 voces
1076 243 1149 277 ipsas
1162 243 1306 278 accipere;
1322 251 1376 271 non
1390 247 1481 270 autem
1496 250 1590 271 carum
1607 249 1698 275 sensa,

912 293 941 316 nt
957 296 1018 324 quae
1036 289 1157 317 omnium
1183 295 1290 324 captum
1308 291 1452 324 excedant,
1468 290 1649 319 considerare.
1665 305 1700 310 —

912 334 1040 363 Decimus
1056 336 1199 371 septimus,
1222 337 1356 364 adversus
1379 337 1501 365 dicentes
1519 345 1527 365 :
1549 346 1559 363 ι
1583 336 1699 364 Verbum

912 388 961 416 per
976 388 1086 409 carnem
1097 388 1205 417 passum
1216 387 1269 410 est.
1285 391 1295 408 ι
1309 397 1345 403 --
1357 383 1483 411 Decimus
1497 386 1620 414 octavus,
1635 390 1700 409 con-

914 431 954 455 tra
971 433 1139 461 asserentes,
1149 428 1244 464 quales
1262 428 1346 456 Judaei
1363 435 1458 464 ptenas
1472 429 1560 456 daturi
1575 428 1699 461 fuissent,

912 473 935 500 si
956 472 1041 500 Deum
1065 473 1139 501 cruci
1160 481 1212 500 non
1236 473 1394 501 aﬂlxissenl.
1409 486 1444 494 -ι-
1458 473 1583 500 Decimus
1598 479 1698 505 nonus,

913 519 940 546 iu
957 519 1124 546 ntiirmantes
1143 517 1266 546 Judaeum
1286 518 1363 545 illum
1386 523 1457 549 esse,
1476 517 1520 551 qui
1542 516 1626 544 Deum
1647 517 1698 543 nti-

913 565 985 592 nime
999 564 1158 591 cruciﬁxum
1173 568 1287 591 asserat.
1298 562 1502 595 ~Vit'esimus,
1517 567 1612 590 contra
1626 562 1700 589 aien-

913 614 964 640 tes,
977 608 1086 644 angelos
1096 616 1153 640 eos.
1163 609 1210 644 qui
1223 609 1293 644 apud
1306 609 1493 636 Abrahamum
1516 607 1605 634 cibqu
1626 615 1700 634 stun-

912 660 1102 691 pserunt,non
1121 656 1252 683 cominuo
1263 655 1345 683 etiam
1367 655 1460 682 carnis
1483 659 1609 682 naturam
1628 658 1700 680 attu-

913 702 988 729 lisse.
1000 716 1035 722 —
1048 701 1201 729 Vicesimus
1219 701 1333 735 primus,
1353 701 1486 728 adversus
1502 707 1560 732 eos,
1582 699 1627 734 qui
1648 700 1700 726 nti-

913 749 1007 776 racula
1025 749 1183 784 singulatim
1202 751 1364 780 extenuant,
1378 748 1441 774 dum
1458 753 1569 774 carnem
1589 749 1700 780 negant.

911 809 947 815 -—-
962 794 1114 823 Vicesimus
1128 795 1276 828 secundus,
1288 795 1420 822 adversus
1441 801 1501 827 eos,
1520 793 1566 828 qui
1582 793 1701 828 humano

912 841 1004 876 generi
1028 841 1156 868 damnum
1179 840 1318 875 irrogant,
1342 841 1406 867 dum
1429 839 1581 867 concedere
1606 839 1702 865 nolunt

913 892 946 913 ex
960 890 1053 913 nostra
1072 890 1168 912 natura
1187 885 1351 921 principium
1370 889 1506 920 sumptum
1523 891 1594 911 esse.
1605 897 1640 903 —
1654 882 1701 909 Vi-

913 932 1032 959 cesimus
1053 932 1162 963 tertius.
1182 936 1278 959 contra
1294 931 1442 966 iactantes,
1458 929 1572 958 credere
1593 927 1701 963 simpli-

913 979 982 1006 citer
998 977 1042 1010 iis,
1057 985 1117 1012 qua:
1129 978 1273 1010 dicuntur;
1290 981 1318 1006 et
1335 985 1388 1005 non
1404 977 1557 1010 attendere,
1571 976 1636 1011 quid
1652 975 1701 1002 do-

915 1031 981 1052 cens
1005 1024 1050 1056 sit,
1070 1028 1118 1051 aut
1139 1024 1279 1051 indecens.
1292 1039 1327 1045 —
1343 1024 1496 1051 Vicesimus
1515 1027 1640 1057 quartus,
1654 1020 1702 1047 ad-

910 1068 1148 1098 versus‘tollentes
1169 1073 1330 1095 naturarum
1347 1067 1542 1098 differentiam,
1561 1071 1621 1101 post
1634 1072 1701 1100 pas-

85 1109 171 1137 sionem
185 1115 212 1138 et
222 1113 632 1143 ascensionem—Vicesimus
646 1114 769 1150 quintus,
797 1115 954 1144 summatim
980 1122 1012 1142 ea
1025 1115 1134 1149 repetit,
1164 1120 1224 1150 qtue
1244 1120 1291 1149 per
1319 1119 1409 1148 partes
1437 1114 1567 1141 hactenus
1601 1110 1700 1138 tradita

85 1161 145 1183 sunt.
160 1171 193 1177 —
207 1158 278 1193 11a
306 1157 460 1187 Vicesimus
478 1165 583 1193 sextus,
603 1161 636 1188 de
661 1162 912 1196 post-manifestata
936 1161 1136 1196 compositione
1163 1168 1211 1188 seu
1244 1160 1534 1188 consubstantiatione.

1559 1171 1595 1178 --
1619 1155 1698 1183 Vice~

85 1204 154 1232 simas
172 1207 317 1240 septimus,
340 1208 373 1235 de
388 1215 420 1235 eo
434 1209 505 1243 quod
522 1210 672 1237 secundum
687 1218 860 1239 communem
879 1211 1016 1238 hominem
1033 1214 1085 1242 est,
1097 1209 1232 1244 exemplo.
1242 1208 1350 1236 Clarum
1360 1215 1426 1235 vero
1448 1208 1489 1234 vel
1517 1214 1551 1234 ex
1565 1207 1624 1234 solo
1641 1212 1686 1234 ar-

85 1257 192 1284 gumento
201 1253 316 1288 quinam
326 1262 358 1282 ex
373 1257 566 1292 suprascriptis
586 1258 662 1286 libris
675 1259 856 1286 orthodoxam
870 1259 1050 1287 corroboreut
1064 1258 1228 1290 doctrinam,
1243 1257 1346 1293 quique
1363 1257 1397 1284 ab
1414 1264 1445 1284 ea
1464 1257 1618 1283 discedant.

113 1299 165 1326 Ἔτι
179 1301 205 1327 ἐν
217 1301 256 1337 τῷ
266 1302 345 1337 αὐτῷ
356 1303 446 1339 τεύχει
460 1305 673 1341 ἀνεγνώσθησαν
681 1307 704 1323 ²⁹
719 1306 767 1334 τοῦ
777 1306 861 1334 αὐτοῦ

85 1340 144 1376 λόγοι
151 1346 228 1380 τρεῖς,
237 1347 353 1381 μείζους
360 1348 414 1374 τῶν
422 1340 640 1386 προειρημένων·
657 1350 860 1388 Ἐρανιστὴςῆ

85 1389 262 1425 Πολύμορφος
272 1392 600 1434 ἐφερονὲπιγραφήν.⁷ον
610 1397 625 1424 6
634 1397 683 1433 μὲν
690 1398 810 1433 πρῶτος,
821 1399 862 1425 ὅτι

85 1434 198 1470 ἀτρεπος
211 1437 225 1463 ὁ
239 1437 310 1469 Θεὸς
327 1437 428 1473 Λόγος·
441 1439 456 1466 ὁ
469 1440 605 1478 δεύτερος,
621 1442 663 1469 ὅτι
676 1442 829 1478 ἀσὺγχυτος
843 1444 859 1479 ἡ

85 1479 180 1512 ἔνωσις·
195 1483 208 1508 ti
221 1483 329 1518 τρίτος,
347 1484 387 1511 ὃτι
404 1484 514 1521 ἀπαθὴς
526 1487 541 1514 ὁ
555 1487 622 1520 Θεὸς
636 1488 799 1523 Λόγος.¹Ετι
815 1489 861 1516 καὶ

86 1524 204 1562 τέταρτος,
219 1528 248 1554 ὲν
271 1525 296 1563 ᾧ
321 1530 513 1566 συλλογισμοῖς
535 1533 587 1568 τῆς
608 1534 694 1570 αὐτῆς
709 1527 897 1567 ὑποθέσεωςο

87 1570 313 1607 ὕπεραγωνίζεται.
329 1573 409 1604 Οὗτοι
424 1576 453 1604 δὲ
474 1580 499 1605 οε
512 1581 588 1615 τρεῖς
600 1580 675 1615 λόγοι
695 1581 724 1608 ὲν
747 1581 863 1617 διαλόγῳ

87 1617 144 1663 εἰσὶν
156 1619 225 1655 αὐτῷ
243 1621 481 1658 διεσκευασμένοι,
495 1625 520 1651 οἱ
533 1625 562 1652 δὲ
576 1626 652 1653 ἄλλοι
664 1627 861 1663 καταλογάδην.

87 1662 164 1699 ﬁeri]:
172 1665 199 1692 δέ
210 1667 284 1694 ἐστιν
301 1668 332 1694 ὲν
347 1669 433 1696 ἅπασι
443 1670 492 1706 τὴν
505 1671 618 1706 φράσιν,
629 1672 667 1704 ὡς
677 1673 806 1709 εὐκρινὴς
817 1662 865 1700 διαὶ

88 1710 199 1745 καθαρὸς,
212 1713 258 1739 καὶ
275 1714 329 1741 οὐκ
341 1715 465 1751 ἀμοιρῶν
481 1717 528 1743 τοῦ
544 1717 632 1753 ἡδέος,
648 1718 824 1756 καταλλήλως
834 1728 864 1746 τε

88 1756 134 1788 ταῖς
150 1758 277 1794 νοήμασιν
296 1761 531 1798 ὲνευθηνοῠμενος
543 1763 576 1791 ³⁸,

428 1907 495 1934 ΜΖ’.

95 1958 221 1994 Ἰωσήπου
241 1963 403 2002 ’Ἰουδρίοῃ
425 1966 461 1992 τὰ
480 1966 557 1993 κατὰ
581 1966 742 2001 Ἰουδαίους
773 1968 864 2002 πάθη,

199 1998 248 2025 καί
263 2000 283 2033 ἡ
300 1999 358 2033 τῆς
379 1999 579 2036 Ἰερουσαλὴμ
596 2001 721 2036 ἅλωσις.

117 2052 276 2091 Ἀνεγνώσθη
291 2057 429 2092 Ἰωσήπου
436 2057 564 2086 Ἰουδαίου
570 2059 607 2087 τὰ
615 2061 692 2088 κατὰ
699 2059 866 2094 Ἰουδαίους

89 2097 165 2133 πάθη,
178 2100 206 2127 ὲν
219 2098 258 2132 οἷς
271 2101 289 2137 ἥ
305 2109 337 2128 τε
347 2103 399 2138 τῆς
415 2102 594 2140 Ἰερουσαλὴμ
604 2106 650 2132 ἐπὶ
663 2105 736 2133 τέλει
752 2106 807 2132 τῶν
822 2106 866 2132 λό-

89 2151 136 2176 γων
153 2145 249 2179 ἅλωσις
271 2149 322 2175 καὶ
346 2150 363 2184 ἡ
388 2149 440 2184 τῆς
462 2151 593 2183 Μασάδας
608 2151 749 2187 πολίχνης,
763 2152 817 2188 πρὸ
836 2151 865 2179 δὲ

89 2190 176 2237 τούτων
187 2194 203 2227 ή
217 2194 272 2220 τῶν
282 2195 466 2227 Ἰωταπάτων,
481 2197 510 2223 ὲν
533 2194 550 2235 ᾖ
577 2198 624 2224 καὶ
643 2197 725 2230 αὐτὸς
735 2197 867 2233 ⁷Μισηπος
883 2210 905 2237 η

89 2234 144 2269 ἥλω.
158 2238 195 2265 ἔτι
212 2239 241 2266 δὲ
254 2241 398 2276 Γισχάλων
405 2242 426 2258 ³³
441 2242 542 2275 ἅλωσις
554 2244 601 2270 καὶ
612 2243 700 2270 ἄλλων
710 2243 865 2271 Ἰουδαϊκῶν

90 2283 210 2325 φρουρίων
232 2286 431 2321 ὲρημία.Ἕο“τι
453 2288 483 2315 δὲ
508 2289 583 2324 αὐτῷ
591 2289 613 2305 ¹¹
628 2289 658 2316 τὸ
675 2289 817 2325 σύνταγμα
836 2291 865 2316 ἐν

90 2324 166 2361 λόγοις
178 2330 255 2359 ἑπτά.
269 2332 402 2368 Καθαρδς
416 2334 467 2368 τὴν
477 2334 588 2370 φράσιν,
602 2335 649 2362 καὶ
666 2335 775 2371 ἀξίωμα.
785 2336 866 2370 λόγου

92 2373 149 2405 μετὰ
159 2375 311 2411 εὐκρινεεας
328 2380 376 2406 καὶ
392 2379 489 2415 ἡδονῆς
510 2380 597 2413 δεινὸς
611 2382 739 2417 ἐκφῆναι,
754 2382 867 2414 πιθανός

90 2424 114 2443 τε
126 2421 181 2452 ταῖς
194 2422 378 2458 δημηγορίαις
395 2425 443 2452 καὶ
455 2425 592 2461 ἐπίχαρις,
609 2427 662 2453 κάν
678 2426 725 2453 ἐπὶ
739 2427 867 2454 τάναντία

91 2463 195 2500 δκαιρδς
204 2469 272 2504 καλῇ
287 2471 443 2506 χρήσασθαι
454 2472 493 2507 τῷ
502 2471 584 2507 λόγῳ,
597 2472 683 2505 δεξιὸς
695 2473 743 2499 ’καὶ
754 2472 868 2508 γόνιμος

91 2509 275 2549 ἐνθυμημάτων
298 2517 487 2554 ἐφἐὲκάτεραν
505 2519 553 2545 καὶ
570 2518 774 2553 γνωμολογικὸς
785 2519 814 2545 δὲ
828 2518 866 2550 ὡς

949 1306 1044 1334 Adhuc
1060 1306 1086 1334 in
1099 1307 1201 1341 [eodem
1223 1305 1282 1340 ipso
1297 1304 1442 1331 Voiumiue
1466 1303 1516 1339 legi
1542 1308 1597 1330 tres
1627 1302 1701 1336 ejus-

913 1352 975 1380 dem
998 1352 1081 1381 libros
1103 1351 1288 1387 superioribus
1312 1350 1438 1385 majores.
1461 1350 1580 1377 Titulum
1604 1350 1700 1384 praefe-

914 1403 977 1426 runt
999 1399 1146 1434 ὲρανιστὴς
1164 1397 1232 1433 (75),
1248 1396 1265 1433 ἢ
1279 1395 1459 1431 Πολύμορφος
1467 1395 1506 1430 (id
1522 1399 1572 1427 est,
1590 1395 1701 1426 sodalis,

913 1452 960 1473 seu
987 1444 1181 1479 multiformis).
1211 1442 1314 1470 Horum
1341 1442 1456 1477 primus,
1478 1440 1562 1469 Deum
1583 1440 1701 1468 Verbum

913 1489 1082 1516 immutabile
1092 1496 1153 1516 esse
1168 1488 1257 1516 docet.
1273 1487 1359 1519 Alter,
1377 1487 1557 1518 inconfusam,
1575 1487 1700 1513 minime-

914 1542 967 1569 que
994 1535 1102 1562 mistam
1130 1535 1258 1561 unionem
1281 1538 1352 1561 esse.
1379 1532 1487 1560 Tertius
1509 1533 1702 1568 impassibilem

916 1579 973 1607 sive
994 1578 1244 1613 imperturbabilem
1269 1584 1330 1606 esse
1351 1578 1433 1605 Deum
1444 1576 1574 1605 Verbum.
1592 1577 1704 1604 Accedit

916 1629 1038 1658 quartus.
1053 1624 1078 1651 in
1096 1631 1149 1658 quo
1166 1623 1329 1660 syllogismis
1352 1623 1410 1651 haec
1433 1623 1527 1651 cadent
1543 1629 1702 1658 argumenta

916 1670 1023 1697 retexit.
1037 1669 1126 1704 Atque
1155 1670 1182 1697 hi
1207 1670 1318 1704 quidem
1345 1669 1407 1697 libri
1433 1677 1481 1704 per
1508 1669 1644 1705 dialogum
1670 1671 1704 1696 ab

915 1716 973 1750 ipso
996 1715 1142 1750 conscripti
1163 1721 1237 1747 sunt,
1267 1715 1362 1750 reliqui
1390 1723 1454 1742 vero
1480 1715 1649 1748 continenti,
1673 1723 1705 1742 ac

916 1766 1045 1796 perpetua
1073 1762 1156 1790 serie.
1184 1762 1277 1798 Stylus
1299 1763 1324 1790 ei
1349 1761 1377 1790 in
1392 1762 1518 1790 omnibus
1545 1762 1704 1798 perspicuus

915 1808 969 1842 (est
979 1809 1051 1836 enim
1077 1809 1221 1836 distinctus
1248 1816 1280 1836 ac
1306 1809 1399 1843 purus)
1420 1816 1507 1843 neque
1527 1808 1704 1843 iucunditatis

916 1860 1013 1889 expers
1027 1861 1033 1880 :
1050 1853 1224 1889 proportione
1235 1861 1297 1881 vero
1308 1854 1433 1881 sensibus
1449 1853 1588 1881 exuberat.

1259 1910 1363 1939 XLVII.

1006 1965 1115 2000 Iosephi
1130 1965 1220 1993 Jsdtei
1235 1965 1267 1992 de
1280 1965 1345 1992 libro
1359 1964 1474 1992 Iudaica
1487 1965 1547 1991 libri
1561 1972 1609 1991 νιι.

952 2055 1017 2090 Legi
1036 2054 1183 2090 .iosephmn
1199 2053 1334 2087 Judaeum,
1349 2054 1388 2081 De
1397 2053 1519 2081 Iudaica!
1532 2053 1616 2088 gentis
1629 2053 1706 2080 ἐπια-

918 2104 1009 2131 milale
1020 2108 1098 2138 atque
1114 2103 1230 2130 interitu.
1240 2101 1300 2135 Quo
1316 2101 1342 2129 in
1358 2101 1427 2128 libro
1439 2105 1561 2128 extremo
1576 2100 1704 2127 Hieroso-

918 2151 1051 2187 lymorum
1076 2148 1210 2177 excidium
1232 2153 1335 2180 narrat,
1360 2152 1388 2174 et
1406 2146 1520 2174 Masadte
1538 2146 1629 2181 oppidi
1651 2154 1658 2173 :
1677 2150 1704 2172 et

919 2201 984 2224 ante
1006 2196 1064 2223 haec
1088 2194 1288 2229 Jotapatoruni,
1310 2194 1336 2220 iu
1363 2200 1417 2227 quo
1440 2197 1468 2219 et
1495 2192 1552 2226 ipse
1570 2191 1706 2225 Iosephus

919 2247 1029 2277 captus;
1049 2246 1178 2275 prmerea
1194 2239 1382 2268 Gischalorum
1405 2238 1586 2270 eversionem,
1598 2242 1624 2264 et
1637 2237 1705 2264 alio-

920 2295 979 2315 rum
992 2286 1166 2315 Judaicorum
1178 2286 1404 2313 munimentorum
1419 2284 1623 2312 desolationem.
1638 2283 1707 2311 Sunt

920 2340 1010 2362 autem
1020 2333 1100 2368 hujus
1111 2333 1201 2368 operis
1211 2332 1270 2358 libri
1282 2337 1396 2365 septem.
1406 2331 1543 2358 Candidus
1555 2330 1593 2358 illi
1605 2337 1706 2362 sermo,

919 2382 966 2416 qui
985 2380 1121 2408 rationum
1139 2378 1244 2414 pondus
1261 2383 1341 2412 atque
1359 2382 1524 2405 momentum
1547 2385 1608 2404 cum
1632 2378 1708 2412 puri-

921 2432 977 2454 tate
992 2434 1023 2454 ac
1034 2426 1206 2461 jucunditate
1217 2424 1371 2458 exprimere
1384 2423 1480 2458 possit.
1493 2423 1520 2449 In
1532 2422 1708 2450 concionibus

922 2471 1100 2507 persuadendi
1126 2470 1152 2496 vi
1178 2469 1307 2504 praeditus
1335 2472 1396 2499 est,
1424 2475 1456 2494 ac
1481 2467 1625 2501 gratiosus,
1651 2472 1706 2493 tum

921 2519 1001 2545 etiam
1020 2523 1080 2544 cum
1106 2516 1200 2542 suadet
1217 2512 1406 2548 opportunitas
1427 2513 1576 2539 orationem
1599 2511 1626 2538 in
1640 2519 1708 2538 con<

693 2605 812 2634 VARI/ﬁ
831 2604 1031 2633 LECTIONES.

122 2646 197 2689 ".033:
212 2659 244 2682 ς.
282 2653 307 2668 ¹⁹
325 2653 484 2689 ἀνεγνώσθη
504 2653 552 2681 τοῦ
563 2652 656 2681 αὑτοῦ.
673 2655 706 2686 Δ,
721 2653 932 2688 ἀνεγνώσθησαν
948 2651 1031 2679 αὑτοῦ
1062 2659 1082 2682 ς
1097 2670 1104 2677 .

94 2680 112 2695 ²¹
122 2682 180 2710 αὐτὸ

1152 2649 1175 2665 ⁸⁸
1190 2648 1388 2685 εὐθηνούμενος
1417 2657 1448 2680 ς.
1491 2649 1510 2664 ³¹
1526 2649 1662 2685 χισχάλων
1674 2649 1707 2676 Α.

834 2773 949 2803 NOTAE.

122 2827 173 2867 (75)
187 2829 374 2867 Ιςῖηιιηιιὶεαιυν
390 2831 511 2858 redditur
526 2831 685 2858 aGeutiauo
697 2830 816 2860 llcrvcto
830 2839 864 2861 ex
883 2832 967 2867 ipsius
981 2831 1144 2861 Theodoreti
1162 2833 1271 2860 I‘rmt‘ul.
1295 2831 1418 2859 Sadalam
1448 2838 1497 2865 ego
1519 2837 1596 2862 voco,
1625 2826 1703 2862 quasi

96 2861 282 2896 tintuledalem,
301 2870 329 2893 ct
341 2867 460 2898 eiusdem
479 2867 638 2896 uarticivcm
652 2867 791 2897 “tubulus.
