1918 3086
214 123 249 153 83
790 126 924 156 PHOTII
942 126 1002 156 PA’]

1061 124 1196 155 ARCHE
1214 125 1270 154 (ΞΡ.
1807 120 1843 150 84

212 180 323 207 trariam
338 185 441 216 partem
457 182 575 210 ﬂectere.
589 182 704 210 Dextera
719 189 828 217 quoque
842 188 868 211 et
886 183 997 217 copiose

1056 183 1075 208 εἴ
1093 191 1135 214 τις
1150 181 1240 212 ἄλλος,
1254 180 1302 207 καὶ
1316 179 1390 215 πάθη
1405 178 1444 214 τῷ
1458 179 1530 214 λόγῳ
1546 178 1721 214 παραστῆσαι
1744 176 1844 204 ἱκανώ-

212 226 421 261 entltymematis
435 228 461 255 in
477 233 621 263 utramque
646 233 750 263 partem
766 229 860 261 utitur,
884 234 996 256 senten-

1049 236 1142 260 τατυς,
1156 228 1204 254 καὶ
1217 227 1323 262 ἐγεῖραι
1338 225 1424 257 πάθος
1437 225 1482 252 καὶ
1494 224 1616 261 πραῧναι
1626 224 1822 260 δοκιμώτατος,

213 274 326 307 tiasque,
354 273 377 301 si
396 274 460 309 quis
485 274 571 307 alius,
585 274 706 302 adhibet.
736 274 858 303 Orationi
886 275 996 309 insuper
1013 273 1139 301 allectum
1155 272 1339 307 imprimendi,
1354 275 1382 299 et
1412 271 1565 299 coucitattdi
1588 275 1689 303 motus,
1719 269 1843 297 eosdem-

213 327 266 355 que
281 327 342 347 mox
358 319 483 352 leniendi,
499 325 541 348 est
558 321 754 356 peritissimus.

249 367 332 394 Multa
358 374 424 394 vero
446 367 521 402 signa
554 372 636 401 atque
663 368 785 404 prodigia
808 368 1001 404 Hierosolyma:

213 413 348 441 excidium
376 413 548 448 praecessisse
566 420 771 442 commemorat.
787 414 886 442 Bovem
903 415 936 442 ad
954 421 1001 441 sa-

213 459 345 487 criﬁcium
360 459 468 486 ductam
487 466 585 492 agnum
601 460 749 494 peperisse.
771 461 869 488 Lucem
885 461 913 489 in
932 466 1001 487 tent-

213 506 258 541 plo
289 506 468 541 splenduisse.
494 506 594 534 Vocem
621 507 718 534 exinde
744 508 885 535 auditam:
904 516 914 533 ι
932 507 1001 534 Hinc

213 553 354 580 abeamus.
375 562 384 578 ι
400 552 504 587 Templi
518 555 629 588 portas,‘
643 561 713 589 quas
730 561 763 581 ne
777 554 870 588 viginti
890 553 1000 588 quidem

213 599 264 626 viri
285 599 391 633 aperire
418 603 553 633 poterant,
578 604 675 634 sponte
696 599 828 634 patuisse.
844 599 1000 626 Exercitum

212 645 322 679 vesperi
347 645 435 672 visum
451 645 544 674 'armis
567 645 701 673 indutum.
721 645 826 677 Virum,
844 645 887 673 cui
902 653 1000 672 nomen

212 691 294 719 Jesus
308 691 431 725 Ananiae,
455 692 522 719 nihil
547 692 619 720 aliud
637 692 716 720 anuis
739 700 786 720 sex
809 696 837 720 et
863 692 1002 720 mensibus

213 736 302 764 tribus
319 737 452 769 sonuisse,
471 742 600 772 tanquam
625 738 717 766 lurore
742 738 893 772 percitum,
918 745 999 772 quam

212 782 360 810 identidem
381 792 388 810 :
411 793 420 809 ι
448 782 509 815 Vae,
525 791 582 815 vat.
605 784 773 816 Jerusalem.
795 794 804 809 ι
824 784 1002 819 eumdemque

213 834 275 853 cum
289 834 320 854 ea
336 828 370 855 de
380 835 462 855 causa
477 828 634 856 verberibus
644 835 752 864 quoque
762 828 920 860 caederetur,
931 835 1001 866 prae-~

1089 364 1178 391 Πολλά
1201 364 1230 391 δὲ
1256 363 1380 399 σύμϐολα
1400 363 1447 391 καὶ
1463 364 1565 399 σημεῖα
1580 362 1655 397 λέγει
1669 361 1844 397 προῦπάρξαι

1052 411 1102 446 τῆς
1118 409 1297 446 Ἰερουσαλὴμ
1312 409 1454 441 ἁλώσεως·
1472 409 1536 445 βοῦν
1558 418 1589 436 τε
1605 408 1660 443 γὰρ
1677 408 1723 434 ἐπὶ
1748 408 1845 434 ουσίαν

1052 455 1190 490 ἀγομένην
1203 454 1272 490 ἄρνα
1282 455 1382 485 τεκεῖν,
1391 454 1438 480 καὶ
1449 453 1507 488 φῶς
1516 453 1674 488 ἀναλάμψαι
1686 453 1715 479 ἐν
1725 452 1765 487 τῷ
1776 452 1845 487 ναῷ,

1052 501 1101 528 καὶ
1111 502 1203 536 φωνῆς
1212 500 1316 527 ἐκεῖθεν
1327 499 1710 533 ὲπακοῦσαιιΜεταϐαίνομεν
1721 498 1743 514 ³³
1752 497 1847 525 ἐντεῦ-

1055 548 1127 581 θεν,›
1141 548 1191 574 καὶ
1206 547 1257 579 τὰς
1269 546 1316 573 τοῦ
1336 547 1410 582 ἱεροῦ
1419 546 1508 578 πύλας
1522 546 1577 572 οὐδ’
1589 545 1643 572 ὑπὸ
1656 545 1761 581 ἀνδρῶν
1774 546 1848 572 εῐκο-

1053 602 1097 620 σιν
1118 593 1298 628 ἀνοιγομένας
1319 592 1481 628 αὐτομάτως
1499 591 1645 627 ἀνεῷχθαι,
1659 593 1706 618 καὶ
1731 591 1848 627 στρατὸν

1052 639 1171 675 ἑσπέρας
1186 638 1379 673 ἐπιφαίνεσθαι
1394 638 1488 670 ὅπλοις
1509 637 1782 673 περιπεφραγμένον,
1798 637 1847 664 καὶ

1051 685 1197 720 ἄνθρωπόν
1210 693 1271 711 τινα
1287 684 1392 720 (ὄνομα
1407 684 1482 719 αὺτῷ
1497 685 1511 711 ὁ
1523 683 1570 711 τοῦ
1581 683 1704 710 ’Λνανίου
1718 683 1826 718 Ἰησοῦς
1837 683 1848 718 )

1053 731 1136 766 μηδὲν
1153 731 1217 758 ἄλλο
1233 730 1447 766 ἐπιφθέγγεσθαι
1462 730 1509 756 ἐπὶ
1524 730 1571 765 ἔτη
1585 733 1610 762 ς’
1621 729 1668 756 καὶ
1675 730 1697 745 ³⁸
1711 729 1801 764 μῆνας
1809 733 1846 763 γ’,

1053 777 1149 810 ὥσπερ
1165 776 1382 811 βεϐακχευμένον
1399 775 1465 803 ὄντα
1486 775 1529 802 ἐπ’
1546 775 1612 802 αὐτὸ
1626 774 1716 807 τοῦτο,
1736 775 1752 810 ἧ
1773 775 1805 802 τὸ
1817 775 1848 802 αἲ

1053 824 1087 858 τῇ
1105 822 1282 858 Ἰερουσαλήμ
1293 830 1300 837 ·
1315 821 1344 854 ὃς
1363 822 1412 849 καὶ
1427 821 1498 856 ὑπὲρ
1516 821 1612 848 τούτου
1628 820 1762 853 αἰκισθεὶς
1775 821 1847 856 πλὴν

214 878 257 901 ter
272 874 341 902 hanc
355 883 436 902 unam
451 883 557 909 vocem,
571 875 672 903 nullam
686 874 810 902 emisisse
824 875 914 902 aliam.
925 874 1002 902 llunc

1056 870 1156 906 ταύτης
1177 870 1227 906 τῆς
1249 869 1340 904 φωνῆς
1361 867 1437 895 οὐδὲν
1453 867 1517 894 ἄλλο
1530 866 1713 902 ἀπεκρίνατο,
1729 866 1759 892 ἐν
1774 866 1845 901 αὐτῇ

214 920 278 948 item
291 921 366 949 urbis
375 921 482 949 excidio
500 929 562 949 cum
576 922 729 955 interesset,
743 922 921 956 eamdemque
931 922 1001 956 apud

214 973 245 994 se
259 974 351 994 vocem
369 967 558 1002 ingeminaret,
582 968 678 1003 lapidis
698 968 753 996 ictu
772 969 840 1003 ub
862 968 895 995 ab
924 968 1002 995 hoste

214 1020 334 1040 OCCISIlm
349 1020 419 1041 esse.

248 1060 338 1094 Atque
365 1060 423 1086 haec
446 1059 555 1094 quidem
575 1064 638 1088 ante
661 1060 756 1088 urbem
787 1064 895 1095 captam
923 1059 1000 1094 signa

214 1109 364 1132 monstrata
380 1104 465 1136 fuere,
491 1105 612 1132 intestini
625 1113 689 1133 vero
711 1105 772 1133 belli
787 1106 884 1133 seditio
900 1109 927 1133 et
952 1106 1001 1132 ho-

213 1155 270 1178 stes
283 1150 375 1178 urbem
386 1156 550 1179 everterunt.
564 1151 592 1178 In
608 1152 753 1179 zelotarnm
772 1152 842 1179 enim
855 1151 1000 1179 factionem

215 1201 244 1223 et
259 1197 419 1224 sicariorum
434 1197 524 1230 divisi,
541 1204 570 1225 se
585 1203 678 1225 mutuo
694 1197 777 1224 Judaei
796 1196 1000 1228 interfecerunt,

215 1243 359 1278 ipsumque
373 1243 440 1270 adeo
457 1243 612 1278 reipublicae
632 1251 729 1278 corpus
744 1243 850 1278 vulgus,
865 1243 899 1270 ab
915 1242 1002 1273 utris-

215 1295 270 1323 que
281 1289 379 1317 acerbe
395 1294 437 1316 est
454 1294 534 1325 atque
550 1290 697 1318 crudeliter
719 1290 886 1317 dilaniatum.
904 1288 1002 1316 Fames

217 1336 281 1363 item
297 1336 337 1363 sic
354 1336 447 1364 urbem
463 1336 573 1368 invasit,
589 1340 618 1363 ut
634 1340 662 1362 et
678 1336 711 1363 ad
727 1335 778 1363 alia
801 1335 902 1370 ﬂagitia
913 1335 1002 1363 homi-

217 1388 268 1409 ues
283 1381 389 1416 impulsi
404 1382 516 1415 fuerint,
537 1387 566 1410 et
584 1382 682 1410 mulier
694 1389 772 1409 suum
789 1382 846 1416 ipsa
860 1382 942 1409 lilium
957 1388 1003 1409 co-

216 1427 342 1456 mederit.
355 1426 445 1456 Pestis
457 1428 549 1456 adltzcc
561 1428 659 1455 famem
671 1428 820 1462 excipiens,
836 1427 902 1455 satis
914 1426 1003 1454 omni-

215 1474 267 1501 bus
287 1474 364 1502 clare
387 1474 518 1506 ostendit,
536 1474 632 1501 divina:
659 1474 686 1501 id
709 1474 756 1501 irae
779 1481 847 1508 opus
869 1480 947 1506 esse,
970 1480 1003 1500 ac

218 1519 368 1549 Dominicm
396 1520 608 1548 denuntiationis
629 1521 828 1555 minarumque,
845 1520 903 1548 fore
923 1520 1002 1547 nimi-

216 1573 277 1594 rum
293 1572 322 1594 ut
333 1566 398 1594 urbs
414 1565 535 1593 funditus
554 1573 647 1594 eversa
664 1567 769 1600 periret.

551 1609 664 1636 XLVIII.

286 1655 427 1689 Iosephus,
441 1656 479 1683 vel
492 1656 573 1683 Caius
586 1655 735 1690 Presbyler.
750 1656 786 1682 De
797 1656 928 1682 universo.

255 1733 353 1761 Lectus
367 1739 418 1767 est,
431 1734 564 1769 Josephus
578 1735 616 1762 De
629 1735 767 1767 universo,-
789 1735 834 1769 qtti
853 1734 922 1761 liber
940 1733 1002 1759 alibi

217 1779 366 1814 inscriptus
389 1779 498 1814 legitur,
515 1779 552 1806 De
570 1780 684 1806 universi
698 1787 798 1811 causa;
821 1779 847 1806 in
864 1778 924 1805 aliis
941 1785 1004 1804 vero

217 1825 306 1857 libris,
320 1825 360 1853 De
375 1827 487 1853 universi
499 1832 605 1853 natura.
621 1826 743 1860 Suntque
757 1825 838 1853 libelli
855 1825 924 1857 duo,
942 1825 1004 1858 qui-

217 1872 269 1900 bus
283 1879 374 1900 secum
388 1880 507 1908 pugnare
525 1872 662 1900 Platonem
681 1873 767 1899 docet.
782 1871 820 1898 De
835 1871 924 1898 anima
938 1878 1005 1905 quo-

219 1925 273 1951 que
297 1919 410 1946 materia
424 1937 431 1950 ,
453 1923 480 1945 et
499 1917 698 1945 resurrectione
721 1916 777 1952 (76)
798 1916 958 1949 Alcinoum,
976 1920 1005 1942 ut

220 1962 335 1990 absurde
366 1970 399 1991 ac
422 1962 489 1990 falso
514 1962 706 1995 disserentem,
730 1960 914 1996 reprehendit,
942 1967 1006 1987 suas

219 2016 284 2036 vero
306 2009 364 2044 ipse
380 2010 468 2037 dehis
495 2009 618 2037 tltesibus
641 2008 782 2043 opiniones
796 2007 925 2042 opponit;
954 2006 1005 2033 do-

219 2060 318 2090 cetque
331 2050 485 2084 Iudaeorum
502 2055 639 2082 nationem
656 2054 735 2089 longe
753 2061 824 2085 esse.
839 2060 919 2088 quam
931 2052 1006 2079 Grie-

221 2110 315 2130 corum
333 2101 526 2137 antiquiorem.
541 2101 623 2128 Putat
634 2099 812 2134 compositum
827 2098 964 2126 hominem
971 2105 1004 2125 ex

220 2150 300 2184 igne,
327 2153 410 2182 terra,
434 2155 514 2182 aqua,
541 2155 573 2174 ac
596 2150 726 2181 praeterea
750 2152 765 2172 e
789 2144 897 2179 spiritu,
925 2151 1004 2178 quem

220 2195 338 2221 animum
354 2193 480 2228 appellat.
499 2192 536 2219 De
557 2200 611 2226 quo
632 2191 726 2226 spiritu
742 2191 816 2218 hisce
835 2189 925 2217 verbis
940 2196 1005 2216 usus

1052 926 1082 944 τε
1097 918 1131 953 τῇ
1146 916 1247 944 ἁλώσει
1271 914 1368 951 παρὼν
1382 913 1431 941 καὶ
1447 912 1535 948 ἐαυτῷ
1545 913 1567 929 ³⁵
1582 912 1631 948 τὴν
1645 912 1775 947 τοιαύτην
1789 920 1847 947 φω-

1052 965 1100 1001 νὴν
1117 963 1250 997 ἐπειπὼν,
1265 962 1332 999 λίθῳ
1348 961 1458 998 βληθεὶς
1473 961 1527 988 ὑπὸ
1548 960 1603 988 τῶν
1620 960 1767 996 πολεμίων,
1785 960 1847 987 ἐτε-

1051 1011 1176 1045 λεύτησε.

1087 1056 1133 1093 [56
1146 1056 1193 1092 Κ]
1213 1056 1254 1084 Τὰ
1270 1055 1319 1091 μὲν
1329 1054 1376 1082 οὖν
1386 1053 1580 1090 προδειχθέντα
1592 1052 1641 1087 τῆς
1655 1050 1782 1082 ἁλώσεως
1795 1058 1844 1085 ση-

1052 1105 1117 1139 μεῖα
1133 1103 1238 1130 ταῦτα’
1255 1103 1272 1138 ἠ
1289 1101 1384 1133 στάσις
1395 1101 1424 1128 δὲ
1448 1100 1502 1127 τῶν
1526 1098 1666 1134 ἐμφυλίων
1688 1097 1705 1133 ἢ
1723 1097 1748 1124 oi
1761 1096 1844 1123 πολέ-

1053 1159 1110 1185 μιοι
1123 1149 1172 1184 τὴν
1187 1148 1265 1175 πόλιν
1279 1147 1445 1182 ἐπόρθησαν.
1457 1146 1504 1177 Εἰς
1520 1144 1643 1179 ζηλωτὰς
1658 1143 1711 1179 γὰρ
1727 1143 1844 1174 ἑαυτοὺς

1051 1196 1100 1222 καὶ
1122 1194 1263 1230 σικαρίους
1283 1193 1478 1228 διαστήσαντες
1495 1190 1628 1224 ἀλλήλους
1650 1198 1681 1216 τε
1703 1188 1844 1223 ἔφθειρον.

1051 1242 1100 1270 καὶ
1123 1242 1155 1269 τὸ
1177 1241 1266 1268 κοινὸν
1284 1240 1363 1275 σῶμα
1379 1240 1393 1265 ὁ
1413 1238 1498 1273 δῆμος
1518 1237 1564 1264 ὑπ’
1577 1237 1678 1272 ἀμφοῖν
1691 1235 1798 1270 πικρῶς
1810 1243 1844 1260 τε

1052 1290 1099 1316 καὶ
1121 1287 1241 1324 ἀνηλεῶς
1255 1286 1453 1322 ἑσπαράττετο.
1470 1284 1557 1319 Λιμός
1578 1292 1608 1310 τε
1624 1282 1694 1309 οὕτω
1710 1281 1846 1315 κατέσχεν

1051 1334 1090 1365 ὼς
1109 1333 1156 1360 καὶ
1172 1333 1212 1364 είς
1233 1331 1302 1359 ἄλλα
1318 1330 1367 1366 μὲν
1381 1329 1531 1364 παράνομα
1543 1327 1607 1359 τοὺς
1620 1325 1779 1362 ἀνθρώπους
1797 1325 1847 1351 έκ-

1052 1378 1236 1414 διαιτηθῆναι.
1253 1377 1300 1404 καὶ
1313 1377 1431 1411 γυναῖκα
1443 1375 1472 1402 δὲ
1485 1374 1516 1401 τὸ
1527 1374 1626 1401 οἶκεϊον
1642 1373 1738 1400 τέκνον
1752 1371 1847 1406 θοινήο

1054 1423 1162 1450 σασθαι.
1179 1422 1234 1449 Καὶ
1246 1421 1284 1456 τῷ
1296 1420 1368 1456 λιμῷ
1381 1421 1395 1446 ὁ
1408 1419 1501 1454 λοιμὸς
1514 1417 1761 1452 συνεπιλαὸὀμενος
1774 1415 1845 1442 ἐδεί-

1053 1478 1103 1496 κνυ
1119 1470 1203 1496 πᾶσιν
1218 1467 1347 1503 ἐμφανῶς
1362 1466 1510 1501 Θεομηνίας
1521 1464 1600 1500 ἔργον
1612 1463 1660 1490 καὶ
1672 1461 1722 1497 τῆς
1737 1463 1846 1488 Δεσπο-

1052 1516 1132 1550 τικῆς
1148 1514 1327 1550 προρρήσεως
1340 1513 1387 1540 καὶ
1402 1511 1516 1547 ἀπειλῆς
1539 1510 1589 1547 τὴν
1603 1509 1654 1545 τῆς
1671 1508 1777 1541 πόλεως
1791 1508 1847 1535 ὕπ-

1053 1562 1134 1598 άρξαι
1147 1560 1335 1596 πανωλεθρίαν
1349 1559 1396 1586 καὶ
1411 1559 1523 1586 ἅλωσιν.

1402 1605 1430 1631 Μ
1434 1605 1463 1630 ιιι
1467 1624 1474 1631 .

1056 1651 1114 1679 Τοῦ
1127 1651 1220 1678 αὐτοῦ
1236 1650 1358 1686 μᾶλλο]Α
1374 1649 1409 1675 δὲ
1423 1649 1522 1686 -Γαῒου
1540 1646 1756 1686 ῌρεσϐυτέοου,
1772 1646 1844 1680 περὶ

1312 1684 1368 1719 τῆς
1382 1684 1437 1711 τοῦ
1453 1684 1578 1716 παντός.

1087 1729 1256 1764 Ἀνεγνὼσθη
1272 1730 1403 1764 Ἰωσήπου
1417 1727 1485 1761 Περὶ
1495 1727 1548 1754 τοῦ
1556 1725 1681 1758 παντὸς,
1691 1724 1705 1750 ὃ
1713 1724 1741 1750 ὲν
1749 1722 1842 1754 ἄλλοις

1045 1777 1164 1810 ἀνέγνων
1177 1776 1241 1809 ὲπιγ
1246 1774 1313 1810 ραφὸ
1317 1782 1395 1808 μενον
1401 1772 1470 1806 Περὶ
1480 1771 1535 1806 τῆς
1544 1780 1576 1798 το
1581 1772 1596 1798 ῦ
1604 1770 1717 1802 παντὸς
1732 1768 1829 1799 ιιίτίας
1834 1782 1844 1795 ν

1046 1825 1075 1850 ὲν
1089 1822 1179 1853 ἄλλοις
1199 1821 1227 1847 δὲ
1248 1819 1317 1853 Περὶ
1330 1819 1383 1853 τῆς
1398 1818 1451 1846 τοῦ
1466 1818 1580 1850 παντὸς
1595 1816 1712 1848 οὐσίας.
1731 1814 1777 1850 [16
1791 1813 1843 1850 IL]

1049 1870 1127 1896 Ἔστι
1141 1867 1170 1895 δὲ
1180 1868 1208 1894 ὲν
1219 1866 1278 1893 δυσὶ
1289 1865 1427 1900 λογιδίοις.
1440 1864 1564 1891 Δείκνυσι
1580 1863 1608 1889 δὲ
1623 1863 1651 1888 ὲν
1664 1862 1756 1892 αὐτοῖς
1770 1859 1843 1895 πρὸς

1048 1912 1143 1940 ἑαυτὸν
1169 1911 1350 1943 στασιάζοντα
1363 1910 1506 1942 Πλάτωνα,
1533 1908 1640 1942 ἐλέγχει
1662 1907 1691 1933 δὲ
1705 1907 1753 1932 καὶ
1776 1905 1845 1938 περὶ

1053 1961 1144 1997 ψυχῆς
1157 1960 1204 1987 καὶ
1219 1959 1286 1994 ὕλης
1299 1957 1346 1984 καὶ
1359 1954 1533 1984 ἀναστάσεως
1545 1950 1684 1997 ’Δλκίνουν
1698 1948 1803 1997 ἀλόγως
1813 1956 1845 1997 τέ

1055 1994 1220 2043 καλ-ψευδῶς
1236 2005 1365 2035 εἰπόντα,
1382 2000 1540 2034 ἀντεισάγει
1554 1998 1582 2025 δὲ
1596 1997 1646 2029 τὰς
1662 1994 1846 2043 οἰκείας-περὶ

1055 2039 1157 2081 τούτων
1169 2052 1224 2079 τῶν
1237 2050 1392 2078 ὑποθέσεων
1406 2047 1495 2080 δόξας,
1508 2043 1630 2072 δείκνυσι
1644 2051 1674 2068 τε
1691 2039 1846 2077 πρεσϐύτε-

1057 2109 1103 2136 ρον
1117 2099 1252 2134 Ἑλλήνων
1266 2096 1357 2131 πολλῷ
1377 2095 1407 2122 τὸ
1417 2092 1560 2122 Ἰουδαίων“
1573 2091 1661 2125 γένος.
1682 2087 1808 2136 ΔοξάζειΔ
1817 2087 1846 2112 δὲ

1056 2133 1214 2180 συγκεῖσθαι
1228 2143 1276 2170 τὸν
1292 2142 1435 2177 ἀνθρωπον
1451 2140 1482 2166 ὲκ
1497 2139 1583 2174 πυρὸς
1596 2137 1643 2164 καὶ
1659 2136 1711 2171 γῆς
1723 2135 1770 2162 καὶ
1780 2133 1847 2180 ὓδα-

1054 2200 1111 2223 τος,
1128 2191 1176 2217 καὶ
1192 2189 1232 2216 ἔτι
1249 2190 1281 2216 ὲκ
1296 2187 1461 2222 πνεύματος,
1482 2185 1496 2211 ὂ
1521 2185 1568 2211 καὶ
1591 2183 1680 2218 ψυχὴν
1707 2179 1845 2214 ὀνομάζει.

220 2244 261 2267 est
279 2248 286 2267 :
306 2226 395 2273 Huius
417 2239 564 2274 principem
590 2242 694 2272 partem
715 2235 929 2271 apprehendens,
949 2242 1002 2261 una

1056 2237 1124 2272 Περὶ
1137 2233 1167 2263 οὗ
1182 2235 1335 2270 πνεύματος
1347 2233 1441 2264 αὐταῖς
1456 2231 1561 2264 λέξεσιν
1574 2229 1645 2256 οὓτω
1657 2226 1846 2263 φησι·Τούτου

221 2295 282 2314 cum
296 2294 409 2321 Corpore
423 2286 559 2318 formavit,
575 2289 602 2325 e_t
617 2292 665 2318 per
676 2284 767 2311 omnia
780 2283 900 2310 membra
915 2287 1006 2309 artus-

221 2340 274 2367 que
288 2333 358 2359 viam
389 2332 437 2365 ipsi
456 2329 592 2366 patefecit.
611 2329 662 2362 Qui
688 2329 799 2363 spiritus
816 2327 921 2362 corpori
938 2335 1004 2354 con-

220 2379 362 2410 formatus,
385 2383 525 2412 totuutque
544 2377 704 2410 pervadens,
721 2376 814 2402 eadetn
841 2373 937 2406 forma,
953 2380 1005 2408 qua

221 2433 319 2460 corpus
334 2425 385 2451 hoc
400 2427 549 2458 spectatur,
561 2421 705 2455 insignitus
720 2425 762 2448 est
777 2428 784 2447 :
800 2424 926 2446 naturam
940 2425 1006 2445 vero

223 2470 388 2504 frigidiorem
405 2469 495 2501 habet,
512 2468 546 2494 ad
563 2467 614 2494 tria
626 2466 681 2499 illa,
693 2474 741 2500 per
751 2472 810 2500 quae
821 2472 919 2499 corpus
930 2471 1005 2491 com-

222 2520 329 2549 pactum
348 2519 400 2541 est.
420 2513 481 2540 Hsec
496 2513 549 2543 ille,
561 2520 613 2539 non
625 2512 691 2538 satis
700 2515 762 2545 apte
778 2511 811 2537 ad
830 2509 1004 2537 Hebraeorum

222 2561 256 2588 tle
271 2560 387 2588 hominis
404 2564 499 2587 natura
522 2558 686 2590 doctrinam,
709 2564 798 2592 neque
808 2557 874 2584 satis
887 2563 902 2584 e
918 2556 1006 2590 digni-

223 2610 278 2632 tate
293 2605 457 2639 reliquorum
476 2611 491 2630 a
511 2611 541 2631 se
555 2604 657 2631 diserte
681 2603 843 2637 scriptorum
870 2601 1003 2630 elocutus.

225 2651 263 2678 De
288 2650 381 2677 mundi
402 2657 511 2685 quoque
542 2649 716 2685 generatim
742 2655 789 2683 per
812 2647 1002 2681 compendium

1054 2283 1085 2309 τὸ
1107 2282 1273 2318 κυριώτερον
1288 2279 1450 2314 ἀνελόμενος
1467 2277 1526 2312 ἃμα
1543 2276 1581 2311 τῷ
1604 2274 1711 2309 σώματι
1732 2272 1845 2318 ἔπλασε,

1055 2330 1102 2355 καὶ
1116 2317 1160 2355 διά
1174 2326 1274 2358 παντὸς
1287 2325 1384 2360 μέλους
1395 2323 1443 2350 καὶ
1454 2322 1556 2358 ἄρθρου
1569 2321 1682 2356 πορείαν
1693 2317 1768 2353 αὐτῷ
1781 2326 1848 2344 κστ-

1055 2373 1232 2400 εσκεύασεν³⁶
1243 2380 1250 2388 ⁸
1269 2371 1283 2397 δ
1296 2370 1335 2405 τῷ
1350 2368 1455 2404 σώματι
1469 2365 1645 2402 συμπλασθὲν
1660 2365 1707 2391 καὶ
1720 2363 1765 2390 διὰ
1778 2371 1849 2389 παν-

1054 2420 1100 2450 τὸς
1112 2417 1298 2452 διικνούμενον
1311 2415 1350 2451 τῷ
1365 2414 1441 2449 αὐτῷ
1462 2413 1530 2440 εῖδει
1542 2411 1589 2438 τοῦ
1608 2409 1775 2446 βλεπομένου
1792 2408 1847 2434 σώ-

1060 2470 1144 2500 ματος
1160 2463 1328 2494 τετὺπωται,
1337 2461 1387 2496 τὴν
1399 2459 1494 2486 οὐσίαν
1507 2458 1536 2485 δὲ
1546 2457 1714 2492 ψυχρότερον
1728 2454 1847 2488 ὑπάρχει

1058 2499 1127 2547 πρὸς
1149 2510 1184 2537 τὰ
1204 2509 1279 2545 τρία,
1293 2507 1327 2534 δι’
1343 2504 1380 2533 ὧν
1405 2506 1436 2532 τὸ
1458 2504 1539 2539 σῶμα
1551 2504 1746 2538 συνήρμοσται.
1767 2499 1848 2526 Οὕτω

1060 2546 1110 2592 μὲν
1133 2554 1179 2583 οὖν
1202 2553 1318 2587 ἀναξίως
1329 2554 1379 2588 τῆς
1390 2561 1420 2579 τε
1435 2551 1488 2578 τῶν
1501 2549 1637 2577 Ἰουδαίων
1655 2548 1718 2583 περὶ
1740 2546 1847 2581 ἀνθρὼ-

1057 2591 1109 2628 που
1125 2601 1298 2634 φυσιολογίας
1310 2598 1397 2625 ταῦτα
1412 2597 1497 2624 εἰπὼν
1519 2596 1566 2622 καὶ
1582 2595 1631 2629 τῆς
1655 2593 1737 2628 ἄλλης
1761 2591 1844 2618 αὑτοῦ

1055 2646 1120 2682 περὶ
1135 2645 1199 2676 τοὺς
1216 2645 1312 2679 λόγους
1335 2643 1493 2678 ἀσκήσεως,
1507 2640 1617 2673 διέξεισι
1636 2639 1684 2665 καὶ
1709 2637 1774 2673 περὶ
1794 2636 1846 2672 τῆς

864 2703 983 2731 νΑΒΙᾹΞ
1005 2702 1208 2731 LECTIONES.

259 2758 282 2774 ³³
297 2757 504 2793 μεταϐαίνωμεν
531 2764 561 2788 ς.
600 2755 623 2771 ³⁵
634 2755 681 2782 καὶ
692 2763 746 2783 om.
764 2755 795 2782 A.

844 2754 866 2770 ³³
880 2752 980 2789 ἐαυτῷ]
994 2752 1075 2783 αὐτὸς
1088 2758 1149 2780 esse
1163 2751 1268 2778 videtur
1283 2749 1310 2776 in
1327 2749 1361 2775 Α.

1414 2747 1436 2763 ³⁸
1449 2743 1655 2781 παρεσκεύασεν
1670 2743 1702 2770 Α.

977 2797 1094 2825 NOTAE.

262 2849 318 2884 476)
332 2849 413 2884 Cujus
440 2848 473 2876 de
497 2852 646 2884 comparat.
667 2847 772 2876 l’latou.
797 2851 823 2874 et
842 2846 954 2875 Aristot.
974 2844 1080 2872 libellus
1099 2843 1190 2872 (ἔγειρε
1200 2847 1278 2878 atque
1292 2840 1387 2869 Latine
1401 2838 1426 2866 in
1443 2836 1530 2865 medio
1544 2839 1595 2863 est.
