1918 3086
99 118 138 151 85
607 117 868 150 BIBLIOTHECA.
885 131 921 139 -
932 118 1039 150 CODD;
1059 118 1228 150 XLVIII-1..
1705 118 1741 149 86

101 172 287 209 κοσμογονίας
300 172 505 207 κεφαλαιωδῶς.
525 173 593 208 Περὶ
609 175 702 208 μέντοι
721 174 840 211 Χριστοῦ
853 183 880 201 το

954 173 1074 202 disserit.
1091 173 1127 200 De
1148 173 1258 200 Christo
1271 177 1361 199 autem
1386 179 1451 199 vero
1472 171 1528 200 Deo
1548 171 1686 206 aptissime
1702 172 1741 199 lo-

103 218 235 253 ἁληοινοῦ
252 218 321 245 Θεοῦ
338 217 416 253 ἡμῶν
429 217 468 250 ὡς
484 217 599 252 ἔγγιστα
614 218 744 254 θεολογεῖ,
760 221 855 256 κλῆσίν
869 230 899 247 τε

101 265 188 300 αὐτὴν
210 263 454 299 ἀναφθεγγόμενος
474 264 606 299 Χριστοῦ,
621 265 668 292 καὶ
687 265 735 301 τὴν
749 267 781 293 ὲκ
796 267 899 303 πατρὸς

101 312 243 347 ἄφραστον
265 312 395 346 γέννησιν
417 310 573 346 ἀμέμπτως
584 311 800 347 ἀναγράφων.”0
824 322 899 346 τινας

102 356 168 388 ἴσως
178 356 227 382 καὶ
248 355 418 391 ἀμφιδοξεῦ,
436 355 474 386 ὡς
485 355 619 390 Ἰωσήπου
636 355 679 391 εἴη
694 356 725 382 τὸ
742 357 899 392 συνταγμά-

101 410 175 433 nov,
191 402 377 429 ἀναπείσειεν.
395 401 477 428 Οὐδὲν
498 401 528 428 δὲ
550 402 582 428 τὸ
601 402 652 436 τῆς
675 403 802 437 φράσεως
825 403 898 439 αὐτῷ

98 448 172 482 πρὸς
189 447 225 474 τὰ
243 448 378 475 ὑπόλοιπα
398 447 445 475 τοῦ
465 448 562 484 ἀνδρὸς
580 448 685 475 ἀποδεῖ.

136 490 224 531 Εὗρον
241 495 270 521 δὲ
280 495 301 511 ³⁷
318 496 349 521 ὲν
365 497 561 532 παρα-γραφαῖς
577 496 618 523 ὃτι
634 497 684 523 οὐκ
699 496 773 524 ἐστιν
788 498 802 524 ὁ
817 497 896 532 λόγος

97 539 250 575 Ἰωσήπου,
268 541 336 568 ἀλλὰ
360 541 441 568 Γαΐου
463 541 535 574 τινὸς
555 542 741 578 πρεσὸυτέρου
756 544 785 570 ὲν
802 543 895 579 Ῥώμῃ

97 586 293 623 δωτρίὸοντος,
307 588 337 615 δν
352 597 417 623 φασι
425 588 555 621 συντάξαι
570 590 617 616 καὶ
631 589 685 616 τὸν
699 590 893 624 Λαϐύρινθον·

97 630 130 660 οὗ
147 634 195 660 καὶ
210 634 336 668 διάλογος
350 635 462 670 φέρεται
475 635 545 671 πρὸς
558 635 680 671 Πρόκλον
692 636 753 663 τινὰ
769 636 894 672 ὑπέρμα-

96 687 145 712 χον
156 680 207 715 τῆς
221 679 276 706 τῶν
288 680 482 707 Μοντανιστῶν
493 681 634 716 αἱρέσεως.
649 681 851 717 Ἀνεπιγράφου
865 683 894 708 δὲ

96 725 327 759 καταλειφθέντος
349 726 395 753 τοῦ
415 727 493 761 λόγου
516 727 584 761 φασὶ
607 728 670 759 τοὺς
695 727 744 763 μὲν
760 727 892 763 Ἰωσήπου

95 771 251 806 ἐπιγράψαι
261 792 269 805 ,
283 772 348 803 τοὺς
360 773 389 799 δὲ
404 773 549 800 Ίουστίνου
563 773 610 800 τοῦ
629 775 782 809 μάρτυρος,
797 774 893 806 ἄλλους

94 817 124 843 Et
135 818 284 853 Εἰρηναίου
293 819 326 851 ⁸⁸,
336 818 431 855 ὥσπερ
440 820 488 846 καὶ
501 821 555 847 τὸν
566 820 752 855 Λαϐύρινθόν
758 830 830 854 τινες
843 822 893 848 ἐπ-

953 221 1056 256 quitur,
1077 221 1187 255 quando
1202 224 1230 247 et
1246 220 1330 253 ipsam
1354 219 1454 247 Christi
1474 218 1684 254 appellationem
1701 217 1739 244 illi

953 267 1086 301 attribuit,
1105 272 1132 294 et
1151 267 1360 294 inenarrabilem
1383 273 1416 293 ex
1432 265 1513 293 Patre
1534 265 1738 300 generationem

952 313 1021 340 citra
1039 313 1277 347 reprehensionem
1291 312 1429 340 describit.
1446 312 1511 345 Quae
1524 318 1568 338 res
1585 309 1738 344 ambigendi

952 359 1069 387 fortasse
1084 359 1201 393 cuipiam
1231 366 1340 386 causam
1357 359 1487 393 praebeat,
1507 357 1578 385 sitne
1594 358 1644 384 hoc
1659 355 1738 383 Jose-

953 406 996 441 phi
1013 405 1171 440 opusculum
1186 414 1193 432 :
1209 405 1260 432 etsi
1277 404 1345 432 nihil
1360 404 1466 432 dicendi
1480 411 1579 439 genere
1593 411 1608 430 a
1627 402 1737 437 reliquis

951 453 1071 487 ejusdem
1085 451 1193 485 scriptis
1206 450 1329 478 discedit.

986 498 1112 532 Comperi
1141 498 1299 525 adnotatum
1323 496 1407 524 fuisse
1422 517 1430 530 ,
1461 504 1514 524 non
1541 503 1602 523 esse
1625 495 1736 530 Joseplii

952 545 1003 572 hoc
1031 551 1118 579 opus.
1143 545 1191 572 sed
1222 544 1279 572 Caii
1309 543 1448 577 cujusdam
1473 543 1623 578 presbyteri
1643 543 1736 570 Romae

949 589 1064 621 agentis,
1080 595 1160 623 quem
1176 592 1203 616 et
1218 592 1356 615 auctorem
1374 587 1478 615 faciunt
1491 587 1648 622 Labyrinthi
1663 596 1672 615 :
1687 595 1735 615 cu-

946 636 990 670 jus
1005 635 1087 662 eliam
1103 634 1224 669 dialogus
1235 639 1276 662 est
1290 635 1420 661 adversus
1438 633 1562 661 Proclum
1576 635 1732 669 quemdam,

948 682 1059 709 haeresis
1075 681 1299 708 Montanistarum
1315 680 1498 708 defensorem.
1513 680 1580 708 Cum
1593 681 1664 708 enim
1674 681 1734 708 sine

948 727 1025 754 titulo
1048 735 1115 762 opus
1141 727 1266 754 relictum
1290 731 1383 759 esset,
1405 727 1448 754 alii
1483 727 1590 761 quidem
1616 726 1734 761 Josepho

948 772 1107 807 inscriptum
1126 773 1248 800 referunt
1269 772 1313 799 alii
1330 771 1438 799 Justino
1463 773 1586 808 martyri,
1611 773 1732 799 nonnulli

948 818 1058 852 lrenam,
1086 819 1313 852 quemadmodum
1343 824 1371 846 et
1400 818 1592 854 Labyrintnum
1623 818 1732 855 Origcni

94 862 220 898 έγραψαν
238 863 406 899 Ὧριγένους.
428 865 506 891 Ἐπεὶ
527 865 609 892 Γαΐου
637 865 696 892 ἐστὶ
721 865 832 902 πόνημα
857 869 880 902 τῇ

944 864 1053 897 quidam
1069 864 1199 892 tribuere.
1214 865 1319 899 Alioqui
1332 865 1389 893 Caii
1406 870 1447 893 est
1462 873 1529 899 opus
1549 865 1670 900 ejusdem
1688 874 1733 893 re—

92 907 209 943 ὸληθείᾳ
220 908 267 935 τοῦ
279 909 302 925 ³⁹
311 910 504 945 συντεταχότος
517 911 572 938 τὸν
582 912 778 946 Λαϐύρινθον,
793 913 832 945 ὼς
844 913 891 939 καὶ

91 953 172 985 αὐτὸς
182 955 213 980 ὲν
225 953 266 989 τῷ
275 954 347 981 τέλει
356 955 410 983 τοῦ
419 956 606 990 Λαϐυρίνθου
617 957 817 994 διεμαρτύρατο
827 959 891 986 ἑαυ-

90 999 138 1026 τοῦ
154 998 281 1028 εἶναι-τὸν
289 1001 359 1036 Περὶ
369 1001 425 1036 τῆς
439 1002 492 1030 τοῦ
500 1003 616 1036 παντὸς
631 1004 742 1036 οὐσίας
757 1004 890 1038 λόγον.¹Εὶ

89 1046 113 1072 δ’
127 1047 223 1082 ἔτερος
238 1049 286 1074 καὶ
298 1048 348 1083 οὺχ
363 1046 441 1080 οὗτός
460 1050 546 1083 ἐστιν,
561 1049 637 1077 οΰπω
655 1059 701 1085 μοι
715 1050 828 1085 γέγονεν
844 1050 889 1077 εὕ-

89 1092 178 1127 ὂηλον.
194 1093 299 1121 Τοῦτον
322 1094 370 1121 τὸν
392 1095 470 1121 Γάϊον
485 1095 670 1132 πρεσϐύτερόν
685 1105 750 1131 φασι
773 1097 889 1132 γεγενῆ-

89 1138 152 1165 σθαι
162 1139 215 1174 τῆς
228 1140 300 1167 κατὰ
307 1140 419 1176 Ῥώμην
431 1140 476 1177 [57
488 1141 537 1178 IL]
545 1142 710 1177 Ἐκκλησίας
721 1143 767 1170 ἐπὶ
780 1143 891 1171 Οὐίκτο-

90 1192 135 1220 ρος
147 1185 195 1211 καὶ
210 1185 362 1221 Ζεφυρίνου
378 1187 431 1214 τῶν
444 1188 606 1223 ἀρχιερέων,
625 1189 846 1225 χειροτονηθῆναι
860 1189 889 1216 δὲ

88 1231 170 1257 αὑτὸν
188 1232 239 1258 καὶ
253 1231 340 1258 ἐθνῶν
356 1232 516 1260 ἐπίσκοπον.
533 1234 666 1268 Συντάξαι
682 1235 709 1262 δὲ
724 1236 771 1263 καὶ
795 1235 888 1272 ἕτερον

85 1276 166 1311 λόγον
182 1277 256 1308 ἰδίως
269 1277 342 1304 κατὰ
357 1278 406 1313 τῆς
417 1279 591 1315 ’Δρτέμωνος
605 1280 748 1316 αἱρέσεως,
760 1281 889 1309 καὶκατὰ

86 1322 211 1358 Πρόκλου
229 1323 258 1350 δὲ
278 1324 448 1351 σπουδαστοῦ
471 1326 614 1352 Μοντανοῦ
633 1327 784 1354 σπουδαίαν
795 1327 887 1355 διάλε-

86 1368 160 1401 ξινδδ
176 1370 381 1405 συντεταχέναι,
398 1368 427 1397 ὲν
472 1372 650 1407 τρισκαίδεκα
675 1373 759 1408 μόνας
777 1375 886 1401 ὲπιστο-

86 1414 135 1446 ‘Ai;
161 1414 324 1451 ἀριθμεῖται
352 1416 481 1450 Παύλου,
508 1418 558 1445 οὐκ
585 1418 722 1454 ἐγκρίνων
746 1419 796 1455 τὴν
818 1420 888 1455 πρὸς

92 1459 249 1496 Ἐϐραίους.

443 1510 511 1538 ΜΘ’.

85 1551 140 1580 Τοῦ
155 1553 304 1593 ἐνργίοις
317 1556 471 1593 Κυρίλλου
485 1556 540 1583 τοῦ
554 1557 796 1592 Ἀλεξανδρείας,
809 1558 885 1585 κατὰ

173 1591 236 1615 τῶν
245 1591 412 1624 Νεστορίου
428 1592 639 1627 βλασφημιῶν
649 1594 735 1628 λόγοι
758 1597 790 1620 ε’.

119 1633 294 1671 ’Λνεγνώσθη
309 1635 358 1663 τοῦ
381 1637 410 1663 ἐν
432 1637 520 1671 ἁγίοις
545 1638 683 1674 Κυρίλλου
698 1639 746 1666 τοῦ
758 1638 885 1672 Ἀλεξαν-

83 1679 204 1714 δρείας⁸¹
216 1681 299 1709 Κατὰ
312 1681 374 1709 τῶν
385 1683 439 1710 τοῦ
452 1685 618 1718 ΝεστορίΟυ
626 1684 844 1720 βλασφημιῶν,
855 1686 884 1712 ὲν

83 1725 174 1759 λόγοις
183 1727 275 1754 πέντε.
283 1728 414 1758 Φυλάττει
427 1729 455 1756 δὲ
468 1731 521 1757 κάν
531 1730 636 1762 τούτοις
645 1731 700 1758 τῶν
712 1733 820 1759 οἰκείων
837 1732 883 1759 λό-

83 1779 139 1806 γων
163 1772 210 1800 τὸν
234 1775 399 1810 χαρακτῆρα
420 1775 467 1802 καὶ
484 1776 514 1802 τὸ
532 1776 648 1810 ἰδίωμα,
672 1777 840 1812 σαφέστερος
854 1778 883 1804 δέ

83 1818 138 1844 ἐστι
152 1818 200 1846 τοῦ
215 1820 285 1855 πρὸς
303 1820 431 1856 Ἑρμείαν
445 1823 493 1849 καὶ
508 1823 555 1848 τοῦ
573 1823 643 1857 Περὶ
658 1823 714 1858 τῆς
735 1825 771 1851 ἐν
786 1825 882 1852 Ilvati-

80 1872 151 1897 ματι
164 1866 321 1899 λατρείας.
330 1867 360 1895 ὐ
371 1867 399 1894 δὲ
409 1867 489 1903 λόγος
501 1869 576 1905 αὐτῷ
589 1870 774 1904 πεποιημένος
782 1871 830 1898 καὶ
841 1872 882 1904 εἰς

83 1910 238 1942 ιδιάξουσαν
257 1913 333 1940 ἰδέαν
349 1914 581 1950 ἐκϐεϐιασμένος,
597 1916 645 1942 καὶ
669 1914 725 1943 οἷον
748 1917 882 1954 λελυμένη

82 1957 128 1983 καὶ
146 1958 179 1984 τὺ
199 1958 301 1995 μέτρον
320 1960 486 1996 ὑπερορῶσα
505 1962 624 1997 ποίησις.

453 2008 495 2036 N’.

80 2049 187 2077 Νικίου
203 2052 342 2086 μον-ακοῦ
366 2055 442 2116 itan
456 2055 583 2123 τῶνζτοῦ
597 2057 769 2083 Φιλοπόνου
784 2065 879 2091 κεφα-

423 2091 497 2117 αἰων
533 2094 550 2119 ’.

423 2094 497 2117 αίων
516 2094 550 2119 ζ’.

116 2129 140 2166 [Ι
147 2131 163 2156 7
169 2131 217 2167 IL]
225 2132 396 2168 ’Λνεγνώσοη
404 2134 501 2161 Νικίου
511 2135 719 2171 μοναχοῦζΚατὰ
725 2136 785 2163 τῶν
792 2137 846 2165 τοῦ
855 2138 878 2154 ⁸³

79 2178 254 2205 ditandi-av
269 2181 444 2214 κεφαλαίων·
456 2181 542 2213 ἑπτὰ,
553 2178 591 2208 ὢν
604 2181 833 2218 διεμνημόνευσεν
848 2184 878 2211 ἐν

78 2222 118 2257 τῷ
132 2224 293 2259 καλουμένῳ
310 2225 393 2252 αὑτοῦ
413 2226 486 2262 λόγῳ
499 2227 668 2261 Διαιτητής.
683 2229 761 2255 Ἔστι
785 2228 814 2255 δὲ
827 2229 876 2265 τὴν

79 2268 181 2302 φράσιν
195 2269 299 2301 ἁπλοῦς
326 2271 373 2297 καὶ
389 2271 521 2308 σύντομος
536 2274 584 2300 καὶ
600 2274 660 2305 ταῖς
680 2274 875 2309 ἅντιρρήσεσιν

80 2313 174 2345 ἱκανὸς
192 2314 240 2340 καὶ
259 2315 416 2351 ἀπέριττος.

114 2400 289 2438 Ἀνεγνώσθη
298 2403 326 2430 δὲ
338 2403 386 2431 τοῦ
395 2405 477 2432 αὒτοῦ
489 2406 535 2432 καὶ
545 2405 624 2433 Κατὰ
635 2407 689 2434 τοῦ
699 2406 873 2440 δυσσεϐοῦς

78 2447 224 2482 Σεϐιὶρου,
237 2449 277 2476 ἔτι
295 2450 324 2476 δὲ
343 2451 390 2477 καὶ
411 2452 492 2479 Κατὰ
515 2452 675 2486 Ἐλλήνων
699 2453 784 2487 λόγοι
804 2453 871 2480 δύο.

944 917 1024 942 vera,
1054 910 1100 944 qui
1126 910 1315 945 Labyrinthum
1339 911 1492 945 composuit
1515 911 1600 945 12a,
1621 911 1733 946 quando

943 954 987 982 ille
1005 956 1062 989 ipse
1080 955 1107 982 in
1120 960 1242 983 extremo
1262 955 1425 990 Labyrintho
1452 961 1579 983 testatum
1609 957 1730 991 reliquit,

942 1007 1003 1026 esse
1019 1007 1048 1028 se
1068 999 1128 1027 libri
1147 1000 1185 1027 De
1200 1001 1316 1027 universi
1333 1003 1434 1034 jrmtara
1461 1007 1610 1029 auctorem.
1631 1001 1730 1028 Verum

941 1045 986 1072 hic
1001 1052 1034 1072 ne
1046 1045 1114 1072 liber
1126 1045 1171 1072 ille
1183 1045 1231 1078 sit,
1246 1045 1280 1072 de
1303 1052 1358 1080 quo
1382 1047 1487 1080 agitur},
1504 1054 1539 1073 au
1555 1046 1635 1078 alius,
1660 1054 1730 1074 non-

941 1091 1004 1118 dum
1032 1091 1097 1119 ntihi
1124 1091 1217 1126 liquet.
1240 1091 1318 1118 Hunc
1340 1091 1435 1119 Caium
1458 1091 1514 1126 (77)
1542 1093 1728 1128 presbyterum

942 1137 1069 1165 Romana:
1090 1137 1218 1165 Ecclesia:
1235 1138 1322 1166 fuisse
1336 1137 1483 1171 afﬁrmant,
1505 1139 1556 1167 sub
1577 1139 1686 1167 Victore
1701 1147 1729 1167 et

940 1183 1095 1219 Zepltyrino
1113 1184 1306 1219 pontificibus,
1330 1185 1543 1220 ordinatumque
1566 1189 1593 1212 et
1608 1186 1727 1219 gentium

939 1231 1106 1265 episcopum,
1124 1231 1269 1265 scripsisse
1285 1238 1393 1266 quoque
1415 1231 1578 1265 peculiarem
1594 1232 1676 1258 alium
1692 1232 1727 1259 li-

939 1276 1017 1303 brum
1032 1280 1127 1302 contra
1143 1275 1299 1303 Artemonis
1321 1275 1447 1303 haeresim
1463 1275 1532 1310 (78),
1553 1280 1580 1303 et
1596 1276 1727 1304 adversus

937 1320 1074 1353 Pruclnm,
1092 1320 1212 1348 Montani
1230 1321 1391 1354 studiosum,
1414 1326 1568 1348 accuratam
1595 1323 1727 1357 disputa-

939 1368 1053 1400 tionem,
1069 1367 1095 1394 in
1113 1375 1166 1400 qua
1180 1368 1309 1395 tredecim
1324 1368 1455 1395 duntaxat
1467 1368 1498 1395 B.
1512 1367 1588 1395 Pauli
1599 1369 1727 1403 epistolas

937 1417 1077 1441 ctmtneret
1093 1413 1160 1449 (79),
1178 1421 1231 1441 non
1246 1419 1354 1449 recepta
1378 1414 1405 1441 in
1424 1422 1533 1442 censum
1554 1421 1596 1446 ea,
1609 1422 1670 1450 qua:
1686 1420 1726 1443 est

936 1460 969 1487 ad
987 1460 1127 1488 Hebraeos.

1282 1506 1303 1534 X
1310 1506 1366 1534 LlX

936 1551 1013 1579 Beati
1029 1551 1125 1588 Cyrilli
1140 1553 1318 1581 Alexandrini
1331 1559 1423 1581 contra
1440 1554 1594 1581 Nestorium
1619 1555 1680 1581 libri
1697 1562 1723 1582 ν.

970 1631 1068 1659 Lectus
1084 1636 1125 1660 est
1145 1633 1175 1660 B.
1195 1633 1311 1669 Cyrillus
1326 1633 1496 1661 Alexandria
1512 1634 1655 1670 episcopus
1668 1635 1724 1662 Ad-

935 1686 1023 1705 versus
1039 1678 1216 1713 blasphemiae
1238 1678 1368 1712 Nestorii,
1386 1679 1460 1707 libris
1482 1681 1606 1716 quinque.
1627 1680 1725 1708 Servat

935 1724 962 1751 in
983 1724 1024 1752 his
1040 1731 1150 1759 quoque
1173 1732 1251 1752 suum
1268 1726 1375 1753 dicendi
1402 1726 1603 1759 characterem,
1624 1731 1652 1754 et
1667 1734 1724 1754 ser-

934 1770 1022 1797 monis
1034 1770 1238 1805 proprietatem.
1253 1770 1362 1798 Clarior
1377 1779 1440 1798 vero
1456 1776 1499 1799 est
1513 1779 1594 1807 quam
1610 1772 1643 1798 ad
1657 1771 1724 1799 Iler-

933 1816 1016 1843 miam
1030 1816 1165 1849 scribens,
1184 1817 1270 1844 autin
1288 1817 1363 1844 libris
1385 1817 1423 1845 De
1440 1818 1595 1845 adoratione
1615 1818 1643 1845 in
1659 1818 1721 1853 Spi-

934 1862 987 1888 ritu
1013 1862 1081 1898 (80).
1108 1862 1205 1890 Sermo
1229 1863 1267 1890 illi
1294 1863 1438 1896 conﬁctas,
1468 1869 1496 1891 et
1522 1865 1554 1891 ad
1586 1865 1720 1899 propriam

933 1909 1040 1936 dicendi
1058 1908 1172 1936 fortnam
1196 1915 1348 1943 contortus,
1374 1917 1406 1938 ac
1426 1910 1508 1938 veluti
1523 1910 1642 1938 solutum
1669 1919 1720 1938 nu-

933 1961 1076 1988 merosque
1092 1954 1232 1990 negligens
1253 1960 1383 1982 metrum.

1317 2001 1348 2029 L.

932 2046 1024 2074 Nicias
1039 2048 1184 2076 monachus
1199 2053 1293 2076 contra
1317 2048 1503 2084 Philopunnm,
1530 2048 1666 2080 Severum,
1688 2057 1719 2076 ac

1278 2089 1375 2118 gentes.

966 2129 1064 2157 Lectus
1079 2129 1172 2157 Nicias
1198 2132 1359 2163 momtclius,
1382 2129 1481 2157 Contra
1509 2129 1649 2165 Philaponi
1671 2139 1718 2158 ca-

930 2177 984 2210 pita
1007 2182 1114 2212 septem,
1136 2185 1252 2211 quorum
1271 2178 1432 2205 meminerat
1446 2179 1472 2205 in
1491 2179 1561 2207 libro
1578 2187 1657 2214 quem
1676 2179 1718 2206 in-

929 2223 1038 2256 scripsit
1057 2224 1206 2259 Διαιτήτην
1223 2223 1286 2258 (hoc
1301 2227 1353 2256 est,
1378 2225 1531 2257 arbitrium,
1558 2234 1605 2253 seu
1629 2227 1718 2260 cogni-

927 2269 1032 2301 torem).
1052 2269 1139 2303 stylus
1170 2269 1220 2304 ipsi
1252 2269 1368 2304 simplex
1400 2275 1484 2304 atque
1508 2271 1652 2303 concisus,
1690 2276 1718 2298 et

927 2314 1147 2348 responsionibus
1182 2314 1377 2348 satisfaciens,
1413 2317 1579 2351 minimeque
1618 2317 1717 2344 redun-

926 2360 1003 2387 dans.

964 2405 1026 2440 Legi
1044 2405 1164 2440 ejusdem
1178 2410 1205 2433 et
1228 2405 1330 2434 Contra
1352 2408 1461 2442 impium
1490 2408 1613 2436 Set-erum
1629 2410 1716 2437 adhuc

925 2452 1008 2479 etiam
1028 2451 1128 2479 Contra
1144 2458 1232 2487 gentes
1249 2453 1332 2481 libros
1353 2455 1430 2482 duos.

729 2529 846 2557 VARUE
865 2528 1071 2558 LECTIONES.

123 2573 145 2588 "’
156 2573 185 2617 δὲ
199 2581 253 2601 om.
271 2575 304 2601 A.
342 2575 365 2592 ³⁸
378 2576 503 2611 εἰρηνέου
531 2586 562 2609 ς.
601 2578 624 2594 ³⁵
639 2577 686 2605 τοῦ
700 2579 721 2605 A
739 2587 746 2606 :
763 2579 847 2606 αὐτοῦ
866 2588 897 2611 ς,
938 2579 962 2595 ⁴⁰
981 2578 1114 2616 διάλεξιν]
1129 2579 1157 2607 δὲ
1167 2579 1240 2614 λέξιν
1252 2581 1284 2607 Α.
1323 2581 1345 2597 ⁴¹
1359 2581 1544 2617 ἀλεξανδρὲως
1558 2584 1590 2610 Α.
1629 2586 1650 2600 ⁸³
1666 2584 1713 2611 τοῦ

80 2615 137 2634 om.
149 2610 182 2636 Δ.

843 2683 960 2711 ΝΟΤΑΕ.

117 2740 172 2775 (77)
187 2740 255 2780 Vide
318 2740 392 2780 Hier.
408 2742 434 2769 in
457 2742 597 2780 Catalogo,
622 2753 647 2773 e.
669 2745 714 2780 59,
730 2751 757 2774 at
770 2747 871 2775 Euseb.

81 2774 224 2812 lib._y_l,ic.
242 2776 295 2810 M;
309 2783 338 2803 et
354 2777 400 2804 lib.
417 2786 446 2810 ιι,
465 2783 525 2812 cap.
542 2774 596 2807 2L-
707 2774 728 2801 ’-

186 2811 229 2851 Ρε
240 2819 293 2851 qua
311 2811 369 2846 lege
384 2810 645 2851 Theodoret._atque
669 2815 780 2851 Nlceph.

118 2845 171 2882 (79)
183 2845 490 2880 Qua’itetu’seuwutia
514 2845 642 2879 tribuiiur
657 2845 801 2888 Hippolyto
820 2853 868 2882 inf.

921 2750 1156 2823 fong;?:i;slnnl
1179 2787 1260 2814 hodie
1282 2795 1339 2823 xvii
1360 2787 1462 2823 Dialogi
1492 2787 1528 2814 De
1553 2788 1712 2815 ndoralione

880 2836 884 2841 ι
921 2820 948 2846 in
976 2821 1072 2852 spiritu
1098 2827 1122 2848 et
1153 2823 1283 2855 veritate,
1310 2822 1403 2851 Itonia:
1428 2820 1493 2851 c'diti
1516 2824 1615 2857 interp.
1646 2825 1710 2852 Ant.

921 2856 1025 2890 Agellio
1036 2857 1121 2891 cpisc.
