1918 3086
60 109 95 140 89
650 111 914 142 BIBLIOTHECA.
931 124 966 129 —
980 111 1062 142 COD.
1077 111 1144 142 LII.
1655 106 1692 140 stt

63 169 348 204 συμφωνία.Ἐγραψε
361 170 389 197 δὲ
406 171 453 197 καὶ⁸
466 169 580 202 Λιτώἳος
601 171 616 197 ὁ
635 170 782 205 ’Δρμενίας
798 169 858 196 ἐπι-

921 170 1025 205 icripsit
1048 175 1076 198 et
1091 169 1198 198 Litoius
1220 168 1278 204 (86)
1311 167 1447 195 Armenia
1471 166 1627 202 episcopus.
1658 168 1693 195 de

65 223 174 248 σκοπος,
188 214 440 251 διαπυνθανόμενος
452 216 487 243 τὰ
497 216 561 251 περὶ
572 216 627 242 τῶν
636 215 842 243 Μεσαλιανιτῶν
849 224 856 230 ·

63 259 110 298 καὶ
132 261 243 297 ἐγράφη
261 261 336 296 αὑτῷ
351 263 367 296 ἠ
382 262 447 297 περὶ
464 262 552 288 αὐτῶν
565 261 693 297 συνοδικὴ
707 261 797 296 ψῆφος
811 261 858 287 καὶ

66 306 342 341 ἀπόφασις.Ἔγραψε
363 307 391 334 δὲ
403 309 420 337 ,ὁ
438 307 524 342 μέγας
539 307 689 338 Φλαϐιανὸς
701 308 748 334 καὶ
759 307 859 342 ’Λρμε-

67 349 115 385 νίῳ
129 351 185 377 τινὶ
200 351 343 386 ἐπισκόπῳ
356 351 420 387 περὶ
433 352 482 386 τῆς
495 351 580 386 αὐτῆς
597 352 755 383 ὑποθέσεως
765 352 859 378 δεύτε-

69 404 113 430 ρον
123 404 130 411 ’
145 397 176 422 ἐν
186 396 216 423 δὲ
228 398 263 432 τῇ
277 396 394 432 δευτέρᾳ
406 397 535 433 ἐπιστολῇ
550 397 597 433 [IS
611 397 657 432 IL]
672 398 718 424 καὶ
727 397 749 413 ⁵³
763 397 860 432 ἐγκλη-

68 450 110 467 σιν
131 442 281 476 προσάγει,
298 443 340 469 ὅτι
360 443 527 478 προστασίας
550 444 623 475 τινος
648 443 713 479 παρ’
728 443 808 470 αὐτοῦ
835 445 859 470 οί

66 487 267 514 Μεσαλιανῖται
290 489 482 523 τυγχάνουσιν.
502 489 626 524 Ἔγραψε
651 489 745 523 μέντοι
772 490 821 516 καὶ
846 491 860 517 ό

69 533 383 565 Κωνσταντινουπόλεως
392 534 514 566 Ἀττικὸς
524 535 582 566 τοῖς
597 535 625 561 ἐν
639 535 788 571 Παμφυλίᾳ
799 536 860 562 ἐπι-

70 578 194 611 σκόποις,
207 578 252 605 ἵνα
271 579 441 614 πανταχόθεν
459 581 522 611 τοὺς
539 580 727 611 Μεσαλιανοὺς
746 580 783 610 ὡς
805 579 860 615 ἄγη

70 625 119 650 καὶ
133 624 206 660 μύση
219 625 409 652 ἀπελαύνωσιν
418 633 425 639 ·
443 625 482 652 ἔτι
494 626 521 653 δὲ
533 627 547 653 ὁ
560 626 642 658 αὐτὸς
655 626 702 652 καὶ
716 625 785 661 πρὸς
795 625 862 661 ’Δμ-

71 670 192 705 φιλόχιον
210 671 257 698 τὸν
276 672 356 706 Σίδης
373 671 485 706 ὁμοίως.

106 716 233 751 Ἔγραψε
249 716 277 743 δὲ
293 718 341 743 καὶ
360 717 490 749 Σισίννιος
517 718 532 743 ό
549 718 863 753 Κωνσταντινουπόλεως

72 762 121 788 καὶ
135 762 263 794 Θεόδοτος
285 764 300 789 ό
320 763 487 798 Ἀντιοχείας
511 765 604 800 κοινὴν
622 766 768 802 ἐπιστολὴν
794 767 863 802 πρὸς

73 807 230 842 Βερινιανδν
242 809 288 835 καὶ
305 809 481 845 ’Δμφιλόχιον
490 811 536 837 καὶ
549 811 659 843 λοιποὺς
670 813 733 844 τοὺς
743 813 772 839 ἐν
783 813 863 848 Παμ-

908 216 1077 245 Messalianis
1091 216 1273 250 interrogans,
1288 214 1457 249 missumque
1480 214 1513 241 ad
1527 213 1601 240 illum
1617 221 1695 248 syno-

908 263 999 290 dicnm
1021 262 1054 290 de
1069 261 1122 289 illis
1145 261 1283 288 decretum
1303 264 1386 294 atque
1407 259 1553 288 sententia.
1580 259 1697 292 Scripsit

908 315 1016 342 quoque
1040 314 1154 341 magnus
1176 305 1322 334 Flavianus
1346 305 1477 333 Armenio
1503 304 1612 332 cuidam
1638 303 1696 338 epi-

908 359 1001 387 scopo,
1023 352 1092 386 13a
1116 351 1215 378 iterum
1240 350 1273 378 de
1295 350 1390 378 eadem
1414 351 1471 384 ipsa
1487 357 1538 377 re;
1567 357 1620 384 qua
1637 349 1696 383 qui-

909 398 970 425 dem
983 398 1068 424 altera
1081 396 1206 432 epistola,
1226 396 1308 423 etiam
1332 395 1457 429 queritur
1479 396 1511 422 et'
1527 394 1695 429 expostulat,

910 443 1054 478 patrocinii
1069 442 1141 476 apud
1161 442 1250 477 ipsum
1271 441 1373 475 aliquid
1399 440 1599 468 Messalianitas
1619 439 1696 466 inve-

911 489 979 515 nire.
996 487 1116 521 Scripsit
1128 492 1155 514 et
1170 486 1278 514 Atticus
1303 484 1622 520 Constantinopolitanus
1643 486 1698 520 epi-

911 535 1000 570 scopis
1012 535 1038 562 in
1054 534 1212 570 Pamphylia
1226 534 1434 566 exsistentibus,
1449 538 1478 560 ut
1494 533 1613 568 undique
1625 532 1698 559 Mes-

912 581 1030 608 salianos
1048 580 1129 608 veluti
1146 588 1240 608 sacros
1261 588 1293 607 ac
1315 579 1492 607 detestandos
1508 579 1697 605 exturbarent.

912 623 982 657 Quin
1001 628 1029 651 et
1042 624 1111 651 idem
1127 624 1160 650 ad
1177 623 1399 659 Amphilochium
1423 622 1495 650 Sidae
1510 622 1699 657 praesidentem

912 669 1039 697 similiter
1052 670 1176 704 scripsit.

948 714 1085 742 Sisinnins
1109 716 1173 742 item
1201 714 1531 750 Constantinopolitanns,
1560 719 1588 741 et
1611 713 1702 740 Theo-

914 761 995 788 dotus
1009 761 1206 793 Anliochenus,
1223 768 1394 788 communem
1417 761 1560 795 epistolam
1576 760 1610 787 ad
1627 759 1703 786 Beri—

915 806 1038 838 nianum,
1060 811 1089 833 et
1104 805 1333 841 Amphilochium,
1356 811 1524 840 czeterosque
1548 805 1574 832 in
1613 804 1697 831 Pam-

75 854 157 888 φυλίᾳ
171 854 350 886 ἐπισκόπους,
365 853 398 890 ἦε
409 856 584 891 ήέπιγραφὴ,
594 866 602 882 t
618 857 680 889 Τοῖς
689 858 863 891 θεοφιλεστά-

921 851 998 887 philia
1014 851 1155 887 episcopos
1171 852 1321 886 scripsere,
1339 852 1417 886 cujus
1440 851 1561 885 epistolae
1578 850 1636 877 haec
1662 850 1704 877 in-

74 908 130 931 τοις
147 900 366 935 συὶ-λειτουργοῖς
384 901 533 937 Βερινιανῷ
552 903 599 929 καὶ
619 903 795 939 ’Δμφιλοχίῳ,
818 904 864 931 καὶ¹

76 946 143 971 πᾶσι
165 947 224 976 τοῖς
248 947 277 972 ἐν
302 946 451 983 Παμφυλίᾳ
473 947 643 981 ἐπισκόποις,
665 949 796 980 Σισίννιος
818 950 865 976 καὶ

75 989 204 1021 θιεόδοτος
230 990 277 1017 καὶ
294 992 371 1018 πᾶσα
390 992 406 1024 ἠ
423 991 489 1024 ἁγία
509 993 617 1024 σύνοδος
632 993 648 1028 ἡ
666 994 737 1020 κατὰ
753 994 828 1020 θείαν
842 995 864 1010 ⁵¹

77 1035 155 1070 χάριν
170 1036 386 1072 σνγκροτηθεϊσα
403 1038 432 1063 ἐν
448 1039 481 1073 τῇ
499 1038 678 1073 μεγαλοπόλει
692 1041 866 1067 Κωνσταντι-

76 1082 203 1108 νουπόλει
223 1083 273 1116 τῆς
296 1084 464 1118 χειροτονίας
483 1083 565 1111 ἕνεκα
587 1085 634 1111 τοῦ
659 1085 865 1120 θεοφιλεστάτου

77 1128 124 1154 καὶ
147 1127 301 1161 ἁγιωτάτου
314 1128 337 1144 ³¹
360 1129 510 1156 ἐπισκόπου
533 1130 677 1162 Σισιννίου,
701 1131 866 1166 θεσπίσματι

76 1173 124 1200 τοῦ
146 1174 343 1201 εὐσεϐεστάτου
367 1175 413 1201 καὶ
437 1175 611 1210 φιλοχρίστου
632 1176 711 1212 ἡμῶν
734 1177 867 1212 βασιλέως

76 1218 230 1251 Θεοδοσίου,
243 1220 272 1246 ἐν
286 1220 380 1255 Κυρίῳ
391 1221 506 1255 χαίρειν.
524 1231 534 1247 ι
545 1222 589 1248 Ἐν
601 1222 688 1259 ταύτῃ
698 1224 730 1258 τῇ
741 1223 866 1259 συνοδικῇ

77 1266 207 1301 ἐπιστολῇ
222 1267 271 1292 καὶ
288 1266 366 1292 Νέων
382 1267 530 1298 ἐπίσκοπος
540 1267 721 1303 ἐξεφώνησεν,
738 1269 776 1301 ὡς
791 1269 868 1300 εῐτις

79 1312 148 1344 μετὰ
163 1311 210 1338 τὸν
232 1311 454 1346 ἀναθεματισμὸν
471 1312 612 1348 φωραθείη
632 1313 672 1346 τῷ
692 1313 780 1349 χρόνῳ
798 1314 868 1349 ἦδιὰ

79 1357 211 1392 ῥημάτων
227 1357 245 1392 ἢ
258 1357 302 1384 διὰ
320 1358 491 1393 πραγμάτων
505 1360 545 1390 εἰς
562 1359 611 1394 τὴν
626 1359 744 1394 ὑποψίαν
755 1360 805 1395 τῆς
824 1361 868 1387 νό-

79 1412 127 1431 σου
144 1403 248 1438 ταύτης
272 1403 428 1439 ἐμπίπτων,
445 1405 543 1441 μηκέτι
562 1405 655 1432 λοιπὸν
681 1407 761 1433 αὑτὸν
777 1406 870 1442 χώραν

78 1450 162 1485 ἔχειν,
182 1450 246 1485 μηδ’
263 1451 297 1478 ἂν
320 1451 450 1486 μυριάκις
470 1451 675 1487 ἐπαγγέλληται
686 1453 719 1484 ⁸³,
731 1453 780 1488 τὴν
793 1453 870 1486 τάξιν

78 1496 256 1532 ἀναπληροῦν
277 1495 333 1522 τῶν
357 1497 577 1531 μετανοούντων·
606 1498 826 1532 συγκινδυνεύειν
846 1500 870 1516 ⁵⁸

917 898 1029 933 scriptio
1043 903 1104 925 est:
1120 907 1130 924 ι
1152 899 1208 926 Deo
1221 898 1391 925 charissimis
1416 905 1556 925 sacrorum
1578 896 1703 932 collegis,

917 944 1075 978 Beriniano,
1102 948 1129 971 et
1146 944 1348 978 Amphilochia,
1373 943 1556 978 omnibusque
1581 943 1649 970 adeo
1675 943 1702 969 in

918 990 1075 1025 Pamphylia
1091 989 1237 1025 episcopis,
1265 990 1414 1022 Sisinnius,
1439 994 1524 1024 atque
1546 989 1703 1016 Theodotus

918 1041 946 1063 et
960 1036 1087 1064 universa
1114 1041 1211 1064 sancta
1239 1037 1372 1071 synodus,
1397 1043 1458 1071 qua:
1485 1036 1533 1063 Dei
1561 1035 1659 1070 gratia,
1677 1035 1704 1061 in

919 1090 1016 1118 magna
1032 1083 1100 1110 urbe
1115 1082 1418 1116 Constantinopolitana
1437 1085 1531 1109 coacta
1556 1085 1612 1113 est,
1635 1088 1704 1108 con-

920 1128 1044 1156 secrandi
1060 1129 1150 1163 gratia
1170 1128 1225 1156 Deo
1241 1127 1421 1155 amantissimi
1436 1127 1556 1162 episcopi
1579 1125 1705 1158 Sisinnii,

917 1174 994 1208 jussu
1009 1178 1037 1202 et
1060 1175 1223 1202 auctoritate
1251 1173 1423 1208 pientissimi,
1441 1177 1469 1201 et
1491 1172 1602 1200 Christo
1625 1172 1704 1199 chari

920 1220 1096 1255 Imperatoris
1108 1220 1193 1247 nostri
1208 1219 1366 1251 Theodosii,
1383 1219 1498 1247 salutem
1512 1219 1538 1246 in
1554 1218 1677 1246 Domino.
1694 1226 1704 1243 ι

921 1265 950 1294 1η
981 1274 1013 1293 ea
1038 1267 1095 1300 ipsa
1123 1266 1250 1301 synodica
1268 1266 1383 1300 epistola
1400 1264 1475 1292 Neon
1500 1264 1644 1299 episcopus
1659 1271 1707 1290 ex-

922 1312 1059 1344 clamavit,
1080 1317 1120 1344 ut,
1145 1312 1168 1338 si
1194 1312 1256 1347 quis
1283 1317 1343 1346 post
1368 1310 1623 1338 analhematistnnm
1653 1309 1708 1336 ullo

923 1362 1046 1392 tempore
1061 1357 1246 1391 deprehensus
1271 1355 1364 1387 fuerit,
1395 1363 1424 1383 re
1448 1360 1494 1382 aut
1508 1355 1600 1388 verbo,
1617 1356 1643 1382 in
1663 1362 1709 1382 su-

923 1403 1070 1437 spicionem
1089 1402 1165 1430 mala:
1186 1402 1267 1437 hujus
1293 1406 1376 1429 secta).
1400 1401 1540 1433 incidisse,
1569 1409 1709 1436 nunquam

923 1455 1015 1484 postea
1033 1449 1120 1476 loeum
1146 1453 1248 1480 teneat,
1271 1456 1307 1476 ne
1328 1449 1350 1476 si
1368 1448 1467 1475 millies
1483 1448 1593 1483 quidem
1621 1449 1710 1482 pinni-

925 1496 1043 1522 tentibus
1057 1495 1222 1522 constitutas
1237 1501 1332 1528 ptenas
1346 1494 1477 1521 luiturum
1495 1501 1524 1521 se
1537 1493 1708 1528 polliceatur.

78 1542 106 1569 δὲ
114 1527 249 1577 αὐτῷ-καὶ
260 1543 306 1569 τὸν
321 1527 522 1578 συγκροτοῦντα
532 1544 623 1577 αὐτὸν,
640 1527 695 1571 εἴτε
707 1546 868 1579 ἐπίσκοπος,

922 1539 984 1567 Pari
997 1547 1058 1567 cunt
1076 1539 1128 1566 hoc
1141 1527 1263 1574 periculo
1275 1544 1303 1566 et
1314 1546 1375 1566 eum
1390 1538 1510 1572 subiicit,
1526 1527 1572 1573 qui
1595 1545 1711 1565 consen-

79 1589 133 1614 είτε
150 1587 231 1620 ἄλλος
248 1597 291 1620 τις
307 1589 361 1622 εἴη.
386 1589 508 1625 Ἐγράφη
524 1590 552 1616 δὲ
569 1590 616 1617 καὶ
631 1591 760 1628 ἐπιστολὴ
780 1591 870 1620 Ἰωάν-

79 1641 125 1660 νου
146 1634 313 1668 Ἀντιοχείας
330 1635 354 1651 ⁸⁸
371 1634 438 1670 πρὸς
454 1635 603 1671 Νεστόριον
624 1637 688 1672 περὶ
704 1637 759 1664 τῶν
779 1639 873 1665 Μεσα-

80 1679 217 1706 λιανιτῶν.
243 1679 392 1714 Ἐξήνεγκε
410 1680 438 1706 δὲ
453 1681 500 1707 καὶ
521 1682 615 1717 ὃρονή
633 1683 699 1717 ἁγία
721 1684 770 1710 καὶ
784 1684 874 1711 οἰκου-

83 1725 182 1760 μενικὴ
199 1724 319 1756 σύνοδος,
337 1726 354 1761 ἡ
371 1726 399 1752 ἐν
421 1726 526 1762 Ἐφέσῳ
543 1727 633 1763 τρίτη.
650 1727 873 1764 ἀπογυμνώσασα

81 1771 172 1798 αὐτῶν
184 1771 209 1787 ⁵⁵
225 1771 273 1798 καὶ
286 1772 321 1798 τὰ
335 1772 364 1798 ἐν
377 1772 415 1807 τῷ
430 1771 570 1808 λεγομένῳ
581 1773 671 1800 αὐτῶν
683 1774 778 1810 βιὸλίῳ
787 1775 874 1811 ἀσκη-

81 1818 148 1853 τικῷ
171 1818 323 1853 βλάσφημα
345 1819 392 1846 καὶ
412 1819 538 1855 αἱρετικὰ
565 1820 714 1855 κεφάλαια,
735 1822 782 1849 καὶ
806 1823 874 1849 καθ-

83 1864 258 1891 υποϐαλοῦσα
267 1865 306 1900 τῷ
320 1865 481 1900 ἁναθέματι.
491 1867 615 1902 Ἔγραψε
626 1867 655 1894 δὲ
668 1868 714 1894 καὶ
727 1867 875 1904 Ἀρχέλαος

84 1912 97 1936 ό
109 1911 281 1945 Καισαρείας
293 1911 343 1946 τῆς
359 1912 552 1939 Καππαδοκῶν
567 1913 716 1944 ἐπίσκοπος
734 1913 875 1948 ἀναθεμα-

85 1957 195 1992 τισμοὺς
205 1958 431 1992 εἰκοσιτέσσαρας
439 1958 493 1984 τῶν
501 1958 657 1992 κεφαλαίων
665 1959 765 1986 αὐτῶν.
775 1959 818 1995 [41
829 1958 875 1995 R.]

87 2003 220 2034 Συνέταξε
236 2003 266 2029 δὲ
285 2003 346 2030 κατ’
370 2003 460 2029 αὐτῶν
479 2004 526 2030 καὶ
545 2004 722 2039 Ἡρακλείδας
735 2005 749 2030 ό
765 2004 876 2038 Νύσσης

86 2049 234 2080 ἐπίσκοπος
251 2049 396 2081 ἐπιστολὰς
409 2049 466 2081 δύο,
481 2046 519 2076 ὧν
531 2050 560 2076 ἐν
573 2051 606 2086 τῇ
621 2050 736 2086 δευτέρᾳ
750 2052 797 2077 καὶ
809 2051 877 2086 χρῆ-

88 2102 129 2126 σις
143 2096 259 2131 φέρεται
273 2095 324 2129 τῆς
343 2096 523 2132 ἀρχαιότητος
548 2096 602 2124 τῶν
625 2097 734 2123 σεπτῶν
754 2098 876 2125 εἰκόνων.

125 2229 249 2265 Ἔγραψε
261 2229 289 2256 δὲ
304 2229 393 2265 χρόνῳ
409 2229 521 2265 ὕστερον
537 2229 583 2255 καὶ
593 2228 745 2265 Γερόντιος,
757 2228 877 2264 πρεσϐύ-

90 2285 167 2312 τερος
183 2278 232 2303 καὶ
249 2276 401 2312 ἡγούμενος
418 2275 472 2302 τῶν
491 2276 519 2302 ἐν
539 2275 639 2301 Γλίτιδι
657 2274 793 2309 μοναχῶν,
812 2273 881 2309 πρὸς

98 2322 222 2349 Ἀλὺπιον
238 2322 452 2358 ἀρχιεπίσκοπον
467 2321 517 2356 τῆς
532 2322 561 2347 ἐν
576 2321 761 2357 Καππαδοκίᾳ
774 2321 880 2348 Καισα-

95 2369 178 2404 ρείας,
197 2369 361 2404 ἐγκλήματα
385 2368 456 2394 κατὰ
478 2367 637 2402 Λαμπετίου
659 2367 753 2399 κινῶν,
779 2366 808 2398 ὃς
834 2368 882 2395 καὶ

93 2416 199 2451 πρῶτος
220 2416 269 2450 τῆς
290 2415 439 2450 εἰρημένης
455 2413 587 2449 αἱρέσεως
612 2413 724 2448 ἴσχυσεν
747 2413 880 2448 ἐκκλέψαι

92 2463 122 2488 τὸ
134 2462 183 2497 τῆς
197 2461 348 2497 ἱερωσύνης
363 2460 411 2487 καὶ
431 2460 558 2487 ὑπελθεῖν
580 2459 699 2493 ἀξίωμα,
717 2458 830 2494 βέὸηλος
846 2458 885 2485 ὢν

95 2509 142 2535 καὶ
160 2507 297 2535 ἀπατεὼν.
317 2507 444 2539 ’Δλύπως
461 2507 489 2533 δὲ
506 2506 529 2523 ³⁷
546 2506 580 2533 τὰ
602 2506 744 2541 γραφέντα
767 2505 884 2541 δεξάμε-

923 1585 972 1612 tiat
988 1584 1198 1620 applaudatque,
1220 1583 1277 1611 sive
1295 1584 1450 1618 episcopus,
1473 1583 1531 1610 sive
1555 1582 1615 1617 quis
1641 1582 1712 1609 alius

923 1631 967 1658 ille
979 1631 1070 1658 fuerit.
1087 1630 1168 1658 Missa
1186 1637 1293 1665 quoque
1313 1629 1427 1664 epistola
1447 1628 1560 1656 Joannis
1581 1628 1638 1664 (85)
1656 1628 1713 1654 An-

925 1677 1041 1704 lioclteni
1057 1678 1090 1704 ad
1104 1676 1270 1709 Nestorium,
1288 1676 1322 1703 de
1340 1674 1542 1702 Messalianitis.
1556 1673 1631 1702 Fecit
1647 1674 1712 1701 item

924 1723 1062 1753 decretum
1077 1722 1124 1758 (de
1148 1722 1200 1750 hoc
1217 1722 1274 1757 ipso
1288 1720 1422 1755 Adelphio
1437 1719 1578 1754 heretico)
1597 1726 1673 1746 sacra
1686 1724 1714 1745 ct.

924 1769 1093 1797 mcumenica
1130 1769 1251 1804 synodus
1284 1767 1422 1803 Ephesina
1463 1767 1570 1798 tertia,
1591 1773 1652 1800 quae
1687 1769 1714 1792 et

925 1815 1004 1843 illum
1046 1823 1107 1842 cum
1157 1814 1334 1849 hlasphemiis
1383 1812 1572 1848 capilibusque
1626 1811 1714 1838 haere-

925 1868 1007 1894 seos,
1035 1864 1168 1895 quotquot
1207 1861 1234 1888 itt
1266 1860 1375 1887 illorum
1410 1859 1480 1886 libro
1513 1858 1639 1885 Ascetico
1671 1864 1716 1884 es-

925 1913 996 1939 sent,
1027 1907 1147 1938 detexit,
1182 1911 1210 1933 et
1237 1905 1404 1933 anathemati
1441 1904 1570 1938 subjecit.
1601 1902 1717 1936 Scripsit

927 1959 955 1980 et
994 1953 1146 1981 Archelaus
1171 1953 1303 1979 Caesarea:
1344 1951 1525 1986 Cappadociae
1574 1949 1717 1983 episcopus

926 2004 1044 2035 quatuor
1053 2004 1079 2026 et
1090 1998 1184 2033 viginti
1200 1997 1442 2024 anathematismos
1450 1996 1568 2030 capitum
1578 1995 1711 2036 ipsorum.

926 2043 1085 2078 Composuit
1114 2043 1245 2069 adversus
1274 2041 1334 2068 illos
1353 2045 1381 2068 et
1398 2040 1555 2067 Heraclidas
1577 2038 1718 2073 Nyssenus

926 2091 1070 2125 episcopus
1083 2090 1151 2116 duas
1163 2088 1293 2123 epistolas
1309 2096 1317 2114 :
1333 2094 1447 2122 quarum
1479 2087 1505 2113 in
1527 2085 1612 2112 altera
1632 2085 1718 2112 etiam

928 2137 1112 2164 testimonium
1125 2135 1260 2170 quoddam
1279 2133 1391 2162 affertur
1423 2141 1473 2169 pro
1488 2133 1651 2167 antiquitate
1669 2139 1717 2159 sa-

890 2200 918 2231 D
931 2189 1036 2209 crarum
1052 2181 1210 2215 imaginum.

966 2227 1121 2262 insequenti
1136 2234 1200 2254 vero
1216 2230 1336 2258 tempore
1358 2224 1508 2252 Gerontius
1530 2230 1637 2258 quoqtte
1658 2230 1720 2258 pre-

933 2274 1026 2309 sbyter
1036 2279 1064 2300 et
1079 2272 1222 2307 praefectus
1233 2271 1427 2299 motiachorum
1444 2271 1471 2297 in
1482 2269 1593 2300 Glitide,
1611 2269 1720 2303 scripsit

932 2321 965 2347 ad
990 2319 1118 2355 Alypium
1150 2319 1384 2352 archiepiscopum
1402 2317 1532 2344 Caesarea:
1545 2314 1720 2350 Cappadociae

932 2366 1058 2401 querelas
1076 2365 1165 2392 varias
1182 2365 1313 2391 adversus
1330 2362 1514 2398 Lampetium,
1543 2362 1588 2396 qui
1617 2360 1720 2396 primus

919 2420 965 2453 “ex
980 2413 1052 2440 dicta
1080 2411 1176 2439 haeresi
1205 2411 1348 2445 subripere
1376 2408 1468 2436 furtim
1486 2408 1552 2444 130
1573 2407 1720 2435 sacerdotii

931 2459 1104 2493 dignitatem,
1119 2464 1151 2485 ac
1161 2457 1251 2484 subire
1262 2456 1359 2490 potuit,
1374 2455 1518 2489 -profanus
1532 2454 1588 2488 ipse
1607 2459 1668 2479 cum
1678 2459 1722 2478 es-

931 2510 985 2538 set,
999 2510 1079 2539 atque
1099 2503 1240 2538 impostor.
1255 2502 1346 2536 Quare
1362 2502 1487 2537 Alypius,
1508 2500 1629 2535 acceptis
1648 2499 1720 2526 litte-

746 2561 862 2590 VARUE
881 2559 1085 2589 LECTIONES.

128 2623 151 2639 ”
164 2623 211 2649 καὶ
225 2630 281 2649 om.
296 2623 327 2649 Α.
366 2622 388 2638 ⁵³
405 2621 493 2658 θείαν]
519 2621 580 2648 0εοῦ
670 2622 693 2637 ⁸⁵
713 2622 759 2648 καὶ
772 2622 926 2655 ἀγιωτάτου
943 2622 1005 2649 add.
1023 2622 1054 2648 Α.
1091 2620 1114 2638 ³³
1129 2619 1314 2655 ἐπαγγέληται
1333 2619 1365 2645 Α.
1403 2617 1427 2634 ⁵³
1445 2615 1655 2651 συγκενδυνεύει
1689 2621 1718 2645 ς,

97 2657 118 2673 ⁸⁸
137 2658 282 2693 ἀντιοχὲως
295 2661 329 2684 Α.
368 2658 391 2673 ¹⁶
405 2657 486 2684 αὐτὴν
501 2666 531 2689 ς.
569 2658 590 2673 ⁵⁷
603 2657 632 2683 δὲ
649 2657 691 2684 A:
709 2658 758 2684 καὶ
793 2665 825 2688 ς.

840 2712 957 2741 ΝΟΤᾸΕ.

133 2764 187 2799 (Si)
210 2763 465 2799 LetoinsiEcclesiae
482 2746 665 2799 rMelitine'nsis
680 2762 772 2799 episc.
795 2760 884 2789 Theo-

104 2796 191 2827 doreti»
205 2800 250 2827 lib.
269 2807 295 2826 tv
310 2798 381 2825 Hist.
401 2805 460 2832 cap.
479 2798 523 2830 l0,
543 2797 664 2830 Latoius,
680 2796 795 2830 Niceph.

135 2835 190 2871 (85)
207 2833 376 2862 Patriarcha:
389 2833 502 2868 aecipio,
531 2833 576 2868 qui
605 2833 634 2860 ὃ.
659 2832 798 2860 Theodoto
825 2838 886 2859 suco

938 2761 1030 2793 cessit,
1053 2764 1133 2794 atque
1150 2757 1183 2784 ad
1200 2755 1355 2794 Nest_o_rium
1381 2754 1524 2790 scripsisse
1551 2753 1657 2788 legitur.
1673 2750 1722 2778 Ni—

939 2797 1016 2831 ceph.
1024 2791 1078 2823 ilib.
1089 2791 1160 2827 'xw,
1176 2800 1241 2828 cap.
1258 2791 1304 2819 55.
