1918 3086
193 96 226 129 91
769 98 902 129 ΡΗΟΤΙΙ
922 98 993 129 PAT

1046 99 1176 130 ARCHIE
1195 99 1250 129 (ΣΡ.
1791 94 1829 127 92

195 157 243 189 ris,
280 155 314 182 ad
345 155 501 182 llormizam
521 153 655 182 Comanes
682 154 850 189 episcopum,
880 162 940 190 quae
954 156 987 182 de

1046 165 1093 188 ιος,
1107 157 1175 191 πρὸς
1187 156 1233 181 τὸν
1245 154 1394 181 ἐπίσκοπον
1409 153 1539 189 Κομάνης
1559 152 1691 189 Ὀρμίζην
1702 153 1829 179 ἐπιστέλ-

196 201 342 235 Lampetio
353 199 557 235 spargerentur,
579 200 742 227 excutienda
762 200 846 227 misit.
865 200 986 227 Accusa-

195 246 279 273 tionis
288 251 367 273 erant
387 246 474 280 capita
491 246 548 273 lla-c
564 254 572 273 :
587 245 704 272 Puellam
734 246 806 273 ulnis
834 246 986 280 amplexum

197 298 278 326 atque
298 292 485 319 exosculatum
504 292 599 319 fuisse.
628 291 717 326 Ipsum
739 292 909 326 Lampetium
926 301 989 319 Ilur-

198 346 284 370 rasse.
303 338 502 375 HierOSolymis
529 345 558 366 se
578 346 640 365 cum
660 339 812 365 diaconissa
845 346 987 373 pot-casse;

199 385 397 413 accedentibus
411 385 472 411 (lein
487 384 623 412 nonnullis
645 385 690 418 qui
713 384 809 411 morbo
828 385 988 412 medicinam

199 435 363 464 quaererent,
382 430 516 461 adducite,
534 430 644 462 dixisse,
669 430 810 464 pulchram
835 430 901 457 Inibi
915 430 990 464 puel-

199 475 265 507 lam,
285 476 482 509 ostendamque
511 476 559 502 tibi
584 475 814 503 sanctimoniam:
840 483 887 503 eos
913 477 988 509 item,

200 521 250 556 qui
273 521 352 549 statis
366 522 441 549 horis
454 521 611 556 psallerent,
625 521 697 549 fwde
713 521 842 552 irrisisse.
860 527 886 548 et
897 521 991 549 convi-

202 567 247 594 tiis
262 567 436 600 insectatum,
468 572 596 602 tanquam
628 567 679 602 legi
703 568 792 595 adhuc
815 568 989 601 servientes;

201 612 405 646 aliaqucmnlta
424 613 449 639 id
470 620 555 647 genus
565 612 667 640 nefaria
684 613 710 640 in
725 613 772 641 illo
784 618 921 645 accusata,
931 621 991 648 qute

201 666 216 684 a
231 658 399 686 Messalianis
417 663 444 686 et
457 659 536 692 ﬁunt,
550 664 576 686 et
592 659 727 686 dicuntur.
756 659 990 692 Quemadmodum

202 710 230 730 et
247 712 307 737 nos,
339 705 438 738 inquit,
469 705 532 731 dum
549 712 598 738 pro
611 705 681 732 virili
715 713 846 732 conamur
860 705 991 740 quosdam

202 749 337 777 abducere
356 750 390 777 ab
410 751 461 777 hoc
471 758 574 783 errore,
604 751 650 785 qui
667 758 753 785 nuper
764 751 844 778 istinc
859 751 992 785 pullulare

202 796 299 829 coepit,
313 797 449 830 ingentem
463 804 529 823 sane
545 797 714 830 putrediuem
743 797 990 831 perturbationum,

1037 202 1077 228 λει
1090 202 1124 229 τὰ
1136 201 1201 237 περὶ
1215 201 1372 235 Δαμπετίου
1385 200 1511 233 ἐξετάσαι
1521 199 1665 235 λεγόμενα.
1680 199 1735 226 Καὶ
1745 196 1780 234 ἦν
1793 197 1829 225 τὰ

1037 246 1238 281 ἐγκαλούμενα,
1257 246 1297 273 ὅτι
1312 245 1397 280 κόρην
1412 244 1483 271 κατὰ
1505 244 1592 279 στόμα
1609 243 1693 278 φιλῶν
1710 244 1830 277 ἐνηγκα-

1037 292 1137 324 λίζετο,
1153 292 1201 318 καὶ
1214 291 1255 318 ὅτι
1270 291 1350 322 αὐτὸς
1367 291 1470 321 ἐκεῖνος
1488 289 1541 324 ἐφη
1556 289 1713 324 Λαμπέτιος
1728 288 1757 314 ἐν
1776 288 1830 314 Ἱε-

1040 337 1198 373 ροσολύμοις
1221 337 1290 372 μετά
1306 344 1380 368 τινος
1398 335 1571 371 διακονίσσης
1590 335 1764 369 ἐξαμαρτεῖν,
1780 334 1830 360 καὶ

1039 384 1079 410 ὅτι
1096 383 1299 418 προσελθόντων
1309 382 1332 398 ⁸⁸
1345 381 1426 408 τινῶν
1440 382 1487 408 καὶ¹
1498 382 1652 416 νοσήματος
1667 381 1738 407 τασιν
1754 378 1830 411 ἐξαι-

1039 429 1178 464 τουμένων
1189 429 1252 463 ἔφη,
1261 438 1269 453 ι
1282 429 1347 463 φέρε
1358 428 1422 463 μίαν
1436 427 1519 463 κόρην
1533 426 1601 462 πρὸς
1615 426 1665 461 ἐμὲ
1673 425 1770 461 καλὴν,
1781 426 1831 452 καὶ

1040 475 1120 508 δείξω
1137 484 1178 501 σοι
1195 474 1360 510 ἁγιωσύνην,
1377 483 1387 500 ι
1404 473 1451 500 καὶ
1467 474 1507 500 ὅτι
1528 473 1592 504 τοὺς
1606 472 1655 504 τὰς
1669 471 1744 507 ὥρας
1759 471 1828 506 ψάλ-

1040 521 1135 552 λοντας
1151 519 1351 556 ἐξεμυκτήριζε
1368 519 1414 546 καὶ
1428 519 1552 554 διέσυρεν
1567 518 1605 550 ὼς
1623 518 1676 544 ὑπὸ
1693 518 1774 553 νόμον
1789 517 1831 543 ἔτι

1041 567 1236 601 τυγχάνοντας.
1252 565 1307 593 Καὶ
1321 565 1388 592 ἄλλα
1405 565 1474 592 ἄττα
1496 563 1613 599 ἀθέμιτα
1632 563 1798 598 διεϐέϐλητο,
1812 563 1831 589 ἃ

1041 613 1097 643 τοῖς
1111 612 1293 643 Μεσαλιανοῖς
1318 611 1365 637 καὶ
1386 612 1504 638 ποιεῖται
1528 610 1575 637 καὶ
1597 609 1716 643 λέγεται,
1738 608 1832 640 καθὼς

1042 658 1089 685 καὶ
1105 659 1196 694 ἡμεῖς,
1210 659 1247 689 ὠς
1261 655 1317 685 οἷόν
1333 666 1363 684 τε
1379 658 1455 692 ἡμῖν,
1467 656 1543 688 τινὰς
1554 656 1605 691 τῆς
1621 655 1748 691 τοιαύτης
1762 655 1832 682 πλά-

1042 711 1091 738 νης
1122 703 1283 737 ἀπάγοντες,
1305 701 1350 737 [19
1377 701 1424 737 ιω
1449 701 1512 736 ἄρτι
1537 700 1697 736 βλαστάνειν
1725 699 1831 727 ἐκεῖθεν

1043 747 1199 784 ἀρξαμένης
1214 748 1247 778 δ’,
1267 746 1368 782 πολλὴν
1393 746 1527 782 σηπεδόνα
1550 745 1646 773 παθῶν
1670 746 1717 772 καὶ
1731 745 1832 776 κακίας

1042 793 1093 824 τὰς
1107 792 1219 819 ἐκείνων
1235 792 1324 827 ψυχὰς
1335 792 1551 826 ἐπιϐοσκομένην
1567 791 1738 826 ἑωράκαμεν.
1760 790 1832 817 Ἀλλ’

203 846 284 875 atque
303 841 495 875 improbitatis.
510 849 604 869 eorum
620 842 765 875 depascere
777 843 883 870 animos
894 843 991 876 depre—

1046 840 1057 866 ὅ
1073 847 1105 874 γε
1123 839 1283 873 Λαμπέτιος
1304 837 1432 874 Ὁρμίζου
1452 838 1500 872 μὲν
1523 837 1571 864 τοῦ
1590 837 1739 863 ἐπισκόπου
1753 837 1832 863 δικά-

204 887 361 914 hendimus.
378 887 477 914 Verum
493 888 536 914 hic
545 887 713 923 Lampetius,
728 888 854 916 llormiza
865 889 992 923 episcopo

201 932 303 967 judice,
316 938 343 959 et
359 932 493 960 Gerontio
510 934 672 968 presbytero
687 938 790 966 actore,
803 934 900 968 partim
913 935 991 962 testi-

203 979 254 1005 bus
269 978 423 1012 convictus,
450 978 549 1013 partim
577 986 625 1006 sua
649 980 708 1014 ipse
722 979 896 1007 confessione
918 987 991 1012 reus,

204 1024 325 1050 omnium
339 1024 450 1051 calculis
464 1025 612 1051 sacerdotii
641 1025 772 1060 dignitate
794 1026 991 1053 submovetur:

204 1069 370 1097 assentiente
381 1071 463 1098 etiam
479 1070 576 1106 Alypio
601 1071 775 1105 Caesariensi,
800 1073 847 1106 qui
861 1072 991 1099 miserum

204 1113 278 1141 illum
291 1115 432 1150 (deceptus
446 1116 514 1152 ipse)
532 1117 722 1152 presbyterum
744 1118 895 1145 ordinarat.
917 1117 991 1145 Idem

203 1168 268 1188 vero
279 1161 508 1190 sceleratissimus
532 1163 690 1198 Lampelius
716 1163 816 1191 librum
847 1164 992 1199 quemdam

204 1207 365 1241 composuit,
380 1215 460 1241 quem
478 1210 677 1236 Testamentum
692 1209 851 1241 nominavit,
883 1209 927 1237 cui
943 1210 994 1237 im-

205 1253 314 1286 pietatis
325 1260 381 1280 suaa
394 1252 521 1289 dogmata
531 1255 654 1288 quaedam
667 1255 806 1290 inspersit,
823 1263 884 1282 eum
894 1256 993 1283 librum

208 1299 336 1332 Severus,
352 1299 397 1334 qui
413 1301 611 1328 Antiochenam
625 1301 723 1329 invasit
736 1302 840 1333 sedem.
855 1302 994 1337 presbyter

205 1344 288 1371 etiam
306 1346 441 1373 exsistens
452 1345 594 1376 refutavit.
621 1347 739 1381 Alpheus
756 1352 847 1375 tamen
873 1348 992 1383 quidam,

204 1390 454 1419 Rbinocorurorum
482 1392 646 1427 episcopus,
671 1392 841 1428 Lampetium
866 1393 995 1429 Apologia

205 1435 337 1467 defendit.
354 1437 431 1471 qrtasi
450 1437 516 1465 nihil
530 1446 636 1470 eorum,
665 1439 699 1466 de
721 1439 819 1473 quibus
849 1447 994 1467 accusare-

205 1481 450 1514 tur,autdixisset,
468 1488 512 1509 aut
531 1482 651 1510 fecisset.
675 1483 731 1511 Etsi
755 1489 844 1510 autem
868 1484 895 1511 in
920 1484 995 1511 edito

204 1526 322 1559 quodam
341 1535 355 1554 a
372 1535 401 1555 se
416 1527 487 1555 libro
497 1528 616 1563 Alpheus
628 1528 679 1556 iste
707 1529 785 1561 nihil,
799 1534 930 1564 quantum
941 1537 988 1557 co-

206 1579 348 1606 gnoscere
374 1573 449 1609 lictu,
471 1575 663 1608 calumniatur,
680 1575 806 1604 abdicare
821 1576 997 1605 nihilominus

207 1623 334 1653 tauquam
349 1621 472 1648 sentiens
483 1628 543 1647 cum
558 1620 707 1657 Lampetie.
724 1627 834 1650 coactus
847 1628 899 1650 est.
916 1623 992 1650 Alter

205 1663 339 1697 Alpheus,
377 1666 537 1700 praeceptori
581 1667 765 1701 cognominis,
808 1675 822 1694 a
852 1667 998 1696 Timotheo

205 1709 390 1737 Alexandrino
406 1711 549 1746 presbyter
559 1712 713 1745 ordinatus,
728 1713 762 1739 ob
777 1713 899 1740 eamdem
913 1714 999 1740 haere-

209 1756 261 1783 sim
285 1757 471 1789 submovetur,
504 1762 534 1784 ut
559 1757 708 1791 Ptolomaei,
744 1758 998 1786 Rhinocorurorutn

206 1809 316 1836 quoque
329 1802 462 1837 episcopi,
477 1804 511 1830 ad
521 1804 646 1831 eumdem
659 1804 747 1839 ipsum
768 1803 940 1831 Timotheum
956 1811 1001 1832 re-

207 1847 272 1875 latio
292 1851 423 1875 testatur.
519 1844 522 1845 ⁷

570 1895 638 1924 Llll.

207 1938 330 1975 Synodul
345 1939 561 1976 Carthaginiensis
583 1947 607 1968 et
623 1940 728 1976 Scripta
752 1943 874 1975 quwdam
899 1949 992 1970 contra

395 1974 546 2010 Pelagium,
565 1981 643 2011 atque
661 1974 815 2013 cautium.

241 2020 341 2049 Lectus
351 2020 428 2054 liber,
441 2029 488 2050 seu
502 2021 623 2058 Synodus
632 2024 757 2050 adversus
765 2023 902 2059 Pelagium
911 2030 935 2051 el
944 2025 998 2052 Ce-

208 2068 301 2094 Ieuum
315 2068 382 2103 (86),
399 2068 566 2103 Carthagine
589 2071 615 2096 in
631 2077 735 2096 summa
749 2071 806 2097 aede
823 2070 926 2102 habita,
945 2071 1001 2098 llo-

209 2115 286 2141 norio
294 2114 383 2143 Felice
393 2115 548 2143 Occidentis
558 2116 665 2150 imperii
683 2116 789 2143 clavum
800 2120 920 2143 tenente.
931 2116 1000 2152 15a

210 2160 342 2188 Prmsedit
367 2162 393 2189 in
422 2169 453 2188 ea
479 2162 604 2189 Aurclius
632 2162 787 2196 episcopus,
818 2167 845 2189 et
871 2163 1000 2190 Dotiauus
1016 2175 1038 2201 ι)

209 2206 337 2234 Ptentesii
358 2208 451 2242 prima:
466 2208 538 2235 sedis
554 2207 705 2242 Byzaceua:
716 2207 862 2241 provinciae
876 2215 883 2233 :
903 2207 1000 2240 quibus

212 2252 358 2280 adfuerunt
372 2253 456 2280 variis
474 2261 489 2280 e
505 2253 655 2287 provinciis
670 2253 824 2281 sacerdotio
841 2258 1001 2288 praestantes

208 2298 273 2330 viri,
289 2305 401 2325 numero
414 2299 522 2325 ducenti
534 2303 651 2332 quatuor
662 2304 690 2325 et
703 2299 810 2333 viginti.

246 2344 361 2370 Damnat
380 2343 437 2370 haec
453 2344 572 2379 synodus
584 2345 759 2372 anathemate
781 2352 840 2378 eos,
867 2345 912 2380 qui
923 2352 1000 2373 asse-

209 2393 302 2416 rercnt
318 2389 374 2424 (87)
393 2389 527 2416 Adamum
541 2390 684 2418 mortalem
697 2398 756 2418 esse
771 2391 921 2423 conditum,
946 2398 999 2418 non

210 2441 299 2462 autem
316 2436 546 2471 praevaricationis
564 2444 659 2470 causa,
677 2441 764 2465 morte
784 2437 938 2464 multatum.
957 2437 1001 2464 Si-

210 2482 310 2509 militer
325 2486 353 2509 et
367 2489 415 2510 eos
436 2482 481 2517 qui
498 2490 593 2511 recens
611 2488 690 2511 natos
713 2483 831 2512 infantes
846 2483 999 2518 'baptismo

1042 885 1145 918 ζοντος,
1156 885 1189 910 Γε
1194 883 1298 920 ροντίου
1308 883 1336 910 δὲ
1344 884 1391 911 τοῦ
1404 883 1592 919 πρεσϐυτέρου
1604 882 1831 918 κατηγοροῦντος,

1043 931 1089 958 καὶ
1105 931 1138 957 τὰ
1157 930 1206 965 μὲν
1220 930 1264 956 διὰ
1280 929 1427 966 μαρτύρων
1449 929 1628 964 ἐξελεγχθεὶς,
1645 929 1679 955 τὰ
1699 929 1727 955 δὲ
1739 928 1778 964 τῷ
1791 929 1832 955 οἰ-

1042 977 1108 1012 κείῳ
1122 977 1241 1012 στόματι
1253 976 1429 1012 περιπαρεὶς,
1445 971 1564 1007 άπάσαις
1577 973 1678 1010 ψήφοις
1690 975 1739 1011 τῆς
1755 977 1833 1010 ἱερω-

1043 1022 1127 1058 σύνης
1147 1022 1312 1058 καθῄρηται,
1339 1023 1485 1058 συμψήφου
1510 1023 1693 1057 γεγενημένου
1717 1022 1765 1049 καὶ
1785 1023 1832 1049 τοῦ

1042 1069 1213 1104 Καισαρείας
1233 1069 1373 1102 ’Δλυπίου,
1397 1069 1426 1101 ὃς
1451 1069 1497 1096 καὶ
1515 1069 1560 1096 τὸν
1587 1069 1704 1096 δείλαιον
1729 1069 1833 1095 ἐκεῖνον

1043 1115 1226 1151 ἐξαπατηθεὶς
1254 1116 1295 1147 εἰς
1318 1116 1364 1142 τὸν
1387 1115 1436 1142 τοῦ
1466 1115 1665 1151 πρεσϐυτερίου
1683 1107 1704 1132 δί’
1732 1115 1834 1150 βαθμὸν

1043 1161 1175 1196 ἐτύγχανε
1199 1160 1400 1196 προενηνοχώς.
1424 1158 1508 1193 Οὗτος
1537 1161 1566 1188 δὲ
1589 1162 1604 1188 ὁ
1630 1161 1835 1196 τρισαλιτήριος

1043 1206 1200 1240 Δαμπέτιος
1215 1205 1263 1232 καὶ
1280 1205 1360 1239 λόγον
1374 1205 1436 1231 τινὰ
1452 1205 1611 1240 συνέθηκεν,
1622 1204 1651 1232 ὃν
1666 1204 1713 1232 καὶ
1730 1204 1836 1236 Διαθή-

1044 1259 1105 1286 κην·
1122 1251 1301 1283 ἐπεκάλεσεν,
1319 1247 1376 1287 ἐνῇ
1390 1251 1436 1278 καί
1450 1251 1539 1277 τινιι¹η
1553 1251 1603 1286 τῆς
1617 1250 1777 1282 δυσσεϐείας
1789 1250 1837 1277 αὺ-

1043 1297 1091 1326 τοῦ
1103 1298 1268 1334 ἐνέσπαρται
1278 1307 1286 1314 ·
1299 1298 1333 1334 ἢν
1347 1298 1394 1325 καὶ
1406 1298 1526 1333 Σεϐἦρος
1537 1298 1558 1314 ⁸⁸
1574 1299 1588 1324 ό
1605 1297 1650 1325 τὸν
1671 1297 1838 1333 Ἀντιοχικὸν

1045 1344 1139 1380 θρόνον
1154 1343 1294 1376 ὕπεισδῦς,
1309 1343 1350 1371 ἔτι
1372 1344 1568 1380 πρεσϐυτέρων
1587 1344 1693 1379 ἐπέχων
1709 1344 1787 1377 τάξιν
1802 1344 1840 1375 ⁸⁸.

1045 1390 1203 1426 ἀνέτρεψεν.
1226 1390 1350 1425 Ἀλφειὸς
1367 1390 1391 1407 ⁸⁸
1407 1390 1499 1425 μέντοι
1518 1399 1561 1422 τις
1579 1390 1728 1422 ἐπίσκοπος
1749 1390 1842 1417 Ῥινο-

1045 1436 1186 1472 κορούρων
1201 1436 1224 1453 ⁸⁸
1241 1435 1487 1472 ὑπεραπολογεῖται
1512 1435 1670 1474 Λαμπετίου
1687 1435 1725 1467 ὡς
1753 1435 1841 1471 μηδὲν

1046 1479 1083 1509 ὧν
1098 1482 1228 1518 ἐνεκλήθη
1244 1481 1260 1518 ἢ
1279 1483 1402 1513 εἰπόντος
1414 1482 1431 1517 ἢ
1447 1482 1612 1516 ποιήσαντος
1622 1488 1629 1495 ·
1650 1481 1797 1515 ἐκθέμενος
1810 1481 1842 1509 δὲ

1047 1528 1095 1554 καὶ
1109 1528 1188 1563 λόγον
1210 1528 1271 1554 τινὰ
1284 1528 1360 1554 οὐδὲν
1384 1528 1414 1554 ἐν
1434 1527 1521 1562 αὐτῷ,
1538 1527 1602 1554 ὅσον
1628 1526 1685 1554 ἔστι
1710 1527 1841 1560 συνιδεῖν,

1049 1573 1222 1610 βλασφημεῖ·
1246 1573 1386 1609 καθῃρέθη
1401 1573 1493 1608 μέντοι
1510 1581 1542 1607 γε
1563 1572 1602 1604 ὡς
1625 1572 1659 1599 τὰ
1680 1572 1841 1607 Λαμπετίου

1048 1621 1165 1656 φρονῶν.
1182 1620 1237 1647 Καὶ
1261 1618 1385 1654 ’Ἀλφειὸς
1407 1619 1436 1646 δέ
1462 1627 1504 1650 τις
1529 1618 1618 1651 ἄλλος,
1633 1618 1778 1653 ὁμώνυμος
1800 1619 1843 1652 τῷ

1049 1667 1202 1701 καθηγητῇ,
1219 1665 1417 1701 χειροτονηθεὶς
1433 1665 1620 1701 πρεσϐύτερος
1637 1664 1690 1691 ὑπὸ
1706 1663 1842 1698 Τιμοθέου

1048 1712 1096 1739 τοῦ
1111 1712 1316 1748 Ἀλεξανδρείας
1331 1712 1365 1745 ⁸ο,
1382 1711 1427 1738 διὰ
1440 1711 1490 1748 τὴν
1512 1711 1597 1746 αὐτὴν
1611 1710 1750 1747 καθῃρέθη
1767 1709 1844 1746 αἱρε-

1050 1767 1104 1792 σιν,
1119 1758 1157 1790 ὼς
1169 1758 1185 1793 ὴ
1198 1757 1245 1784 τοῦ
1258 1757 1426 1793 Πτολεμαίου
1438 1756 1485 1784 τοῦ
1506 1756 1716 1792 Ῥινοκορούρων
1730 1756 1843 1782 ἐπισκόσ

1050 1812 1102 1831 που
1128 1803 1197 1839 πρὸς
1223 1802 1357 1838 Τιμόθεον
1378 1803 1424 1830 τὸν
1456 1803 1657 1839 προειρημένον
1686 1801 1843 1829 ἐκδιδάσκει

1050 1850 1187 1886 ἀναφορά.

1423 1895 1487 1922 NF’.

1051 1942 1185 1976 Σύνοδυς
1198 1941 1274 1970 κατὰ
1289 1941 1439 1976 Πελαγιου
1463 1941 1513 1968 καί
1531 1939 1696 1968 Κελεστιου
1711 1939 1746 1966 ὲν
1757 1940 1844 1974 Καρ-

1307 1978 1419 2012 θαγένῃ
1433 1976 1587 2004 συστᾶσα.

1086 2023 1256 2058 Ἀνεγνώσθη
1269 2023 1371 2057 βιϐλίον
1381 2024 1398 2059 ἡ
1417 2023 1498 2050 Κατὰ
1513 2023 1664 2057 Πελαγίου
1678 2022 1729 2049 καὶ
1747 2023 1843 2049 Κελε-

1051 2069 1138 2097 στιου
1145 2069 1166 2085 ⁸⁷
1173 2070 1306 2102 σύνοδος
1314 2070 1343 2096 ἐν
1350 2069 1516 2105 Καρθαγένῃ
1527 2069 1648 2095 συστᾶσα
1655 2069 1683 2094 ἐν
1693 2069 1725 2103 τῇ
1736 2067 1844 2103 μεγάλῃ

1052 2115 1185 2150 ἐκκλησίᾳ
1208 2115 1331 2142 Φαύστου
1352 2115 1482 2151 ὀνωρίου
1497 2115 1528 2141 τὸ
1546 2115 1596 2150 τῆς
1618 2114 1746 2149 ἑσπερίου
1765 2114 1845 2149 βασι-

1052 2161 1127 2192 λείας
1152 2161 1334 2198 φρουροῦντος
1354 2161 1480 2197 ἀείωμα·
1499 2161 1598 2197 ἐξῆρχε
1618 2161 1647 2188 δὲ
1668 2160 1772 2196 ταύτης
1793 2161 1847 2196 τῆς

1052 2207 1162 2235 συνόδου
1183 2208 1318 2243 Αὐρήλιος
1331 2208 1354 2224 ⁸⁸
1365 2208 1516 2239 ἐπίσκοπος
1540 2208 1588 2234 καὶ
1607 2207 1733 2239 Δοτιανδς
1749 2207 1771 2223 ⁸⁸
1790 2206 1846 2233 Τε-

1052 2254 1212 2281 πτεντεσίου
1228 2255 1252 2271 ’⁸
1268 2254 1315 2281 τοῦ
1333 2254 1442 2289 πρώτου
1456 2254 1553 2290 θρόνου
1564 2254 1585 2269 ⁷¹
1606 2253 1740 2289 ἐπαρχίας
1756 2253 1848 2284 Βυζα-

1051 2301 1146 2336 κηνῆς,
1155 2298 1196 2332 οἷς
1205 2301 1368 2336 συνήδρευον
1378 2301 1410 2327 ἐκ
1420 2300 1557 2335 διαφόρων
1570 2299 1710 2334 ἐπαρχιῶν
1718 2299 1741 2314 ⁷²
1748 2298 1845 2334 ἄνδρες

1050 2346 1248 2380 διαπρέποντες
1264 2346 1396 2382 ἱερωσύνῃ
1408 2366 1415 2377 ,
1431 2346 1477 2373 τὸν
1490 2345 1605 2381 ἀριθμὸν
1623 2348 1689 2372 σκε’.

1090 2390 1166 2426 Αὕτη
1181 2392 1198 2427 ἡ
1213 2391 1323 2424 σύνοδος
1335 2392 1397 2422 τοὺς
1414 2391 1512 2426 θνητὸν
1533 2391 1687 2425 πλασθῆναι
1698 2390 1744 2417 τὺν
1757 2389 1846 2424 Ἀδὰμ,

1056 2436 1187 2471 λέγοντας
1202 2436 1249 2471 με
1262 2436 1310 2472 IL]
1326 2436 1393 2463 ἀλλὰ
1412 2436 1449 2472 μὴ
1466 2437 1499 2463 ἐκ
1523 2436 1706 2472 παραϐάσεως
1729 2435 1809 2462 τοῦτο
1823 2436 1847 2452 ⁷³

1056 2482 1288 2517 καταδικασθῆναι
1315 2482 1532 2518 ἁναθεματίζει·
1563 2482 1695 2514 ὡσαύτως
1719 2482 1784 2514 τοὺς
1812 2483 1847 2509 τὶι

855 2540 974 2568 νΑΒΙᾸΞ
991 2538 1192 2567 LECTIONES.

246 2586 268 2624 ιδ’
283 2586 480 2624 ὲλθόντωνγᾹεΔ
497 2587 706 2624 ι’γόιρξαμιένουις
719 2589 751 2616 A.
790 2589 1016 2624 ⁸1’πρεσϐυτέρου
1030 2597 1061 2620 ς.

211 2621 317 2660 ἐπέχων
342 2631 379 2660 ςέ.Δ
411 2623 433 2660 ξδ
449 2621 662 2660 ἓᾲλφιδςἈέείβ
677 2629 705 2650 et
720 2624 802 2652 infra.
840 2624 862 2640 ⁵⁵
881 2621 1099 2660 ρινοκρυρούρων
1112 2623 1259 2660 κείρει
1282 2621 1364 2649 infra;

212 2650 319 2693 σίοιῗᾼ.
347 2650 380 2673 ’⁸⁸
391 2650 512 2693 αὺρίλιος
527 2650 548 2684 Ᾰ
565 2650 701 2693 ςάϐρίλιος

1117 2587 1139 2603 ⁶¹
1158 2595 1221 2613 τινα
1252 2586 1308 2613 τῶν
1332 2588 1382 2622 τῆς
1397 2595 1429 2619 ς.
1475 2585 1629 2622 Μιιέυῆρος
1664 2593 1695 2622 ς.
1769 2583 1848 2622 τάξιν

1422 2622 1445 2638 ⁵⁵
1456 2621 1644 2661 ᾁλεξανᾱρέως
1665 2620 1695 2646 Δ.
1735 2620 1757 2661 ’ἶ
1768 2620 1848 2646 κελε-

730 2668 762 2691 ς.
800 2660 822 2675 ⁸⁸⁷
838 2654 1128 2694 Δοτιανδςῃδιά’τινος
1143 2658 1174 2694 At
1212 2658 1235 2694 ξ’⁰
1250 2657 1494 2694 τῗεπτεντεσίουᾉε
1515 2656 1562 2694 τοῦ
1575 2654 1605 2683 τε
1625 2654 1790 2694 πτεντερίου
1815 2663 1847 2686 ς.

212 2692 232 2708 ⁷¹
250 2691 359 2728 πρώτου
380 2690 487 2729 θρόνου]
501 2690 692 2730 πρωτοθρόνου
710 2702 781 2722 corr.
795 2695 829 2721 Α..
850 2695 875 2710 τι
889 2690 1024 2730 ἐπαρχίας
1039 2692 1243 2728 βυζακηνῆςΔε
1262 2691 1424 2729 Βυζακηνῆς
1441 2692 1578 2727 ἐπαρχίας
1602 2700 1633 2723 ς.
1655 2690 1678 2707 ⁷³
1692 2690 1788 2717 τοῦτον
1816 2698 1847 2722 ς.

969 2740 1086 2769 NOTAE.

250 2785 306 2826 ($6)
322 2786 404 2822 Cujus
414 2786 523 2826 epistol.
535 2787 691 2823 synodalcm
707 2788 792 2818 babes
806 2795 826 2818 ι.
839 2789 861 2818 ll
877 2789 997 2826 Operutu

214 2821 245 2849 D.
257 2823 371 2857 August.
386 2823 466 2858 epist.
482 2822 526 2850 90.

1090 2788 1146 2823 (87)
1164 2787 1251 2821 Quam
1276 2789 1443 2816 sententiam
1460 2796 1568 2822 quoque
1599 2787 1721 2815 tenuisse
1742 2785 1847 2814 dicetur

1052 2823 1209 2852 Thcodoxus
1224 2824 1413 2853 Auliochenus
1430 2824 1478 2851 inf.
1490 2825 1550 2852 cod.
1568 2823 1627 2851 177.
