1918 3086
77 113 113 144 93
592 114 678 145 BIBL
683 115 855 147 [0THECA.
869 130 905 134 —
922 117 1031 148 CODD.
1053 118 1212 149 LIII-LIV.
1681 122 1716 154 94

79 172 168 207 βρέφη
185 171 222 198 τὰ
250 170 382 207 ἀρτίτοκα
404 171 443 206 μὴ
469 171 565 207 χρείαν
589 171 662 206 ἔχειν
685 171 873 206 βαπτίσματος

927 173 1038 201 minime
1052 173 1174 208 indigere
1191 175 1322 207 dicerent,
1352 175 1424 210 quod
1440 175 1499 204 illos
1515 181 1625 211 peccato
1634 178 1717 214 origi-

77 218 122 245 διὰ
142 219 173 245 τὸ
187 218 226 253 μὴ
248 217 429 252 ἕλκειν-αὑτὰ
444 217 610 253 προγονικὴν
628 218 765 254 ἁμαρτίαν
784 218 833 252 τὴν
846 218 876 250 ἐξ

79 265 166 298 Ἀδὰμ
179 254 387 298 ἀναθεματίζᾟ.
406 264 462 290 Καὶ
473 265 537 295 τοὺς
550 264 682 298 λέγοντας
697 265 783 299 μέσον
793 265 875 291 τόπον

80 311 219 342 κολάσεως
234 310 283 337 καὶ
304 310 480 345 παραδείσου,
496 311 537 342 εἰς
552 311 582 338 ὃν
597 311 646 338 καὶ
663 310 698 338 τὰ
720 311 875 338 ἀδάπτιστα

80 356 169 392 βρέφη
188 357 393 391 μετατιθέμενα
405 357 455 392 ζῇν
472 357 626 392 μακαρίως.
642 357 689 383 καὶ
703 357 813 388 τούτους
829 355 875 383 οὖν

79 404 288 438 ἀναθεματίζει.
303 404 364 430 Ἔτι
377 403 406 430 δὲ
420 404 468 430 καὶ
479 403 562 439 ἕτερα
572 404 602 436 ἒξ
614 403 809 438 ἀναθεματίζει
822 412 875 430 πα-

80 450 222 485 ραπλήσια
243 449 350 482 τούτοις
370 450 517 484 κεφάλαια,
531 450 549 477 ἃ
568 451 625 482 τοῖς
648 450 876 484 Πελαγιανισταῖς

79 497 128 523 καὶ
142 495 334 527 Κελεστιανοῖς
351 495 543 530 πρεσὸεύεται.

117 541 243 577 Ἔγραψε
258 541 286 568 δὲ
310 542 358 568 καὶ
373 541 514 574 Θεοδόσιος
529 543 578 568 καὶ
598 541 725 576 ὀνώριος
746 543 772 569 οι
795 542 875 577 βασι-

78 589 136 619 λεῖς
158 588 226 622 πρὸς
250 587 385 623 Δῦρήλιον
399 587 422 603 ⁷⁵
436 588 588 614 ἐπίσκοπον
609 587 680 614 κατὰ
695 588 749 614 τῶν
771 589 873 616 αὐτῶν.

82 633 208 668 Ἔγραψε
230 634 299 668 μετὰ
315 634 338 649 ⁷⁵
351 633 438 660 ταῦτα
451 633 499 660 καὶ
516 634 721 665 Κωνσταντῖνος
744 634 757 660 ὁ
772 634 875 660 Πλακι-

79 681 141 712 δίας
152 680 232 715 ἀνὴρ,
246 679 469 706 Οὐαλεντινιανοῦ
482 680 509 706 δὲ
521 679 567 706 τοῦ
581 679 680 715 μικροῦ
692 679 793 714 πατὴρ,
810 680 875 715 περὶ

79 727 128 754 τοῦ
143 727 318 761 ἐξορισθῆναι
334 726 481 753 Κελέστιον
499 727 545 753 τὸν
561 726 713 761 αἱρετικόν·
731 726 833 760 ἔγραψε
846 726 874 752 δὲ

79 773 130 809 τὴν
159 773 222 799 κατ’
234 772 318 799 αὑτοῦ
334 772 426 807 ψῆφον
443 773 510 807 πρὸς
532 771 710 798 Οὐολοσιανδν
721 772 744 788 ⁷⁸
765 771 812 807 [20
829 771 873 808 IL]

81 819 201 854 ἔπαρχον
223 819 338 851 πόλεως.
356 818 479 853 Ἔγραψε
506 818 534 844 δὲ
559 819 606 845 καὶ
620 818 697 845 Λέων
723 819 737 845 ὀ
763 817 872 852 Ῥώμης

927 219 969 246 nis
984 226 1016 245 ex
1032 219 1137 247 Adamo
1154 227 1208 247 non
1221 225 1348 255 putarent
1367 221 1510 250 obnoxios.
1537 223 1590 250 Eos
1608 231 1716 260 quoque

926 265 972 300 qui
988 264 1166 298 affirmarent,
1182 266 1270 294 ntedio
1284 267 1399 300 quodam
1418 268 1478 295 loco
1499 269 1653 302 paradisum
1671 271 1714 297 in-

926 315 1006 338 teret
1024 311 1127 339 inferos
1143 320 1195 339 non
1210 313 1364 347 baptizatos
1387 315 1505 343 infantes
1522 316 1599 344 beate
1613 317 1714 345 vivere.

927 357 980 385 Sex
992 358 1056 385 item
1066 358 1119 386 alia
1136 360 1178 387 his
1190 359 1278 389 aﬂinia
1295 361 1394 396 capita,
1424 370 1483 396 qua:
1497 371 1511 389 a
1527 363 1715 398 Pelagianistis

926 409 953 431 et
966 404 1129 433 Celestianis
1148 407 1303 440 traduntur,
1332 408 1507 436 anathemate
1524 415 1616 444 patres
1633 409 1715 445 jugu-

926 451 994 479 lant.

962 543 1137 578 Scripserunt
1151 550 1215 572 vero
1232 548 1260 571 et
1274 544 1453 577 Theodosius,
1467 549 1494 572 et
1514 544 1649 573 Honorius
1663 545 1716 573 im-

926 594 1068 623 peratores
1090 595 1186 617 contra
1220 590 1329 618 eosdem
1350 591 1493 618 haereticos
1515 592 1548 619 ad
1576 592 1715 620 Aurelium

926 635 1094 670 episcopum.
1126 635 1191 663 Post
1219 636 1277 663 haec
1299 637 1381 663 etiam
1409 637 1604 665 Constantinus
1644 638 1713 673 (88),

925 680 1054 708 Placidia:
1085 680 1195 716 coniux,
1216 679 1399 708 Valentiniani
1431 682 1544 709 minoris
1564 686 1653 717 pater,
1683 683 1717 709 de

925 727 1044 756 Celestio
1057 728 1188 755 haeretico
1204 728 1231 755 in
1245 727 1370 754 exsiliunt
1385 727 1511 762 pellendo
1527 729 1637 763 scripsit
1659 729 1715 764 (89)

926 774 1064 801 decretum
1086 774 1118 801 ad
1136 774 1310 802 Volusianum
1322 775 1397 800 urbis
1406 774 1574 809 praefectum.
1591 775 1641 808 Qui
1654 775 1716 810 qui-

927 819 986 846 dem
1004 819 1177 851 Volusianus,
1192 825 1294 846 sanctae
1306 819 1364 855 (90)
1389 819 1499 847 Melenae
1515 825 1637 854 patruus,
1653 829 1715 848 cum

81 866 147 900 περὶ
159 865 215 891 τῶν
231 865 450 900 ἐπιστρεφόντων
466 864 696 899 Πελαγιανιστῶν,
713 865 787 896 ὅπως
799 864 873 898 ὀφεί-

927 865 1053 898 gentibus
1063 865 1170 898 quidem
1184 870 1247 892 tunc
1258 866 1392 893 sentiebat
1409 874 1416 893 :
1435 870 1463 893 at
1485 867 1547 893 dum
1566 874 1628 893 eum
1642 875 1715 894 mors

79 911 174 937 λουσιν
184 910 399 946 ἐπιστρέφοντες
413 910 551 945 δεχθῆναι,
565 911 605 936 ὅτι
621 909 768 945 ἐγγράφως
783 909 874 936 αὑτῶν

80 956 110 983 τὸ
123 956 253 991 φρόνημα
271 955 527 990 ἀναθεματίζοντες.
546 955 628 982 Ἀλλὰ
642 957 689 982 καὶ
710 955 740 982 ἐν
754 956 788 991 τῇ
806 955 874 990 πρὸς

81 1003 231 1037 Νεστόριον
254 1003 418 1029 Κελεστίνου
444 1002 491 1029 τοῦ
514 1003 663 1029 ἐπισκόπου
684 1002 794 1038 Ῥώμης
815 1002 876 1029 ἐπι-

81 1049 162 1084 στολῇ
176 1049 193 1084 ἡ
210 1049 271 1075 κατ’
285 1049 377 1076 αὐτῶν
392 1049 513 1082 ἔγκειται
533 1048 656 1084 διαῦο).ή.
677 1048 801 1084 Ἔγραψε
815 1048 844 1075 δὲ
861 1050 876 1075 ὁ

81 1096 165 1127 αὐτὸς
189 1097 247 1128 τοῖς
263 1096 294 1123 ὲν
310 1095 436 1128 Γαλλίαις
456 1096 617 1127 ἐπισκόποις
639 1095 702 1130 περί
717 1104 747 1122 τε
765 1096 815 1130 τῆς
828 1095 874 1122 τοῦ

81 1143 160 1177 ἁγίου
175 1143 362 1176 Αὐγουστίνου
376 1143 494 1174 πίστεως
505 1143 552 1169 καὶ
565 1141 636 1168 κατὰ
646 1141 701 1168 τῶν
714 1141 874 1172 ἀλαζονευο-

83 1190 172 1223 μένων
189 1189 280 1225 ἐπὶτῇ
296 1189 346 1224 τῆς
362 1189 493 1224 αἱρέσεως
505 1188 625 1223 ἐξουσίᾳ.
645 1188 769 1223 Ἔγραψε
784 1187 813 1214 δὲ
825 1187 873 1214 καὶ

86 1236 249 1271 Ἱερώνυμος
275 1235 463 1271 πρεσὸύτερος
493 1235 563 1270 πρὸς
585 1235 771 1270 Κτησιφῶντα
803 1234 874 1261 κατὰ

80 1283 133 1309 τιῖιν
148 1283 286 1316 λεγόντων
308 1282 443 1309 ἀπάθειαν
458 1282 519 1317 ἦτοι
535 1281 606 1308 κατὰ
627 1281 770 1314 Πελαγίου.
789 1278 874 1312 Οὗτος

81 1330 108 1356 δὲ
122 1331 137 1356 ὀ
151 1329 288 1364 Πελάγιος
301 1329 418 1365 μοναχδς
439 1326 483 1364 ἦν,
500 1327 624 1364 μαθητὴν
646 1328 818 1363 κτησάμενος
828 1327 875 1354 τὸν

80 1376 238 1403 Κελὲστιον.

926 915 1045 946 legatum
1064 911 1301 946 Constantinopoli
1314 917 1436 946 agentem
1447 912 1595 945 invaderet,
1615 913 1648 940 ad
1669 921 1716 939 or-

927 957 1036 984 thoxam
1052 957 1131 984 ﬁdem
1148 958 1266 990 transiit,
1280 958 1487 993 baptizatusque
1498 963 1541 986 est
1551 967 1565 985 a
1579 958 1715 986 B.Proclo

926 1003 1234 1038 Constantinopolitano.
1250 1003 1309 1037 Quo
1325 1004 1389 1030 item
1406 1009 1527 1039 tempore
1556 1004 1630 1031 illam
1651 1012 1714 1032 san-

928 1054 999 1077 ctam
1017 1049 1156 1076 mulierem
1178 1049 1246 1077 forte
1260 1050 1396 1081 convenit,
1411 1058 1472 1077 cutn
1487 1051 1542 1085 ipsa
1556 1050 1714 1085 Hierosoly-

927 1097 979 1124 mis
998 1096 1024 1123 in
1037 1096 1138 1130 regiam
1159 1096 1251 1123 urbem
1275 1096 1441 1123 advenisset.
1469 1096 1586 1131 Scripsit
1608 1101 1636 1124 et
1655 1097 1714 1124 Leo

927 1142 1112 1170 Romanorum
1125 1141 1202 1169 Pont.
1220 1142 1253 1169 de
1267 1141 1456 1176 Pelagianistis
1467 1142 1616 1174 conversis,
1629 1149 1713 1176 opor-

926 1192 995 1222 tere,
1012 1189 1034 1216 si
1049 1188 1106 1222 jam
1120 1189 1265 1216 redeuntes
1277 1188 1361 1223 recipi
1378 1188 1472 1220 velint,
1490 1188 1599 1223 scriptis
1612 1187 1711 1215 tabulis

926 1243 1048 1263 errorem
1068 1242 1147 1262 suum
1160 1234 1300 1262 detestari.
1317 1235 1344 1261 In
1371 1234 1487 1269 epistola
1503 1242 1611 1269 quoque
1636 1234 1714 1261 Cele-

927 1282 990 1309 stini
1004 1281 1119 1308 Roman.
1136 1280 1275 1308 Pontiﬁcis
1291 1280 1324 1308 ad
1345 1279 1512 1313 Nestorium,
1528 1280 1607 1307 iidem
1628 1282 1715 1307 haere-

927 1328 972 1354 tici
991 1327 1234 1361 reprehenduntur.
1253 1327 1369 1361 Scripsit
1390 1326 1462 1353 idem
1475 1331 1503 1353 et
1517 1326 1549 1352 ad
1567 1325 1714 1354 Galliarum

925 1373 1068 1408 episcopos
1085 1374 1119 1400 de
1140 1373 1191 1400 [ide
1217 1373 1250 1400 B.
1270 1373 1427 1408 Augustini,
1443 1376 1471 1399 et
1487 1377 1582 1399 contra
1596 1379 1654 1405 eos,
1667 1372 1714 1407 qui

81 1421 195 1448 ha-resis
211 1421 321 1448 licentia
338 1422 420 1449 nimis
435 1421 500 1449 elati
520 1420 725 1449 insolescerent.
739 1419 858 1454 Scripsit
872 1419 955 1448 etiam
972 1419 1156 1456 Hieronymus
1171 1421 1316 1456 presbyter
1353 1419 1386 1446 ad
1410 1418 1613 1453 Ctesiphontem
1644 1425 1714 1445 con-

81 1471 120 1493 tra
153 1472 312 1494 asserentes
341 1467 477 1494 ἀπάθειαν
507 1467 552 1503 (id
581 1471 624 1494 est
667 1465 913 1501 impassibilitatem
944 1465 999 1501 (9i)
1025 1465 1067 1493 vel
1094 1465 1382 1501 imperturbationem)
1415 1472 1464 1492 seu
1495 1467 1590 1491 contra
1629 1463 1711 1491 Pela--

80 1515 164 1548 gium.
194 1513 244 1542 Hic
265 1520 356 1542 autetn
373 1514 505 1550 iPelagius
523 1514 670 1542 monachus
685 1513 747 1548 fuit,
775 1512 923 1541 Celestium
938 1512 1100 1548 discipulum
1111 1518 1217 1541 nactus.

444 1561 506 1590 ΝΔε.

85 1611 189 1645 Ἑτέρα
203 1610 338 1644 σύνοδος
353 1609 428 1637 κατὰ
442 1608 498 1643 τῆς
514 1607 704 1645 Πελαγιανῆς
716 1607 875 1643 καὶξΚελεο

326 1645 455 1679 στιανῆς
474 1644 614 1679 αἱρέσεως
620 1663 627 1670 .

116 1692 289 1727 ’Δνεγνὼσθη
301 1692 382 1719 Κατὰ
392 1690 447 1725 τῆς
463 1689 633 1724 Ηελαγιανῆ
636 1699 651 1722 ς
658 1690 707 1716 καὶ
714 1691 873 1717 Κελεστια-

81 1739 138 1773 νῆς
153 1738 309 1772 αΙρέιτεως,
326 1734 388 1772 οῦὴ
403 1736 555 1772 ἐπιγραφὴ,
572 1734 644 1763 Ἴσα
658 1735 874 1770 πεπραγμένα»-

82 1786 110 1810 ὲν
127 1786 183 1816 τοῖς
198 1784 319 1815 δυτικοίς
333 1783 495 1814 ἐπισκόποις
523 1781 594 1808 κατὰ
609 1781 665 1807 τῶν
680 1781 873 1816 Νεστοριανῶν

82 1830 235 1863 δογμάτων.
264 1829 309 1855 Ἐν
377 1829 534 1863 γέγραπται
549 1827 587 1859 ὼς
607 1828 622 1862 ὴ
643 1825 812 1861 Νεστοριανὴ
827 1825 874 1852 καὶ

83 1874 250 1910 Κελεστιανὴ
266 1874 374 1909 αἵρεσις
387 1874 404 1908 ἡ
421 1873 490 1908 αὐτή
513 1873 580 1899 ἐστι.
594 1873 673 1907 Φέρει
690 1872 718 1898 δὲ
736 1872 784 1899 καὶ
803 1871 874 1906 μάρ-

81 1928 148 1955 τυρα
169 1920 305 1956 Κύριλλον
325 1920 373 1945 τὸν
395 1919 616 1954 Ἀλεξανδρείας,
643 1918 784 1953 γράφοντα
805 1917 873 1952 πρὸς

80 1966 221 1993 Θεοδόσιον
243 1966 292 1992 τὸν
311 1966 423 2001 βασιλέα
439 1966 477 1997 ὡς
502 1966 519 2001 ἡ
541 1965 610 2000 αὐτή
636 1965 710 1991 ἐστιν
733 1964 840 1998 αἵρεσις
856 1963 873 1998 ἡ

81 2013 251 2048 Νεστοριανὴ
279 2013 311 2048 τῇ
338 2012 518 2047 Κελεστιανῇ.
539 2011 625 2046 Δῆλον
652 2010 691 2042 δὲ,
718 2010 819 2045 φησίν·
849 2011 879 2037 οἰ-

83 2057 131 2092 μὲν
152 2058 209 2092 γὰρ
234 2057 410 2084 Κελεστιανοὶ
430 2057 494 2091 περὶ
516 2056 563 2083 τοῦ
591 2055 717 2090 σώματος
742 2056 801 2091 ἤτοι
819 2055 874 2082 τῶν

82 2103 171 2137 μελῶν
185 2103 233 2130 τοῦ
249 2103 381 2138 Χριστοῦ,
394 2103 518 2129 τουτέστι
535 2103 586 2137 τῆς
609 2101 784 2137 Ἐκκλησίας,
804 2102 874 2128 ἁπο-

81 2149 262 2184 θρασῦνονται
275 2149 317 2175 ὅτι
330 2157 385 2184 περ
399 2149 460 2184 οὐχὶ
469 2149 483 2175 ὁ
494 2149 572 2180 Θεὸς,
583 2148 706 2174 τουτέστι
722 2148 752 2174 τὸ
762 2147 874 2182 Πνεῦμα

80 2195 110 2221 τὸ
125 2197 214 2229 ἆγιον,
237 2196 288 2230 τήν
302 2204 331 2222 τε
346 2196 439 2222 πίστιν
461 2195 552 2226 αὐτοῖς
572 2196 619 2221 καὶ
639 2195 727 2221 πάντα
752 2195 786 2221 τὰ
804 2194 872 2228 πρὸς

1282 1560 1349 1588 LIV.

925 1606 1071 1642 Exemplar
1087 1607 1214 1644 Asturam
1232 1607 1263 1633 ab
1285 1606 1436 1644 Orcitjentis
1464 1609 1591 1644 episcopis
1621 1613 1713 1635 contra

1102 1641 1288 1674 Nestorianas,
1310 1647 1333 1669 et
1350 1642 1518 1677 Pelagianos.

958 1689 1055 1716 Lectus
1071 1688 1194 1715 estliber
1210 1687 1309 1715 Contra
1335 1688 1510 1723 Pelagianam
1538 1695 1561 1716 et
1581 1689 1710 1716 Celestin-

924 1743 986 1761 nam
999 1734 1132 1767 haeresim,
1146 1733 1223 1768 cujus
1235 1734 1292 1761 haec
1313 1734 1455 1768 inscriptio
1474 1744 1481 1761 :
1500 1734 1646 1769 Exemplar
1664 1735 1715 1762 Acs

925 1783 1011 1806 torum
1025 1778 1080 1813 (92)
1099 1778 1131 1805 ab
1150 1777 1303 1806 Occidentis
1320 1778 1453 1813 episcopis
1473 1779 1601 1806 adversus
1616 1778 1713 1807 Nesto-

925 1825 1000 1852 riana
1013 1825 1148 1859 dogmata.
1170 1823 1218 1851 Hic
1228 1823 1310 1851 refert
1323 1825 1445 1852 eamdem
1456 1832 1517 1852 esse
1526 1824 1713 1852 Nestorianam

924 1875 951 1898 et
970 1870 1148 1898 Celestianam
1176 1871 1322 1897 haeresim:
1343 1875 1493 1905 testemque
1520 1871 1611 1897 laudat
1626 1871 1714 1906 Cyril-

925 1917 979 1944 lum
1009 1917 1222 1944 Alexandrinum
1249 1916 1417 1951 episcopum,
1443 1916 1510 1952 ιω)
1531 1917 1564 1943 ad
1589 1916 1715 1944 Theodo-

925 1963 994 1990 sium
1028 1962 1092 1996 imp.
1119 1961 1309 1989 Nestorianam
1334 1966 1361 1989 et
1383 1961 1564 1988 Celestianam
1596 1962 1714 1989 haereses

924 2009 1081 2043 conspirare
1094 2008 1269 2036 scribentem.
1290 2007 1402 2035 Planum
1429 2007 1454 2035 id
1472 2012 1525 2039 est,
1544 2007 1643 2042 inquit.
1661 2007 1713 2035 Cc-

925 2055 1031 2082 lestiani
1043 2054 1115 2081 enim
1127 2054 1160 2081 de
1179 2061 1303 2088 corpore,
1320 2061 1369 2081 seu
1387 2053 1517 2080 membris
1531 2053 1642 2084 Christi,
1662 2053 1713 2080 hoc

924 2106 965 2129 est
979 2102 1012 2128 de
1024 2100 1143 2128 Ecclesia
1162 2100 1316 2135 petulanter
1342 2100 1393 2127 ista
1412 2100 1537 2134 jactant:
1554 2108 1607 2127 non
1624 2100 1708 2127 Deum

925 2148 1023 2182 ipsum,
1043 2147 1068 2174 id
1082 2151 1123 2173 est
1133 2146 1263 2180 Spiritum
1276 2151 1410 2178 sanctum,
1422 2145 1500 2173 ﬁdem
1514 2146 1592 2180 ipsis,
1604 2146 1710 2172 omnia-

924 2200 977 2227 que
994 2194 1026 2219 atl
1047 2191 1142 2223 vitam,
1173 2191 1301 2225 pietatem
1327 2196 1354 2218 et
1378 2191 1492 2218 salutem
1533 2191 1711 2224 necessaria;

81 2242 152 2278 ζωὴν
169 2242 216 2269 καὶ
239 2242 383 2269 εὐσέϐειαν
395 2241 442 2268 καὶ
464 2241 602 2276 σωτηρίαν
620 2240 720 2276 διαιρεῖ
734 2240 788 2275 ἰδίᾳ
805 2240 872 2266 ἑκά-

927 2237 1050 2272 privatim
1066 2236 1188 2264 dividere
1204 2236 1360 2270 unicuique,
1378 2239 1459 2270 prout
1474 2235 1548 2266 velit.
1577 2235 1623 2262 sed
1640 2242 1709 2262 cou-

81 2297 145 2323 στῳ,
160 2288 254 2319 καθὼς
269 2288 404 2323 βούλεται,
418 2286 475 2313 ἀλλ’
489 2288 529 2313 ὅτι
545 2295 599 2322 περ
613 2287 630 2321 ἡ
645 2287 871 2320 κατατεταγμὲνη

927 2284 1045 2310 stitutatn
1058 2282 1174 2309 hominis
1183 2286 1307 2308 naturam
1318 2282 1388 2316 (quae
1395 2282 1706 2316 pertransgressionem,

80 2333 126 2360 τοῦ
141 2333 287 2369 ἀνθρώπου
306 2333 398 2368 φύσις,
413 2333 430 2368 ἡ
450 2333 493 2360 διὰ
506 2333 558 2368 τὴν
581 2332 736 2368 παράϐασιν
758 2331 806 2358 καὶ
821 2331 871 2366 τὴν

927 2334 951 2356 et
959 2334 1100 2364 peccatum
1108 2328 1275 2355 beatitudine
1282 2328 1393 2361 excidit,
1400 2332 1479 2362 atque
1487 2335 1502 2354 a
1510 2327 1564 2354 Deo
1575 2331 1710 2361 separatu,

712 2403 830 2432 VABLE
861 2399 1066 2430 LECTIONES.

116 2466 138 2482 "'
149 2465 274 2500 ἀϐρίλιον
302 2474 334 2497 ς.
383 2465 407 2482 ⁷⁸
425 2464 528 2500 ἔγραψε
548 2463 586 2500 δὲν
598 2462 668 2498 μετὰ
695 2471 728 2500 ς.
741 2498 760 2500 η
782 2463 817 2500 ⁷⁸-
825 2467 886 2500 post
894 2459 1084 2500 ΔΟζιιιλοσιανὺν
1104 2459 1183 2500 vulgo
1197 2459 1257 2486 hmo
1273 2458 1375 2500 addunt
1388 2453 1488 2500 ἰρξιτρς
1498 2453 1549 2500 ἦνὶ
1563 2455 1635 2488 οεῖος
1655 2456 1712 2500 uti};

82 2491 161 2544 ἁγὶας
172 2491 361 2544 Μελενῂςῖμὲ
387 2491 473 2544 ,ορᾶδ
494 2491 678 2544 έζλιργόῷρων.
693 2491 722 2524 έν
738 2498 767 2524 δὲ
780 2491 1220 2544 ᾗῷἁποθνῄσξεινλμεταθέιμξενοε

82 2528 216 2569 παρέ-τοῦ
231 2528 527 2569 ἁγίόυ”Πρόκλου’τοῡ
546 2528 861 2569 Κωνσταντινουπόλεως
876 2540 883 2548 ·
899 2528 984 2569 αυτοῦ
997 2528 1053 2569 γὰρ
1079 2530 1177 2569 εὑρέθη
1196 2529 1311 2569 πρέσβις
1330 2528 1504 2569 ἀποσταλεὶς,
1526 2528 1570 2552 ὅτε
1597 2528 1644 2553 καὶ
1676 2528 1711 2562 τῇ

81 2563 146 2607 ἁγίᾳ
164 2563 292 2606 ἐνέτυχεν
309 2563 544 2606 ὲξΊεροσολύμων
559 2567 752 2605 καταλαϐούσῃ
767 2570 816 2602 τὴν
834 2566 960 2602 βασιλίδα
975 2563 1176 2598 τῶνὰόλέων,
1189 2563 1248 2599 qua:
1265 2565 1291 2591 in
1314 2571 1369 2598 mg.
1384 2563 1466 2590 habet
1482 2564 1503 2588 A
1514 2581 1522 2594 ,
1540 2570 1555 2588 a
1577 2569 1617 2589 t‘c.
1630 2570 1711 2589 manu

81 2611 182 2634 athltta.

87 2639 111 2656 ί
847 2649 965 2678 Nona.

955 2696 1010 2732 (9|)
1028 2695 1067 2732 Ita
1085 2696 1137 2724 hoc
1154 2695 1214 2723 loco
1229 2696 1261 2732 ι).
1277 2695 1389 2732 Hieron.
1410 2694 1528 2732 reddidit
1541 2691 1661 2732 tom.~Il.

953 2730 1010 2767 (92)
1027 2730 1529 2767 ’ίσαπε·πραγμένων.γΕειιΙειιιγΓοι-ιιιιι,
1546 2735 1598 2761 qua
1606 2730 1637 2767 in
1653 2731 1708 2752 ter-

920 2767 957 2795 tia
970 2767 1089 2801 generali
1102 2768 1215 2801 synodo,
1229 2774 1289 2801 qua)
1307 2766 1404 2799 Ephesi
1422 2766 1514 2801 habita
1540 2769 1647 2801 p_i_|_SSllll_
1657 2769 1707 2787 oc-

919 2797 1015 2830 currit.
1024 2802 1095 2829 Ἴσον
1107 2797 1283 2837 γράμματος.
1291 2797 1363 2828 Ἴσον
1376 2800 1538 2837 ἁποφορίας,
1555 2797 1626 2824 Ίσον
1637 2797 1706 2823 ὑπο-

923 2838 1074 2873 μνήματος,
1092 2835 1140 2873 pro
1153 2835 1309 2872 caeritplari,
1327 2841 1373 2864 aut
1389 2835 1541 2868 descriptio.

122 2699 178 2736 (88)
196 2699 387 2736 Constantius,
401 2707 430 2727 ut
443 2700 499 2736 jam
515 2701 583 2729 alias
597 2705 731 2728 notatum.

115 2735 170 2771 (89)
179 2735 269 2772 Quod
280 2737 350 2772 apud
369 2737 399 2763 D.
413 2734 513 2764 Baron.
525 2737 634 2772 legitur,
649 2742 715 2764 lout.
732 2734 751 2761 V
764 2734 863 2762 Annal.

83 2771 113 2797 ad
127 2770 164 2796 A.’
173 2771 223 2797 Ch.
238 2770 321 2804 4207,
335 2772 421 2798 initio.

115 2805 168 2868 ιὲο)
187 2805 322 2869 Μοιειηίἰιε,
338 2807 414 2842 cujus
429 2806 488 2835 Vita
504 2806 531 2835 in
545 2805 678 2841 Metapltr.
707 2805 755 2834 ult.
784 2804 864 2832 Jauu.

140 2849 181 2868 ur.
200 2848 266 2868 tom.
300 2862 305 2867 .

86 2847 108 2866 et
121 2842 181 2868 διιπ-
200 2848 266 2868 tom.
285 2842 305 2868 ι.
