1918 3086
216 128 251 160 95
762 125 893 155 ΡΗΟΤΙΙ
910 124 1001 155 ΡᾹἸἮ

1054 123 1165 154 BCHIE
1185 123 1240 154 ΟΡ.
1795 116 1833 148 96

215 182 298 210 morti
311 181 410 209 tradita
427 180 480 216 est)
503 188 553 216 pro
575 181 671 208 merito
693 180 839 208 voluntatis
871 181 999 208 uniuscu-

1054 179 1188 214 ἁμαρτίαν
1200 178 1250 214 τῆς
1267 177 1316 211 μὲν
1332 176 1531 211 μακαριότητος
1549 172 1705 201 ἐκπεσοῦσα
1722 173 1769 199 καὶ
1783 173 1834 200 τοῦ

213 229 330 263 jusque;
346 227 476 263 Spiritum
499 231 621 254 sanctum
648 231 675 254 ct
691 226 838 261 appellare,
866 231 893 254 et
908 226 996 261 repel-

217 275 284 302 lere.
310 273 463 301 Nestoriani
483 280 548 300 vero
567 273 602 300 de
630 273 689 308 ipso
715 273 796 300 etiam
815 273 937 307 corporis
955 279 999 300 ca-

216 320 272 354 pite
282 319 403 351 Christo,
418 319 512 346 eadem
539 319 652 350 sentire,
675 323 703 346 et
725 318 859 345 afﬁrmare
887 317 998 345 audent.

217 365 349 392 Asserqu
364 364 448 396 enim,
465 363 683 398 quandoquidem
695 367 792 390 nostra
806 363 931 390 Christus
951 370 999 390 n-

216 415 284 438 tura=.
296 410 329 437 sit
343 410 478 445 particeps
492 409 591 441 factus,
616 414 646 436 et
668 410 738 436 Deus
758 416 854 436 omnes
875 408 998 436 homines

217 457 343 484 similiter
363 456 454 483 salvos
469 456 527 483 ﬁeri
545 456 620 488 velit,
651 454 894 490 unumqucmlibet,
916 454 998 481 etiam

220 510 269 537 per
299 501 405 528 arbitrii
431 502 471 527 sui
501 500 665 532 libertatem,
691 501 830 534 proprium
859 505 998 534 peccatum

217 550 363 581 corrigere,
393 550 420 574 et
451 545 506 573 Deo
519 546 629 580 dignum
648 553 677 573 se
697 545 796 573 facere.
818 545 998 579 Quamobrem

217 593 263 626 qui
278 600 310 620 ex
323 592 406 619 Maria
426 591 462 619 sit
477 592 577 624 editus,
607 599 660 618 nou
674 599 735 619 esse
749 591 876 624 Verbum,
906 591 952 618 sed
966 598 1000 618 ex

216 646 248 666 ea
262 638 393 672 genitum.
405 638 440 665 oh
453 637 584 664 naturalis
600 637 748 665 voluntatis
765 637 935 671 dignitatem,
950 637 1000 664 ha-

215 684 282 711 bere
297 683 408 711 verbum
433 683 620 711 concomitans
639 692 646 712 :
664 691 726 711 cum
755 684 814 711 sola
834 684 886 711 ista
903 682 1000 711 nobili-

218 733 285 761 tate,
305 730 439 756 eteadem
455 729 636 764 appellatione
659 729 842 757 communicet
869 736 931 757 cum
955 735 1001 756 η·

217 777 292 804 tione
305 772 454 804 liliationis.

1049 224 1116 251 Θεοῦ
1129 223 1303 259 χωρισθεῖσα,
1317 220 1356 256 τῷ
1374 222 1403 248 δὲ
1419 220 1526 255 θανάτῳ
1545 219 1739 254 παραδοθεῖσα,
1761 217 1834 253 αὕτη

1049 270 1120 296 κατὰ
1130 269 1179 304 τὴν
1191 269 1240 303 τῆς
1252 267 1439 303 προαιρέσεως
1450 266 1528 300 ἀξίαν
1542 265 1573 292 τὸ
1585 264 1698 300 Πνεῦμα
1712 264 1741 292 τὸ
1755 263 1834 298 ἅγιον

1049 316 1097 342 καὶ
1114 314 1308 352 προσκαλεῖται
1325 313 1373 340 καὶ
1389 312 1554 340 ἀπωθεῖταιο
1570 312 1596 338 oi.
1609 311 1638 338 δὲ
1656 311 1834 346 Νεστοριανοὶ

1049 361 1097 388 καὶ
1110 361 1175 396 περὶ
1189 360 1274 395 αὐτὴν
1290 359 1340 394 τὴν
1353 359 1400 385 τοῦ
1417 357 1543 393 σώματος
1557 357 1689 393 κεφαλὴν,
1703 356 1748 384 τὸν
1762 357 1832 392 Χρι-

1050 407 1122 438 στὸν,
1134 406 1183 440 τὴν
1197 406 1282 441 αὐτὴν
1295 406 1414 433 διάνοιαν
1425 405 1472 432 καὶ
1481 405 1584 440 τόλμαν
1597 403 1700 439 ἔχουσι.
1715 403 1834 437 Λέγουσι

1049 453 1103 487 γὰρ
1116 453 1156 479 ὅτι
1166 452 1228 478 ἐπεὶ
1246 452 1296 487 τῆς
1312 451 1448 487 ἡμετέρας
1469 451 1577 485 φύσεώς
1592 451 1665 476 ἐστιν
1679 450 1693 476 ὁ
1704 449 1833 484 Χριστὸς,

1048 500 1063 526 ό
1074 499 1102 525 δὲ
1116 498 1182 530 Θεὸς
1196 498 1298 529 πάντας
1319 496 1480 533 ἀνθρώπους
1502 497 1603 532 ὁμοίως
1624 495 1697 522 θέλει
1712 495 1834 530 σωθῆναι

1048 544 1098 572 καὶ
1121 544 1212 580 οίκείᾳ
1230 544 1388 579 προαιρέσει
1411 542 1457 579 [45
1468 542 1515 578 Ri
1541 542 1657 569 ἕκαστον
1680 541 1710 568 τὸ
1735 540 1834 567 ἑαυτοῦ

1050 592 1173 625 πταῖσμα
1185 589 1429 625 ἐπανορθώσασθαι
1443 589 1490 615 καὶ
1504 588 1578 620 ἄξιον
1598 587 1694 614 ἑαυτὸν
1711 586 1794 614 αὑτοῦ
1811 587 1833 602 ’⁷

1049 637 1174 671 ποιῆσαι,
1188 636 1231 663 διὰ
1248 635 1328 662 τοῦτο
1343 635 1393 662 οὐκ
1407 635 1480 662 ἐστιν
1491 636 1505 661 ό
1517 635 1604 668 Λόγος
1615 635 1630 660 ό
1643 633 1760 668 τεχθεὶς
1775 632 1833 659 ἀλλ’

1049 681 1065 710 ὁ
1076 683 1099 700 ⁷⁷
1112 682 1254 718 γεννηθεὶς
1269 682 1303 709 ἐκ
1319 681 1429 717 Μαρίας
1441 681 1485 708 διὰ
1498 681 1549 716 τὴν
1567 681 1616 716 τῆς
1630 681 1748 715 φυσικῆς
1765 687 1834 715 προσ

1050 728 1183 764 αιρέσεως
1206 727 1284 761 ἀξίαν
1299 725 1371 762 εῖχεν
1384 726 1518 761 ἑπόμενον
1537 727 1583 753 τὸν
1603 726 1691 760 λόγον,
1709 725 1777 761 μόνῃ
1799 725 1835 759 τῇ

1050 773 1115 810 ἀξίᾳ
1129 774 1177 801 καὶ
1188 775 1221 809 τῇ
1233 772 1377 808 ὁμωνυμίᾳ
1387 771 1592 807 κεκοινωνηκὼς
1598 771 1669 807 λόγῳ
1679 771 1729 806 τῆς
1743 771 1836 805 υίότη-

1051 828 1107 852 τος.

253 864 338 892 Porro
362 864 421 892 haec
445 864 553 899 quidem
577 863 719 899 Pelagiana
733 884 740 897 ,
766 871 813 892 seu
846 863 999 892 Celestiana

1086 848 1161 898 λῦτη
1176 864 1266 900 μέντοι
1278 865 1296 901 ή
1309 864 1464 900 Πελαγιανὴ
1479 864 1538 899 ἦτοι
1551 862 1717 898 Κελεστιανὴ
1731 862 1837 897 αἵρεσις

217 910 339 942 haeresis,
361 918 414 938 non
430 910 457 937 in
471 910 582 938 Oriente
598 911 726 937 duntaxat
748 909 842 945 viguit,
853 910 901 937 sed
919 910 1000 937 etiam

217 955 390 983 Occidentem
417 956 547 991 pervasit,
563 961 590 984 et
603 955 770 991 Carthagine
799 956 826 983 in
851 955 943 983 Africa
967 956 1001 982 ab

217 1001 326 1028 Aurelio
348 1006 428 1036 atque
445 1002 597 1036 Augustino
619 1002 797 1037 deprehensa,
822 1007 848 1029 et
867 1002 1001 1034 convicta,

217 1047 356 1081 variisque
372 1047 477 1082 publice
491 1048 610 1075 conciliis
626 1048 765 1076 damnata.
778 1047 860 1082 Ejecti
879 1055 943 1074 vero
957 1048 1002 1082 qui

217 1099 278 1118 cum
294 1092 336 1119 his
358 1094 500 1126 sentirent,
520 1098 650 1129 tanquam
671 1093 802 1124 haeretici,
816 1098 893 1120 extra
909 1093 1003 1121 Ecclec

217 1138 297 1169 siam.
309 1139 472 1173 temporibus
479 1140 664 1173 episcoporum
674 1139 814 1174 Theophili
824 1139 1002 1172 Alexandriae,

217 1187 245 1210 et
266 1183 413 1212 Innocentii
431 1185 505 1213 urbis
531 1186 631 1218 Romae,
652 1190 705 1213 tam
730 1194 745 1213 a
766 1185 907 1218 Romanis,
921 1194 1003 1220 quam

218 1229 368 1262 Africanis,
381 1231 540 1265 calorisque
556 1231 710 1258 Occidentis
720 1231 863 1266 episcopis.
878 1232 1003 1258 Attamen

219 1273 342 1308 Pelagius
368 1275 423 1308 hic,
449 1276 475 1303 in
499 1284 530 1302 ea
554 1277 656 1312 synodo
675 1284 735 1311 quae
748 1277 773 1304 in
791 1276 1003 1312 Palmstina(93)

218 1320 367 1353 convenit,
388 1321 431 1347 cui
452 1322 655 1355 quatuordecim
686 1323 814 1356 praesules
843 1323 1003 1354 intererant,

218 1365 357 1393 absolutus
371 1370 423 1399 est,
435 1374 495 1393 cum
508 1367 558 1393 alia
576 1367 683 1401 quidem
694 1368 860 1402 obiectorum
872 1368 1003 1402 capitum,

219 1415 248 1437 ut
265 1411 358 1443 stulta,
372 1412 482 1440 omnino
494 1414 663 1449 abnegasset,
684 1419 764 1449 atque
775 1415 941 1447 damnasset,
953 1414 1004 1441 alia

1051 911 1178 948 ἤκμασεν
1194 911 1224 938 ὲν
1237 913 1270 947 τῇ
1284 902 1410 947 ἀνατολῇ,
1430 910 1532 946 διεδόθη
1548 910 1578 936 δὲ
1593 910 1639 936 καὶ
1653 910 1683 936 ἑν
1699 910 1733 945 τῇ
1750 909 1836 936 δύσει.

1052 958 1109 986 Καὶ
1121 960 1149 985 ὲν
1164 958 1212 993 μὲν
1223 959 1256 994 τῇ
1269 957 1432 993 Καρταγένῃ
1445 957 1468 974 ⁷⁸
1483 956 1534 992 τῆς
1550 956 1681 992 ’Δφρικῆς
1691 955 1837 991 διηλέγχθη

1054 1005 1103 1031 καὶ
1127 1004 1256 1040 ἐφωράθη
1281 1004 1333 1031 ὑπό
1357 1013 1387 1030 τε
1409 1003 1544 1039 Αὑρηλίου
1569 1002 1618 1029 καὶ
1643 1001 1837 1036 Δύγουστίνου,

1053 1050 1234 1086 ἀπεκηρύχθη
1246 1050 1274 1077 δὲ
1290 1050 1428 1085 διαφόροις
1443 1049 1571 1080 συνόδοις.
1597 1047 1796 1083 Ἐξεὸλήθησαν
1809 1047 1838 1074 δὲ

1055 1096 1103 1123 καὶ
1119 1096 1144 1123 οί
1158 1095 1229 1122 οὕτω
1243 1095 1405 1131 φρονοῦντες
1419 1093 1642 1130 τῆςἙκκλησίας
1652 1094 1689 1125 ὡς
1706 1093 1839 1128 αἱρετικοὶ

1055 1142 1084 1168 ἰν
1098 1143 1154 1173 τοῖς
1169 1141 1273 1177 χρόνοις
1286 1141 1415 1175 Θεοφίλου
1426 1133 1474 1167 τοῦ
1491 1140 1695 1174 Ἀλεξανδρείας
1709 1139 1757 1166 καὶ
1776 1139 1839 1166 Ἰνο-

1055 1186 1160 1212 κεντίου
1179 1186 1288 1221 Ῥώμης
1311 1185 1364 1213 ὑπό
1386 1194 1416 1212 τε
1434 1185 1576 1220 Ῥωμαίων
1601 1187 1648 1212 καὶ
1665 1185 1778 1219 Ἄφρων
1792 1185 1839 1210 καὶ

1054 1232 1109 1259 τῶν
1121 1231 1222 1258 λοιπῶν
1236 1231 1351 1258 δυτικῶν
1366 1231 1533 1258 ἐπισκόπων.
1556 1230 1584 1257 '0
1600 1230 1692 1266 μέντοι
1708 1229 1839 1263 Πελάγιος

1055 1279 1085 1305 ὲν
1096 1277 1262 1314 Παλαιστίνῃ
1277 1277 1386 1304 συνόδου
1401 1277 1537 1312 συστάσης
1549 1276 1808 1311 (τεσσαρεσκαίδεκα
1816 1276 1839 1292 ³⁸

1055 1323 1085 1350 δὲ
1101 1323 1150 1359 τὴν
1164 1322 1271 1349 σύνοδον
1288 1322 1424 1357 ἐπλήρουν
1437 1321 1585 1357 ἀρχιερεῖς)
1601 1321 1728 1357 nomen,
1743 1321 1778 1348 τὰ
1791 1321 1840 1355 μὲν

1055 1369 1111 1396 τῶν
1128 1368 1283 1404 κεφαλαίων
1305 1367 1444 1399 παντελῶς
1468 1367 1688 1402 ὲξαρνησὰμενος
1708 1367 1746 1398 ὡς
1762 1367 1840 1402 μωρά

1057 1419 1104 1445 καὶ
1120 1416 1330 1453 ἁναθεματίσας,
1347 1417 1380 1443 τὰ
1394 1416 1423 1442 δὲ
1443 1415 1582 1451 εἰρηκέναι
1601 1415 1650 1450 μὲν
1665 1415 1764 1449 φήσας,
1779 1414 1841 1450 οὐχὶ

219 1465 284 1485 vero
303 1465 318 1485 a
344 1465 373 1485 se
395 1459 502 1493 quidem
533 1460 602 1487 dicta
624 1460 764 1488 confessus
793 1465 875 1493 esset,
900 1469 952 1488 non
974 1468 1001 1488 eo

1056 1464 1086 1490 δὲ
1098 1463 1136 1495 ὡς
1152 1465 1176 1490 οί
1187 1463 1335 1497 κατήγοροι
1351 1461 1520 1496 ὲξειλήφασι,
1536 1459 1687 1495 συμφώνως
1696 1460 1724 1486 δὲ
1740 1459 1841 1494 μᾶλλον

221 1508 309 1530 tamen
320 1511 410 1537 sensu,
424 1513 476 1539 quo
496 1511 668 1534 accusatores
680 1507 724 1534 illa
738 1508 1001 1541 interpretarentur:

1054 1511 1087 1546 τῇ
1103 1509 1232 1544 καθολικῇ
1246 1507 1404 1543 Ἐκκλησία.
1418 1508 1449 1534 Οἱ
1460 1507 1550 1542 μέντοι
1563 1505 1779 1541 κατηγοροῦντες
1793 1505 1842 1532 αὑ-

220 1553 249 1575 at
261 1555 340 1583 prout
360 1557 420 1576 cum
434 1550 561 1579 Ecclesia:
572 1552 713 1580 catholicae
730 1554 851 1580 doctrina
866 1556 1005 1588 conspira-

220 1597 290 1619 rent.
312 1594 491 1621 Accusatores
511 1601 589 1622 erant
601 1595 734 1630 Neporus,
752 1603 779 1624 et
793 1596 924 1630 Lazarus,
940 1599 1004 1626 Gal-

220 1637 264 1665 lici
291 1639 422 1674 episcopi,
448 1640 516 1676 15a
540 1642 585 1676 qui
616 1643 759 1676 quaestioni
781 1643 815 1670 de
844 1643 888 1670 illo
908 1645 1005 1672 habita:

219 1692 274 1711 non
302 1685 459 1718 interfuere,
482 1688 517 1714 ob
541 1688 653 1715 alterius
672 1696 766 1716 eorum
791 1689 1003 1717 invalctudinem

220 1732 327 1759 veniam
353 1734 464 1766 precati,
491 1740 524 1761 ne
547 1741 578 1761 se
603 1735 742 1762 sisterent.
766 1735 811 1762 Sic
840 1736 1005 1771 Augustinus

221 1777 279 1811 (94)
298 1778 325 1805 in
340 1779 373 1806 iis
389 1786 449 1813 quae
460 1781 493 1807 ad
510 1780 647 1808 Aurelium
661 1780 834 1816 Carthaginis
848 1782 1004 1817 episcopum

220 1823 339 1858 scripsit,
359 1825 460 1852 refert.

255 1867 320 1894 Post
341 1869 427 1896 sancti
447 1870 587 1903 Augustini
606 1875 721 1898 mortem
734 1876 874 1906 ceperunt
894 1872 1004 1907 quidam

220 1912 247 1940 in
263 1912 336 1940 clero
352 1913 462 1948 impium
481 1915 546 1942 illud
564 1916 659 1951 dogma
676 1924 817 1950 asserere;
837 1918 906 1944 male
923 1919 1004 1945 etiam

220 1959 294 1994 loqui
310 1961 343 1988 de
353 1961 518 1997 lAugustlno,
533 1967 614 1997 atque
635 1963 704 1990 adeo
719 1964 846 1992 convitiis
858 1965 1003 1997 incessere,

221 2011 348 2041 tanquam
371 2008 476 2035 arbitrii
498 2008 650 2036 libertatem
686 2010 831 2037 tollendam
857 2011 1004 2039 docuisset.

220 2052 320 2080 Verum
347 2052 500 2081 Celestinus
529 2055 648 2089 pontifex
678 2056 826 2089 Romanus,
846 2057 880 2083 de
911 2062 1006 2084 sancto

220 2098 289 2130 viro,
307 2103 335 2125 et
350 2103 445 2126 contra
457 2107 505 2127 eos
516 2100 560 2134 qui
578 2101 647 2128 hanc
659 2101 784 2129 haeresim
801 2102 1004 2135 resuscitarent,

219 2142 278 2177 ejus
303 2151 358 2171 ora:
379 2146 513 2180 episcopis
535 2147 658 2175 scribens
681 2147 749 2183 (95),
770 2155 896 2175 errorem
919 2156 1006 2184 nuper

1057 1555 1105 1581 τοῦ
1121 1555 1243 1589 Νέπορος
1262 1551 1296 1588 ἦν
1314 1553 1361 1580 καὶ
1377 1552 1502 1588 Λάζαρος
1519 1552 1543 1578 οἱ
1568 1551 1662 1578 Γάλλοι
1685 1551 1840 1582 ἐπίσκοποι,

1058 1601 1083 1627 οἳ
1097 1600 1157 1627 οὐδὲ
1175 1599 1355 1634 παρεγένοντο
1369 1599 1398 1625 ὲν
1420 1600 1453 1634 τῇ
1476 1597 1598 1630 ἐξετάσει
1616 1597 1710 1630 αὐτοῦ,
1732 1597 1776 1624 διὰ
1792 1597 1844 1632 τὴν

1059 1645 1180 1673 κάκωσιν
1199 1644 1314 1680 θατέρου
1328 1643 1418 1670 αὐτῶν
1438 1643 1487 1679 τὴν
1502 1643 1653 1679 παρουσίαν
1668 1643 1844 1679 παραιτησά-

1061 1699 1146 1727 μενοι.
1174 1690 1267 1722 οὕτως
1284 1690 1463 1724 Δύγουστῖνος
1489 1690 1518 1716 ὲν
1537 1690 1595 1722 τοῖς
1620 1680 1690 1725 πρὸς
1707 1689 1844 1725 Αύρήλιον

1059 1737 1104 1764 τὸν
1118 1736 1297 1773 Καρταγὲνης
1311 1736 1404 1763 πάπαν
1420 1735 1555 1768 διέξεισιν.

1095 1871 1137 1908 121
1153 1870 1188 1907 Η]
1197 1870 1273 1898 Μετὰ
1283 1870 1374 1906 μέντοι
1387 1878 1419 1904 γε
1430 1870 1543 1897 θάνατον
1551 1869 1598 1897 τοῦ
1607 1869 1636 1896 ἒν
1642 1869 1729 1904 ἁγίοις
1739 1869 1855 1902 Αὖγουιι

1059 1918 1149 1945 στίνου
1157 1917 1274 1953 ἧρξαντό
1283 1924 1356 1948 τινες
1366 1916 1420 1943 τῶν
1427 1917 1456 1942 ὲν
1462 1915 1500 1951 τῷ
1513 1915 1605 1951 κλήρῳ
1613 1915 1644 1942 τὸ
1657 1915 1706 1950 μὲν
1713 1914 1844 1947 δυσσεϐὲς

1059 1964 1203 2000 κρατύνειν
1209 1964 1310 1998 δόγμα,
1318 1963 1410 1995 κακῶς
1416 1963 1444 1989 δὲ
1450 1963 1512 1997 λέγε
1517 1971 1540 1989 ιν
1547 1962 1726 1996 Δύγουστῖνον
1733 1962 1780 1988 καὶ
1788 1961 1845 1988 δια-

1059 2011 1153 2046 σύρειν
1165 2009 1203 2041 ὡς
1215 2010 1353 2045 ἀναίρεσιν
1365 2009 1412 2036 τοῦ
1426 2008 1598 2042 αύτεξουσίου
1611 2008 1842 2043 εἰσηγησάμενον·

1058 2056 1126 2084 ἀλλὰ
1149 2056 1198 2084 καὶ
1214 2056 1375 2087 Κελεστῖνος
1397 2056 1411 2082 ό
1435 2055 1542 2091 Ῥώμης
1559 2054 1629 2089 ὑπέρ
1643 2063 1673 2081 τι
1696 2054 1744 2081 τού
1769 2053 1844 2080 θείου

1059 2102 1155 2138 ἀνδρὸς
1167 2102 1215 2129 καὶ
1228 2101 1298 2128 κατὰ
1319 2101 1374 2128 τῶν
1389 2100 1585 2128 ἀνακινούντων
1598 2101 1648 2135 τὴν
1664 2100 1771 2135 αἰρεσιν
1785 2100 1844 2131 τοῖς

1059 2148 1200 2185 ἐγχωρίοις
1206 2148 1319 2183 γράφων
1328 2147 1497 2179 ἐπισκόποις,
1504 2146 1553 2182 τὴν
1565 2146 1729 2181 κινουμένην
1738 2145 1844 2180 πλάνην

220 2194 376 2216 revocatum
399 2191 530 2219 cohibuit.
555 2193 622 2220 Cum
640 2195 769 2228 temporis
783 2194 844 2221 dein
860 2202 1001 2230 progressu

1057 2194 1181 2230 ἔστησεν.
1201 2193 1305 2229 Χρόνου
1319 2192 1347 2219 δὲ
1358 2192 1500 2226 παριόντος
1516 2192 1562 2218 καὶ
1573 2191 1627 2218 τῶν
1639 2191 1692 2218 ἀπὸ
1703 2191 1752 2226 τῆς
1768 2191 1845 2226 αἱρέ-

219 2240 301 2262 secta
320 2235 400 2269 hujus
417 2236 540 2264 homines
556 2245 603 2272 per
618 2239 729 2266 haeresis
742 2247 796 2266 suae
807 2239 1001 2274 abjurationem

1059 2248 1128 2271 σεως
1152 2239 1197 2266 διὰ
1211 2239 1242 2265 τὸ
1265 2238 1462 2272 ἀναθεματίσαι
1493 2237 1543 2272 τὴν
1564 2237 1667 2264 οίκείαν
1682 2237 1787 2272 αἵρεσιν
1808 2238 1843 2272 τῇ

219 2280 346 2310 Ecclesiae
358 2283 474 2311 restituti
483 2289 585 2318 essent,
598 2286 694 2312 iterum
708 2286 807 2312 malutn
819 2286 918 2314 abillis
929 2286 1001 2321 prin-

1064 2285 1212 2321 Ἐκκλησία
1234 2282 1472 2319 παραδεχθέντων,
1494 2283 1574 2310 πάλιν
1592 2283 1621 2316 ἐξ
1644 2282 1733 2309 αὐτῶν
1754 2282 1844 2317 ἀρχὴν

219 2327 318 2362 cipium
344 2330 476 2363 sumpsit,
501 2335 531 2357 ut
559 2331 680 2366 Septimo
701 2332 828 2366 episcopo
858 2339 1001 2360 renascens

1057 2331 1192 2366 ὲλάμὸανε
1214 2330 1244 2357 τὸ
1259 2329 1343 2356 κακόν
1357 2337 1363 2343 ·
1380 2329 1447 2355 ἀλλὰ
1466 2329 1600 2363 Σέπτιμος
1620 2327 1769 2359 ἐπίσκοπος
1790 2329 1842 2363 ἀρ-

217 2374 311 2401 eadem
330 2374 399 2407 lues,
425 2380 568 2410 antequam
585 2377 690 2411 longius
715 2381 844 2411 serperet,
865 2377 1001 2405 fueritrc-

1056 2377 1175 2413 χομένης
1189 2376 1239 2411 τῆς
1254 2375 1342 2410 λύμης
1361 2375 1460 2410 ἐπέσχε
1475 2375 1524 2409 τὴν
1538 2374 1624 2409 φορὰν
1633 2395 1640 2407 ,
1651 2373 1760 2409 γράψας
1772 2373 1839 2408 πρὸς

217 2420 365 2455 primenda,
381 2421 452 2449 datis
469 2422 501 2449 ad
517 2423 631 2450 Leonem
648 2423 714 2458 (96);
731 2422 824 2450 Roma
839 2429 893 2450 tum
908 2424 1000 2451 sedem

1055 2424 1158 2451 Λέοντα
1172 2423 1217 2449 τὸν
1249 2421 1358 2457 Ῥώμης
1384 2421 1534 2456 τηνικαῦτα
1562 2419 1760 2455 προεδρεύοντα
1775 2440 1782 2451 ,
1807 2419 1837 2451 ὃς

217 2465 391 2500 apostolicam
401 2471 550 2503 tenentem,
564 2468 674 2501 litteris,
684 2469 728 2503 qui
743 2468 798 2496 Leo
814 2468 926 2496 ferventi
941 2470 1001 2497 zelo

1054 2469 1180 2504 διαπύρῳ
1195 2468 1270 2504 ζήλῳ
1282 2467 1352 2494 κατὰ
1363 2467 1413 2502 τῆς
1427 2466 1585 2498 δυσσεϐείας
1598 2465 1759 2500 ἠγωνίσατο.
1771 2465 1839 2492 Μετ’

849 2527 965 2555 νΑιιιλΕ
986 2527 1190 2556 LECTIONES.

251 2580 272 2596 ⁷⁷
284 2580 366 2608 αὐτοῦ
377 2581 398 2609 Α
421 2591 428 2610 :
448 2582 529 2615 αὐτὸς
556 2592 586 2616 ς.
625 2583 648 2600 ⁷⁵
662 2583 718 2611 ἀλλ’
732 2583 756 2610 όῖ
772 2583 829 2611 ἀλλ’
844 2584 885 2610 ὅτι
905 2583 938 2612 Α.

217 2624 300 2651 σαρες
325 2625 356 2648 ς.

994 2585 1018 2601 "
1038 2584 1193 2620 χαρταγένη
1213 2589 1247 2616 A,
1263 2591 1308 2618 qut
1325 2587 1351 2611 et
1372 2584 1441 2612 infra
1456 2582 1638 2620 χαρταγένης.
1675 2581 1699 2598 ⁸⁹
1711 2581 1842 2609 δεκατέσ-

961 2679 1074 2707 ΝΟΤίΕ.

216 2733 308 2794 Ηὲθὸ)
324 2732 452 2769 Diospoli.
472 2733 503 2761 V.
525 2733 556 2761 Ι).
577 2734 675 2762 Baron.
694 2740 760 2762 tom.
785 2734 816 2767 V,
833 2736 865 2762 ad
881 2743 925 2761 an.
947 2735 997 2762 Ch.

254 2802 310 2838 (94)
329 2802 410 2830 Forte
435 2804 481 2839 lib.
504 2804 541 2831 De
561 2805 640 2839 gestis
658 2803 771 2839 Pelagii,
787 2804 863 2839 cujus
879 2805 934 2839 ipse
946 2811 1001 2831 me-

218 2838 296 2866 Iniuit
321 2839 368 2866 lib.
390 2846 413 2883 ιι⁴
438 2838 638 2874 Ιίειναιτιίιιιψ.
658 2841 684 2867 4.
714 2838 823 2869 Vcrunr
838 2842 859 2867 is
890 2838 1002 2875 putatur

1054 2733 1241 2763 intercidisse.

1091 2770 1145 2804 (95)
1170 2770 1233 2801 Qum
1258 2769 1342 2803 Epist.
1367 2773 1455 2795 exstat
1483 2773 1549 2796 Ioni.
1574 2767 1620 2795 VII
1644 2767 1673 2795 Β.
1697 2767 1840 2802 Augustin.

1091 2806 1147 2839 (illi)
1164 2804 1227 2839 Ejus
1243 2804 1361 2831 numinis
1377 2804 1503 2838 primum.
