1918 3086
57 180 87 211 97
585 178 849 210 BIBLIOTHECA.
865 189 899 195 —-
913 174 1020 205 CODD.
1034 171 1170 203 LV-LVI.
1657 163 1693 194 98

56 238 83 263 οὐ
98 235 167 262 πολὺ
184 236 214 262 δὲ
230 236 312 263 πάλιν
329 235 423 272 ὥσπερ
443 236 577 271 ἀναφύειν
588 236 639 271 τῆς
654 237 758 271 πικρᾶς
775 235 855 271 ῥίζης

915 236 1000 259 :outra
1027 229 1128 264 impios
1152 227 1326 262 depugnavit.
1346 225 1413 253 Post
1438 232 1491 252 non
1515 224 1560 252 diu
1584 229 1694 250 rursum

57 281 290 317 ἀναισχύντουσης
301 301 310 313 ,
323 282 353 308 ὲν
368 283 401 317 τῇ
418 282 515 318 Ῥώμῃ
528 282 601 313 τινὲς
623 282 695 318 ὑπὲρ
708 282 758 318 τῆς
775 281 852 316 αἱρέ-

60 336 128 359 σεως
147 327 404 364 ἐπαρρησιάζοντο·
418 327 487 354 ἀλλὰ
498 327 657 363 Πρόσπερός
672 336 715 359 τις
725 348 733 359 .
749 328 854 363 ἄνθρω-

59 383 108 406 πος
120 375 159 406 ὼς
174 374 286 409 ἀληθῶς
296 375 344 402 τοῦ
361 374 431 402 Θεοῦ
442 395 450 408 ,
463 373 603 406 λισέλλους
616 374 677 402 κατ’
691 374 782 402 αὐτῶν
792 375 853 401 ὲπι-

58 421 183 454 δεδωκιὶις
208 422 325 456 ἀφανεῖς
343 422 449 454 αὐτοὺς
470 422 676 457 ἀπειργάσατο,
689 421 729 448 ἔτι
740 421 854 453 Λέοντος

60 466 105 493 τοῦ
116 467 323 503 προειρημένου
339 470 386 494 τδν
406 468 563 504 Ῥωμαϊκὸν
588 467 683 503 θρόνον
707 467 853 498 ἱθύνοντος.

65 513 284 549 ’Δνεθεματίσθη
297 514 327 540 δὲ
342 514 412 550 αὕτη
426 515 443 550 ἡ
458 514 564 550 αἵρεσις
577 514 625 541 καὶ
637 515 666 541 ὲν
675 515 707 550 τῇ
723 513 855 548 Ἐφεσίων

61 559 127 595 ἁγίᾳ
137 559 250 595 συνόδῳ.
268 559 515 595 Ἀναθεματίξειδὲ
526 561 573 587 καὶ
592 561 718 596 Ἰωάννης
732 561 747 587 ὁ
764 559 856 592 Ἀλεξ-

61 606 189 641 ανδρείας
211 607 240 633 ὲν
256 608 290 642 τῇ
309 607 378 642 πρὸς
389 607 519 634 Γελάσιον
533 607 579 634 τὸν
599 607 709 643 Ῥώμης
723 606 857 642 ἀπολογίᾳ

61 651 91 677 οὗ
107 651 190 685 μόνον
199 651 251 687 τὴν
262 651 435 688 Πελαγιανὴν
451 652 569 688 αἵρεσιν,
581 652 650 680 ἀλλὰ
663 653 710 680 καὶ
723 652 857 687 Πελάγων

62 697 108 723 καὶ
122 697 288 730 Κελέστιον,
317 698 366 725 καὶ
390 697 431 725 ἔτι
464 698 626 732 Ἰουλιανὺν,
651 699 682 731 ὂς
695 699 743 726 καὶ
767 698 858 726 αὐτῶν

63 743 188 779 ἐγνώσθη
202 744 335 780 διάδοχος.

429 873 485 900 NE'

905 278 987 305 veluti
1002 277 1145 309 exsistere,
1170 280 1253 310 atque
1273 274 1366 302 enasci
1383 281 1398 301 e
1416 273 1485 300 mala
1499 271 1590 299 radice
1604 271 1695 305 impu-

904 324 999 352 denter
1014 330 1076 350 cum
1091 321 1228 356 coepisset,
1242 320 1336 348 Romae
1349 320 1432 347 etiam
1444 318 1552 353 quidem
1575 324 1625 351 pro
1639 316 1697 344 hie—

906 370 959 398 resi
985 369 1070 396 libere
1092 368 1175 396 locuti
1192 372 1256 396 sunt
1273 376 1281 401 ;
1298 374 1367 402 quos
1384 366 1511 400 Prosper,
1533 365 1614 393 homo
1631 371 1698 390 sane

905 416 1012 443 divinus
1033 415 1101 450 (97),
1117 415 1216 442 libellis
1231 414 1363 442 adversus
1384 420 1432 440 eos
1449 413 1475 439 in
1492 411 1588 447 vulgus
1605 410 1696 442 editis,

906 461 987 492 facile
1010 461 1167 495 dissipavit,
1192 460 1388 494 exstinxitque.
1411 459 1504 486 Leone
1527 458 1696 487 etiamnum,

906 515 985 542 quem
1007 507 1136 540 diximus,
1158 506 1308 533 Romanam
1326 505 1419 533 sedem
1435 505 1615 540 gubernante.
1631 502 1697 529 Haec

907 553 1001 581 eadem
1036 552 1149 580 haeresis
1172 551 1344 578 anathemate
1368 551 1433 578 item
1461 551 1588 577 damnata
1613 548 1699 576 estin

907 608 985 628 sacra
1000 599 1135 634 Ephesina
1153 600 1268 634 synodo.
1295 597 1439 625 Damnavit
1457 602 1484 625 et
1499 595 1618 623 Joannes
1633 594 1698 622 Ale-

907 645 1058 673 Hndrinus
1071 645 1227 680 episcopus,
1237 644 1263 671 in
1276 644 1406 679 Apologia
1423 643 1456 670 ad
1466 641 1606 670 Gelasium
1626 640 1700 668 urbis

907 691 1074 726 episcopum,
1089 698 1144 717 non
1162 691 1249 718 soluor
1262 689 1434 725 Pelagianam
1451 687 1590 720 haeresim,
1604 694 1700 714 verum

907 737 988 763 etiam
1014 735 1151 771 Pelagium
1175 737 1274 771 ipsum,
1292 740 1375 770 atque
1389 734 1548 767 Celestium,
1570 740 1623 760 una
1639 739 1701 758 cum

907 781 1026 815 Iuliano,
1041 782 1087 817 qui
1103 782 1130 809 in
1143 782 1194 810 hac
1204 781 1272 816 ipsis
1281 787 1356 811 secta
1372 782 1538 810 successisse
1549 778 1702 814 deprehen-

909 835 956 855 sus
973 832 1025 855 est.

1274 873 1334 901 LV.

68 918 207 945 Ἰωάννου
223 918 278 945 τοῦ
294 920 466 947 Φιλοπόνου
488 919 564 947 κατὰ
579 919 634 954 τῆς
650 920 738 954 ἁγίας
748 919 798 947 καὶ
817 921 859 947 ol-

915 919 1026 948 lommes
1062 919 1226 954 Philopomu
1253 926 1276 945 ει
1304 919 1423 946 Joannes
1451 919 1577 954 IEgeales
1608 925 1702 947 contra

206 954 390 988 κουμενικῆς
407 954 552 989 τετάρτης
571 955 716 982 συνόδου.

97 999 273 1036 ’Δνεγνὼσθη
280 1001 406 1028 Ἰωάννου
413 1001 598 1036 τοῦπφιλοπόν
603 1010 650 1034 ου,
660 1001 761 1036 μᾶλλον
766 1002 794 1029 δὲ
801 1003 859 1029 Ma-

67 1048 238 1078 tawzdrou,
247 1047 323 1074 κατὰ
330 1047 387 1082 τῆς
393 1047 479 1082 ἁγίας
486 1048 536 1076 καὶ
541 1049 712 1083 vimper-ur
716 1048 752 1082 ἧς
761 1048 860 1082 τετάρ-

67 1100 115 1125 της
124 1091 273 1122 συν-ὁδου.
283 1092 327 1119 Ἐν
333 1089 374 1124 οἷς
381 1092 493 1129 ὲστιτὴν
503 1093 553 1128 μὲν
561 1093 660 1128 φράσιν
666 1093 758 1128 ὅμοιος
764 1092 859 1129 [48η]

68 1137 155 1172 ἑαυτῷ
165 1158 173 1170 ,
193 1137 276 1164 ὠθεῖν
285 1138 316 1165 δὲ
331 1139 460 1174 πειρᾶται
475 1139 661 1174 ἀναισχύντως
685 1139 735 1175 τὴν
751 1139 860 1166 σύνοδον

67 1184 104 1214 εἰς
117 1184 148 1210 τδ
162 1184 312 1219 Νεπορίου
335 1185 463 1222 φρόνημα
476 1205 484 1217 ,
500 1186 548 1212 καὶ
563 1185 638 1220 λέγει
659 1185 860 1218 καταδέξασθαι

68 1229 114 1264 τὴν
128 1229 239 1257 σύνοδον
253 1231 301 1258 τὸν
316 1231 539 1266 ἁναθεματισμὺν
550 1231 698 1266 Νεστοριου
714 1231 762 1258 ac;
775 1231 859 1266 μηδὲν

75 1275 232 1311 ἡγουμένην
243 1278 284 1308 είς
298 1277 442 1312 ἄνθρωπον
456 1276 620 1313 ἐξαμαρτεῖν
635 1277 801 1313 ὲπιγυρώσει
815 1277 861 1305 δό-

69 1330 186 1356 γμιιτος,
205 1323 220 1350 ὖ
243 1322 294 1349 καὶ
310 1323 393 1355 αὐτὸς
416 1324 432 1350 ὁ
458 1323 622 1359 βαλλόμενος
645 1323 684 1359 τῷ
709 1324 860 1359 ἁναθέματι

69 1369 177 1395 πάντων
191 1368 377 1404 ὑπερετίμα¹¹
395 1369 443 1395 καὶ
457 1369 571 1404 ἔστεργε
585 1389 593 1402 ,
606 1369 723 1404 πρᾶγμα
733 1370 861 1399 πλάττων

70 1413 116 1440 καὶ
141 1413 375 1448 τερατευόμενος,
392 1412 407 1439 ὃ
420 1413 471 1448 τῆς
485 1413 591 1440 ἐκείνου
616 1413 716 1448 φρενὸς
741 1414 789 1441 καὶ
810 1413 861 1448 τῆς

71 1461 236 1495 ἁστηρίκτου
253 1460 370 1495 γνώμης
383 1459 553 1495 καθέστηκεν
565 1459 650 1492 ἄξιον.
677 1459 794 1488 Τοιαῦτα
812 1460 862 1495 μὲν

72 1507 140 1532 κατά
166 1505 269 1541 ταύτης
288 1506 464 1541 ματαιολογεῖ
475 1505 524 1533 καὶ
545 1505 723 1541 Θρασύνεται,
751 1507 779 1532 ‘sv
789 1506 862 1541 τμή-

74 1560 138 1585 μασι
154 1553 184 1580 δὲ
198 1553 333 1587 τέσσαρσι
353 1554 469 1581 ποιεῖται
489 1555 539 1586 τὴν
554 1553 619 1587 ὅλην
635 1553 696 1580 κατ’
707 1553 793 1587 αὐτῆς
807 1561 863 1580 κω-

74 1583 190 1634 μῳδίαν,
211 1583 293 1625 οὐδὲν
321 1598 436 1628 πιθανὸν
451 1598 467 1633 ἢ
481 1583 602 1631 διανοίας
617 1599 704 1633 λέγων
721 1583 862 1634 ἐχόμενον.
877 1583 899 1615 c

106 1688 325 1723 ’Δνεγνὼσθηδὲ
339 1689 368 1715 ὲν
381 1688 421 1723 τῷ
434 1687 508 1723 αὐτῷ
520 1688 569 1715 καὶ
580 1688 704 1716 Ἰωάννου
713 1689 805 1722 ἄλλου,
814 1688 864 1724 τὴν

75 1735 222 1770 θρησκείαν
235 1734 434 1770 Νεστοριανοῦ,
443 1735 525 1761 Κατὰ
537 1733 592 1768 τῆς
608 1734 705 1769 αὐτῆς
721 1734 808 1770 ἁγίας
819 1743 865 1762 τε·

75 1782 181 1815 τάρτης
194 1781 344 1809 συνόδου.
361 1779 446 1813 Οὗτός
460 1783 519 1810 ἐστι
543 1781 558 1807 ὁ
571 1782 717 1817 Δῑγεάτης,
734 1781 866 1817 δυσσεϐὴς

77 1829 138 1862 μὲν,
150 1828 316 1863 καλλιεπείᾳ
329 1827 359 1854 δὲ
374 1827 422 1854 καὶ
437 1827 475 1862 τῷ
488 1828 548 1862 ἡδεῖ
561 1828 632 1862 μετὰ
645 1828 697 1863 τῆς
713 1828 865 1864 σαφηνείας

76 1876 121 1902 καὶ
133 1875 329 1911 λαμπρότητος
345 1873 527 1909 κεχρημένος.

440 1962 514 1997 uq'.

145 2009 337 2044 Θεοδωρήτου
351 2009 451 2044 Κύρου
469 2010 548 2038 κατὰ
561 2009 620 2037 τῶν
639 2010 795 2045 αἱρέσεων.

109 2057 282 2092 ’Δνεγνώσθη
289 2057 379 2084 Θεοδω
383 2057 464 2093 ρήτου
471 2057 564 2093 Κύρου
571 2058 646 2085 κατὰ
656 2057 716 2085 τῶν
723 2057 869 2092 αἰρέσεων

77 2105 129 2131 τῶν
142 2105 197 2131 ἀπὸ
213 2105 340 2140 Σίμωνος
355 2103 518 2140 ἀρξαμένων
533 2105 582 2132 καὶ
599 2105 697 2141 μέχρις
712 2103 750 2133 ὧν
763 2106 868 2138 ἐκεῖνος

78 2151 125 2187 τὴν
137 2151 232 2187 ἀκμὴν
241 2152 391 2187 κατείληφε
402 2151 455 2187 τὴν
469 2151 588 2187 βλάστην
601 2152 867 2188 προϐαλλομένων⁸¹.

35 2227 43 2234 _
80 2198 236 2233 Προσφωνεῖ
253 2197 342 2226 ταῦτα
363 2197 510 2233 Σποραιιίῳ
524 2198 565 2230 είς
581 2197 691 2234 αἴτησιν
702 2198 754 2234 τῆς
771 2198 867 2227 τοιαύο

1164 961 1288 989 quartam
1311 954 1468 988 synodum.‘

944 1000 1042 1028 Lectus
1057 1005 1099 1028 est
1114 1000 1183 1028 liber
1195 999 1310 1027 Joannis
1317 1000 1465 1026 Φιλοπόνου
1477 999 1544 1035 (98),
1555 1005 1601 1026 aut
1613 1000 1705 1034 potius

910 1045 1101 1075 Ματαιοπόνου
1127 1045 1164 1082 [id
1189 1050 1242 1078 est,
1270 1045 1370 1072 laboris
1388 1046 1514 1078 amantis,
1540 1054 1586 1072 seu
1615 1047 1705 1080 potius

910 1090 1056 1128 amantis,]
1072 1091 1204 1118 Adversus
1219 1099 1324 1118 sacram
1338 1096 1362 1118 et
1378 1092 1566 1118 cecumenicam
1580 1097 1704 1126 quartam

910 1137 1050 1173 synodum.
1072 1135 1121 1164 Hic
1138 1136 1208 1172 stylo
1225 1136 1265 1164 sui
1287 1136 1385 1164 similis
1407 1141 1450 1164 est
1467 1135 1534 1171 (99).
1552 1135 1705 1171 [inpingere

911 1190 976 1210 vero
992 1183 1162 1218 impudenter
1176 1188 1293 1210 conatur
1304 1183 1328 1210 ei
1339 1183 1444 1218 synodo
1456 1182 1572 1209 Nestorii
1588 1187 1704 1213 sectam.

911 1233 993 1264 atque
1006 1229 1040 1256 ab
1052 1229 1095 1255 illa
1112 1229 1191 1264 hujus
1203 1228 1460 1256 anathematismum
1477 1233 1615 1263 receptum
1630 1235 1704 1260 esse.

911 1275 983 1312 quod
998 1275 1063 1302 nihil
1085 1283 1115 1302 se
1134 1280 1242 1310 putaret
1255 1276 1281 1302 iu
1304 1275 1443 1302 hominem
1465 1282 1578 1309 peccare
1594 1275 1705 1309 quando

911 1320 1009 1355 dogma
1036 1319 1130 1357 [ejus]'
1145 1321 1296 1348 sanciatur.
1320 1320 1397 1354 Quod
1422 1320 1522 1347 factum
1548 1321 1629 1347 etiam
1648 1320 1706 1355 ipse

913 1366 1080 1393 anathemati
1113 1366 1253 1400 subjectus
1289 1364 1434 1393 Nestorius
1467 1366 1593 1393 omnibus
1625 1367 1707 1393 rebus

913 1415 1069 1445 anteponat,
1094 1411 1268 1446 adametque,
1297 1411 1347 1438 hoc
1373 1412 1489 1446 agendo,
1513 1417 1595 1446 atque
1617 1411 1707 1446 prodi-

913 1458 988 1492 giose
1006 1458 1142 1492 ﬁngendo,
1158 1451 1229 1492 quod
1254 1458 1314 1492 ejus
1330 1458 1467 1492 ingenium
1490 1457 1644 1492 ruentisque
1665 1458 1707 1484 in-

913 1503 1089 1535 stabilitatem
1109 1505 1213 1531 deceat.
1240 1503 1280 1531 Ac
1300 1503 1368 1531 tales
1387 1503 1497 1539 quidem
1520 1503 1565 1531 hic
1590 1504 1708 1539 scriptor

916 1557 1002 1584 nugas
1029 1550 1158 1577 audacter
1174 1550 1316 1585 jactitans,
1332 1556 1449 1585 quatuor
1472 1551 1595 1585 partibus
1621 1555 1706 1578 totam

916 1595 1077 1623 comoediam
1101 1595 1232 1623 adversus
1262 1597 1396 1632 synodum
1421 1596 1558 1629 absolvit,
1584 1604 1614 1624 re
1635 1597 1708 1624 nulla

916 1642 969 1669 [ide
985 1642 1076 1677 digna,
1096 1650 1184 1678 neque
1201 1644 1269 1671 adeo
1283 1650 1356 1670 sana:
1374 1644 1473 1671 mentis
1491 1644 1582 1670 allata.

954 1687 1020 1723 1511
1037 1688 1137 1716 Lectus
1161 1695 1203 1717 est
1228 1688 1255 1715 in
1274 1689 1369 1716 eodem
1393 1689 1531 1716 volumine
1555 1694 1582 1717 et
1597 1688 1712 1716 Joannis

917 1733 1028 1762 alterius
1036 1734 1069 1762 de
1079 1740 1153 1762 secta
1169 1734 1285 1762 Nestorii
1298 1735 1348 1768 (1),
1361 1734 1461 1762 Contra
1473 1735 1593 1762 eamdem
1604 1743 1709 1763 sacram

915 1786 1039 1816 quartam
1056 1782 1186 1817 synodum
1200 1781 1277 1809 liber.
1291 1781 1373 1816 Cujus
1400 1786 1495 1810 auctor
1517 1782 1648 1818 [Egeatus
1665 1782 1712 1811 ille

916 1831 980 1860 est,
1006 1827 1105 1863 impius
1135 1828 1246 1862 quidem
1282 1828 1385 1861 homo,
1412 1833 1539 1855 czeterum
1564 1828 1707 1855 verborum

917 1873 1060 1906 splendore
1079 1881 1111 1902 ac
1126 1873 1270 1906 suavitate,
1296 1881 1356 1901 cum
1378 1875 1570 1910 perspicuitate
1586 1878 1613 1902 et
1627 1874 1711 1902 clari-

917 1922 975 1948 tate
991 1927 1067 1948 usus.

1081 1964 1083 1966 ⁷
1275 1965 1330 1993 LVI
1347 1987 1354 1994 .

1061 2011 1216 2039 Theodoreti
1233 2019 1323 2040 contra
1339 2013 1450 2040 [norem
1464 2013 1524 2041 libri
1540 2022 1565 2041 ν.

953 2058 1052 2086 Lectus
1068 2058 1234 2086 Theodoreti
1259 2059 1373 2094 episropi
1390 2059 1454 2096 Cyri
1468 2060 1533 2088 liber
1548 2065 1640 2089 contra
1656 2060 1711 2089 law—

919 2112 997 2136 reses,
1013 2109 1147 2140 quotquot
1159 2113 1174 2133 a
1190 2105 1304 2134 Simone
1321 2106 1399 2141 Mago
1409 2107 1442 2134 ad
1455 2107 1538 2141 ipsius
1557 2115 1642 2142 usque
1651 2107 1710 2143 jam

918 2152 1107 2179 conﬁrmatam
1128 2156 1237 2180 aetatem
1263 2153 1475 2185 egerminarant.
1506 2153 1616 2182 Dedicat
1638 2155 1710 2183 hunc

919 2197 1051 2232 Sporacio
1063 2198 1210 2233 postulanti
1226 2198 1287 2225 talia
1306 2198 1418 2226 audire:
1431 2203 1458 2226 et
1471 2200 1558 2235 pergit
1578 2208 1660 2234 porro
1675 2201 1709 2228 ad

79 2244 283 2279 τηςγφιληκοῖας
296 2243 474 2274 καταστάντι,
491 2244 663 2279 Κατέρχεται
677 2244 705 2270 δὲ
722 2244 804 2279 μέχρι
814 2244 862 2271 Νε-

918 2242 1084 2275 Nestorium,
1109 2243 1222 2279 ejusque
1241 2244 1383 2278 haeresim,
1400 2246 1477 2280 cujus
1501 2253 1605 2275 meram
1621 2247 1711 2275 fundit

82 2291 185 2325 mpiou
204 2290 254 2317 καὶ
270 2290 320 2326 τῆς
346 2290 479 2325 αἱρέσεως
495 2290 577 2317 αὑτοῦ
589 2310 597 2322 ,
613 2290 732 2325 ἄκρατον
744 2289 754 2326 [
765 2290 800 2317 22
811 2289 867 2326 Η.”ί

81 2336 160 2363 αὐτοῦ
171 2336 315 2371 διαταχέων
323 2335 370 2362 τὸν
380 2335 503 2371 ἔλεγχον.
513 2336 624 2371 Πρόεισι
634 2335 663 2362 δὲ
668 2336 716 2362 καὶ
729 2336 810 2373 μέχρι
819 2336 869 2372 τῆς

83 2382 247 2421 Εὑτυχιανῆς
258 2383 402 2418 αἱρέσεως.
424 2382 468 2409 Ἐν
480 2381 509 2408 δὲ
523 2382 562 2417 τῷ
574 2382 693 2419 πέμπτῳ
705 2382 778 2417 λόγῳ
790 2384 870 2416 (τοσ-

82 2429 149 2456 οῦτοι
166 2429 195 2457 δὲ
207 2429 285 2459 ὄντες
299 2427 330 2454 τὸ
345 2427 449 2463 βιϐλίον
461 2426 648 2462 τυγχάνουσι)
663 2427 718 2455 τῶν
731 2427 811 2454 θείων
822 2427 870 2455 καὶ

83 2475 166 2510 ὀρθῶν
178 2475 325 2510 δογμάτων
337 2474 390 2509 τὴν
404 2473 540 2509 ἐπιτομὴν
547 2473 571 2490 ⁸³
585 2475 615 2501 ὲν
629 2473 781 2509 παραθέσει
794 2483 870 2510 ποιη-

84 2523 196 2558 σάμενος
206 2522 276 2556 πρὸς
291 2519 341 2552 τὰς
356 2519 499 2554 αἱρετικάς
515 2519 673 2554 ἀδολεσχίας
683 2520 730 2553 ,τὸ
744 2519 867 2555 ἀσύγχυ-

83 2570 152 2596 τονΜ
168 2568 255 2603 αὐτῆς
271 2567 322 2594 καὶ
337 2566 457 2602 καθαρὸν
467 2565 634 2592 ἐπιδεικνύει
649 2566 695 2592 καὶ
705 2566 867 2602 ἀμώμητον.

85 2616 158 2643 Ἐστι
171 2616 200 2643 δὲ
213 2615 264 2651 τὴν
290 2613 392 2650 φράσιν
404 2612 494 2648 σαφὴς
506 2612 554 2639 καὶ
568 2612 726 2648 ἁπέριττος.

917 2290 1157 2326 reprehensionem
1182 2299 1190 2323 ;
1215 2291 1248 2318 ad
1274 2292 1361 2326 ipsam
1385 2300 1492 2327 quoque
1511 2293 1709 2330 Eutycbianam

918 2337 1044 2365 baresim
1056 2336 1242 2371 progrediens.
1258 2336 1284 2364 In
1297 2337 1390 2371 quinto
1408 2345 1471 2366 vero
1486 2339 1555 2366 libro
1569 2338 1621 2374 (tot
1637 2341 1710 2368 enim

919 2384 1003 2413 hocce
1031 2383 1183 2411 coniiciunt
1210 2384 1305 2419 opus)
1335 2384 1487 2412 divinorum
1518 2390 1711 2421 rectorumqne

918 2431 1074 2465 dogmatum
1102 2430 1222 2464 epitome
1239 2437 1288 2466 per
1303 2431 1534 2466 comparationem
1550 2439 1612 2459 cum
1625 2433 1711 2460 luere-

920 2477 1037 2504 ticornm
1047 2476 1144 2503 fabulis
1157 2476 1238 2508 iacta,
1259 2483 1338 2510 quam
1354 2483 1407 2504 non
1421 2477 1564 2504 confusum
1575 2485 1631 2513 pra;
1648 2478 1710 2511 illis,

922 2522 970 2550 sed
993 2522 1152 2554 sincerum.
1179 2527 1261 2556 atque
1285 2522 1523 2556 irreprehensibile
1546 2524 1710 2552 catholicum

923 2569 1018 2603 dogma
1042 2569 1092 2600 sit,
1107 2568 1293 2596 demonstrat.
1327 2568 1421 2604 Stylus
1441 2569 1504 2597 huic
1535 2571 1711 2605 perspicuus,

923 2614 1087 2649 minimeque
1102 2614 1267 2643 redundans.

720 2668 839 2696 VARIE
866 2668 1070 2699 LECTIONES.

115 2720 136 2736 "
162 2719 315 2756 paparium
329 2727 360 2752 ς.
373 2717 501 2756 πράττων
514 2726 546 2750 ς.
583 2717 608 2735 ³¹
620 2717 711 2745 malim
727 2717 953 2754 προϐαλομένων,
995 2718 1019 2734 ⁸³
1035 2719 1183 2756 επιστολὴν
1202 2726 1275 2748 corr.
1289 2718 1310 2746 Δ
1325 2728 1332 2746 :
1345 2719 1368 2746 δ’
1383 2719 1517 2756 ἐπιτομὴν
1527 2728 1558 2753 ς.
1590 2719 1614 2736 ³⁸
1625 2718 1711 2754 ἀσύγο

843 2795 962 2824 ΝΟΤίΕ.

86 2755 172 2791 χυτονῖ
186 2754 355 2790 ἀσύγκριτον
366 2754 399 2780 Δ.

89 2889 108 2912 Δ
120 2852 172 2886 (ΞΠ)
196 2852 333 2885 Quatuor,
350 2856 421 2885 quos
447 2848 533 2877 habes
548 2851 672 2876 extremo
685 2851 751 2876 tom.
769 2846 814 2877 Vll
839 2846 871 2875 Β.

109 2895 150 2912 “ll.

109 2895 150 2920 ug.

121 2918 174 2956 (98)
189 2922 307 2950 Consule
327 2921 359 2948 D.
373 2920 473 2947 Baron.
498 2923 564 2947 tom.
584 2918 606 2946 V
619 2918 716 2945 Annal.

960 2847 1017 2882 (99)
1027 2847 1144 2876 Consule
1159 2849 1190 2876 D.
1209 2849 1306 2878 Baron.
1326 2856 1392 2880 tom.
1408 2851 1440 2879 ιν
1459 2850 1556 2878 Annal.

961 2885 999 2918 (Ι)
1013 2884 1133 2912 Meminit
1147 2892 1207 2920 sup.
1225 2888 1285 2914 cod.
1305 2887 1348 2914 Η.
