1918 3086
149 127 180 160 ’11
731 125 865 155 ΡῙΙΟΤΙΙ
885 125 943 154 ΡΑἹ

1002 124 1138 154 A‘RCH/E
1159 125 1213 155 ΟΡ.
1741 121 1777 153 72

151 191 238 218 neque
258 182 335 210 valde
353 182 526 218 perspicuus.
542 181 660 217 Fugiens
676 189 750 214 vero,
766 187 897 216 quantum
912 181 939 208 in

997 180 1052 207 zl'rrs
1068 180 1130 208 λίαν
1144 181 1244 216 σαφὴς,
1263 179 1373 215 φεύγων
1385 180 1413 207 δὲ
1424 180 1471 207 τὸν
1494 179 1607 207 δυνατὸν
1627 178 1702 214 αὖτῷ
1714 179 1778 214 τρό-

152 230 210 264 ipso
230 232 282 262 est,
299 228 453 264 allegorias,
467 231 494 255 et
523 227 697 256 historiarum
711 227 841 255 duntaxat
856 234 939 262 expoo

150 275 276 302 sitionem
304 279 436 306 tractans,
452 273 543 309 putide
574 273 655 301 nimis
678 274 771 301 eadem
793 273 938 300 idemidem

151 321 297 354 repetit,et
313 320 436 355 ingratus
453 324 535 354 atque
546 319 703 347 fastidiosus
716 319 813 355 legenti
829 319 937 347 accidit.

153 366 223 398 Quin
251 370 277 392 et
304 365 420 393 Nestorii
451 366 626 397 sententiam,
657 365 781 401 quamvis
798 365 844 393 illo
865 365 940 401 prior

151 410 242 442 fuerit,
263 411 346 438 tacite
366 411 459 438 vomit.
487 411 537 440 llic
564 416 604 439 est
630 411 791 440 Theodorus
813 412 857 440 ille
883 412 940 439 Mo-

149 457 286 489 psuestize,
298 464 312 483 ο
329 464 383 491 quo
402 465 590 491 saepenumero
617 458 796 494 constat,(56)
809 457 938 485 Joannem

149 500 333 537 Phi-loponum
354 502 394 538 (ut
411 502 525 537 ipsemet
550 503 659 538 fatetur)
693 503 825 530 rationem
849 503 940 537 hujus.

151 549 223 575 modi
250 547 482 581 interpretationis
499 547 569 574 bona
584 547 637 574 fide
661 554 692 575 ac
714 547 785 575 serio
805 547 938 583 exegisse,

152 595 178 622 in
194 601 245 621 suo
256 592 293 620 De
310 593 430 620 universi
447 593 585 620 creatione
598 599 689 628 opere.

478 638 600 666 XXXIX.

345 682 475 710 Eusebius
489 688 582 710 contra
597 683 759 711 Hieroclem.

189 762 270 790 Lecta
282 769 324 790 est
340 761 448 790 Eusebii
472 761 606 797 Pamphili
619 762 771 797 Confutatio
783 763 867 790 brevis
883 763 939 798 (57)

152 809 284 836 libroruin
297 807 431 835 Hieroclis
441 808 475 835 de
493 807 636 843 Apollonio
650 807 770 843 Tyaneo.

509 908 566 936 XL.

208 953 380 988 Philostorgii
398 952 596 980 Ecclesiastica
614 951 739 980 Historia
751 952 813 980 libri
829 961 879 981 xit.

189 999 273 1026 Lecta
289 1003 332 1026 est
346 998 520 1032 Philoslorgii
539 996 595 1032 (58)
613 997 707 1025 Ariani
723 998 804 1025 veluti
821 997 942 1026 Historia

156 1046 352 1073 Εεοίσεὶαιιὶεα.
368 1045 465 1072 Narrat
477 1045 534 1072 fere
555 1045 689 1072 contraria
706 1046 833 1074 omnibus
854 1046 942 1074 eccle-

153 1091 272 1119 slasticis
301 1090 450 1122 historicis,
472 1089 596 1117 laudibus
618 1090 760 1123 extollens,
777 1099 846 1127 quos
869 1092 943 1119 novit

154 1137 309 1164 Arianismo
325 1135 450 1168 infectos,
464 1139 492 1162 et
507 1135 636 1163 conviciis
650 1135 817 1164 orthodoxos
831 1137 943 1171 perfun-

155 1183 222 1209 dens
239 1191 247 1209 :
262 1186 367 1209 utesse
390 1181 442 1208 hoc
461 1180 521 1216 ejus
544 1188 613 1215 opus
633 1188 687 1208 non
705 1186 758 1208 tam
774 1182 887 1209 historia
904 1182 945 1209 vi—

157 1229 263 1260 deatur,
280 1235 360 1261 quam
385 1227 574 1254 haereticorum
592 1227 722 1260 laudatio,
739 1235 799 1255 cum
825 1229 894 1255 nuda
917 1233 946 1256 et

157 1281 232 1301 mera
256 1273 457 1308 vituperatione
481 1277 564 1307 atque
592 1273 765 1300 accusatione
791 1273 945 1301 Catholico—

158 1327 229 1348 rum.
249 1319 343 1355 Stylus
365 1319 404 1346 illi
429 1320 574 1354 comptior,
589 1323 616 1347 et
640 1320 754 1354 poeticis
776 1319 834 1347 sine
856 1320 944 1351 taedio.

157 1365 323 1399 minimeque
348 1364 462 1399 ingratis
483 1365 594 1392 vocibus
615 1365 710 1392 utitur.
732 1363 813 1400 Tropi
840 1372 948 1400 quoque

161 1417 193 1436 ac
224 1410 305 1436 verba
326 1409 519 1444 signiﬁcantia,
554 1409 668 1444 gratiam
692 1409 743 1443 ipsi
767 1417 829 1437 cum
848 1410 946 1444 jucun-

157 1456 242 1482 ditate
258 1455 404 1482 conciliant
421 1463 428 1482 :
447 1455 498 1482 nisi
514 1455 585 1489 quod
602 1455 736 1482 interdum
753 1460 854 1483 temere
869 1455 946 1491 ipsis,

158 1499 200 1527 vel
216 1500 330 1527 nimium
345 1500 459 1528 detortis
477 1500 586 1532 utendo,
603 1499 630 1528 iu
649 1499 775 1536 frigidum
795 1505 823 1528 et
844 1501 947 1536 impor-

992 235 1042 253 πον
1064 227 1115 258 τὰς
1141 227 1317 262 ἀλληγορίας,
1347 227 1395 252 καὶ
1422 226 1494 253 κατὰ
1517 226 1567 262 τὴν
1595 225 1716 261 ἱστορίαν
1730 225 1778 261 τὴν

991 272 1141 308 ἑρμηνείαν
1171 273 1343 307 ποιούμενος.
1369 272 1534 306 Ταυτολογεῖ
1548 271 1577 298 δὲ
1592 271 1627 298 τὰ
1652 271 1779 299 πλεῖστα.

992 319 1039 345 καὶ
1053 318 1151 354 ἄχαρίς
1166 327 1224 350 πως
1239 318 1285 345 καὶ
1303 318 1388 354 ἀηδὴς
1410 316 1480 346 εἶναι
1504 319 1588 350 δοκεῖ,
1604 318 1673 345 ἀλλὰ
1686 319 1734 345 καὶ
1750 318 1780 344 τδ

992 363 1139 399 Νεστορίου
1159 364 1257 399 δόγμα,
1270 364 1295 390 εί
1308 364 1356 390 καὶ
1374 364 1428 400 πρὸ
1455 364 1604 399 Νεστορίου
1643 363 1778 399 ὑπῆρχεν,

993 410 1226 445 ὑπερευγόμενος.
1250 406 1335 441 Οὗτος
1348 409 1377 436 δέ
1402 411 1476 436 ἐστιν
1490 411 1504 437 ό
1518 410 1720 444 Μοψουεσ-ιίας,
1748 410 1779 437 ὃν

991 456 1040 482 καὶ
1054 456 1187 488 πλείστας
1210 455 1327 487 εὐθύνας
1345 455 1472 492 Ἰωάννης
1483 457 1498 483 ὁ
1510 456 1666 488 Φιλόπονος,
1680 455 1716 487 ὡς
1730 456 1780 483 αὑ-

991 502 1037 534 τός
1051 510 1129 537 φησι,
1155 503 1205 537 τῆς
1228 502 1358 538 τοιαύτης
1371 502 1521 538 ἑρμηνείας
1537 503 1567 529 ἐν
1581 502 1673 537 οίκείῳ
1688 502 1728 538 τῷ
1738 503 1780 533 είς

991 549 1041 585 τὴν
1059 549 1148 576 κτίσιν
1174 549 1312 584 πονήματι
1324 548 1432 584 ἐδείχθη
1449 548 1602 579 σπουδαίως
1616 548 1779 581 είσπραττό-

993 603 1084 630 μενος.

1337 641 1400 669 AO’.

998 687 1152 715 Ἐυσεϐίου
1167 687 1220 714 τοῦ
1239 687 1397 721 Παμφίλου
1416 687 1491 720 πρὸς
1505 684 1577 719 τοὺς
1592 686 1668 720 ὑπὲρ
1682 686 1781 713 Ἀπολ-

1056 723 1168 750 λωνίου
1179 722 1233 749 τοῦ
1249 722 1381 754 Τυανέως
1403 722 1581 755 Ἱεροκλέους
1592 722 1712 756 λόγους.

1033 767 1203 804 Ἀνεγνώσθη
1219 768 1348 794 Εὐσεὸίου
1357 767 1404 795 τοῦ
1420 767 1565 802 Παμφίλου
1579 767 1778 794 ἀνασκευαστι-

992 813 1040 840 κδν
1066 813 1231 849 βιῦλιδάριον
1258 813 1327 848 πρὸς
1352 813 1416 845 τοὺς
1437 813 1509 849 ὑπὲρ
1531 812 1710 840 ’Δπολλωνίου
1734 811 1781 839 τοῦ

960 867 982 895 Β
997 859 1124 892 Τυανέως
1145 859 1310 895 Ἱεροκλέους
1319 859 1342 876 ⁸⁸
1357 859 1463 894 λόγους.

1354 905 1400 932 Μ’.

1099 950 1478 985 Φιλοστοργίουᾊρειανοῦ
1498 950 1674 985 ’Ῑστορικόν.

1026 997 1196 1032 Ἀνεγνώσθη
1207 997 1253 1033 [25
1260 995 1305 1032 IL]
1313 995 1656 1031 Φιλοστοργίου,’Δρειανοῦ
1663 996 1711 1031 τὴν
1720 996 1783 1032 θρη-

993 1045 1096 1077 σκείαν,
1108 1044 1146 1075 ὡς
1162 1044 1241 1078 δῆθεν
1250 1042 1507 1077 Ἐκκλησιαστικὴ
1524 1042 1660 1077 Ἱστορία.
1670 1042 1782 1077 Ἱστορεῖ

993 1089 1021 1117 δὲ
1033 1089 1163 1116 τάναντία
1169 1088 1262 1124 σχεδον
1272 1089 1357 1115 ἅπασι
1367 1089 1424 1119 τοῖς
1435 1088 1672 1123 ἐκκλησιαστικαῖς
1684 1089 1782 1123 ἱστορι-

994 1137 1063 1166 κοῖς.
1076 1135 1264 1171 Ἐξαίρειτοὺς
1277 1134 1493 1171 ’Δρειανίζοντας
1500 1135 1782 1171 ἆπαντας,λοιδορίαις

997 1180 1094 1207 πλύνει
1104 1182 1166 1213 τοὺς
1180 1181 1346 1216 όρθοδόξους,
1360 1181 1398 1213 ὡς
1410 1178 1482 1207 εῖναι
1496 1180 1545 1216 τὴν
1560 1181 1682 1217 ἱστορίαν
1699 1181 1781 1208 αὐτοῦ

1000 1227 1038 1262 μὴ
1054 1227 1175 1262 ἱστορίαν
1191 1226 1301 1262 μᾶλλον,
1318 1226 1376 1254 ἀλλ’
1388 1227 1525 1262 ἐγκώμιον
1543 1227 1594 1262 μὲν
1609 1227 1664 1254 τῶν
1679 1228 1783 1263 αἱρετι-

995 1272 1062 1305 κῶν,
1071 1272 1155 1307 ψόγον
1170 1271 1200 1298 δὲ
1212 1272 1316 1306 γυμνὸν
1327 1273 1374 1299 καὶ
1382 1273 1549 1308 κατηγορίαν
1558 1273 1612 1299 τῶν
1623 1273 1781 1308 όρθοδόξων.

998 1318 1075 1345 Ἔστι
1088 1317 1116 1344 δὲ
1128 1317 1177 1352 τὴν
1194 1318 1294 1353 φράσιν
1309 1316 1351 1353 [Η
1369 1317 1414 1353 11.]
1431 1317 1536 1353 κομψὸς
1551 1319 1600 1344 καὶ
1615 1319 1782 1353 ποιητικαῖς,

996 1364 1054 1392 ἀλλ’
1069 1364 1100 1391 οὐ
1125 1364 1286 1399 κατακόρως
1302 1364 1357 1390 οὐδ’
1380 1363 1521 1399 ἀχαρίτοις
1530 1363 1552 1379 ⁸⁷
1567 1363 1655 1396 λέξεσι
1680 1371 1783 1398 κεχρη-

998 1411 1088 1446 μένος.
1116 1411 1171 1437 Καὶ
1183 1411 1200 1445 ἡ
1214 1410 1304 1446 τροπὴ
1318 1409 1348 1436 δὲ
1380 1409 1456 1445 αὐτῷ
1483 1409 1523 1445 τῷ
1543 1409 1687 1445 ὲμφατικῷ
1698 1410 1720 1426 ⁸⁸
1733 1409 1784 1444 τὴν

997 1458 1077 1492 χάριν
1094 1456 1163 1491 μετὰ
1177 1455 1224 1483 τοῦ
1240 1455 1318 1491 ἡδέος
1331 1455 1474 1490 ἐφέλκεται
1487 1461 1495 1469 ·
1510 1454 1580 1490 πλὴν
1595 1455 1680 1482 ἐνίοτε
1691 1463 1784 1490 παρα-

998 1502 1084 1534 ϐόλως
1111 1503 1206 1534 αὑταῖς
1223 1502 1271 1529 καὶ
1297 1501 1423 1528 πλεῖστον
1446 1501 1704 1537 ἀποτετραμμέναις
1716 1501 1786 1536 χρώ·

159 1552 253 1573 tunum
271 1553 425 1573 sermonem
443 1546 548 1574 incidit.
563 1545 681 1574 Ornatur
697 1546 732 1574 ab
746 1554 779 1574 eo
796 1546 840 1582 εί)
872 1548 943 1576 varie

998 1556 1079 1583 μενος
1103 1548 1143 1580 είς
1169 1547 1334 1583 ψυχολογίαν
1355 1547 1404 1574 καὶ
1433 1546 1624 1582 ἀκαιρολογίαν
1643 1546 1783 1574 ἐκπίπτει.

157 1592 258 1624 oratio.
278 1592 320 1619 vel
339 1592 372 1620 ad
389 1592 559 1625 satietatem;
584 1593 621 1620 ita
644 1597 674 1620 ut
696 1593 722 1620 in
739 1593 943 1628 obscuritatem,

997 1593 1195 1629 Περιὸέὸληται
1205 1593 1234 1619 δὲ
1248 1592 1322 1627 αὑτῷ
1338 1592 1466 1623 ποικίλως
1480 1592 1495 1618 ό
1507 1591 1584 1626 λόγος
1596 1591 1643 1618 καὶ
1659 1592 1688 1618 ἐν
1699 1593 1782 1627 κόρῳ,

159 1645 210 1665 nec
223 1644 284 1664 eam
298 1645 406 1672 semper
419 1644 535 1674 gratam,
553 1638 660 1667 occulte
678 1639 802 1666 trahatur
817 1639 923 1667 auditor
936 1645 943 1666 :

997 1639 1033 1671 ὡς
1047 1640 1088 1671 είς
1104 1639 1135 1666 τὸ
1150 1638 1256 1673 ἀσαφὲς
1289 1637 1337 1665 καὶ
1350 1637 1402 1665 οὐκ
1416 1637 1461 1664 ἀελ
1473 1637 1569 1673 χαρίεν
1581 1637 1626 1664 τὸν
1645 1637 1784 1674 ἀκροατὴν

158 1685 186 1711 in
202 1684 348 1719 multisque
367 1692 421 1712 non
448 1685 633 1712 incommodas
647 1685 767 1719 loquitur
785 1685 943 1713 sententias.

997 1683 1191 1719 ὑποσύρεσθαι.
1209 1683 1253 1713 Ἐν
1270 1682 1377 1714 πολλοῖς
1387 1682 1474 1710 δὲκαὶ
1486 1682 1594 1714 οἰκείως
1605 1682 1783 1719 γνωμολογεῖ.

159 1729 257 1765 lucipit
273 1734 364 1757 autem
385 1730 419 1758 ab
439 1730 497 1758 Arii
516 1731 607 1758 studio
627 1731 654 1757 in
674 1730 845 1758 heresim-ac
859 1731 943 1765 primo

1001 1730 1155 1766 Ἰστορεῖδὲ
1173 1730 1208 1757 τὰ
1219 1729 1274 1757 ἀπὺ
1299 1730 1349 1765 τῆς
1367 1728 1472 1764 ’Δρείου
1498 1729 1563 1764 περὶ
1595 1729 1645 1764 τὴν
1675 1729 1784 1764 αἰρεσιν

160 1775 277 1810 incepto,
307 1783 393 1810 usque
415 1775 449 1803 ad
474 1775 544 1803 Aetii
571 1775 628 1812 (59)
651 1775 803 1811 impiissimi
830 1776 943 1804 hominis

997 1776 1115 1811 σπουδῆς
1126 1784 1156 1802 τε
1170 1776 1217 1802 καὶ
1248 1775 1408 1811 κατάρξεως
1434 1775 1515 1810 μέχρι
1531 1774 1583 1809 τῆς
1605 1775 1709 1801 Ἀετίου
1734 1773 1784 1801 τοῦ

160 1821 370 1849 revocationem.
395 1821 490 1849 Aetius
507 1821 551 1850 hic
566 1822 600 1849 ab
616 1822 753 1857 ipsisiuna
767 1822 943 1850 sentientibus

998 1820 1212 1847 δυσσεϐεστάτου
1240 1820 1428 1855 ἀνακλήσεως.
1457 1817 1542 1851 Οὗτος
1556 1819 1585 1846 δὲ
1604 1820 1707 1851 ’Δάτιος
1718 1828 1775 1854 παρ

161 1866 310 1900 haereticis,
326 1867 397 1901 quod
425 1867 484 1895 illos
508 1867 647 1902 impietate
671 1872 812 1903 superaret
833 1867 874 1903 (ut
890 1868 943 1903 ipse

998 1866 1090 1893 αὐτῶν
1121 1866 1172 1901 μὲν
1200 1866 1255 1893 τῶν
1282 1865 1512 1901 συναιρεσιωτῶν,
1543 1865 1628 1893 διὰτὸ
1642 1866 1786 1897 κάκείνους

159 1910 358 1946 Philostorgius
385 1911 428 1939 vel
455 1912 556 1939 invitus
585 1911 680 1947 refert)
704 1912 858 1940 ministerio
881 1913 943 1941 sub—

998 1910 1201 1946 ὗπερὸαλέσθαι
1217 1911 1239 1927 ³³
1257 1912 1291 1946 τῇ
1314 1910 1470 1945 δυσσεϐείᾳ.
1489 1911 1528 1942 ὡς
1542 1910 1623 1942 αὐτὸς
1644 1907 1721 1942 οὗτος
1736 1910 1786 1937 καὶ

161 1961 260 1989 motus,
272 1962 365 1991 postea
378 1957 411 1984 ab
424 1957 582 1992 impiissimo
596 1955 705 1985 Juliano
716 1957 879 1993 imperatore
890 1958 943 1994 (60}

999 1957 1037 1992 μὴ
1049 1956 1210 1992 βουλόμενος
1225 1956 1338 1991 ἱστορεῖ,
1349 1956 1398 1990 τῆς
1412 1955 1550 1988 διακονίας
1567 1955 1718 1991 καθῃρέθη,
1731 1955 1785 1983 ὑπὸ

162 2006 315 2034 revocatus,
332 2001 541 2036 humaniterth
557 2008 685 2038 acceptus
698 2009 750 2032 est.
765 2004 800 2033 Et
815 2005 871 2032 hac
888 2004 943 2040 qui-

997 2002 1026 2029 δὲ
1040 2003 1087 2029 τοῦ
1101 2002 1315 2029 δυσσεϐεστὰτου
1338 2002 1485 2029 Ἰουλιανοῦ
1520 2002 1654 2037 ἀνεκλήθη
1683 2010 1712 2029 τε
1739 2003 1785 2028 καὶ

161 2046 221 2073 dem
243 2046 329 2081 ipsius
346 2047 459 2074 historia
476 2054 529 2075 uno
545 2047 683 2075 volumine
703 2056 751 2076 sex
772 2049 856 2077 libros
874 2056 943 2076 comi

998 2048 1168 2084 φιλοφρόνως
1180 2047 1322 2081 ὲδεξιώθη.
1341 2048 1397 2074 Καὶ
1414 2048 1431 2083 ἡ
1457 2048 1507 2082 μὲν
1524 2048 1628 2083 ἱστορία
1652 2047 1734 2074 αὑτοῦ
1750 2048 1784 2074 δι’

161 2092 253 2127 plexa,
279 2093 312 2119 ad
340 2092 392 2120 hoc
422 2101 507 2128 usque
535 2097 641 2129 tempus
675 2095 856 2130 progreditur.
889 2095 943 2129 lpst

998 2094 1057 2125 ἑνὸς
1069 2093 1184 2129 βιϐλίου,
1201 2094 1294 2129 τόμοις
1309 2093 1339 2126 ἐξ
1353 2093 1597 2130 συμπληρουμένη,
1610 2094 1690 2130 μέχρι
1709 2093 1785 2122 τοῦδε

170 2145 235 2164 vero
253 2138 369 2171 scriptor
385 2138 499 2166 mendax
514 2144 566 2171 est,
590 2144 618 2166 et
631 2138 729 2167 fabulis
742 2140 852 2167 minime
865 2139 949 2167 absti-

162 2190 244 2215 nens,
262 2184 444 2218 prmdicatque
459 2185 588 2213 doctrinae
611 2186 728 2213 maxime
745 2193 825 2213 causa
840 2186 946 2213 Aetium

162 2234 189 2255 et
215 2229 395 2263 Eunomium,
427 2230 504 2264 quasi
537 2231 587 2258 soli
620 2235 811 2266 repurgassent
839 2231 948 2265 pietatis

162 2278 289 2311 dogmata
324 2281 448 2312 tempore
478 2279 679 2311 contaminata,
711 2278 862 2315 prodigiose
894 2279 946 2307 hoc

161 2324 247 2358 ipsum
271 2323 427 2352 mentiendo
444 2331 451 2350 :
468 2324 607 2358 signorum
631 2329 733 2358 autem,
749 2330 778 2353 et
800 2325 862 2352 vitae
885 2333 946 2360 gra-

998 2140 1107 2175 πρόεισι
1139 2140 1186 2167 τοῦ
1217 2140 1324 2175 χρόνου.
1360 2140 1438 2166 Ἔστι
1465 2140 1494 2167 δὲ
1513 2141 1546 2167 ό¹
1565 2141 1635 2176 ἀνὴρ
1655 2139 1782 2175 ψευδολό-

999 2194 1047 2220 γος
1063 2195 1093 2212 τε
1117 2187 1165 2213 καὶ
1192 2186 1253 2212 οὐδὲ
1282 2185 1444 2221 μυθολογίας
1469 2187 1650 2222 ἀπεχόμενος.
1668 2186 1785 2222 Ἐξαίρει

999 2232 1028 2259 δὲ
1046 2233 1075 2259 ὲν
1093 2232 1142 2267 μὲν
1155 2232 1243 2266 λόγοις
1270 2232 1388 2268 μάλιστα
1402 2233 1504 2260 ’Δέτιον
1519 2234 1566 2260 καὶ
1577 2233 1717 2268 Εὐνόμιον,
1736 2233 1785 2268 μό-

999 2286 1061 2310 νους
1098 2277 1270 2313 ἀνακαθᾶραι
1297 2277 1331 2304 τὰ
1362 2279 1413 2314 τῆς
1436 2278 1578 2309 εὐσεϐείας
1599 2278 1721 2313 δόγματα
1745 2277 1784 2312 τῷ

997 2325 1086 2361 χρόνῳ
1112 2325 1327 2360 συγκεχωσμένα
1351 2325 1562 2361 τερατευόμενος
1580 2326 1609 2353 ὲν
1632 2324 1784 2360 τεραστίοις

801 2391 916 2420 VARIE
933 2392 1136 2422 LECTIONES.

192 2452 216 2468 "
231 2452 291 2479 libri
305 2451 460 2488 ίεροκλέως.
498 2451 521 2468 ⁸⁷
534 2450 626 2478 malitn
641 2451 788 2486 ἀχαρίτως.
827 2451 850 2468 ’³
870 2452 1025 2488 ὲκφαντικῷ
1045 2460 1116 2480 corr.
1133 2453 1164 2480 Δ.
1202 2455 1225 2470 θ’
1239 2452 1454 2489 ὑπερϐάλλεσθαι
1469 2460 1500 2484 ς.
1538 2451 1547 2467 ¹
1562 2451 1577 2477 ὸ
1591 2449 1668 2477 libris
1683 2449 1769 2476 deest.

916 2509 1029 2538 ΝΟΤιΕ.

195 2570 251 2604 (56)
262 2569 314 2597 lnl‘.
331 2570 391 2598 cod.
408 2569 500 2597 xuii.

197 2606 253 2641 (57)
267 2607 434 2641 Septemreos
452 2606 535 2633 fuisse
559 2605 686 2640 colligere
704 2604 777 2641 licet
794 2612 827 2632 ex
855 2604 945 2641 libello

161 2639 280 2673 Eusebii,
291 2640 336 2674 qui
345 2640 432 2667 adhuc
446 2645 580 2674 superest,
592 2639 643 2667 hac
656 2639 833 2674 inscriptione
851 2649 857 2667 :
871 2650 879 2666 ι
891 2640 945 2666 Eu-

160 2676 227 2703 sebii
241 2674 374 2709 Pamphili
393 2674 526 2710 gestire-.1:
548 2675 630 2710 episc.
655 2675 804 2702 confutatio
832 2675 946 2709 scripto-

161 2710 378 2751 rum_llieroclis,
392 2708 530 2745 Tyaneuni
553 2708 660 2737 Christo
683 2709 823 2737 Servatori
841 2708 948 2744 compa-

162 2751 256 2773 rutills.
272 2755 282 2771 ι

198 2780 252 2815 (58)
269 2779 391 2807 Meminit
407 2778 463 2813 ejus
479 2779 576 2806 Suidas
594 2780 620 2807 in
636 2779 750 2807 Leontio
764 2778 940 2815 Tripolitano,

162 2814 247 2841 allata
266 2821 293 2843 et
319 2815 475 2843 narratione
500 2816 616 2848 quadam
642 2822 675 2842 ex
698 2815 747 2842 hac
770 2814 941 2849 Philostorgii

163 2849 288 2882 historia;
303 2857 463 2884 rursumque
478 2850 504 2877 in
517 2850 650 2885 Phlegoue
660 2849 812 2883 Tralliauo;
825 2848 938 2883 Niceph.

997 2569 1101 2597 Callisl.
1121 2569 1169 2598 lib.
1191 2577 1253 2608 i,-c.
1271 2569 1414 2608 init.,_Deo
1433 2569 1545 2608 inuisum
1565 2567 1699 2608 nominat,
1713 2564 1785 2608 reciw

998 2610 1143 2667 tatquggerx
1169 2601 1265 2632 eodem
1291 2605 1324 2631 de
1347 2605 1479 2632 Eunomio
1499 2603 1622 2639 quaedam
1647 2601 1715 2628 libro
1733 2607 1784 2633 Ill,

998 2647 1056 2667 tan.
1074 2660 1088 2666 -
1132 2648 1170 2667 In.

997 2647 1056 2668 (an.
1072 2647 1107 2667 ἐν
1123 2647 1170 2667 IIII.

1031 2647 1056 2673 p.
1072 2647 1107 2667 ἐυ
1123 2647 1170 2667 un.

1034 2675 1091 2710 (59)
1113 2675 1149 2701 De
1174 2682 1227 2709 quo

999 2711 1100 2746 scripta
1107 2709 1225 2746 reliquit
1239 2709 1382 2746 Nicephor.
1397 2709 1501 2746 Call‘ist.
1517 2709 1543 2735 in
1559 2709 1661 2746 Hister.
1728 2741 1734 2746 I

1035 2743 1090 2779 (60)
1107 2743 1182 2777 Ejus
1196 2746 1245 2772 hac
1271 2745 1305 2772 de
1328 2752 1356 2772 re
1384 2745 1417 2772 ad
1444 2743 1661 2779 Aetiumripsum
1683 2743 1783 2779 scripta

998 2778 1111 2815 epitnola
1127 2779 1208 2807 hodie
1222 2784 1322 2811 exstat,
1337 2787 1398 2807 cum
1414 2779 1520 2807 emeris
1541 2778 1661 2814 ejusdem
1686 2778 1781 2812 imper.

997 2815 1090 2843 Graece
1103 2820 1130 2842 et
1144 2814 1240 2843 Latine
1255 2815 1326 2843 edita
1341 2814 1464 2842 Parisiis.

1023 2823 1090 2842 nece
1103 2822 1130 2842 et
1144 2822 1240 2843 Latine
1255 2822 1326 2843 culta
1343 2822 1464 2842 I’nl'lSIIS.

1269 2674 1365 2702 lnrima
1390 2674 1459 2701 scitu
1482 2673 1562 2707 digna
1583 2679 1635 2699 non
1653 2678 1707 2699 uno
1724 2671 1785 2700 loco

1264 2710 1382 2743 icephor.
1397 2709 1500 2736 Callist.
1512 2706 1543 2735 in
1559 2706 1661 2734 Histor.
