1918 3086
204 175 240 207 ’15

205 231 289 266 Ilujus
309 230 431 259 historiae
454 229 515 257 libri
538 230 631 257 decem
648 235 721 262 sunt,
736 234 766 256 ut
782 230 826 257 ille
845 231 900 264 ipsc
916 230 992 265 polli-

203 283 291 310 cetur,
309 284 423 311 quorum
447 276 568 311 quinque
589 276 720 303 duntaxat
741 275 830 311 legere
842 276 907 303 mihi
924 283 990 302 con-

203 323 273 358 tigit,
294 321 435 348 historiam
458 320 630 347 continentes
653 320 693 354 (ιιι
708 319 764 354 jam
781 319 849 354 dixi)
862 327 878 346 a
893 319 991 347 Nesto-

202 369 234 395 rii
250 367 427 401 blasphemia,
441 374 526 401 usque
546 367 579 393 ad
596 365 668 394 Petri
690 365 808 393 haeretici
825 374 841 393 e
862 366 928 392 sede
945 366 989 392 de-

200 415 356 449 jectioncm.

553 456 632 484 XLII.

254 502 350 530 Basilii
366 502 458 530 Cilicis
474 501 669 530 Ecclesiasticw
685 501 802 529 historiae
815 501 876 528 libri
895 508 938 528 ιιι.

240 550 322 577 Lecta
335 555 377 576 est
387 549 479 576 Basilii
492 549 585 576 Cilicis
597 549 716 576 Historia
731 548 906 576 ecclesiastica
921 549 989 584 (67).

203 594 300 628 Incipit
319 593 353 620 ab
373 593 481 620 interitu
501 593 632 628 Simplicii
655 594 729 621 urbis
745 594 837 621 Romae
859 595 991 629 episcopi,

202 639 249 674 qui
283 640 316 665 ad
345 639 474 666 Acacium
512 638 843 674 Constantinopolitanuin
881 641 992 675 scripsit

203 693 238 713 ne
262 692 323 712 cum
348 685 430 713 Petro
456 686 502 720 qui
531 685 643 721 Mungus
670 689 876 722 cognominatus
897 692 950 720 est,
966 693 993 715 et

203 737 266 760 tttnc
298 732 492 760 Alexandriam
524 733 733 768 corrmnpebat,
765 734 991 762 communicaret.

204 777 255 806 Hic
278 778 350 805 enim
370 778 464 805 Petrus
485 783 605 806 sanctam
621 779 791 807 Chalcedone
812 780 930 807 habitam
946 788 993 815 sy-

203 825 303 851 nodum
318 824 427 858 publice
442 829 526 859 atque
543 825 570 852 in
589 825 710 852 Ecclesia
727 826 901 854 anathemate
916 827 992 854 datu-

203 869 294 897 nabat.
318 869 370 897 Per
391 877 471 903 quem
497 875 523 897 et
544 871 660 898 Acacius
681 872 766 906 (recte
785 872 895 906 quidem
915 872 993 900 initio

201 920 296 943 contra
324 917 411 950 ipsum
440 919 589 952 permotus)
615 922 693 952 post,
713 918 784 952 quod
812 919 845 946 ali
870 918 916 946 illo
940 926 992 946 non

203 962 376 993 abhorreret,
393 962 512 989 lueretici
539 962 694 997 opinionem
720 963 791 997 apud
816 963 916 991 multos
939 972 992 991 non

201 1006 305 1042 eil'ugit,
320 1015 334 1034 a
350 1006 480 1034 Romanis
497 1015 562 1035 vero
581 1008 662 1035 etiam
680 1010 745 1036 sede
761 1014 849 1037 motus
864 1014 917 1041 est,
933 1018 995 1044 qua:

202 1060 246 1080 res
263 1053 312 1080 sub
327 1052 435 1079 Zenone
460 1053 558 1080 iterum
585 1059 716 1088 regnante
740 1055 841 1089 agitata
857 1054 923 1090 (68).
939 1055 995 1082 Au-

201 1099 421 1133 spicaturitaque
432 1099 466 1126 ab
479 1099 520 1126 his
537 1099 645 1134 quidem
656 1101 833 1134 temporibus,
853 1101 993 1135 pervenit-

201 1152 254 1178 que
268 1144 300 1171 ad
307 1145 442 1172 Anastasii
454 1145 519 1180 imp.
528 1152 679 1178 excessum,
689 1146 734 1180 qui
746 1151 848 1181 septem
861 1152 887 1174 et
899 1147 992 1182 viginti

200 1198 296 1223 annos,
313 1197 472 1224 mensesque
486 1195 582 1222 tres.ut
603 1191 646 1218 hic
662 1192 766 1224 scribit,
781 1192 924 1226 imperavit
945 1201 995 1220 cu-

198 1237 243 1271 jus
253 1237 393 1271 imperimn
402 1236 508 1271 excepit
517 1235 639 1264 Justinus
648 1237 750 1270 Thrax,
758 1242 784 1264 ut
792 1237 889 1264 ibidem
901 1237 992 1266 refert.

204 1283 301 1311 Verum
316 1284 352 1310 ibi
368 1283 424 1310 l'ere
440 1283 484 1311 hic
498 1283 567 1311 liber
581 1284 741 1316 absolvitur,
756 1291 770 1310 a
784 1283 894 1311 Zenone
908 1291 993 1318 usque

201 1330 233 1357 ad
251 1329 391 1357 Anastasii
414 1330 529 1363 exitum,
545 1335 573 1357 et
592 1329 690 1357 Justini
715 1329 874 1357 electionem
894 1331 994 1365 pertin-

200 1383 278 1410 gens.
304 1367 398 1402 ltel’ert
422 1375 487 1403 item
519 1376 586 1404 alios
613 1377 680 1404 duos
707 1384 722 1403 a
749 1384 779 1404 se
803 1376 886 1403 libros
911 1376 994 1403 fuisse

200 1423 386 1457 conscriptos.
402 1422 518 1457 primum
539 1427 568 1450 et
592 1423 724 1450 tertium:
740 1427 768 1450 et
787 1422 862 1449 illum
884 1422 993 1457 quidem

201 1469 234 1495 ab
262 1469 377 1503 imperio
405 1467 536 1495 Marciani
565 1468 648 1495 ducto
674 1468 769 1501 initio,
798 1468 831 1495 ad
856 1467 993 1496 Zenonem

201 1521 288 1549 usque
304 1513 428 1549 perduci,
450 1514 522 1542 unde
536 1519 563 1542 et
579 1515 728 1542 secundutn
753 1515 790 1542 sit
815 1515 991 1550 auspicatus;

202 1561 311 1587 tertium
331 1568 394 1588 vero
418 1561 497 1596 hujus
522 1561 634 1588 alterius
658 1561 702 1596 9b
729 1560 790 1589 libri
815 1561 896 1589 ﬁnem
919 1560 994 1589 exci-

202 1613 281 1641 pere,
296 1615 310 1633 a
325 1605 424 1634 Justini
441 1607 608 1642 temporibus
625 1607 787 1642 incipiendo.

239 1697 288 1725 Est
310 1697 355 1725 hic
382 1697 509 1733 scriptor,
527 1699 560 1725 ad
586 1698 685 1734 stylum
711 1698 784 1733 quod
806 1699 916 1731 attinet,
940 1707 992 1726 non

203 1744 282 1772 valde
314 1749 468 1777 accuratus,
493 1746 539 1772 sed
563 1750 591 1772 et
615 1745 655 1772 sui
678 1745 816 1773 interdum
843 1745 991 1773 dissimilis.

202 1791 290 1818 Aﬂ'ert
312 1797 402 1818 autem
428 1791 549 1819 maxime
571 1791 759 1826 episcoporum
778 1791 850 1819 ultro
871 1791 994 1826 citroqtte

203 1837 301 1865 missas
324 1837 465 1872 epistolas,
481 1845 535 1872 quo
558 1837 709 1864 narrationi
737 1845 803 1870 suae,
825 1836 992 1869 utal'ﬁrmal,

205 1882 284 1910 fidem
305 1883 435 1910 conciliet
455 1890 462 1909 :
479 1891 539 1918 quae
558 1891 619 1911 cum
636 1884 797 1911 immensum
815 1883 930 1910 reddant
945 1890 993 1910 vo-

204 1929 304 1961 lumen,
323 1930 349 1956 in
371 1937 470 1964 magno
491 1934 578 1957 tamen
597 1930 741 1957 verborunt
759 1936 856 1956 acervo
873 1929 916 1955 vix
934 1935 994 1956 mo-

204 1975 293 2001 dicam
322 1973 440 2002 aﬁ‘eruut
467 1974 621 2007 historiam,
647 1979 676 2001 et
699 1974 862 2001 narrationis
885 1973 995 2007 insuper

205 2021 396 2056 perspicuitas,
414 2021 441 2048 vi
456 2025 538 2056 atque
553 2021 630 2055 copia
644 2027 739 2048 eorum
752 2027 812 2055 quae
827 2019 995 2053 interjiciun-

207 2072 260 2100 tur,
276 2067 449 2095 rescinditur.

560 2123 651 2152 XLIII.

350 2169 432 2198 Jonn.
451 2169 612 2203 Pliiloponus
633 2170 660 2196 in
679 2168 870 2196 Hexaemeron.

242 2215 370 2251 Legimus
384 2215 516 2243 Joannem
534 2215 714 2250 Philoponum
732 2214 788 2249 (69)
805 2215 832 2240 in
847 2213 994 2240 Hexaeme-

207 2272 264 2296 ron,
285 2270 340 2298 quo
359 2262 386 2289 in
408 2262 478 2289 libro
499 2269 581 2296 purus
601 2266 644 2288 est
667 2264 694 2288 et
710 2261 810 2293 clarus,
829 2267 912 2294 seque
937 2259 995 2294 ipse

206 2309 313 2337 dicendi
335 2307 414 2337 modo
438 2307 533 2340 vincit,
548 2312 629 2342 atque
653 2311 682 2333 ut
701 2305 800 2333 Basilio
819 2304 916 2340 Magno
932 2305 992 2340 plu-

205 2356 304 2382 rimum
331 2353 388 2381 fere
411 2352 564 2384 consentit,
591 2353 630 2379 sic
657 2359 706 2386 per
734 2351 824 2378 omnia
851 2350 992 2378 Theodoro

206 2399 376 2433 Mopsuestia:
399 2403 541 2433 repugnat,
561 2397 607 2432 qui
630 2397 700 2424 idetn
722 2396 779 2430 ipse
803 2401 991 2430 argumentum

205 2452 359 2480 aggressus.
386 2443 631 2479 Interpretationem
657 2442 785 2470 Geneseas
801 2443 870 2478 (70),
895 2443 993 2470 librum

206 2490 357 2526 inscripsit,
376 2490 455 2525 cujus
482 2489 624 2525 opiniones
651 2488 815 2524 Philoponus
845 2489 994 2525 reprehen~

206 2539 282 2570 dens,
298 2541 392 2564 contra
409 2536 485 2564 nisus
498 2541 550 2564 est.

788 172 921 202 PHOTII
941 171 1194 202 PATRIARCH/E
1214 171 1269 201 ΟΡ.

1005 229 1080 261 Ad);
1097 230 1143 254 καὶ
1160 227 1242 265 αὐτὸς
1267 227 1371 256 ἐκεῖνος
1394 218 1660 259 ἐπαγγέλλεται.Ὧν
1682 220 1748 255 ἡμῖν
1774 219 1841 248 τοὺς

1045 275 1126 302 πέντε
1143 274 1255 308 γέγονεν
1268 272 1440 306 ἀναγνῶναι,
1454 271 1635 307 περιέχοντας
1648 266 1701 302 (ὡς
1716 265 1839 301 ἔφημεν)

1045 318 1098 345 ἀπὸ
1111 318 1161 352 τῆς
1178 316 1327 352 Νεστορίω
1344 315 1519 350 βλασφημίας
1539 313 1622 349 μέχρι
1634 312 1684 347 τῆς
1697 310 1744 337 τοῦ
1760 311 1839 344 αἱρε-

1045 362 1121 389 τικοῦ
1146 363 1248 398 Πέτρου
1269 362 1468 397 καθαιρέσεως.

1403 452 1429 478 Μ
1433 451 1470 478 B'.

1080 499 1243 526 Βασιλείου
1260 498 1382 529 Κίλικος
1396 496 1654 530 Ἐκκλησιαστικὴ
1677 497 1803 531 ἱστορία.

1083 543 1255 578 Ἀνεγνώσθη
1282 542 1423 569 Βασιλείου
1444 541 1557 573 Κίλικος
1584 542 1841 575 Ἑκκλησιιιστικὴ

1046 590 1174 624 ίστορία.
1190 590 1322 624 Ἀρχεται
1337 588 1392 615 ἀπὸ
1406 588 1456 624 τῆς
1467 588 1595 622 τελευτῆς
1614 588 1777 623 Σιμπλικίου
1793 589 1841 615 τοῦ

1054 635 1176 670 Ῥώμης,
1194 635 1223 667 ὃς
1239 635 1308 670 πρὸς
1325 634 1452 661 Ἀκάκιον
1467 635 1512 661 τὸν
1529 635 1840 667 Κωνσταντινουπόλεως

1045 681 1165 716 ἔγραψεν
1185 681 1338 716 ἀποστῆναι
1360 681 1410 714 τῆς
1435 680 1502 716 πρὸς
1527 680 1629 715 Πέτρον
1651 681 1698 707 τὸν
1715 681 1841 714 Ἀλεξάν-

1045 727 1153 761 δρειαν¹¹
1170 726 1369 761 λυμαινόμενον
1384 724 1537 757 κοινωνίας,
1589 725 1704 761 ὲπίκλην
1715 726 1839 761 Μογγός-

1045 771 1123 804 οὗτος
1141 772 1195 808 γὰρ
1212 773 1261 806 τὴν
1277 773 1306 798 ἐν
1329 772 1482 807 Καλχηδόνι
1500 773 1579 807 ἁγίαν
1598 772 1707 800 σύνοδον
1724 773 1843 808 δημοσίᾳ

1047 821 1094 847 καὶ
1119 821 1149 846 ὲν
1166 819 1316 855 Ἐκκλησία
1335 820 1525 854 ἀνεθεμάτιζε.
1542 819 1581 846 Δι’
1595 820 1625 846 ὃν
1649 820 1696 846 καὶ
1712 820 1841 852 ’Λκάκιος

1046 866 1136 898 καλῶς
1163 866 1295 901 πρότερον
1321 865 1480 892 κατάὺτοῦ
1504 866 1695 901 κεκινημένος,
1726 866 1842 902 ὕστερον

1045 913 1095 939 οὐκ
1109 912 1352 947 ἀποστρεφόμενος
1367 912 1507 947 αἱρετικοῦ
1529 912 1609 945 δόξαν
1632 913 1709 948 παρὰ
1732 913 1843 945 πολλοῖς

1047 961 1270 996 ὲκτήσατο,τοῖς
1285 960 1314 986 δὲ
1341 960 1488 995 Ῥωμαίοις
1520 962 1568 987 καὶ
1599 961 1651 988 ὑπὸ
1678 961 1842 997 καθαίρεσιν

1045 1006 1153 1032 ἔπεσεν.
1163 1006 1225 1032 Ἐπὶ
1234 1007 1357 1041 Ζήνωνος
1365 1006 1392 1032 δὲ
1403 1005 1434 1032 τὸ
1447 1006 1573 1041 δεύτερον
1586 1007 1840 1042 ταῦταὲπρὰττετο.

1047 1053 1177 1087 ’Δρχεται
1193 1051 1241 1086 μὲν
1258 1050 1304 1078 οὖν
1321 1053 1353 1078 ἐκ
1369 1051 1451 1078 τῶνδε
1467 1051 1520 1078 τῶν
1535 1052 1649 1087 χρόνων,
1668 1053 1715 1078 καὶ
1731 1053 1842 1079 κάτεισι

1047 1099 1128 1134 μέχρι
1142 1097 1271 1132 τελευτῆς
1289 1099 1478 1130 Ἀναστασίου,
1495 1098 1524 1130 ὃς
1547 1098 1705 1125 εἰκοσιεπτὰ
1722 1098 1769 1134 ἐτη
1792 1099 1843 1125 καὶ

1046 1144 1133 1179 μῆνας
1147 1145 1232 1178 τρεῖς,
1245 1143 1284 1174 ὡς
1298 1141 1374 1175 οὗτός
1389 1152 1481 1179 φησιν,
1500 1145 1528 1170 ἐν
1541 1145 1573 1179 τῇ
1590 1144 1715 1180 βασιλείᾳ
1729 1144 1844 1180 διήρκε-

1045 1197 1091 1215 σεν
1101 1197 1108 1204 ·
1127 1189 1186 1223 μεθ’
1203 1189 1232 1215 ὃν
1239 1189 1382 1215 Ίουστίνον
1397 1190 1443 1215 τὸν
1458 1190 1552 1225 Θρᾷκα
1569 1190 1759 1227 ἀναρρηθῆναι
1774 1189 1843 1226 γρά-

1045 1243 1090 1269 φει
1117 1235 1319 1270 βασιλέα.¹Αλλ’
1336 1236 1352 1270 ἠ
1372 1235 1422 1270 μὲν
1436 1235 1526 1270 βίϐλος
1550 1235 1618 1272 αὕτη
1646 1235 1763 1263 ἐνταῦθά
1786 1244 1842 1263 που

1044 1281 1092 1316 τὴν
1105 1281 1217 1316 Γραφὴν
1233 1281 1340 1316 ἵστησιν
1350 1301 1358 1313 ,
1376 1281 1430 1307 ἀπὸ
1445 1282 1568 1316 Ζήνωνος
1584 1283 1664 1317 μέχρι
1678 1282 1729 1318 τῆς
1745 1282 1842 1309 τελευ-

1043 1327 1092 1361 τῆς
1107 1327 1283 1353 ’Λναστασίου
1299 1327 1346 1353 καὶ
1357 1327 1405 1362 τῆς
1421 1327 1566 1354 Ἰουστίνου
1581 1328 1758 1364 ἀναρρήσεως
1773 1336 1843 1354 κατ-

1045 1373 1132 1399 ιοῦσα.
1143 1372 1226 1406 Λέγει
1237 1372 1266 1399 δὲ
1280 1369 1359 1404 οὗτος
1372 1373 1410 1404 ὡς
1423 1373 1519 1408 εῐησαν
1531 1373 1605 1409 αὐτῷ
1621 1374 1669 1401 καὶ
1683 1374 1778 1409 ἕτεραι
1791 1375 1843 1401 δύο

1044 1419 1232 1454 πεπονημέναι
1249 1418 1346 1454 βίϐλοι,
1361 1418 1457 1455 πρώτη
1476 1419 1523 1445 καὶ
1541 1420 1640 1455 τρίτη’
1656 1417 1694 1447 ὧν
1715 1420 1766 1456 τὴν
1791 1420 1845 1455 μὲν

1043 1464 1098 1491 ἀπὸ
1112 1465 1273 1500 Μαρκιανοῦ
1288 1465 1335 1492 τοῦ
1353 1464 1486 1500 βασιλέως
1504 1465 1657 1501 ἄρχεσθαι,
1673 1465 1844 1501 καταλήγειν

1042 1510 1071 1537 δὲ
1097 1511 1149 1542 ἕως
1171 1511 1307 1546 Ζήνωνος,
1329 1512 1376 1547 ἀφ’
1391 1510 1422 1540 οὗ
1445 1513 1495 1549 τὴν
1515 1512 1604 1548 ἀρχὴν
1619 1513 1635 1547 ἡ
1650 1512 1766 1548 δευτέρα
1788 1513 1844 1539 ἑπ-

1044 1556 1170 1592 εποίητο,
1187 1557 1237 1592 τὴν
1250 1557 1278 1583 δὲ
1291 1557 1387 1593 τρίτην
1404 1557 1540 1585 ποιεῖσθαι
1560 1557 1704 1592 προοίμιον
1718 1557 1748 1583 τὸ
1762 1557 1843 1590 τέλος

1007 1603 1028 1632 C
1044 1602 1094 1636 τῆς
1108 1602 1238 1639 δευτέρας
1255 1604 1302 1630 καὶ
1326 1604 1380 1630 ἀπὸ
1395 1603 1447 1639 τῆς
1471 1603 1611 1639 βασιλείας
1619 1603 1763 1630 Ἰουστίνου
1784 1603 1844 1630 ἀπ-

1043 1648 1187 1684 ἁρχεσθαι.

1009 927 1029 953 Β

1081 1695 1158 1722 Ἔστι
1169 1695 1197 1722 δὲ
1208 1696 1222 1722 ὁ
1235 1696 1413 1732 συγγραφεὺς
1425 1695 1454 1723 οὒ
1471 1696 1530 1724 λίαν
1545 1696 1595 1732 τὴν
1606 1696 1707 1731 φράσιν
1721 1695 1843 1731 ἀπηκρι-

1044 1741 1182 1776 ϐωμένος,
1200 1741 1269 1769 ἀλλὰ
1290 1743 1338 1770 καὶ
1355 1743 1510 1778 ἀνωμάλως
1533 1742 1603 1778 ἔχων
1628 1742 1716 1777 πρὸς⁶
1730 1742 1839 1770 ἑαυτόν.

1044 1787 1184 1823 Κέχρηται
1208 1787 1237 1814 δὲ
1256 1789 1374 1824 μάλιστα
1396 1790 1457 1820 ταῖς
1481 1790 1547 1825 παρ’
1564 1788 1688 1824 ἀλλήλων
1703 1789 1758 1815 τῶν
1779 1789 1843 1815 tm-

1045 1834 1155 1861 σκόπων
1173 1835 1364 1871 στελλομέναις
1378 1836 1545 1869 ἐπιστολαῖς,
1560 1837 1601 1868 τίς
1615 1836 1708 1863 πίστιν
1721 1835 1770 1871 (ὥς
1783 1845 1842 1872 φη-

1046 1878 1107 1914 σιν)
1121 1877 1158 1906 ὧν
1169 1880 1250 1912 αὐτὸς
1265 1881 1366 1916 γράφει
1376 1889 1383 1895 ο
1399 1881 1428 1907 αἳ
1444 1880 1492 1908 καὶ
1508 1881 1670 1917 πολύστιχον
1687 1880 1792 1907 ποιοῦσι
1808 1882 1842 1908 τὸ

1045 1925 1147 1960 βιϐλίον
1162 1927 1209 1953 καὶ
1223 1928 1252 1953 ὲν
1268 1927 1364 1962 πλήθει
1380 1928 1467 1962 λόγων
1498 1928 1594 1963 ὀλίγην
1618 1927 1732 1961 συνάγον
1742 1927 1752 1942 ⁷
1767 1927 1842 1954 ino-

1047 1972 1124 2008 ρίαν·
1142 1973 1183 2011 διδ
1196 1974 1243 2000 καὶ
1256 1973 1287 2000 τὸ
1302 1974 1388 2008 σαφὲς
1405 1975 1455 2010 τῆς
1479 1975 1602 2010 ἱστορίας
1620 1973 1660 2009 τῷ
1676 1973 1773 2010 πλήθει
1789 1982 1842 2000 πε-

1045 2021 1206 2056 ρικόπτεται
1225 2021 1280 2048 τῶν
1298 2023 1549 2058 παρεντιθεμένων.

1399 2122 1466 2148 Ml".

1045 2166 1190 2195 Ἰωάννου
1208 2167 1262 2194 τοῦ
1278 2168 1450 2195 Φιλοπόνου
1468 2169 1512 2201 εἰς
1532 2167 1591 2202 τὴν
1605 2168 1698 2204 ἕκτην
1711 2170 1840 2204 ἡμέραν.

1081 2213 1251 2249 Ἀνεγνὼσθη
1260 2214 1383 2241 Ἰωάννου
1397 2214 1444 2241 τοῦ
1452 2215 1597 2242 Φιλοπὸνου
1606 2217 1659 2249 Εἰς
1665 2215 1722 2249 τὴν
1730 2215 1841 2250 Ἑξαή-

1011 2273 1031 2300 D
1045 2260 1233 2295 μερον.Ἐστι
1246 2260 1274 2287 δὲ
1291 2261 1319 2287 ὲν
1334 2261 1423 2298 τούτῳ
1437 2262 1476 2298 τῷ
1490 2263 1585 2297 βιὸλίῳ
1598 2262 1716 2298 καθαρὸς
1732 2262 1777 2298 [29
1791 2262 1839 2299 R.]

1046 2305 1094 2332 καὶ
1109 2306 1197 2341 σαφὴς
1213 2306 1260 2332 καὶ
1273 2307 1404 2342 κρείττων
1429 2309 1462 2343 τῇ
1483 2307 1554 2340 λέξει
1569 2307 1678 2339 ἑαυτοῦ,
1697 2308 1745 2334 καὶ
1768 2316 1842 2343 συμ-

1046 2351 1143 2386 φωνῶν
1155 2351 1245 2386 σχεδὸν
1255 2352 1283 2377 ἐν
1295 2353 1351 2383 τοῖς
1365 2353 1501 2385 πλείστοις
1515 2353 1647 2389 Βασιλείῳ
1658 2353 1696 2389 τῷ
1708 2353 1839 2388 Μεγάλῳ,

1045 2397 1217 2423 ἀντι-πίπτων
1232 2397 1260 2424 δὲ
1275 2397 1308 2423 δι’
1323 2397 1384 2425 ὅλου
1397 2399 1436 2434 τῷ
1451 2399 1640 2434 Μοψουεστίας
1656 2398 1796 2434 Θεοδώρῳ,
1811 2399 1841 2430 ὃς

1048 2443 1097 2480 τὴν
1112 2443 1198 2479 αὐτὴν
1214 2442 1342 2470 ὑπόθεσιν
1363 2444 1564 2480 ἐνστησάμενος
1584 2444 1761 2478 Ἐρμηνείαν
1783 2444 1841 2477 τῆς

1047 2490 1173 2523 κτίσεως
1193 2489 1224 2516 τὸ
1244 2488 1345 2524 βιὸλιον
1371 2489 1542 2526 ἐπέγραψεν·
1559 2486 1590 2516 οὗ
1615 2490 1665 2521 τὰς
1689 2489 1769 2523 δόξας
1799 2489 1841 2516 δι-

1049 2535 1169 2571 ελέγχων
1183 2536 1197 2563 ὁ
1208 2536 1354 2568 Φιλόπονος
1366 2536 1416 2572 τὴν
1428 2536 1554 2564 ἐναντίαν
1567 2535 1713 2572 ἐτράπετο.

834 2626 954 2655 VARIIE
970 2627 1170 2656 LECTIONES.

242 2690 252 2705 '
270 2689 313 2716 τὸν
330 2688 380 2723 τὴν
392 2687 598 2724 Ἀλεξάνδρειαν
610 2696 641 2719 ς.
680 2686 781 2722 ⁶πρδς]
798 2687 845 2714 καὶ
862 2687 929 2722 πρὸς
940 2687 974 2714 Α.

1013 2687 1023 2703 ⁷
1040 2687 1158 2722 συνάγον
1172 2687 1193 2714 Α
1208 2696 1214 2714 :
1231 2688 1397 2722 συναγαγεῖν
1410 2694 1441 2719 ς.

952 2765 1069 2794 ΝΟΤᾹΣ.

240 2825 298 2861 (ϐ’ἔὶ
317 2825 438 2853 Meminit
461 2825 540 2859 hujus
564 2824 676 2857 Niceph.
694 2823 798 2851 Caliist.
826 2823 870 2851 lib.
887 2832 907 2856 ι,
929 2831 989 2858 cap.

205 2860 266 2888 inii.
283 2861 348 2894 Ejus
363 2868 442 2889 ctiam
459 2866 500 2887 cst
515 2861 575 2888 cod.
596 2860 646 2887 H7
664 2861 712 2887 iul'.
823 2863 827 2870 ’

238 2897 295 2931 (I38)
311 2895 381 2931 Lege
393 2897 467 2924 card.
489 2896 587 2923 Iiarou.
604 2895 700 2922 Annal.
721 2901 785 2922 tom.
800 2894 841 2927 Vl,
859 2894 892 2922 ad
909 2894 940 2922 Λ.
958 2894 988 2922 C.

1044 2823 1137 2892 48&9)
1159 2857 1241 2891 llnjns
1260 2859 1350 2893 operis
1366 2862 1496 2894 excerpta
1510 2857 1633 2886 invenies
1649 2856 1698 2885 inl'.
1714 2858 1762 2884 cmi
1779 2859 1835 2886 ιιο.

1083 2895 1139 2930 (70)
1157 2895 1222 2928 Sup.
1241 2897 1302 2923 cod.
1320 2894 1363 2922 58.
