1918 3086
190 195 225 227 79
757 192 889 234 ΡῌΟΤΙΙ
909 192 982 222 ΡΑΤ

1041 190 1167 222 lRCH/E
1185 191 1240 221 (ΖΡ.
1787 189 1824 220 80

193 253 262 279 [ccta
282 259 296 279 a
316 251 477 286 quibusdant
491 251 691 286 jactabantur:
715 251 762 278 sed
784 258 833 284 per
853 250 974 285 philoso-

1041 249 1174 286 νιλοσοφίᾳ
1189 249 1217 276 δὲ
1233 248 1280 276 καὶ
1304 248 1364 284 βίον
1381 248 1558 285 καθαρότητι,
1577 247 1625 276 καὶ
1648 247 1721 283 ἅπερ
1743 247 1824 278 αὐτὸς

192 299 293 334 phiam,
307 305 339 326 ac
351 299 414 326 vitae
429 299 574 333 puritatem
590 298 647 325 haec
659 297 753 329 etiam.
770 305 829 331 qua:
841 298 898 332 ipse
913 304 976 323 mox

192 345 354 377 narraverit,
373 344 418 371 'ab
444 345 491 371 illo
513 343 635 378 profecta
664 343 751 378 ﬁngit.
785 343 854 377 Quin
884 341 977 377 potius

191 399 305 418 exosum
322 390 419 425 magis,
435 398 467 418 ac
478 390 618 422 veneﬁcis,
633 397 685 416 non
706 396 771 416 vero
791 389 902 424 magicae
924 387 978 415 arti

191 439 311 465 deditum
327 436 422 465 fuisse.

226 483 284 510 Jam
305 483 338 510 de
355 483 427 510 Indis
444 482 534 510 omnia
553 482 614 514 iste,
630 480 748 508 maxima
766 479 895 512 absurda,
913 479 979 506 lide-

191 537 244 564 que
263 530 372 564 indigna
390 529 508 556 consuit.
523 529 599 556 Dolia
613 529 687 556 enim
704 528 775 563 apud
789 528 856 555 istos
872 526 978 559 statuit,

193 575 271 609 plena
295 575 423 602 imbrium
445 579 472 601 et
490 580 647 607 ventorum,
662 574 761 609 quibus
778 574 872 601 datum
886 573 922 600 sit
937 580 980 599 re-

191 622 300 656 gionem
319 621 475 656 compluere
489 621 515 648 in
535 620 663 648 imbrium
685 619 808 655 penuria,
827 619 980 653 iterumque

196 667 329 694 discussis
357 666 489 693 imbribus
515 667 630 700 siccare,
655 666 719 693 dum
746 665 861 692 alternis
881 672 980 700 aquam

196 718 365 748 ventumque
379 720 394 740 e
409 713 488 741 doliis
515 712 699 747 suppeditant.
721 710 770 738 llis
794 710 908 758 similia,
935 710 994 758 de.

193 759 301 786 utentia:
314 759 404 793 plena,
422 763 449 785 et
461 758 514 785 alia
529 758 645 793 plurima
662 757 815 792 prodigiose
838 756 980 792 conﬁngit,

194 805 285 839 itaque
308 804 386 832 libris
406 809 469 831 octo
490 804 579 832 omnis
597 804 631 831 ab
653 803 699 831 illo
714 801 856 830 vanissimi
878 802 981 829 laboris

193 857 272 885 opera
289 849 469 879 consumitur.

546 894 627 922 XLV.

315 941 528 969 Androniciamu
539 947 633 968 contra
648 940 842 970 Eunomianos.

229 1020 303 1048 Lecti
310 1026 373 1048 sunt
381 1022 571 1049 Androniciani
580 1021 897 1055 Adversuleunomt'unos
904 1023 986 1052 libelli

193 1069 257 1095 duo.
282 1067 422 1095 Promittit
445 1069 553 1102 quidem
576 1069 602 1095 in
622 1069 763 1104 prommiis
782 1070 906 1105 grandia,
925 1078 986 1106 quae

194 1120 283 1141 tamen
299 1123 352 1141 non
365 1115 500 1149 praestitit,
515 1116 541 1142 in
557 1115 645 1143 altero
655 1117 810 1151 praesertim
829 1116 908 1144 libro.
921 1116 985 1144 Phi-

194 1159 323 1194 losophiae
347 1159 392 1187 hic
415 1161 603 1194 perstudiosus
621 1166 673 1194 est,
690 1169 752 1189 cum
776 1162 909 1195 moribus,
926 1167 983 1190 tum

194 1209 285 1229 mente
298 1223 305 1235 ,
329 1208 409 1238 atque
428 1204 536 1231 dicendi
550 1204 657 1238 forma;
675 1206 806 1240 rcligionc
824 1214 888 1234 vero
905 1206 985 1235 Chri-

195 1253 313 1274 stlanus.

541 1293 635 1322 XLVI.

198 1338 353 1366 Theodoreti
372 1337 471 1366 Contra
499 1341 637 1401 Itazrelticos
659 1341 722 1368 libri
738 1350 829 1374 xxvtt;
841 1348 865 1370 et
885 1343 981 1370 Erani-

503 1382 550 1401 τίω
574 1385 580 1401 l
603 1384 622 1401 rt
637 1384 677 1401 Ill.

503 1382 550 1402 ειω
563 1382 622 1402 ίιίΙΓί
637 1384 677 1403 ΙΙΙ-

235 1421 307 1448 l.ecti
324 1421 485 1449 Theodoreti
498 1422 617 1457 episcopi
632 1422 695 1456 Cyri
717 1423 778 1449 libri
795 1428 893 1456 septem
908 1430 932 1451 et
944 1425 984 1451 vi—

194 1467 403 1500 ginti,Advertus
414 1468 501 1495 varias
510 1469 714 1503 propositiones.
725 1469 792 1504 ιοίι
802 1469 906 1497 Primus
916 1470 984 1497 liber

196 1512 250 1544 agit
264 1517 358 1539 contra
384 1518 549 1545 asserentes,
568 1514 649 1540 unius
670 1513 754 1541 fuisse
779 1520 884 1542 natura
898 1515 982 1542 Deum

199 1558 332 1591 Verbum,
354 1565 382 1587 et
398 1560 470 1594 quod
484 1567 516 1587 ex
533 1559 638 1587 semine
652 1559 737 1587 David
748 1562 864 1595 sumpsit
879 1561 981 1596 princi-

1028 295 1131 330 εφησεν
1144 314 1152 327 ,
1180 296 1286 322 ἐκεῖνον
1303 294 1409 329 εἰσάγει
1427 292 1634 328 διαπεπρᾶχθαι
1645 300 1653 308 ·
1671 291 1824 327 ἀπεχθάνε-

1028 340 1091 366 σθαι
1115 339 1142 366 δὲ
1157 340 1258 376 μᾶλλον
1283 340 1382 375 μάγοις
1397 340 1445 366 καὶ
1460 339 1618 373 φαρμακοῖς
1629 337 1661 368 ⁸³,
1684 336 1722 372 μὴ
1737 337 1778 363 ὃτι
1791 344 1824 371 γε

1028 387 1110 414 αὐτὸν
1127 388 1160 422 τῇ
1179 386 1273 422 μάγων
1281 385 1304 402 ²⁰
1317 385 1550 421 προσανακείσθαι
1563 385 1657 420 τέχνῃ.

1065 477 1134 512 Περὶ
1155 476 1184 503 δὲ
1201 476 1256 502 τῶν
1273 474 1361 502 Ἰνδῶν
1374 471 1452 506 οὗτος
1465 474 1500 501 τὰ
1515 474 1606 501 πάντα
1614 474 1635 490 ¹¹
1661 473 1826 508 παραλογώ-

1029 531 1099 550 τατα
1114 522 1162 549 καὶ¹
1178 522 1347 549 ἀπιστότατα
1361 520 1546 557 διαρῤαψῳδεϊ
1557 528 1564 536 ·
1583 520 1679 552 πίθους
1698 519 1753 555 γὰρ
1773 519 1824 546 αὐ-

1029 571 1087 601 τοῖς
1100 569 1216 604 πλήρεις
1230 568 1342 604 ὕμϐρων
1364 567 1410 595 καὶ
1429 567 1538 602 ἀνέμων
1554 566 1616 599 δοὺς
1631 566 1689 593 ὕειν
1704 565 1754 602 τὴν
1768 565 1825 602 χώ-

1031 623 1083 650 ραν
1097 614 1248 651 ὰνομὸρίας
1264 614 1428 649 ἐπεχούσης,
1451 612 1498 650 [32
1521 613 1569 649 IL]
1585 612 1745 648 ὲξικμάξειν
1756 613 1779 629 ’³
1794 621 1827 640 τε

1031 659 1065 688 αὖ
1082 661 1351 697 καταῤῥηγνυμένων
1370 660 1482 695 δμσρων
1501 660 1562 691 ταῖς
1583 660 1616 686 ὲκ
1625 659 1649 675 ’³
1665 659 1753 687 πίθων
1773 659 1828 687 ἀνὰ

1033 707 1116 742 μέρος
1130 708 1275 744 χορηγίαις
1294 706 1407 743 κυρίους
1430 706 1551 739 ἐκάθισε,
1567 704 1745 741 παραπλήσια
1761 706 1827 732 τού-

1032 762 1088 785 τοις
1111 753 1205 787 ἀνοίας
1223 753 1309 788 μεστὰ
1324 753 1372 780 καὶ
1392 753 1474 788 ἔτερα
1489 752 1603 779 πλεῖστα
1619 752 1826 787 τερατευσάμε-

1032 809 1086 832 νος.
1102 800 1145 827 Ἐν
1160 801 1232 827 όκτὼ
1246 800 1275 827 δὲ
1289 800 1379 835 λόγοις
1394 801 1410 834 ἡ
1428 800 1503 826 πᾶσα
1519 798 1594 834 αὐτῷ
1609 799 1659 835 τῆς
1675 807 1826 833 ματαιοπο-

1036 846 1091 877 νίας
1111 847 1212 881 σπουδὴ
1231 846 1432 882 κατηνάλωται.

1390 891 1457 919 ME'.

995 928 1017 956 Β
1035 938 1278 972 Ἀνδρονικιανοῦ
1293 939 1368 973 πρὸς
1382 938 1588 974 Εὐνομιανοὺς
1601 938 1686 972 λόγοι
1699 937 1827 972 ,βραχεῖς-

1398 975 1463 1002 δύο.

1071 1021 1116 1058 [14
1128 1020 1175 1057 Η.]
1192 1020 1445 1056 Ἀνεγνώσθησαν²⁴
1457 1018 1673 1055 Ἀνδρονικιανοῦ
1683 1019 1761 1052 Πρὸς
1767 1019 1827 1045 Εὑ-

1035 1067 1198 1103 νομιαγοὺς
1215 1067 1300 1101 λόγοι
1307 1065 1435 1100 βραχεῖς
1443 1065 1508 1092 δύο.
1525 1065 1710 1099 Ὑπισχνεῑται
1719 1063 1768 1099 μὲν
1777 1062 1827 1090 οὖν

1036 1115 1065 1140 ὲν
1077 1114 1230 1149 προοιμίοις
1245 1113 1362 1148 μεγάλα,
1375 1113 1406 1138 οὑ
1420 1111 1532 1138 τοιαῦτα
1545 1111 1573 1138 δὲ
1587 1111 1605 1138 ἃ
1618 1111 1763 1146 διέρχεται,
1778 1111 1827 1137 καὶ

1036 1160 1153 1196 μάλιστά
1168 1168 1199 1194 γε
1212 1160 1241 1185 ὲν
1254 1159 1293 1194 τῷ
1307 1158 1425 1193 δευτέρῳ
1438 1157 1602 1193 λόγῳ.¹Εστι
1618 1156 1646 1183 δὲ
1663 1154 1740 1188 οὗτος
1753 1157 1829 1192 φιλο-

1035 1206 1130 1239 σοφίας
1152 1205 1270 1241 ἐραστὴς
1284 1204 1323 1240 τῷ
1338 1214 1369 1230 τε
1387 1205 1445 1240 ﬂeet.
1461 1204 1509 1230 καὶ
1532 1204 1566 1238 τῇ
1587 1203 1691 1239 διανοίᾳ
1707 1203 1756 1229 καὶ
1776 1203 1827 1230 τοῦ

1033 1251 1114 1285 λόγου
1128 1251 1167 1286 τῷ
1182 1251 1313 1286 σχήματι,
1329 1250 1491 1286 Χριστιανὸς
1508 1249 1535 1276 δὲ
1551 1249 1589 1284 τῷ
1607 1249 1770 1284 σεὸάσματι.

1395 1296 1468 1329 Μςι.

1035 1342 1226 1377 Θεοδωρήτου
1250 1342 1419 1369 ἐπισκόπου
1443 1342 1542 1376 Κύρου
1565 1343 1650 1378 λόγοι
1675 1341 1728 1372 κζ’.
1746 1341 1829 1376 Πρὸς

1284 1378 1448 1412 διαφόρους
1467 1377 1577 1410 θέσεις.

1069 1423 1240 1459 Ἀνεγνώσθη
1248 1423 1423 1458 Θεοδωρήτου
1431 1423 1584 1449 ἐπισκόπου
1591 1423 1632 1452 Κύ
1638 1422 1776 1458 ρουλόγοι
1786 1423 1831 1452 σιζῖ

1034 1471 1110 1506 πρὸς
1118 1471 1282 1505 διαφόρους
1293 1469 1403 1503 θέσεις’
1413 1463 1450 1496 ὧν
1464 1470 1478 1496 ό
1491 1470 1540 1505 μὲν
1549 1470 1656 1505 πρῶτος
1668 1469 1746 1503 λόγος
1759 1470 1832 1504 πρὸς

1032 1518 1096 1549 τοὺς
1107 1517 1236 1551 λέγοντας
1253 1517 1316 1551 μίαν
1332 1517 1412 1551 φύσιν
1429 1515 1593 1552 γεγενῆσθαι
1605 1516 1649 1542 τὸν
1660 1516 1727 1542 Θεὸν
1741 1517 1833 1550 Λόγον

1034 1563 1081 1590 καὶ
1096 1562 1146 1597 τὴν
1159 1564 1191 1588 ἐκ
1204 1562 1362 1597 σπέρματος
1377 1561 1459 1588 Δαϐὶδ
1471 1561 1621 1597 ληφθεῖσαν
1633 1561 1762 1598 ἀπαρχὴν
1780 1563 1833 1589 καὶ

198 1605 284 1639 pium.
297 1605 415 1640 itemque
425 1605 557 1632 adversus
569 1612 628 1638 eos,
639 1606 683 1640 qui
695 1605 829 1632 divinitati
842 1607 983 1640 passiones

1041 1607 1242 1643 προσάπτοντας
1254 1608 1287 1634 τὰ
1301 1607 1373 1641 πάθη
1386 1608 1419 1642 τῇ
1430 1607 1547 1642 θεὸτητι,
1560 1608 1574 1634 ὸ
1583 1607 1611 1634 δὲ
1624 1607 1750 1642 δεύτερος
1760 1608 1832 1642 προς

197 1651 553 1678 attribuunt.—-Secundus
573 1651 652 1683 liber,
673 1659 733 1678 cum
762 1652 864 1679 eisdem
877 1659 893 1679 e
910 1651 985 1679 Scri-

204 1702 283 1731 ptura
313 1705 423 1725 manum
445 1698 563 1727 validius
587 1698 729 1726 conserit..
755 1712 790 1717 —
805 1697 926 1730 Tertius,
952 1698 986 1726 de

198 1745 291 1771 cadent
311 1751 340 1771 re
354 1744 486 1779 disputat.
499 1758 535 1764 —
550 1744 679 1777 Quartus,
697 1749 853 1771 sanctorqu
871 1742 985 1773 Patrum

198 1790 318 1817 continet
337 1789 502 1821 doctrinam,
519 1790 553 1817 de
578 1790 695 1824 gloriosa
715 1790 905 1817 incarnatione
929 1789 985 1816 Do-

199 1836 264 1863 mini
277 1837 363 1863 nostri
378 1835 442 1863 Jesu
457 1836 558 1864 Christi
572 1836 633 1864 Filii
647 1836 706 1863 Dei.
718 1851 752 1855 —
762 1835 889 1869 Quintus,
901 1836 987 1864 haere-

156 1909 161 1912 ,
199 1884 314 1909 ticorum
343 1882 447 1916 colligit
475 1882 631 1916 opiniones,
658 1889 727 1916 quas
754 1883 894 1917 componit
922 1890 986 1910 cum

198 1930 327 1964 opinione
347 1937 453 1962 eorum,
473 1929 520 1963 qui
538 1929 564 1956 iu
582 1929 693 1956 Christo
713 1930 779 1956 duas
801 1934 913 1956 naturas
933 1929 986 1956 mi-

200 1976 272 2003 nime
285 1981 448 2010 agnoscunt,
459 1980 487 2003 et
501 1976 621 2003 ostendit
645 1982 772 2010 magnam
797 1983 845 2002 eos
863 1976 935 2002 inter
957 1983 988 2003 se

199 2022 364 2050 atlinitatem
395 2021 507 2050 habere.
523 2037 559 2043 —
583 2021 700 2055 Sextus,
721 2022 797 2057 ponit
821 2030 905 2049 unum
923 2029 986 2050 esse

202 2067 300 2094 Filium
316 2067 462 2094 Dominum
475 2072 599 2095 nostrqu
614 2066 708 2095 Jesum
724 2067 911 2094 Christum.——
920 2067 988 2102 Sep-

200 2113 292 2145 timus,
305 2114 426 2148 cpistola:
446 2113 536 2140 locum
560 2117 645 2144 tenet,
662 2113 762 2147 quibus
783 2113 909 2140 volumen
933 2114 989 2148 pri-

201 2167 274 2185 mum
293 2159 452 2186 absolvitur.
468 2173 503 2179 ——
523 2159 642 2186 Octavus
658 2166 733 2192 vero,
748 2164 843 2186 contra
865 2166 923 2192 eos,
940 2160 987 2194 qui

203 2204 377 2232 multitudine
386 2205 517 2232 duntaxat
525 2205 668 2232 veritatem
680 2204 985 2240 dijudicant.—Nonus,

201 2251 228 2277 in
251 2257 308 2281 eos,
340 2251 386 2285 qui
404 2251 509 2285 iactant
524 2259 579 2278 non
602 2255 728 2286 oportere
743 2258 758 2278 e
773 2251 923 2285 Scripturis
942 2257 988 2278 aut

201 2295 286 2329 loqui,
299 2300 346 2322 aut
363 2303 496 2330 quaerere,
510 2296 556 2323 sed
574 2295 653 2323 tidem
665 2303 742 2323 suam
755 2295 806 2323 sibi
817 2295 988 2330 suﬂlcere.e

201 2341 338 2375 Decimus,
353 2341 379 2368 in
395 2341 465 2369 male
476 2342 639 2377 objicientes
651 2341 717 2368 illud
734 2351 741 2369 :
761 2351 770 2368 ι
788 2342 905 2369 Verbum
918 2350 986 2370 caro

202 2386 302 2414 factum
325 2392 378 2414 est.
394 2397 404 2413 ι
415 2402 450 2408 -
471 2387 651 2419 Undecimus,
669 2389 799 2415 adversus
814 2387 989 2422 prohibentes

201 2435 270 2461 duas
288 2440 387 2468 capere
412 2434 438 2461 in
462 2434 650 2461 incarnatione
665 2439 788 2461 naturas.
805 2449 841 2454 —
856 2433 991 2461 Duodeci-

202 2488 272 2511 mus,
290 2480 317 2506 iu
334 2487 382 2507 eos
399 2480 443 2514 qui
459 2485 587 2508 asserunt
600 2481 747 2513 dicentem,
760 2480 833 2508 aliud
849 2488 909 2508 esse
920 2480 989 2507 Ver-

202 2527 277 2559 bum,
303 2527 376 2554 aliud
397 2534 458 2554 esse
477 2535 599 2560 carnem,
621 2528 688 2554 duos
713 2527 782 2554 lilios
809 2528 940 2562 proﬁteri.
954 2543 991 2549 —

202 2573 329 2604 Decimus
349 2574 459 2606 tertius,
480 2578 575 2603 contra
604 2574 740 2607 dicentes,
760 2575 834 2609 quod
860 2575 932 2602 idem
954 2577 990 2603 sit

201 2617 339 2646 Christum
360 2619 496 2651 hominem
519 2626 683 2654 agnoscere,
709 2625 792 2654 atque
826 2619 854 2647 in
879 2621 989 2649 homine

202 2671 278 2697 spem
311 2664 455 2692 collocare.
484 2679 520 2684 —
544 2664 671 2691 Decimus
689 2669 807 2699 quartus
822 2686 829 2697 ,
857 2665 990 2693 adversus

203 2709 377 2737 enuntiantes
393 2720 400 2738 :
418 2720 426 2736 I
446 2709 545 2738 Passus
561 2714 602 2737 est
616 2711 674 2737 sine
688 2710 824 2744 passione.
845 2720 895 2736 ι-
910 2711 988 2738 Deci-

203 2764 264 2784 mus
278 2757 398 2792 quiutus,
418 2757 445 2784 iu
471 2765 529 2790 eos,
545 2757 591 2792 qui
606 2757 701 2784 dicunt
719 2765 726 2783 :
743 2765 753 2782 ‹
767 2755 866 2785 Passus
887 2762 929 2784 est
951 2758 989 2784 uti

1036 1655 1099 1685 τοὺς
1122 1654 1221 1685 αὐτοὺς
1244 1653 1452 1689 γραφικώτερον
1475 1653 1717 1688 συμπλεκόμενος,
1743 1653 1791 1680 καὶ
1816 1655 1834 1679 ὁ

1036 1700 1127 1736 τρίτος
1142 1700 1207 1735 περὶ
1224 1699 1273 1734 τῆς
1287 1699 1372 1733 αὐτῆς
1389 1698 1593 1730 ὑποθέσεως.’0
1604 1699 1633 1725 δὲ
1643 1699 1772 1734 τέταρτος
1790 1698 1835 1725 δι-

1036 1746 1186 1778 δασκαλίας
1202 1745 1256 1771 τῶν
1280 1745 1365 1779 ἁγίων
1389 1745 1521 1780 Πατέρων
1544 1745 1667 1779 περιέχει
1692 1746 1758 1779 περὶ
1779 1745 1833 1779 τῆς

1037 1792 1144 1825 ἐνδόξου
1161 1792 1318 1826 οἰκονομίας
1332 1791 1380 1818 τοῦ
1394 1791 1529 1818 Δεσπότου
1545 1791 1623 1827 ἡμῶν
1639 1791 1758 1826 Χριστοῦ
1781 1791 1832 1818 τοῦ

1037 1837 1103 1863 Υἱοῦ
1126 1836 1173 1864 τοῦ
1197 1836 1315 1864 θεοῢ.’0
1336 1837 1427 1872 μέντοι
1442 1837 1569 1871 πέμπτος
1583 1837 1728 1872 αἱρετικὼν
1750 1837 1833 1869 δόξας

1037 1881 1170 1917 ἁθροίζει,
1187 1883 1234 1908 καὶ
1261 1881 1444 1917 παρατίθησιν
1466 1882 1551 1912 αὑτὰς
1575 1883 1608 1917 τῇ
1631 1882 1694 1918 δόξῃ
1716 1882 1770 1909 τῶν
1792 1883 1832 1917 μὴ

1037 1928 1242 1962 ὁμολογούντων
1256 1929 1303 1955 ἐπὶ
1325 1928 1444 1963 Χριστοῦ
1459 1928 1506 1955 δύο
1521 1928 1628 1963 φύσεις,
1648 1930 1696 1956 καὶ
1709 1929 1832 1956 δείκνυσι

1010 1999 1014 2002 ,
1038 1975 1139 2010 πολλὴν
1159 1974 1227 2010 πρὸς
1247 1974 1378 2009 ἀλλήλους
1391 1974 1571 2006 διασώζοντας
1589 1975 1639 2009 τὴν
1656 1975 1831 2009 συγγένειαν.
1854 2002 1864 2010 _

1045 2021 1074 2048 '0
1095 2021 1125 2048 δὲ
1146 2021 1225 2052 ἕκτος
1243 2021 1420 2056 διαλαμϐάνει
1437 2021 1479 2047 ὄτι
1492 2018 1533 2052 εἷς
1549 2022 1652 2047 tactv"
1665 2021 1728 2053 Υἱὸς
1742 2021 1758 2047 ό
1772 2022 1831 2048 Κύ-

1039 2076 1096 2104 ριος
1119 2068 1197 2103 ἡμῶν
1215 2066 1320 2102 Ἰησοῦς
1341 2068 1355 2094 ὁ
1371 2067 1497 2102 Χριστός.
1508 2067 1537 2093 '0
1551 2067 1663 2103 ἕϐδομος
1684 2068 1832 2102 ἐπιπολῆς

1038 2114 1132 2149 ὲπέχει
1150 2114 1246 2139 τόπον·
1263 2114 1292 2140 ὲν
1308 2111 1349 2144 οἷς
1363 2113 1393 2139 τὸ
1414 2113 1521 2148 πρῶτον
1538 2113 1739 2149 συνεπληροῦτο
1746 2115 1770 2130 ’⁸
1787 2115 1831 2149 βι-

1040 2160 1123 2186 ϐλίον.
1134 2159 1162 2186 Ὁ
1176 2159 1205 2186 δὲ
1219 2159 1310 2193 ὄγδοος
1321 2159 1344 2174 ¹⁷
1359 2160 1426 2195 πρὸς
1438 2159 1502 2191 τοὺς
1516 2159 1612 2195 πλήθει
1629 2160 1702 2195 μόνῳ
1724 2160 1832 2196 κρίνον-

1038 2213 1088 2236 τας
1104 2206 1153 2240 τὴν
1165 2204 1302 2239 ἀληθειαν.
1313 2205 1342 2231 Ὁ
1359 2205 1469 2237 ἔννατος
1483 2206 1551 2241 πρὸς
1570 2206 1633 2237 τοὺς
1648 2206 1777 2240 λέγοντας
1793 2208 1832 2242 μὴ

1039 2248 1094 2274 δεῖν
1107 2247 1160 2274 ἀπὸ
1170 2247 1225 2274 τῶν
1240 2248 1356 2283 Γραφῶν
1368 2248 1486 2284 ζητείνῆ
1501 2250 1601 2283 λαλεῖν,
1617 2250 1675 2277 ἀλλ’
1685 2251 1832 2286 ἀρκεῖσθαι

1041 2295 1074 2329 τῇ
1093 2294 1159 2329 παρ’
1173 2295 1279 2326 ἑαυτοῖς
1292 2294 1431 2322 «(nunc
1447 2296 1462 2323 ι’
1474 2296 1542 2332 πρὸς
1552 2296 1616 2328 τοὺς
1630 2297 1832 2332 προϐάλλοντας

1043 2340 1186 2374 κακοήθως
1200 2340 1232 2366 τὸ
1243 2341 1272 2367 (ό
1283 2341 1369 2375 Λόγος
1380 2341 1448 2377 σὰρξ
1459 2343 1593 2376 ἐγένετο.)
1604 2343 1632 2369 '0
1642 2346 1676 2370 ια’
1686 2343 1754 2378 πρὸς
1767 2345 1832 2375 τοὺς

1043 2386 1197 2418 κωλύοντας
1211 2386 1258 2413 δύο
1271 2387 1366 2421 φύσεις
1374 2388 1422 2414 ἐπὶ
1431 2388 1479 2423 τῆς
1488 2388 1721 2425 ἐνανθρωπήσεως
1728 2390 1796 2416 ἐκλα
1800 2399 1833 2425 μ-

1043 2432 1144 2459 ϐάνειν.
1155 2433 1184 2460 ’0
1200 2432 1232 2468 ιβ’
1248 2433 1316 2469 πρὸς
1334 2434 1396 2464 τοὺς
1411 2434 1540 2468 λέγοντας
1559 2435 1601 2461 ὅτι
1624 2437 1638 2462 ό
1659 2435 1744 2471 λέγων
1768 2437 1834 2464 ἄλλο

1045 2478 1096 2514 μὲν
1109 2478 1154 2506 τὸν
1170 2478 1249 2513 λόγον
1264 2479 1328 2506 ἄλλο
1341 2479 1370 2506 δὲ
1385 2480 1435 2516 τὴν
1457 2480 1547 2516 σάρκα
1560 2481 1607 2507 δύο
1622 2482 1697 2514 υἱοὺς
1710 2482 1794 2516 λέγει.
1804 2484 1833 2509 '0

1044 2527 1078 2559 ιγ’
1088 2525 1158 2560 πρὸς
1168 2524 1231 2556 τοὺς
1244 2525 1372 2559 λέγοντας
1385 2525 1467 2553 ὅτιτὸ
1478 2527 1524 2553 καὶ
1535 2526 1678 2563 ἄνθρωπον
1688 2529 1834 2563 γινώσκειν

1041 2571 1088 2598 τὸν
1103 2571 1222 2606 Χριστὸν
1235 2572 1334 2599 ταύτόν
1355 2573 1413 2599 ἐστι
1433 2572 1473 2608 τῷ
1488 2573 1536 2600 καὶ
1551 2574 1591 2605 είς
1603 2574 1747 2609 ἄνθρωπον
1761 2575 1834 2610 ἐχειν

1041 2617 1093 2649 τὰς
1105 2616 1226 2649 ἐλπίδας.
1237 2617 1265 2644 '0
1282 2617 1312 2644 ιδ’
1328 2618 1396 2653 πρὸς
1413 2619 1477 2650 τοὺς
1491 2619 1620 2653 λέγοντας
1641 2619 1743 2647 ἔπαθεν
1763 2622 1837 2648 ἀπα.

1043 2663 1108 2695 θῶς.
1132 2663 1162 2689 '0
1178 2666 1209 2690 ιε’
1226 2663 1295 2697 πρὸς
1323 2664 1387 2696 τοὺς
1409 2664 1538 2698 λέγοντας
1554 2675 1563 2691 ι
1573 2665 1673 2692 ἔπαθεν
1685 2666 1723 2698 ὡς
1735 2667 1836 2704 ὴοέληα

1044 2718 1101 2736 σεν.
1110 2718 1119 2735 ι
1129 2709 1158 2736 '0
1173 2712 1211 2743 ις’
1225 2709 1294 2744 πρός
1308 2711 1372 2742 τοὺς
1384 2710 1513 2745 λέγοντας
1524 2712 1564 2738 ὃτι
1578 2713 1630 2748 χρὴ
1646 2712 1772 2748 δέχεσθαι
1786 2715 1837 2746 τὰς

1044 2755 1137 2791 φωνὰς
1153 2755 1201 2782 καὶ
1217 2755 1255 2794 μὴ
1268 2758 1379 2784 σκοπεῖν
1393 2757 1426 2784 τὸ.
1440 2757 1474 2784 δι’
1485 2758 1574 2786 αὐτῶν
1584 2760 1786 2796 σημαινόμενα,
1799 2760 1838 2792 ὡς

862 2803 982 2831 γΑιιιΑμ)
1000 2801 1206 2830 LECTIONES.

237 2852 260 2867 "
275 2852 433 2893 oappditot;
448 2859 486 2893 ης.
519 2851 660 2893 ὀ-μάγῳι,
673 2850 831 2893 nisiﬂl'allor,
844 2851 920 2893 ᾼ.Λ²¹
932 2851 1156 2893 πάντσψίπάντων
1167 2857 1247 2893 .c‘orr.
1263 2849 1340 2893 Aza"
1352 2849 1504 2893 EEEI‘Mta-tv
1516 2851 1549 2883 Α,
1565 2852 1733 2893 vulgata-pro
1742 2855 1836 2890 γραφῇ

202 2893 337 2920 apposita.

372 2889 394 2903 "
414 2887 458 2924 ὲκ]
473 2895 528 2914 IIIIO
545 2888 577 2913 ἐκ
603 2887 667 2913 τῶν.

203 2922 271 2955 προς
298 2930 328 2953 ς.

723 2886 745 2901 ¹⁸
759 2885 916 2920 ἀνεγνώσθη
930 2886 962 2913 Δ.

997 2887 1019 2901 ’⁵
1037 2887 1111 2911 ἐστὶν
1139 2884 1203 2912 add.
1217 2885 1250 2913 Α,

1289 2885 1312 2900 ’⁸
1326 2886 1537 2921 συμπληροῦται
1561 2895 1592 2918 ς.
1613 2885 1654 2902 ’⁸⁷
1669 2885 1825 2921 ὃγδοοξκόι
