1918 3086
84 125 111 158 81
547 128 813 162 BIBLIOTHECA.
829 143 865 150 —
875 129 983 162 CODD.
1013 132 1226 163 XLV-XLVII.
1664 130 1699 162 ιε

85 184 174 215 πάντας
185 184 393 220 ὑπερϐαίνοντα.
402 188 432 214 '0
446 187 478 219 ιζ’
487 187 557 222 πρὸς
567 189 631 220 τοὺς
640 188 768 222 λέγοντας
778 188 862 215 «Em-

920 190 1011 218 voluit.
1031 200 1041 217 ι
1060 205 1094 212 --
1110 190 1237 218 Decimus
1264 193 1369 221 sextus,
1389 188 1415 216 in
1439 193 1592 217 asserentes
1616 196 1699 223 opor-

86 230 232 264 ΘενόΔόγος
243 232 336 267 σαρκί.
353 243 363 259 ι
381 234 412 261 '0
429 233 464 270 ιη’
472 233 541 270 πρὸς
554 234 619 266 τοὺς
633 235 763 269 λέγοντας
780 235 861 262 ποίαν

85 275 200 302 δώσουσιν
212 277 238 303 oi
251 277 376 305 Ἰουδαῖοι
389 279 478 315 δίκην,
490 280 516 306 ιι
529 279 567 315 μὴ
583 279 651 307 Θεδν
663 281 842 316 ἐσταύρωσαν
853 290 860 314 ;

91 322 115 349 '0
133 322 163 348 ιϐ’
177 323 244 358 πρὸς
257 324 322 356 τοὺς
335 325 465 360 λέγοντας
482 326 611 358 Ἰουδαῖός
625 328 700 353 ἐστιν
714 327 729 353 ὁ
742 326 780 362 μὴ
794 326 861 353 Θεὸν

87 368 255 404 ἐσταυρῶσθαι
268 369 366 405 λέγων.
375 372 404 399 Ὀ
419 375 442 399 κ’
455 373 526 408 πρὸς
541 372 605 404 τοὺς
618 372 748 407 λέγοντας
761 373 802 400 ὅτι
815 373 863 399 καὶ

86 414 180 448 ἄγγελοι
195 415 240 441 ἐπὶ
253 415 302 442 τοῦ
321 416 449 453 ’Δϐραὰμ
472 417 612 450 ἐσθίοντες
624 419 655 446 οὐ
671 419 780 452 πάντως
796 427 863 455 σαρ-

85 459 126 491 κὸς
135 459 209 494 φύσιν
224 460 400 496 ἐπεφέροντο.
409 463 438 490 '0
452 467 496 490 δια.¹
507 464 577 499 πρὸς
586 465 651 496 τοὺς
663 465 863 501 σμικρύνοντας

85 506 183 533 ἕκαστον
198 506 291 543 θαῦμα
305 509 345 544 τῷ
359 510 501 545 ἀρνεῖσθαι
522 510 572 546 τὴν
591 511 690 546 σάρκα.
707 512 755 548 [55
769 512 816 549 R.]
833 513 863 540 '0

85 551 119 586 ιβ’
130 552 193 586 πρὸς
204 554 268 585 τοὺς
285 554 454 589 ζημιοῦντας
470 555 552 591 ἡμῶν
566 556 597 583 τὸ
610 557 690 591 γένος
709 557 748 593 τῷ
771 558 808 594 μὴ
820 559 864 585 λέ-

85 605 133 630 γειν
146 599 176 624 ὲκ
189 598 239 634 τῆς
251 599 362 634 φύσεως
377 601 455 636 ἡμῶν
473 601 602 637 εἰλῆφθαι
618 603 668 638 τὴν
683 603 824 640 ἀπαρχήν.
833 604 863 631 '0

85 646 120 676 κγ
129 644 191 680 πρὸς
200 645 263 677 τοὺς
272 646 402 680 λέγοντας
416 648 558 675 πιστεύειν
571 649 664 681 ἁπλῶς
674 647 716 681 οἷς
723 649 746 666 ’⁸
754 650 864 684 λέγουσι

85 688 124 714 ut
138 688 172 723 μὴ
186 688 332 717 κατανοεῖν
344 691 371 718 τι
389 692 496 727 πρέπον
510 693 527 729 ἢ
543 694 678 729 ἀπρεπές.
699 694 728 721 '0
743 694 783 722 κὸ⁴
795 695 864 731 πρὸς

85 735 138 766 τοὺς
150 733 328 771 ἀναιροῦντας
342 737 393 774 τὴν
407 738 462 765 τῶν
478 739 588 773 φύσεων
601 740 733 776 διαφορὰν
749 741 819 776 μετὰ
833 741 864 768 τὺ

86 778 156 813 πάθος
169 782 214 809 καὶ
227 783 280 820 τὴν
301 784 446 820 ἀνάληψιν.
454 785 485 812 '0
501 788 541 813 κε’
555 787 794 821 ἀνακεφαλαίωσις
809 787 864 814 τῶν

85 828 143 854 κατὰ
158 828 238 864 μέρος
260 830 410 865 ῥηθέντων.
419 831 449 858 '0
463 835 511 864 κς¹
527 834 593 868 περὶ
613 833 665 868 τῆς
679 833 793 869 ὕστερον
809 842 863 870 μη-

85 873 194 910 νυθείσης
216 876 372 909 συνθέσεως
392 878 452 913 ἦτοι
471 879 686 911 συνουσιώσεως.
697 880 727 906 '0
742 880 782 913 κζ’
798 869 864 916 περὶ
879 869 900 896 Β

84 919 123 946 τοῦ
137 921 202 948 κατὰ
216 922 264 948 τὸν
280 922 372 950 κοιιιδν
393 924 538 959 ἄνθρωπον
553 925 762 961 ὑποδείγματος.
777 926 862 962 Δῆλον

84 965 107 991 δὲ
117 967 158 992 καὶ
171 967 202 994 ἐκ
217 968 304 1002 μόνης
319 967 411 996 αὐτῶν
420 971 471 1005 τῆς
486 970 652 1003 ὑποθέσεως,
668 973 739 999 ποῖοι
753 972 808 999 τῶν
823 973 862 999 ει-

85 1014 192 1047 ρημένων
209 1015 300 1050 λόγων
324 1015 356 1043 τδ
376 1016 517 1052 ὀρθὸδοξον
540 1017 705 1052 κρατύνουσι
722 1018 861 1055 φρόνημα,

84 1059 120 1094 [i5
133 1060 175 1096 il}
189 1061 236 1088 καὶ
251 1062 329 1094 τίνες
343 1062 524 1090 ἐκκλίνουσιν.

913 242 970 264 tere
982 243 1062 264 voces
1075 236 1149 271 ipsas
1162 236 1306 271 accipere;
1322 243 1376 263 non
1390 240 1481 262 autem
1496 242 1590 263 earum
1607 241 1698 266 sensa,

912 286 941 310 ut
957 290 1018 317 quae
1036 283 1157 310 omnium
1183 288 1290 317 captum
1308 283 1452 315 excedant,
1468 282 1649 311 considerare.
1665 296 1700 301 —

912 328 1040 357 Decimus
1056 329 1200 364 septimus,
1223 329 1356 357 adversus
1380 330 1501 356 dicentes
1519 337 1527 356 :
1549 337 1560 354 ‹
1583 327 1699 356 Verbum

912 382 961 410 per
977 382 1086 402 carnem
1097 380 1205 410 passum
1217 380 1270 403 est.
1285 384 1295 401 ι
1309 389 1345 395 -—
1356 375 1483 403 Decimus
1497 378 1620 406 octavus,
1636 381 1700 400 con-

914 425 954 449 tra
971 426 1140 454 asserentes,
1150 421 1245 457 quales
1262 421 1347 449 Judzei
1363 427 1458 456 poenas
1472 420 1560 448 daturi
1576 420 1699 452 fuissent,

912 467 936 494 si
956 466 1041 494 Deum
1065 467 1140 494 cruci
1161 473 1213 493 non
1236 466 1395 493 aliixissent.
1409 477 1444 485 ε-
1459 465 1584 492 Decimus
1599 470 1699 496 nonus,

913 513 940 539 itt
957 512 1124 539 atﬁrmantes
1144 510 1267 539 Judaeum
1287 511 1364 538 illum
1386 515 1458 541 esse,
1476 509 1521 543 qui
1543 508 1627 536 Deum
1647 507 1700 535 nti-

914 559 986 585 nime
1000 558 1159 585 cruciﬁxum
1174 561 1288 584 asserat.
1299 555 1503 587 —Viccsimns,
1518 559 1613 581 contra
1627 553 1701 580 aien-

914 608 965 634 tes.
978 602 1088 637 angelos
1097 609 1154 633 eos.
1165 602 1211 637 qui
1225 601 1294 636 apud
1308 601 1494 628 Abrahamum
1517 598 1606 626 cibum
1627 605 1701 625 sum-

913 654 1039 686 pserunt,
1050 657 1104 676 non
1122 649 1253 676 continuo
1263 648 1346 676 etiam
1369 647 1461 674 carnis
1485 651 1611 673 naturam
1629 649 1702 671 attu-

915 696 989 723 lisse.
1001 710 1036 715 -—
1049 694 1203 722 Vicesimus
1221 693 1334 728 primus.
1354 693 1488 720 adversus
1503 699 1562 724 eos,
1583 691 1628 726 qui
1649 690 1701 717 mi-

915 743 1009 770 racula
1027 741 1185 777 singulatim
1203 743 1366 772 extenuant,
1380 740 1443 766 dum
1460 745 1571 766 carnem
1591 741 1702 772 negant.

913 803 948 809 —
963 787 1116 816 Vicesimus
1129 788 1278 821 secundus,
1290 788 1422 814 adversus
1443 793 1503 819 eos,
1522 784 1567 820 qui
1583 785 1703 819 humano

914 834 1006 870 generi
1030 835 1158 861 damnum
1181 833 1321 867 irrogant,
1344 833 1407 860 dum
1431 831 1583 859 concedere
1608 830 1703 856 nolunt

915 886 948 907 ex
962 884 1054 906 nostra
1075 883 1170 906 natura
1189 878 1353 914 principium
1373 881 1508 912 sumptum
1525 882 1596 903 esse.
1607 888 1642 894 —
1657 873 1703 900 Vl-

915 926 1034 953 cesimus
1056 925 1164 956 tertius.
1185 929 1280 952 contra
1296 923 1444 958 iactantes.
1460 921 1574 950 credere
1595 919 1703 954 simpli-

916 973 985 1000 citer
1000 971 1045 1003 iis,
1060 978 1120 1005 qua:
1131 971 1276 1003 dicuntur;
1293 974 1321 998 et
1337 977 1390 997 non
1406 969 1560 1001 attendere,
1574 967 1638 1002 quid
1655 966 1704 993 do-

917 1026 983 1045 cens
1007 1017 1053 1050 sit,
1073 1021 1121 1044 aut
1141 1017 1281 1044 indecens.
1294 1031 1330 1037 ——
1346 1016 1499 1043 Vicesimus
1518 1018 1642 1049 quartus,
1657 1011 1705 1039 ad-

913 1061 1151 1091 versus'tollentes
1171 1065 1333 1088 naturarum
1350 1059 1544 1090 differentiam,
1564 1062 1623 1093 post
1637 1063 1704 1091 pas-

83 1106 172 1133 sionem
186 1108 634 1138 «ascensionem—Vicesimus
649 1109 772 1145 quintus,
799 1109 957 1137 summatim
983 1115 1015 1136 ea
1028 1108 1137 1142 repetit,
1167 1114 1227 1142 quae
1246 1113 1294 1142 per
1322 1111 1412 1141 partes
1440 1106 1570 1132 hactenus
1604 1102 1703 1129 tradita

83 1158 145 1180 sunt.
160 1167 194 1173 —
209 1154 284 1188 11a
309 1153 462 1183 Vicesimus
481 1160 586 1188 sextus.
606 1155 639 1183 de
664 1155 915 1190 pOSt-matiil‘estatu
939 1155 1139 1190 compositione
1166 1161 1214 1181 seu
1246 1151 1537 1180 consubstantiatione.

1562 1163 1599 1170 --
1622 1147 1701 1174 Vice—

82 1201 153 1229 simus
172 1203 321 1236 septimus,
344 1203 378 1230 de
391 1211 424 1231 eo
438 1204 508 1239 quod
525 1205 675 1232 secundum
690 1212 863 1233 communem
882 1204 1019 1231 hominem
1037 1207 1088 1235 est,
1100 1201 1235 1236 exemplo.
1245 1201 1354 1229 Clarqu
1363 1208 1429 1227 vero
1451 1200 1492 1226 vel
1521 1206 1554 1226 ex
1567 1198 1627 1226 solo
1644 1203 1690 1226 ar-

82 1254 193 1281 gumento
202 1249 319 1284 quinam
330 1258 363 1277 ex
376 1252 569 1287 suprascriptis
589 1253 665 1281 libris
678 1254 859 1280 orthodoxam
873 1253 1054 1281 corroborent.
1067 1251 1231 1283 doctrinam,
1246 1250 1349 1285 quique
1367 1250 1401 1277 ab
1418 1256 1448 1276 ea
1468 1248 1622 1275 discedant.

111 1296 164 1323 Ἔτι
179 1297 206 1324 ὲν
218 1297 259 1333 τῷ
268 1297 349 1333 αὐτῷ
360 1299 450 1335 τεύχει
464 1300 676 1336 ἀνεγνώσθησαν
684 1302 707 1318 ¹⁹
722 1300 770 1328 τοῦ
780 1301 864 1328 αὐτοῦ

82 1338 143 1373 λόγοι
149 1342 230 1377 τρεῖς,
239 1343 357 1377 μείζους
364 1343 419 1370 τῶν
426 1346 644 1381 προειρημένων·
660 1345 864 1382 Ἐρανιστὴςῆ

82 1385 264 1422 Πολύμορφος
275 1387 604 1428 ἐφερονὲπιγραφήν.⁷Ων
614 1392 628 1418 ὁ
638 1392 687 1427 μὲν
694 1392 814 1428 πρῶτος,
825 1392 865 1419 ὅτι

81 1431 198 1467 ἄτρεπτος
211 1433 226 1459 ὁ
240 1433 314 1465 θεὸς
331 1433 433 1469 Λόγος·
445 1435 460 1461 ό
473 1435 609 1472 δεύτερος,
625 1437 666 1464 ὃτι
680 1436 833 1473 ἁσύγχυτος
847 1438 863 1473 ἠ

81 1476 180 1509 ῑνωσις·
196 1480 210 1505 ὁ
222 1479 334 1514 τρίτος,
352 1479 392 1506 ὅτι
408 1481 517 1517 ἀπαθὴς
530 1483 546 1508 ὸ
559 1481 626 1514 Θεδς
641 1482 804 1517 Λόγος.¹Έτι
818 1484 866 1510 καὶ

83 1521 206 1558 τέταρτος,
222 1525 251 1551 ὲν
275 1521 301 1560 ᾧ
325 1526 518 1562 συλλογισμοῖς
539 1528 591 1563 τῆς
613 1529 698 1564 αὐτῆς
713 1521 902 1561 ὑποθέσεωςο

85 1567 317 1604 ὕπεραγωνίζεται.
334 1569 414 1599 Οὗτοι
428 1572 458 1600 δὲ
479 1575 503 1600 οἱ
517 1575 592 1610 τρεῖς
604 1575 679 1610 λόγοι
699 1576 729 1602 ἐν
751 1575 868 1611 διαλόγῳ

85 1614 144 1640 εἰσὶν
156 1615 228 1652 αὐτῷ
245 1617 486 1654 διεσκευασμένοι,
499 1620 524 1646 οὶ
538 1620 567 1647 δὲ
581 1621 656 1648 ἄλλοι
669 1621 866 1657 καταλογάδην.

85 1659 164 1696 Σαφὴς
173 1662 201 1689 δέ
212 1663 289 1690 ἐστιν
305 1664 338 1690 ὲν
352 1664 437 1691 ἅπασι
448 1665 497 1702 τὴν
510 1666 622 1702 φράσιν,
633 1666 672 1699 ὡς
682 1667 812 1703 εὐκρινὴς
822 1668 870 1694 καὶ

85 1707 201 1742 καθαρὸς,
214 1710 262 1735 καὶ
280 1710 334 1736 οὐκ
347 1710 470 1746 ἀμοιρῶν
486 1712 533 1738 τοῦ
549 1712 637 1748 ἡδέος,
653 1713 829 1750 καταλλήλως
839 1722 869 1740 τε

85 1753 134 1785 τοῖς
150 1755 281 1791 νοήμασιν
301 1756 536 1792 ὲνευθηνούμενος
548 1758 581 1785 ³⁸.

433 1903 500 1929 ΜΖ¹.

92 1955 223 1991 Ἰωσήπου
256 1959 406 1995 Ἰουδαίου
431 1961 467 1988 τὰ
486 1961 562 1988 κατὰ
586 1961 748 1995 Ἰουδαίους
779 1961 869 1995 πάθη,

201 1995 252 2021 καὶ
268 1995 289 2029 ἡ
305 1994 364 2028 τῆς
385 1995 585 2031 Ἰερουσαλὴμ
601 1996 726 2030 ἅλωσις.

115 2049 281 2087 Ἀνεγνώσθη
297 2053 435 2088 Ἰωσήπου
442 2053 570 2081 Ἰουδαίου
576 2054 612 2081 τὰ
621 2055 698 2082 κατὰ
705 2055 872 2088 Ἰουδαίους

86 2095 166 2131 πάθη,
179 2097 208 2123 ὲν
222 2094 263 2129 οἷς
276 2097 295 2132 ἦ
311 2106 344 2124 τε
354 2098 406 2133 τῆς
422 2098 600 2135 Ἰερουσαλὴμ.
611 2101 657 2127 ἐπὶ
669 2100 743 2127 τέλει
758 2100 813 2126 τῶν
828 2100 872 2126 λό-

86 2149 135 2175 γων
153 2142 253 2176 ἆλωσις
276 2145 328 2171 καὶ
353 2146 370 2180 ή
395 2145 447 2179 τῆς
468 2146 599 2178 Μασάδας
615 2145 755 2182 πολίχνης,
770 2147 824 2182 πρὸ
843 2145 871 2172 δὲ

952 1299 1047 1327 Adhuc
1063 1299 1089 1326 in
1103 1299 1205 1334 [eodem
1227 1298 1286 1332 ipso
1301 1296 1445 1324 Volumine
1469 1295 1520 1330 legi
1545 1300 1600 1322 tres
1630 1294 1704 1328 ejus-

916 1346 978 1374 dem
1002 1346 1084 1374 libros
1107 1344 1292 1380 superioribus
1315 1342 1442 1378 majores.
1464 1342 1583 1369 Titulum
1607 1341 1704 1376 prtere-

918 1396 981 1419 runt
1003 1391 1150 1427 ἐρανιστὴς
1168 1390 1236 1426 (75),
1252 1389 1269 1425 ἦ
1283 1388 1463 1423 Πολύμορφος
1471 1387 1510 1422 (id
1525 1391 1577 1419 est,
1594 1386 1705 1417 sodalis,

916 1446 964 1466 seu
991 1437 1185 1472 multiformia).
1215 1435 1318 1462 Horum
1345 1435 1460 1469 primus,
1483 1433 1566 1461 Deum
1587 1431 1705 1460 Verbum

916 1483 1085 1510 immutabile
1096 1489 1157 1510 esse
1172 1481 1261 1508 docet.
1277 1480 1364 1512 Alter,
1381 1479 1561 1510 inconl‘usam,
1579 1479 1705 1505 minime-

918 1536 971 1563 que
998 1528 1107 1556 ntistatn
1135 1527 1263 1554 unionem
1286 1531 1356 1554 esse.
1383 1525 1492 1553 Tertius
1514 1524 1706 1560 impassibilem

921 1573 978 1601 sive
998 1571 1249 1606 imperturbabilem
1273 1576 1334 1598 esse
1356 1570 1438 1597 Deum
1448 1568 1578 1597 Verbum.
1597 1569 1709 1596 Accedit

920 1623 1043 1652 quartus,
1057 1617 1083 1644 in
1100 1624 1154 1651 quo
1171 1616 1334 1653 syllogismis
1356 1615 1415 1643 haec
1438 1615 1531 1643 eadem
1547 1621 1706 1650 argumenta

921 1664 1028 1691 retexit.
1042 1663 1130 1697 Atque
1159 1663 1186 1690 hi
1211 1662 1323 1697 quidem
1350 1662 1412 1689 libri
1438 1669 1486 1696 per
1513 1661 1648 1696 dialogum
1674 1662 1709 1688 ab

920 1709 978 1743 ipso
1002 1709 1147 1743 conscripti
1168 1714 1242 1740 sunt,
1272 1707 1367 1743 reliqui
1394 1715 1459 1734 vero
1485 1707 1654 1739 continenti,
1677 1715 1710 1734 ac

921 1760 1050 1790 perpetua
1078 1755 1161 1783 serie.
1189 1755 1282 1791 Styins
1304 1755 1329 1782 ei
1355 1754 1382 1782 in
1398 1754 1523 1782 omnibus
1550 1754 1709 1789 perspicuus

920 1802 1056 1836 (estenim
1082 1802 1226 1829 distinctus
1253 1809 1285 1828 ac
1311 1801 1404 1835 purus)
1425 1808 1513 1835 neque
1532 1799 1710 1834 iucunditatis

922 1853 1018 1882 expers
1032 1855 1039 1873 :
1056 1846 1230 1882 proportione
1241 1853 1303 1873 vero
1313 1846 1438 1873 sensibus
1455 1845 1594 1873 exuberat.

1265 1902 1369 1931 XLVII.

1012 1958 1120 1993 Jouplti
1136 1957 1226 1986 Jldwi
1241 1958 1273 1985 de
1286 1958 1352 1984 libro
1365 1956 1480 1984 Iudaico
1494 1957 1554 1983 libri
1567 1963 1615 1982 νιι.

958 2049 1023 2083 Legi
1042 2047 1190 2084 Joseplmm
1206 2046 1340 2079 Judaeum,
1356 2045 1525 2073 Deludaicw
1538 2045 1622 2080 gentia
1635 2044 1712 2072 'cala-

925 2098 1016 2125 mitate
1026 2101 1105 2131 atque
1120 2095 1236 2122 interim.
1247 2094 1306 2127 Quo
1322 2094 1349 2121 in
1364 2093 1433 2120 libro
1445 2097 1568 2119 extremo
1582 2091 1710 2118 Hieroso-

924 2144 1058 2180 lymorum
1083 2141 1217 2170 excidium
1239 2145 1342 2173 narrat,
1367 2144 1394 2166 et
1413 2138 1527 2166 Masadm
1545 2137 1635 2172 oppidi
1658 2145 1665 2164 :
1684 2142 1711 2163 et

85 2188 177 2215 τούτων
190 2191 206 2224 ὴ
220 2191 277 2217 τῶν
287 2190 473 2222 Ἰωταπάτων.
487 2193 516 2218 ὲν
583 2192 631 2219 καὶ
650 2192 732 2224 αὺτδς
742 2192 866 2228 Ἰώσηπος

927 2195 990 2217 ante
1013 2189 1070 2216 lucc
1095 2187 1294 2222 Jotapatorum,
1317 2186 1344 2212 in
1369 2192 1424 2219 quo
1447 2189 1474 2211 et
1502 2183 1559 2217 ipse
1576 2182 1713 2216 Iosephus

85 2233 144 2268 ἦλω.
158 2235 196 2262 ἐτι
216 2236 245 2263 δὲ
258 2237 405 2272 Γισχάλων
412 2238 433 2254 ³¹
448 2238 549 2269 ἅλωσις
561 2239 608 2265 καὶ
619 2238 706 2265 ἄλλων
717 2238 871 2266 Ἰουδαϊκῶν

86 2280 213 2315 φρουρίων
236 2282 439 2318 ὲρημίαῖΕστι
461 2283 489 2310 δὲ
515 2284 590 2320 αὐτῷ
598 2284 620 2300 ³¹
635 2284 665 2311 τὺ
681 2283 824 2319 σύνταγμα
843 2285 873 2310 ὲν

87 2323 167 2358 λόγοις
179 2327 260 2355 ἐτι-τά.
275 2328 409 2364 Καθαρὺς
424 2329 474 2364 τὴν
484 2329 595 2365 φράσιν,
609 2330 657 2356 καὶ
673 2330 782 2366 ἀξίωμα
792 2330 873 2364 λόγου

88 2371 148 2403 μετὰ
159 2373 319 2408 εὐκρινεεας
335 2376 384 2402 καὶ
400 2375 496 2410 ἡδονῆς
517 2375 604 2407 δεινὸς
618 2376 747 2412 ἐκφῆναι,
761 2375 874 2408 πιθανός

86 2422 111 2441 τε
124 2419 182 2450 ταῖς
196 2419 386 2454 δημηγορίαις
404 2421 451 2447 καὶ
463 2420 600 2456 ἐπίχαρις,
617 2421 670 2448 κᾶν
686 2421 733 2448 ἐπὶ
746 2421 875 2448 τάναντία

87 2462 197 2498 ὀκαιρὸς
206 2466 279 2500 καλῇ
294 2467 451 2502 χρήσασθαι
462 2467 500 2503 τῷ
510 2467 591 2502 λόγῳ,
604 2467 690 2499 δεξιὸς
703 2467 750 2493 καὶ
762 2466 876 2502 γόνιμος

87 2509 281 2546 ἐνθυμημάτων
305 2513 495 2548 ἐφἰὲκὰτερα,
513 2514 561 2540 καὶ
578 2513 782 2548 γνωμολογικὸς
793 2513 822 2539 δὲ
836 2513 874 2544 ὡς

926 2240 1036 2271 raptus;
1056 2239 1185 2268 praeterea
1201 2232 1389 2260 Giscbalornm
1412 2230 1592 2261 eversionem,
1605 2233 1631 2255 et
1644 2228 1712 2255 alio-

927 2289 986 2309 rum
999 2280 1173 2309 Judaicorum
1185 2279 1411 2305 munimentorum
1426 2275 1629 2304 desolationem.
1645 2275 1714 2302 Sunt

927 2334 1017 2355 autem
1027 2326 1107 2362 hujus
1118 2325 1208 2360 operis
1218 2324 1278 2351 libri
1290 2329 1404 2358 septem.
1414 2322 1550 2351 Candidus
1563 2321 1600 2349 illi
1613 2329 1713 2353 sermo,

926 2375 973 2410 qui
992 2373 1128 2401 rationum
1147 2371 1251 2406 pondus
1268 2375 1349 2404 atque
1367 2374 1531 2397 momentum
1555 2375 1616 2395 cum
1640 2369 1715 2403 puri-

928 2426 984 2448 tate
999 2428 1030 2448 ac
1041 2419 1214 2454 iucunditate
1225 2416 1379 2450 exprimere
1392 2415 1488 2450 possit.
1501 2414 1528 2441 lu
1540 2413 1716 2441 concionibus

930 2464 1107 2501 persuadendi
1133 2463 1159 2489 vi
1186 2461 1315 2496 praeditus
1343 2464 1404 2492 est,
1432 2466 1463 2485 ac
1488 2458 1633 2492 gratiosus,
1659 2463 1715 2484 tum

929 2513 1010 2538 etiam
1028 2517 1088 2537 cum
1114 2509 1208 2535 suadet
1225 2504 1413 2541 opportunitas
1435 2504 1584 2531 orationem
1608 2503 1634 2530 in
1648 2510 1715 2530 con-

701 2599 820 2628 VARLE
840 2597 1038 2627 LECTIONES.

90 2680 109 2694 ¹¹
121 2681 182 2708 αὐτὸ
205 2691 235 2715 ς’.

289 2649 314 2664 ¹¹
334 2648 492 2685 ἀνεγνώσθη
512 2648 560 2676 τοῦ
571 2647 665 2676 αὐτοῦ.
680 2649 715 2680 Α,
730 2647 940 2682 ἀνεγνώσθησαν
956 2644 1039 2672 αὑτοῦ
1070 2653 1090 2676 ς
1105 2663 1112 2670 .

1160 2642 1183 2659 ³⁸
1199 2640 1397 2678 εὐθηνούμενος
1425 2649 1457 2672 ς.
1499 2641 1518 2656 ³¹
1534 2641 1670 2676 χισχάλων
1683 2639 1715 2666 Α.

843 2767 957 2797 NOTAE.

120 2826 174 2859 (75)
189 2827 383 2854 Emendicatur
399 2826 520 2852 redditur
534 2834 549 2853 a
560 2825 694 2853 Geutiano
707 2825 824 2854 Hcrvcto
839 2834 872 2855 ex
891 2825 976 2861 ipsius
989 2825 1153 2855 Theodoreti
1171 2825 1279 2854 I’rzct‘at.
1304 2824 1427 2852 Sadalen:
1457 2830 1506 2858 ego
1529 2829 1606 2853 voco,
1635 2817 1712 2854 quasi

92 2861 289 2892 ιῐηιιιιεάαιεηι.
309 2865 339 2889 ct
351 2863 469 2894 eiusdem
487 2861 647 2892 participem
661 2861 800 2891 svmboluz.
