1918 3086
215 128 250 157 83
791 130 925 161 PHOTII
944 130 1003 160 ΡΑἿ

1057 129 1197 159 ἈΒΟΗιΕ
1216 129 1272 159 CP.
1808 125 1843 154 84

214 184 324 211 trariam
340 189 442 220 partem
458 186 576 214 flectere.
590 186 705 214 Dextere
721 193 829 222 quoque
844 192 870 214 et
888 187 998 221 copiose

1057 187 1077 213 εἴ
1094 195 1137 218 τις
1151 186 1196 213 ἄλ)
1202 194 1242 217 ος.
1256 185 1304 212 καὶ
1318 184 1392 219 πάθη
1407 183 1446 219 τῷ
1460 183 1532 219 λόγῳ
1547 182 1723 219 παραστῆσαι
1746 181 1844 209 ἱκανώ-

213 230 422 265 enthymematis
436 232 462 259 in
478 236 622 268 utramque
647 237 751 267 partem
767 233 862 264 utitur,
886 239 998 260 senten-

1051 241 1144 264 τατος,
1157 232 1205 258 καὶ
1219 232 1324 266 ἐγεῖραι
1340 230 1426 261 πάθος
1438 230 1484 256 καὶ
1496 229 1617 265 πραῧναι
1628 229 1823 264 δοκιμώτατος,

213 278 328 312 tiasque,
355 277 378 305 si
398 278 460 313 quis
486 278 572 310 alius,
587 278 708 306 adhibet.
738 278 860 307 Orationi
888 279 998 314 insuper
1014 277 1140 305 affectum
1157 276 1340 311 imprimendi,
1356 281 1384 303 et
1414 275 1567 304 concitandi
1590 280 1690 307 motus,
1720 274 1843 302 eosdem-

214 331 267 359 que
282 331 343 351 mox
359 323 485 356 leniendi,
500 329 543 352 est
559 325 756 360 peritissimus.

250 371 334 398 Multa
360 378 426 398 vero
447 371 523 406 signa
555 375 637 405 atque
664 373 786 408 prodigia
809 372 1003 408 Hierosolyma

215 418 349 445 excidium
378 417 549 451 praecessisse
568 423 773 446 commemorat.
789 418 887 447 Bovem
905 419 938 446 ad
955 426 1002 446 sa-

215 463 346 491 criﬁcium
361 462 470 490 ductam
488 470 586 497 agnum
603 465 750 498 peperisse.
772 465 871 492 Lucem
887 465 914 492 in
933 470 1003 492 tem-

215 510 259 544 plo
290 510 470 545 splenduisse.
496 510 596 538 Vocem
622 511 720 539 exinde
746 513 887 540 auditam:
906 521 915 537 ι
934 512 1002 539 Hinc

215 557 356 584 abeamus.
376 566 385 583 ι
401 556 506 591 Templi
519 559 631 592 portas,‘
645 565 714 593 quas
731 565 764 585 ne
779 558 872 593 viginti
892 558 1002 593 quidem

214 603 265 630 viri
286 603 392 637 aperire
418 607 555 637 poterant,
580 609 676 638 sponte
698 603 829 638 patuisse.
845 603 1002 631 Exercitum

213 649 323 683 vesperi
349 649 436 676 visum
451 649 545 677 ‘armis
568 650 702 677 indutum.
722 649 827 682 Virum,
845 650 888 677 cui
904 657 1002 677 nomen

214 694 296 723 Jesus
309 695 433 729 Ananiae,
456 696 524 723 nihil
548 696 621 724 aliud
638 696 718 724 annis
740 704 787 724 sex
811 700 838 723 et
864 697 1003 725 mensibus

215 740 304 768 tribus
321 741 453 773 sonuisse,
473 746 601 776 tanquam
626 742 718 769 furore
743 742 894 776 percitum,
919 750 1001 776 quam

213 786 361 814 identidem
381 796 389 814 :
412 797 422 813 ι
450 787 510 819 ναξ,
527 795 584 819 ναι,
607 787 775 820 Jerusalem,
796 797 806 814 ι
825 788 1003 823 eamdemque

215 837 276 857 cum
290 838 321 858 ea
337 832 371 859 de
381 839 463 860 causa
478 831 636 860 verberibus
646 839 753 867 quoque
763 832 921 864 caederetur,
933 839 1003 870 praef

1091 369 1179 396 Πολλὰ
1203 368 1231 395 δὲ
1257 368 1381 404 σύμϐολα
1401 368 1449 396 καὶ
1465 368 1567 403 οημεῖα
1581 367 1657 402 λέγει
1671 366 1844 402 προῦπάρξαι

1053 415 1103 450 τῆς
1119 414 1299 450 Ἰερουσαλὴμ
1314 413 1456 445 ἁλώσεως·
1473 414 1537 449 βοῦν
1560 422 1591 440 τε
1608 412 1662 448 γὰρ
1680 412 1725 439 ἐπὶ
1750 412 1845 439 θυσίαν

1053 459 1192 495 ἀγομένην
1205 459 1274 494 ἄρνα
1283 459 1384 490 τεκεῖν,
1392 458 1439 485 καὶ
1450 458 1508 492 φῶς
1518 457 1675 492 ἀναλάμψαι
1688 457 1717 484 ἐν
1727 456 1767 492 τῷ
1778 457 1846 491 ναῷ,

1053 506 1102 532 καὶ
1112 506 1204 541 φωνῆς
1214 505 1318 531 ἐκεῖθεν
1329 503 1480 531 ἐπακοῦσαι
1487 503 1711 538 ιΜεταΰαίνομεν
1723 503 1745 519 ³³
1753 502 1847 530 ἐντεῦ-

1056 553 1129 585 θεν,ι
1143 553 1192 579 καὶ
1208 552 1258 584 τὰς
1271 551 1317 578 τοῦ
1337 552 1411 586 ἱεροῦ
1421 551 1510 582 πύλας
1523 551 1578 577 οὐδ’
1591 550 1645 577 ὑπὸ
1658 549 1763 586 ἀνδρῶν
1775 550 1848 577 εῑκο-

1054 606 1098 624 σιν
1119 598 1300 632 ἀνοιγομένας
1320 597 1483 632 αὐτομάτως
1501 596 1647 632 ἀνεῷχθαι,
1660 597 1707 623 καὶ
1733 596 1848 632 στρατὸν

1053 643 1173 679 ἑσπέρας
1187 643 1380 678 ἐπιφαίνεσθαι
1396 643 1489 674 ὅπλοις
1510 641 1784 678 περιπεφραγμένον,
1799 642 1847 668 καὶ

1052 689 1199 725 ἄνθρωπόν
1211 698 1272 716 τινα
1289 688 1393 725 (δνομα
1408 689 1484 724 αὐτῷ
1499 690 1512 715 ὁ
1525 688 1572 715 τοῦ
1583 687 1706 715 Ἀνανίου
1720 688 1826 722 Ἰησοῦς
1838 687 1848 722 )

1055 735 1138 771 μηδὲν
1155 735 1218 762 ἀλλο
1234 735 1448 770 ἐπιφθέγγεσθαι
1464 735 1511 761 ἐπὶ
1525 734 1573 770 έτη
1586 737 1612 766 ς’
1623 734 1670 761 καὶ
1676 735 1699 750 ³⁵
1713 734 1801 769 μῆνας
1810 737 1846 767 γ’,

1055 781 1150 815 ὥσπερ
1166 781 1383 816 βεϐακχευμένον
1401 780 1466 807 ὄντα
1487 780 1531 807 ἐπ’
1548 779 1614 807 αὐτὸ
1627 778 1717 811 τοῦτο,
1737 780 1754 815 ἦ
1775 780 1806 806 τὸ
1818 780 1848 807 αἳ

1054 829 1088 862 τῇ
1107 826 1284 863 Ἰερουσαλήμ.
1294 834 1301 842 ⁸
1317 827 1346 858 ὃς
1364 827 1413 853 καὶ
1429 826 1499 861 ὑπὲρ
1518 825 1615 852 τούτου
1630 825 1763 857 αἰκισθεὶς
1776 826 1848 860 πλὴν

216 882 258 905 ter
273 878 342 905 hanc
355 887 437 906 unam
453 887 558 913 vocem,
573 879 673 906 nullam
688 879 811 906 emisisse
825 878 915 906 aliam.
926 879 1003 906 llunc

1057 875 1158 910 ταύτης
1178 875 1228 910 τῆς
1250 873 1342 908 φωνῆς
1363 872 1439 899 οὐδὲν
1454 871 1518 899 ἄλλο
1532 870 1714 906 ἀπεκρίνατο,
1731 871 1760 897 έν
1776 871 1846 906 αὐτῇ

215 923 279 952 item
292 925 367 952 urbis
377 925 483 953 excidio
501 933 563 953 cum
577 926 730 959 interesset,
745 926 923 960 eamdemque
933 926 1002 960 apud

215 977 246 998 se
260 978 352 998 vocem
370 971 559 1007 ingeminaret,
583 972 679 1006 lapidis
700 972 754 999 ictu
774 973 842 1007 11b
863 972 897 999 ab
926 972 1003 999 hoste

215 1024 335 1044 occisum
350 1024 420 1045 8850.

249 1064 338 1098 Atque
366 1064 424 1090 haec
447 1063 555 1098 quidem
576 1067 639 1092 ante
662 1064 757 1092 urbem
789 1068 897 1099 captam
925 1063 1002 1099 signa

215 1113 365 1136 monstrata
380 1108 466 1140 fuere,
492 1109 613 1137 intestini
627 1117 691 1136 vero
712 1110 773 1137 belli
789 1110 885 1138 seditio
901 1114 928 1137 et
953 1111 1002 1136 ho-

214 1158 271 1182 stes
283 1154 376 1182 urbem
387 1160 551 1182 everterunt.
565 1156 593 1183 ln
609 1156 755 1183 zelotarum
773 1156 843 1183 enim
856 1155 1001 1183 factionem

216 1205 244 1227 et
260 1201 420 1228 sicariorum
435 1201 525 1234 divisi,
542 1208 571 1229 se
585 1207 679 1229 mutuo
695 1201 779 1228 Judaei
797 1200 1001 1231 interfecerunt,

216 1247 361 1282 ipsumque
374 1247 442 1274 adeo
458 1247 613 1282 reipublicae
633 1255 731 1282 corpus
746 1247 851 1282 vulgus,
866 1247 901 1274 ab
916 1246 1003 1277 utris-

216 1299 271 1327 que
282 1293 380 1321 acerbe
396 1297 438 1320 est
455 1297 536 1328 atque
552 1293 698 1321 crudeliter
720 1294 888 1321 dilaniatum.
905 1291 1004 1320 Fames

218 1340 282 1366 item
298 1339 338 1366 sic
355 1339 448 1367 urbem
464 1339 574 1372 invasit,
590 1343 619 1367 ut
635 1344 663 1366 et
679 1339 712 1366 ad
728 1339 779 1366 alia
802 1339 903 1374 ﬂagitia
914 1339 1003 1367 homi-

218 1392 269 1413 nes
283 1384 390 1419 impulsi
406 1385 517 1419 fuerint,
538 1390 567 1414 et
585 1386 683 1414 mulier
696 1393 773 1413 suum
790 1386 847 1420 ipsa
862 1386 944 1413 lilium
958 1393 1004 1413 co-

217 1431 344 1459 mederit.
356 1430 446 1459 Pestis
458 1432 550 1459 adlizec
562 1431 660 1459 famem
672 1431 821 1466 excipiens,
837 1431 904 1459 satis
915 1430 1004 1458 omni-

215 1477 268 1505 bus
288 1477 365 1505 clare
388 1477 518 1510 ostendit,
537 1477 633 1505 divina:
661 1477 687 1505 id
710 1477 758 1505 ira:
781 1485 848 1512 opus
871 1484 948 1510 esse,
972 1484 1004 1504 ac

220 1523 369 1553 Dominicae
397 1524 609 1552 denuntiationis
629 1524 829 1559 minarumque,
846 1523 904 1552 fore
924 1524 1003 1551 nimi-

217 1577 278 1597 rum
294 1575 323 1597 ut
334 1570 399 1598 urbs
415 1569 536 1597 funditus
555 1577 648 1598 eversa
665 1571 770 1604 periret.

551 1613 664 1640 XLVIII.

286 1659 428 1693 Joseplms,
441 1660 480 1687 vel
493 1660 573 1687 Caius
587 1660 736 1694 Prcsbymr.
751 1660 787 1686 De
797 1660 929 1686 universo.

255 1737 354 1765 Lectus
367 1743 419 1771 est,
432 1738 565 1773 Iosephus
579 1739 617 1766 De
630 1739 767 1771 universo,-
789 1739 835 1773 qui
854 1738 923 1765 liber
941 1737 1003 1764 alibi

218 1783 367 1818 inscriptus
390 1783 499 1818 legitur,
515 1783 553 1811 De
570 1784 685 1811 universi
699 1791 800 1816 causa;
822 1783 848 1810 in
865 1782 925 1810 aliis
942 1789 1005 1809 vero

218 1830 307 1861 libris,
321 1829 360 1857 De
375 1830 488 1857 universi
500 1836 606 1857 natura.
622 1830 744 1864 Suntque
759 1829 839 1857 libelli
856 1829 925 1861 duo,
943 1829 1005 1862 qui-

218 1876 269 1904 bus
283 1883 375 1904 secum
389 1884 508 1912 pugnare
525 1876 663 1904 Platonem
681 1877 768 1903 docet.
783 1875 822 1902 De
836 1876 925 1902 anima
939 1882 1006 1910 quo-

219 1929 273 1955 que
298 1923 411 1949 materia
424 1941 432 1954 ,
453 1927 481 1949 et
500 1921 699 1949 resurrectione
721 1921 778 1956 (76)
799 1921 959 1953 Alcinoum,
977 1925 1006 1946 ut

221 1967 336 1994 absurde
367 1974 400 1994 ac
422 1966 490 1994 falso
514 1967 707 1999 disserentem,
732 1965 915 2000 reprehendit,
943 1971 1006 1992 suas

219 2020 285 2040 vero
306 2013 364 2049 ipse
380 2014 413 2041 de
427 2013 469 2041 his
496 2013 619 2041 thesibus
642 2012 783 2047 opiniones
796 2011 925 2046 opponit;
954 2010 1005 2038 do-

220 2065 318 2094 cetque
332 2055 485 2088 Iudaeorum
503 2059 640 2086 nationem
657 2059 735 2093 longe
754 2065 825 2089 esse.
840 2065 920 2092 quam
932 2056 1007 2083 (ira:-

222 2115 315 2134 corum
334 2105 527 2141 antiquiorem.
542 2105 623 2132 Putat
635 2103 813 2138 compositum
828 2103 964 2130 hominem
972 2109 1005 2130 ex

221 2154 301 2188 igne,
328 2158 410 2186 terra,
434 2160 515 2186 aqua,
541 2159 574 2178 ac
597 2155 727 2185 praeterea
751 2156 766 2176 e
790 2149 898 2183 spiritu,
926 2155 1004 2182 quem

221 2199 339 2225 animam
355 2197 480 2232 appellat.
500 2195 537 2223 De
558 2204 611 2230 quo
633 2195 727 2230 spiritu
743 2195 817 2222 hisce
836 2193 926 2221 verbis
941 2200 1005 2220 usus

1053 930 1084 948 τε
1098 923 1133 957 τῇ
1148 921 1248 948 ἁλώσει
1272 919 1370 955 παρὼν
1384 918 1432 945 καὶ
1449 917 1537 952 ἐαυτῷ
1547 918 1569 934 ³⁵
1583 917 1633 952 τὴν
1647 916 1776 952 τοιαύτην
1790 925 1848 952 (pw-

1053 969 1102 1005 νὴν
1119 968 1251 1001 ἐπειπὼν,
1266 967 1334 1004 λίθῳ
1349 966 1459 1002 βληθεὶς
1475 965 1528 992 ὑπὸ
1550 965 1604 993 τῶν
1622 964 1769 1000 πολεμίων,
1786 965 1848 991 ἑτε-

1053 1015 1177 1050 λεύτησε.

1088 1061 1134 1098 [56
1148 1060 1195 1097 [1.]
1215 1061 1256 1088 Τὰ
1271 1060 1320 1095 μὲν
1331 1058 1377 1087 οὖν
1388 1057 1582 1095 προδειχθέντα
1593 1056 1643 1092 τῆς
1657 1055 1783 1086 ἁλώσεως
1796 1063 1846 1089 ση-

1054 1109 1118 1143 μεῖα
1134 1107 1240 1135 ταῦτα’
1257 1107 1274 1142 ἡ
1290 1106 1385 1137 στάσις
1397 1106 1426 1132 δὲ
1450 1104 1504 1132 τῶν
1528 1103 1667 1139 ἐμφυλίων
1689 1102 1706 1137 ἢ
1725 1101 1749 1128 oi
1762 1101 1846 1128 πολέ-

1054 1163 1111 1189 μιοι
1125 1154 1174 1189 τὴν
1188 1153 1267 1180 πόλιν
1281 1151 1446 1187 ἐπόρθησαν.
1458 1151 1505 1182 Εἰς
1521 1148 1645 1183 ζηλωτὰς
1656 1147 1712 1183 γὰρ
1729 1147 1845 1178 ἑαυτοὺς

1053 1200 1101 1226 καὶ
1123 1198 1264 1234 σικαρίους
1284 1197 1479 1232 διαστήσαντες
1497 1194 1629 1229 ἀλλήλους
1651 1203 1682 1220 τε
1704 1192 1845 1227 ἔφθειρον.

1052 1246 1101 1274 καὶ
1124 1246 1156 1273 τὸ
1178 1245 1267 1272 κοινὸν
1285 1243 1364 1279 σῶμα
1380 1244 1394 1269 ό
1415 1243 1499 1278 δῆμος
1519 1242 1564 1268 ὑπ’
1578 1241 1679 1276 ἀμφοῖν
1692 1239 1800 1275 πικρῶς
1812 1247 1846 1264 τε

1053 1293 1101 1320 καὶ
1122 1291 1242 1327 ἀνηλεῶς
1256 1290 1454 1326 ὲσπαράττετο.
1471 1288 1559 1323 Λιμός
1579 1296 1609 1314 τε
1625 1286 1696 1314 οὕτω
1712 1285 1847 1320 κατέσχεν

1053 1338 1091 1369 ὡς
1110 1337 1157 1364 καὶ
1174 1337 1214 1368 εἰς
1234 1335 1303 1363 ἄλλα
1320 1335 1369 1370 μὲν
1383 1333 1532 1368 παράνομα
1544 1332 1608 1363 τοὺς
1621 1329 1780 1367 ἀνθρώπους
1797 1330 1847 1355 ὲκ-

1053 1382 1237 1418 διαιτηθῆναι,
1253 1381 1301 1408 καὶ
1315 1381 1432 1415 γυναῖκα
1445 1379 1473 1406 δὲ
1486 1379 1517 1405 τὺ
1528 1378 1627 1405 οἰκεῖον
1643 1377 1739 1404 τέκνον
1754 1376 1847 1410 θοινή-

1055 1427 1163 1454 σασθαι,
1180 1426 1235 1453 Καὶ
1247 1425 1286 1461 τῷ
1297 1425 1369 1460 λιμῷ
1382 1425 1396 1450 ὁ
1409 1423 1503 1458 λοιμὸς
1515 1421 1762 1456 συνεπιλαὸὁμενος
1775 1419 1846 1446 ὲδεί-

1053 1482 1104 1501 κνυ
1121 1474 1204 1500 πᾶσιν
1219 1471 1348 1507 ἐμφανῶς
1364 1469 1511 1505 θεομηνίας
1522 1468 1602 1504 ἔργον
1613 1467 1661 1494 καὶ
1673 1466 1724 1501 τῆς
1738 1467 1847 1492 Δεσπο-

1053 1520 1133 1555 τικῆς
1149 1518 1328 1554 προρρήσεως
1341 1518 1389 1544 καὶ
1403 1515 1518 1551 ἀπειλῆς
1540 1515 1590 1551 τὴν
1605 1514 1655 1549 τῆς
1672 1512 1778 1546 πόλεως
1792 1512 1848 1540 ὑπ-

1054 1566 1136 1602 άρξαι
1149 1564 1336 1600 πανωλεθρίαν
1349 1563 1397 1591 καὶ
1412 1563 1523 1590 ἅλωσιν.

1403 1609 1474 1635 MH’.

1057 1655 1114 1683 Τοῦ
1128 1655 1221 1683 αὐτοῦ
1238 1655 1359 1690 μᾶλλον
1375 1653 1410 1679 δὲ
1424 1654 1523 1690 Γαΐου
1541 1650 1757 1690 ῌρεσϐυτέρου,
1773 1651 1846 1684 περὶ

1314 1688 1369 1723 τῆς
1383 1688 1438 1715 τοῦ
1454 1688 1579 1721 παντός.

1088 1734 1257 1768 Ἀνεγνώοθη
1272 1734 1403 1768 Ἰωσήπου
1417 1732 1485 1765 Περὶ
1496 1731 1549 1758 τοῦ
1556 1729 1682 1762 παντὸς,
1692 1728 1706 1754 ὃ
1714 1728 1742 1754 ὲν
1750 1727 1843 1758 ἄλλοις

1046 1781 1165 1814 ἀνέγνων
1178 1779 1396 1814 ἐπιγραφόμενον
1402 1777 1471 1810 Περὶ
1481 1776 1536 1810 τῆς
1545 1777 1597 1803 τοῦ
1606 1774 1718 1806 παντὸς
1733 1772 1845 1804 ιιιτίαςγ

1047 1829 1076 1854 ὲν
1090 1826 1180 1857 ἄλλοις
1199 1825 1228 1851 δὲ
1248 1823 1318 1858 Περὶ
1331 1823 1384 1857 τῆς
1398 1823 1452 1850 τοῦ
1466 1822 1581 1854 παντὸς
1596 1820 1713 1853 οὐσίας.
1732 1818 1778 1855 [16
1794 1817 1844 1854 H.]

1049 1874 1128 1900 Ἐστι
1142 1871 1171 1899 δὲ
1181 1872 1209 1898 ὲν
1219 1870 1279 1898 δυσὶ
1290 1869 1428 1904 λογιδίοις.
1440 1868 1565 1895 Δείκνυσι
1580 1867 1609 1893 δὲ
1624 1867 1653 1893 έν
1664 1866 1757 1897 αὐτοῖς
1771 1864 1843 1900 πρὸς

1048 1917 1143 1944 ἑαυτὸν
1169 1915 1350 1947 στασιάζοντα
1363 1914 1507 1946 Πλάτωνα,
1533 1913 1640 1947 ἐλέγχει
1663 1911 1692 1938 δὲ
1707 1911 1755 1937 καὶ
1778 1909 1845 1943 περὶ

1054 1965 1145 2002 ψυχῆς
1157 1964 1204 1992 καὶ
1220 1963 1286 1998 ὕλης
1299 1961 1347 1989 καὶ
1360 1958 1534 1989 ἀναστάσεως
1546 1955 1685 2002 ’Δλκίνουν
1699 1952 1805 2002 ἀλόγως
1815 1960 1846 2002 τέ

1056 1999 1221 2047 και-ψευδῶς
1237 2009 1365 2039 εἰπόντα,
1383 2005 1540 2038 ἀντεισάγει
1555 2003 1582 2030 δὲ
1597 2001 1646 2033 τὰς
1663 1999 1847 2047 οίκείαςᾲπερὶ

1055 2044 1157 2085 τούτων
1170 2057 1224 2084 τῶν
1238 2054 1393 2082 ὑποθέσεων
1407 2051 1496 2085 δόξας,
1509 2048 1631 2076 δείκνυσι
1645 2055 1674 2073 τε
1692 2044 1847 2081 πρεσϐύτε-

1057 2113 1103 2140 ρον
1118 2103 1252 2138 Ἑλλήνων
1266 2100 1357 2135 πολλῷ
1377 2100 1408 2126 τὸ
1418 2097 1560 2126 Ἰουδαίων·
1574 2095 1661 2130 γένος.
1683 2093 1808 2140 Δοξάζειν
1818 2091 1847 2117 δὲ

1056 2138 1214 2184 συγκεῖσθαι
1228 2148 1276 2174 τὸν
1292 2146 1435 2182 ἄνθρωπον
1451 2145 1483 2170 ὲκ
1498 2143 1584 2178 πυρὸς
1596 2142 1644 2168 καὶ
1660 2141 1712 2175 γῆς
1723 2140 1771 2166 καὶ
1781 2138 1847 2165 ὓδα-

1055 2205 1111 2227 τος,
1129 2195 1176 2221 καὶ
1192 2193 1233 2220 ἔτι
1249 2195 1282 2220 ὲκ
1296 2192 1462 2226 πνεύματος,
1482 2190 1497 2216 ὃ
1522 2190 1569 2216 καὶ
1592 2187 1681 2223 ψυχὴν
1707 2184 1846 2219 ὀνομάζει.

221 2248 262 2271 est
279 2251 286 2271 :
306 2231 392 2277 Hujus
418 2242 565 2278 principem
591 2246 695 2276 partem
715 2239 929 2275 apprehendens,
950 2246 1003 2265 una

1057 2241 1125 2276 Περὶ
1138 2237 1168 2267 οὗ
1183 2239 1335 2274 πνεύματος
1347 2237 1442 2268 αὑταῖς
1456 2235 1562 2269 λέξεσιν
1575 2234 1646 2261 οὕτω
1658 2231 1847 2268 φησι-Τούτου

221 2299 283 2318 cmn
297 2298 410 2325 corpore
424 2289 559 2322 formavit,
575 2293 603 2329 e_t
618 2296 666 2322 per
677 2288 767 2315 omnia
780 2287 901 2314 membra
916 2291 1007 2313 artus-

221 2344 275 2371 que
289 2337 359 2363 viam
390 2335 438 2368 ipsi
457 2333 593 2369 patefecit.
611 2333 662 2366 Qui
688 2333 800 2368 spiritus
817 2331 922 2366 corpori
939 2339 1005 2359 con-

221 2383 363 2414 formatus,
386 2387 526 2416 totumque
545 2381 704 2414 pervadens,
722 2380 815 2406 eadem
841 2378 938 2410 forma,
953 2385 1005 2413 qua

222 2436 321 2463 corpus
335 2427 386 2454 hoc
401 2431 550 2461 spectatur,
562 2425 706 2459 insignitus
721 2429 763 2452 est
778 2432 785 2451 :
801 2428 926 2450 naturam
941 2430 1006 2450 vero

224 2473 388 2507 frigidiorem
405 2472 495 2505 habet,
513 2471 546 2498 ad
564 2471 614 2498 tria
627 2470 682 2503 illa,
694 2478 741 2504 per
752 2476 811 2504 quae
821 2476 919 2504 corpus
931 2476 1006 2495 com-

223 2523 330 2552 pactum
349 2522 400 2544 est.
420 2516 481 2544 Haec
496 2517 550 2548 ille,
562 2524 614 2543 non
625 2516 692 2543 satis
700 2520 763 2550 apte
779 2515 812 2541 ad
831 2513 1004 2541 chmorum

223 2565 257 2591 de
272 2563 388 2591 hominis
404 2568 500 2590 natura
522 2562 686 2594 doctrinam,
710 2568 799 2596 neque
809 2561 875 2588 satis
888 2568 903 2588 e
918 2560 1006 2594 digni-

224 2613 279 2635 tate
294 2608 457 2643 reliquorum
476 2615 491 2635 a
511 2615 541 2635 se
555 2608 657 2635 diserte
681 2607 844 2642 scriptorum
870 2605 1003 2634 elocutus.

225 2655 264 2682 De
289 2654 381 2681 mundi
402 2661 512 2689 quoque
543 2654 716 2690 generatione
742 2660 790 2687 per
813 2651 1002 2686 compendium

1055 2287 1085 2314 τὸ
1107 2286 1273 2322 κυριώτερον
1288 2283 1450 2318 ἀνελόμενος
1468 2282 1526 2316 ἅμα
1543 2280 1582 2316 τῷ
1605 2279 1712 2314 σώματι
1732 2277 1846 2307 ἔπλασε,

1056 2334 1102 2360 καὶ
1116 2331 1161 2359 διὰ
1175 2331 1275 2362 παντὸς
1287 2329 1385 2365 μέλους
1395 2328 1443 2355 καὶ
1455 2327 1557 2363 ἄρθρου
1569 2325 1682 2360 πορείαν
1694 2322 1769 2358 αὐτῷ
1782 2331 1848 2349 κατ-

1056 2377 1233 2404 εσκεύασεν³⁸
1244 2384 1250 2392 ·
1270 2375 1284 2401 ὃ
1297 2374 1335 2409 τῷ
1350 2373 1456 2408 σώματι
1469 2370 1645 2406 συμπλασθὲν
1661 2369 1707 2396 καὶ
1721 2368 1765 2394 διὰ
1779 2376 1850 2394 παν-

1055 2424 1100 2454 τὸς
1113 2421 1299 2456 διικνούμενον
1311 2420 1350 2454 τῷ
1365 2418 1442 2453 αὺτῷ
1463 2418 1530 2445 εῖδει
1542 2416 1590 2443 τοῦ
1609 2414 1776 2450 βλεπομένου
1793 2413 1848 2439 σώ-

1060 2474 1144 2504 ματος
1161 2465 1387 2500 τετύπωται,τὴν
1399 2463 1494 2491 οὐσίαν
1507 2462 1536 2489 δὲ
1547 2461 1714 2496 ψυχρότερον
1728 2459 1847 2493 ὑπάρχει

1058 2515 1127 2551 πρὸς
1149 2514 1185 2541 τὰ
1205 2513 1279 2549 τρία,
1294 2511 1328 2538 δι’
1343 2508 1381 2537 ὧν
1406 2510 1436 2536 τὸ
1458 2509 1539 2544 σῶμα
1551 2508 1747 2542 συνήρμοσται.
1767 2504 1849 2531 Οὕτω

1061 2561 1110 2596 μὲν
1133 2558 1179 2587 οὖν
1202 2558 1319 2591 ἀναξίως
1330 2558 1380 2592 τῆς
1391 2565 1421 2583 τε
1435 2555 1489 2582 τῶν
1502 2554 1637 2581 Ἰουδαίων
1655 2553 1719 2587 περὶ
1741 2551 1848 2586 ἀνθρώ-

1058 2595 1109 2632 που
1125 2605 1299 2638 φυσιολογίας
1311 2602 1398 2629 ταῦτα
1413 2601 1497 2628 εἰπὼν
1520 2600 1567 2627 καὶ
1582 2599 1631 2634 τῆς
1655 2597 1738 2632 ἄλλης
1763 2595 1846 2623 αὑτοῦ

1056 2650 1121 2686 περὶ
1135 2649 1199 2680 τοὺς
1216 2649 1312 2683 λόγους
1336 2647 1493 2682 ἀσκήσεως,
1508 2644 1618 2677 διέξεισι
1636 2643 1684 2670 καὶ
1709 2642 1774 2678 περὶ
1795 2641 1848 2677 τῆς

864 2707 983 2735 νΑιιΙιΕ
1005 2706 1208 2735 LECTIUNES.

260 2762 282 2778 ³³
297 2761 504 2796 μεταΰαίνωμεν
531 2769 561 2792 ς.
600 2759 624 2776 ³⁵
635 2759 681 2786 καὶ
692 2767 747 2787 om.
764 2759 796 2786 Α.

845 2758 867 2774 ³⁵
880 2756 980 2793 ἑαυτῷ]
994 2756 1075 2788 αὐτὸς
1089 2763 1149 2784 esse
1163 2755 1269 2783 videtur
1283 2753 1311 2780 in
1327 2752 1362 2779 Α.

1415 2751 1437 2766 ²⁶
1450 2748 1656 2785 παρεσκεύασεν
1670 2747 1703 2774 Α.

977 2801 1094 2830 NOTAE.

263 2853 318 2887 HG}
332 2853 414 2888 Cujus
441 2852 473 2880 de
497 2857 646 2888 comparal.
667 2851 772 2880 Platon.
798 2855 823 2878 et
842 2850 954 2878 Aristot.
975 2848 1080 2876 libellus
1099 2848 1190 2876 Gazucc
1200 2852 1278 2882 atque
1292 2844 1387 2872 Latine
1402 2842 1427 2870 in
1443 2841 1531 2869 medio
1545 2843 1596 2867 est.
