1918 3086
99 117 130 150 85
589 115 850 148 BIBLIOTHECA.
867 129 903 136 -
914 116 1022 147 CODD;
1041 115 1210 147 XLVIII-L.
1688 115 1724 146 86

101 170 273 207 κοσμογονίας
285 170 487 205 κεφαλαιωδῶς.
507 171 576 205 Περὶ
592 172 684 206 μέντοι
703 172 823 208 Χριστοῦ
835 173 871 199 τοῖ

937 171 1057 199 disserit.
1074 171 1109 198 De
1131 170 1240 197 Christo
1253 174 1344 196 autem
1368 176 1433 196 vero
1454 169 1510 196 Deo
1530 168 1669 203 aptissime
1685 168 1724 196 lo-

102 216 220 252 ἀληθινοῦ
236 215 304 243 Θεοῦ
320 215 400 251 ἡμῶν
412 215 450 247 ὡς
467 215 581 250 ἔγγιστα
596 216 727 252 θεολογεῇ
743 219 838 253 κλῆσίν
851 227 882 245 τε

101 263 174 298 αὐτὴν
194 261 436 297 ἀναφθεγγόμενος
457 262 589 296 Χριστοῦ,
603 262 651 290 καὶ
669 263 718 299 τὴν
732 264 764 291 ὲκ
779 265 882 300 πατρὸς

101 310 226 345 ἄφραστον
249 310 378 343 γέννησιν
400 308 555 343 ἀμέμπτως
567 309 782 344 ἀναγράφων.”0
807 319 882 343 τινας

101 354 155 386 ἴσως
165 354 210 380 καὶ
231 353 402 388 ἀμφιδοξεῖν,
419 353 457 384 ὡς
467 353 602 388 Ἰωσήπου
619 353 662 389 εἴη
676 354 708 379 τὸ
725 355 882 389 συνταγμά-

100 408 162 431 nov.
176 400 360 427 ἀναπείσειεν.
377 399 460 426 Οὐδὲν
481 399 510 426 δὲ
533 399 564 426 τὸ
584 399 635 434 τῆς
658 400 785 435 φράσεως
808 401 881 436 αὐτῷ

99 446 158 481 πρὸς
175 445 208 472 τὰ
226 446 362 472 ὑπόλοιπα
380 445 428 473 τοῦ
447 446 545 482 ἀνδρὸς
563 446 668 473 ἀποδεῖ.

128 489 207 529 Εὗρον
224 493 253 518 δὲ
263 493 285 509 ³*
301 494 331 519 ὲν
348 495 544 529 παραγραφαίς
560 494 601 521 ὅτι
617 495 667 521 οὐκ
682 493 756 522 ἐστιν
772 495 786 522 ὁ
801 495 879 530 λόγος

98 538 232 573 Ἰωσήπου,
249 539 319 566 ἀλλὰ
344 539 425 566 Γαΐου
446 539 518 571 τινὸς
539 540 724 576 πρεσϐυτέρου
739 542 768 567 ἐν
785 541 878 577 Ῥώμῃ

97 585 277 621 διατρίὸοντος,
290 586 320 612 ὃν
335 594 401 620 φασι
409 585 538 619 συντάξαι
553 587 600 614 καὶ
614 587 668 614 τὸν
681 587 876 621 Λαϐύρινθον·

98 628 124 658 οὗ
137 632 179 658 καὶ
193 632 319 666 διάλογος
333 633 445 668 φέρεται
459 633 528 669 πρὸς
541 633 663 669 Πρόκλον
675 633 736 660 τινὰ
752 634 878 670 ὑπέρμα-

96 685 136 711 χον
145 678 190 713 τῆς
203 677 258 703 τῶν
271 677 465 705 Μοντανιστῶν
476 679 617 714 αἱρέσεως.
632 679 835 714 Ἀνεπιγράῳου
848 679 877 706 δὲ

98 722 310 757 καταλειφθέντος
332 724 379 751 τοῦ
398 725 476 759 λόγου
500 725 567 759 φασὶ
590 726 653 757 τοὺς
678 725 728 761 μὲν
743 725 875 760 Ἰωσήπου

97 769 233 804 ἐπιγράψαι
243 790 251 803 ,
265 770 332 802 τοὺς
344 770 373 797 δὲ
388 771 532 799 Ἰουστίνου
547 771 593 798 τοῦ
612 772 765 807 μάρτυρος,
780 772 876 804 ἄλλους

95 815 119 841 is
128 816 266 851 Εἰρηναίου
276 817 310 849 ⁸⁸,
320 817 415 854 ὥσπερ
423 818 471 845 καὶ
485 819 538 845 τὸν
549 818 735 852 Λαϐύρινθόν
741 827 813 851 τινες
827 819 876 845 ἐπ-

935 219 1039 254 quitur,
1060 218 1170 253 quando
1185 222 1213 244 et
1228 217 1313 251 ipsam
1336 216 1436 244 Christi
1456 215 1666 250 appellationem
1684 214 1722 241 illi

935 265 1069 298 attribuit,
1088 270 1115 292 et
1134 263 1343 292 inenarrabilem
1365 270 1399 290 ex
1415 262 1495 290 Patre
1516 262 1720 296 generationem

935 311 1004 338 citra
1021 310 1259 345 reprehensionem
1274 309 1412 337 describit.
1429 309 1494 342 Quae
1506 315 1551 336 res
1567 306 1721 341 ambigendi

935 357 1052 384 fortasse
1067 357 1184 391 cuipiam
1213 363 1323 383 causam
1340 356 1470 390 praebeat,
1490 355 1561 382 sitne
1577 355 1627 382 hoc
1642 352 1721 380 Iose-

935 403 979 438 phi
996 403 1154 438 opusculum
1169 411 1176 429 :
1192 402 1243 430 etsi
1260 401 1328 429 nihil
1343 401 1448 429 dicendi
1463 408 1562 436 genere
1576 408 1591 427 a
1609 399 1720 434 reliquis

933 450 1054 484 ejusdem
1068 448 1176 483 scriptis
1189 447 1312 476 discedit.

969 495 1095 530 Comperi
1124 496 1282 522 adnotatum
1306 493 1390 521 fuisse
1405 514 1413 526 ,
1444 501 1497 520 non
1524 500 1585 520 esse
1608 492 1719 527 Iosephi

935 543 986 569 hoc
1014 549 1101 577 opus.
1127 542 1174 569 sed
1205 541 1262 569 Caii
1291 540 1431 574 cujusdam
1457 540 1606 575 presbyteri
1626 540 1719 567 Roma:

932 587 1048 619 agentis,
1063 593 1142 621 quem
1159 590 1186 613 et.
1201 589 1339 612 auctorem
1357 585 1461 612 faciunt
1475 584 1631 619 Labyriutlti
1646 593 1655 612 :
1670 592 1719 612 cu-

929 633 973 668 jus
989 632 1070 659 etiam
1086 632 1207 667 dialogus
1217 636 1259 659 est
1273 632 1404 658 adversus
1421 630 1546 658 Proclnm
1559 631 1715 666 quemdam,

932 679 1043 706 hmresis
1058 678 1281 706 Montanistarum
1298 677 1480 705 defensorem.
1496 677 1563 705 Cum
1576 678 1647 704 enim
1657 678 1717 705 sine

932 725 1009 751 titulo
1032 733 1098 759 opus
1124 725 1249 752 relictum
1273 729 1366 756 esset,
1388 724 1431 751 alii
1466 724 1573 758 quidem
1599 722 1717 758 Josepho

931 770 1090 804 inscriptum
1109 770 1231 797 referunt
1252 769 1296 796 alii
1313 769 1421 796 Justino
1446 770 1569 804 martyri,
1593 769 1716 796 nonnulli

930 815 1041 849 Irenaeo,
1069 816 1296 849 quemadmodum
1326 821 1354 842 et
1383 815 1575 851 Labyritttltum
1606 814 1715 851 Origeni

96 859 202 895 ἔγραψαν
221 861 390 897 Ὠριγένους.
412 862 489 889 Ἐπεὶ
510 863 592 890 Γαΐου
620 863 679 890 ἐστὶ
705 863 815 899 πόνημα
841 866 871 900 τῇ

927 861 1036 895 quidam
1053 862 1182 888 tribuere.
1197 861 1302 896 Alioqui
1315 862 1372 889 Caii
1389 867 1430 889 est
1445 870 1512 896 opus
1533 862 1653 897 ejusdem
1672 871 1716 890 re—

95 905 192 941 ἀληθείᾳ
202 906 248 933 τοῦ
260 907 284 923 ³⁹
293 908 487 944 συντεταχότος
500 909 555 936 τὸν
565 909 761 943 Λαϐύρινθον.
777 910 815 942 ὡς
827 911 875 937 καὶ

95 951 161 982 αὐτὸς
169 952 197 978 ὲν
207 951 247 988 τῷ
256 952 331 979 τέλει
340 953 394 980 τοῦ
403 954 589 988 Λαϐυρίνθου
601 955 800 992 διεμαρτύρατο
810 956 874 984 ἑαυ-

94 996 132 1023 τοῦ
145 995 262 1026 εἷναιτδν
271 999 343 1033 Περὶ
354 1000 409 1034 τῆς
422 1000 476 1027 τοῦ
484 1001 599 1034 παντὸς
614 1002 726 1033 οὐσίας
741 1001 873 1036 λόγον.¹Εἰ

94 1044 112 1069 δ’
123 1045 206 1080 ἔτερος
220 1046 268 1072 xui.
280 1046 332 1082 οὐχ
347 1043 425 1078 οὗτός
443 1048 529 1080 ἐστιν,
544 1047 620 1074 οὔπω
638 1056 684 1083 μοι
698 1048 812 1082 γέγονεν
827 1048 873 1075 εὗ-

93 1089 166 1125 δηλον.
180 1091 281 1118 Τοῦτον
306 1093 354 1118 τὸν
375 1093 453 1119 Γάϊον
469 1093 653 1130 πρεσϐύτερόν
668 1103 733 1128 φασι
757 1095 872 1130 γεγενῆ-

94 1135 145 1162 σθαι
153 1136 199 1171 τῆς
211 1138 282 1165 κατὰ
289 1138 403 1174 Ῥώμην
415 1138 460 1174 [57
472 1139 520 1175 R.]
529 1139 694 1175 Ἐκκλησίας
704 1141 751 1167 ἐπὶ
764 1141 874 1168 Οὐίκτοε

94 1189 131 1216 ρος
141 1182 181 1208 καὶ
194 1183 345 1219 Ζεφυρῑνου
362 1184 415 1212 τῶν
428 1185 590 1221 ἀρχιερέων,
608 1186 830 1222 χειροτονηθῆναι
844 1187 872 1213 δὲ

93 1228 160 1253 αὑτὸν
176 1230 221 1255 καὶ
235 1228 324 1256 ἐθνῶν
340 1230 500 1257 ἐπίσκοπον.
517 1231 649 1265 Συντάξαι
665 1232 693 1259 δὲ
707 1233 755 1260 καὶ
779 1232 872 1269 ἕτερον

92 1272 156 1307 λόγον
170 1274 238 1306 Ξδίως
250 1275 326 1302 κατὰ
341 1276 391 1310 τῆς
402 1276 575 1312 ’Δρτέμωνος
588 1277 731 1313 αἱρέσεως,
743 1278 873 1306 καὶκατὰ

92 1319 195 1354 Πρόκλου
211 1320 240 1347 δὲ
259 1321 432 1349 σπουδαστοῠ
455 1323 597 1350 Μοντανοῦ
617 1324 767 1351 σπουδαίαν
779 1325 871 1352 διάλε-

93 1365 152 1398 Eni“
165 1368 365 1403 συντεταχέναι,
382 1365 412 1395 ὲν
456 1369 634 1405 τρισκαίδεκα
658 1370 743 1405 μόνας
761 1373 870 1398 ἐπιστο-

92 1410 132 1442 ‘Id;
153 1412 306 1448 ἀριθμεῖται
336 1414 466 1448 Παύλου,
493 1415 542 1442 οὐκ
569 1416 705 1452 ἐγκρίνων
730 1417 780 1453 τὴν
802 1417 872 1452 πρὸς

97 1455 231 1492 Ἐϐραίους.

428 1508 495 1536 Μ’Θ’.

92 1547 137 1576 Τοῦ
148 1549 286 1590 ίαν-ἁγίοις
299 1553 456 1587 Κυρίλλου
469 1554 524 1581 τοῦ
538 1554 780 1589 Ἀλεξανδρείας,
793 1555 870 1583 κατὰ

163 1589 219 1613 τῶν
228 1589 396 1622 Νεστορίου
413 1590 623 1624 βλασφημιῶν
633 1592 719 1625 λόγοι
742 1594 774 1618 ε’.

119 1630 276 1669 Ἀνεγνὼσθη
290 1633 342 1661 τοῦ
365 1635 394 1660 ὲν
417 1635 504 1669 ἁγίοις
529 1635 666 1672 Κυρίλλου
682 1636 729 1663 τοῦ
742 1635 869 1669 Ἀλεξαν-

92 1673 166 1709 δρείας
172 1677 191 1693 δ¹
201 1679 281 1707 Κατά
294 1679 358 1706 τῶν
370 1681 423 1708 τοῦ
436 1682 602 1716 Νεστορίου
610 1682 828 1717 βλασφημιῶν,
839 1683 868 1709 ὲν

92 1720 165 1755 λόγοις
172 1724 257 1752 πέντε.
265 1726 398 1755 Φυλάττει
411 1726 439 1753 δὲ
453 1729 505 1754 κάν
515 1728 620 1760 τούτοις
630 1728 684 1755 τῶν
696 1730 805 1756 οἰκείων
821 1730 867 1756 λό-

91 1774 137 1800 γων
156 1769 197 1797 τὸν
218 1772 384 1808 χαρακτῆρα
405 1772 451 1799 καὶ
468 1773 498 1800 τὸ
516 1773 632 1808 ἰδίωμα,
656 1775 824 1810 σαφέστερος
838 1775 867 1802 δέ

91 1813 136 1839 ἐστι
147 1815 188 1842 τοῦ
201 1817 267 1852 πρὸς
285 1817 416 1853 Ἑρμείαν
430 1821 478 1846 καὶ
492 1820 540 1846 τοῦ
557 1820 627 1855 Περὶ
642 1821 698 1856 τῆς
719 1822 755 1848 ὲν
770 1823 867 1850 Ηνεύ-

89 1867 146 1891 μαιι
157 1863 305 1897 λατρείας.
314 1865 345 1892 ’0
356 1864 384 1891 δὲ
394 1865 473 1900 λόγος
485 1866 560 1902 αὑτῷ
573 1867 758 1902 πεποιημένος
766 1869 814 1895 καὶ
825 1870 867 1901 εἰς

92 1904 223 1937 Ιδιάίξιῑυιῑιιιν
241 1910 317 1938 ἰδέαν
334 1911 566 1948 ὲκὸεὸιασμένος,
582 1913 630 1940 ’καὶ⁹
653 1911 710 1940 οἷον
732 1914 866 1951 λελυμένη

91 1952 128 1978 καὶ
142 1954 170 1980 τὸ
187 1955 284 1992 μέτρον
304 1957 470 1994 ὑπερορῶσα
490 1959 608 1995 ποίησις.

438 2005 480 2033 N’.

90 2043 177 2073 Νικίου
191 2050 328 2084 μονοκοῦ
351 2054 427 2114 καέὰ
441 2052 568 2120 τῶνζτοῦ
581 2054 753 2081 Φιλοπόνου
768 2062 863 2088 κεφα-

407 2088 482 2114 αίων
518 2092 536 2116 ’.

407 2092 482 2114 altor
501 2092 536 2116 C’.

117 2124 156 2161 [Π
162 2128 204 2165 H.]
211 2130 381 2166 Ἀνεγνὼσθη
389 2131 486 2158 Νικίου
495 2132 703 2168 μοναχοῢξΚατὰ
709 2133 769 2160 τῶν
776 2135 830 2162 τοῦ
840 2135 862 2150 ⁸⁸

89 2172 238 2203 Φαοπόνου
253 2179 429 2211 κεφαλαίων
440 2178 526 2211 ἑπτὰ,
537 2175 575 2206 ὧν
588 2179 817 2214 διεμνημόνευσεν
832 2181 862 2208 ὲν

89 2215 120 2250 τῷ
131 2219 277 2257 καλουμένῳ
294 2223 379 2250 αὐτοῦ
399 2224 471 2259 λόγῳ
484 2224 653 2258 Διαιτητής.
667 2226 745 2251 ’Ἐστι
769 2226 798 2252 δὲ
811 2226 861 2262 τὴν

90 2262 172 2306 φράσιν
185 2266 282 2299 ἁπλοῦς
310 2269 359 2295 καὶ
374 2268 506 2305 σύντομος
521 2271 568 2297 καὶ
584 2272 644 2302 ταῖς
665 2271 859 2306 ἅντιῤῥῆσεσιν

91 2305 166 2340 ῑκινός
182 2311 226 2338 καὶ
243 2313 400 2349 ἅπέριττος.

117 2394 273 2435 Ἀνεγνώσθη
283 2401 311 2427 δὲ
323 2401 370 2428 τοῦ
380 2402 462 2429 αὺτοῦ
473 2404 520 2429 καὶ
530 2403 609 2430 Κατὰ
620 2404 673 2432 τοῦ
683 2404 858 2437 ὃυσσεὸοῦς

89 2439 261 2477 Σεϐιὶρου,ἒτι
279 2447 308 2474 δὲ
328 2448 375 2474 καὶ
396 2449 476 2476 Κατὰ
499 2449 659 2483 Ἐλλήνων
683 2451 768 2485 λόγοι
789 2450 856 2478 δύο.

927 914 1007 939 vera,
1037 907 1083 941 qui
1109 907 1298 942 Labyrintltum
1322 908 1475 942 composuit
1499 908 1583 942 12a,
1605 908 1716 943 quando

926 952 970 979 ille
988 953 1045 986 ipse
1064 953 1090 979 in
1103 957 1225 980 extremo
1245 952 1408 987 Labyrintlto
1435 958 1562 980 testatum
1593 954 1714 988 reliquit,

925 1005 987 1024 esse
1002 1005 1031 1025 se
1051 997 1112 1024 libri
1130 997 1168 1024 De
1183 998 1299 1024 universi
1316 1000 1417 1031 jnatura
1444 1003 1593 1025 auctorem.
1614 997 1713 1025 Verum

925 1042 969 1069 hic
984 1049 1018 1069 ne
1029 1042 1098 1069 liber
1109 1042 1155 1069 ille
1167 1042 1214 1076 sit,
1230 1042 1264 1069 de
1287 1049 1342 1077 quo
1366 1044 1470 1077 agitur},
1488 1051 1522 1070 an
1538 1043 1619 1075 alius,
1643 1050 1714 1070 non-

924 1089 987 1115 dutn
1015 1088 1080 1115 ntihi
1107 1088 1200 1123 liquet.
1223 1087 1301 1115 Hunc
1323 1088 1419 1116 Caium
1441 1088 1498 1123 (77)
1526 1090 1712 1125 presbyterum

925 1134 1052 1162 Romanae
1073 1135 1202 1162 Ecclesiae
1219 1135 1305 1163 fuisse
1319 1134 1467 1168 afﬁrmant,
1489 1136 1540 1163 sub
1561 1135 1670 1164 Victore
1684 1143 1713 1164 et

923 1181 1079 1216 Zephyrino
1097 1173 1289 1216 pontificibus,
1313 1182 1526 1217 ordinatumque
1550 1186 1577 1209 et
1591 1183 1710 1216 gentium

923 1228 1090 1262 episcopum,
1107 1227 1252 1262 scripsisse
1269 1235 1377 1263 quoque
1398 1228 1561 1262 peculiarem
1577 1228 1659 1256 alinm
1676 1229 1711 1255 li-

922 1273 1001 1300 brum
1015 1277 1111 1300 contra
1127 1272 1283 1300 Artemonis
1305 1272 1430 1300 haeresim
1446 1272 1515 1307 (78),
1536 1276 1564 1300 et
1580 1273 1711 1301 adversus

921 1317 1058 1350 Proclmn,
1075 1317 1196 1345 Montani
1214 1318 1375 1352 studiosum,
1397 1323 1552 1346 accuratam
1579 1319 1711 1354 disputa—

923 1365 1038 1397 tionem,
1053 1365 1079 1391 in
1097 1372 1149 1397 qua
1163 1365 1293 1392 tredecim
1308 1365 1439 1392 duntaxat
1451 1365 1482 1392 Β.
1496 1364 1571 1392 Pauli
1583 1366 1710 1400 epistolas

921 1414 1061 1438 emnneret
1076 1410 1144 1446 (79),
1162 1418 1216 1438 non
1229 1415 1338 1446 recepta
1362 1411 1389 1438 in
1407 1419 1518 1438 censum
1538 1418 1580 1442 ea,
1593 1419 1653 1447 quae
1669 1417 1710 1440 est

919 1457 953 1484 ad
970 1457 1110 1485 Hebraeos.

1266 1504 1287 1531 Χ
1294 1503 1350 1531 LIX

920 1548 997 1576 Betui
1013 1549 1109 1585 Cyrilli
1124 1550 1302 1578 Alexandrini
1315 1555 1407 1578 contra
1424 1551 1578 1578 Nestorium
1603 1551 1663 1578 libri
1681 1559 1707 1578 ν.

955 1629 1052 1657 Lectus
1067 1634 1109 1657 est
1129 1629 1159 1657 Β.
1179 1630 1295 1666 Cyrillns
1310 1630 1481 1658 Alexandriae
1497 1631 1639 1666 episcopus
1651 1632 1708 1658 Ad-

919 1683 1007 1702 versus
1023 1675 1200 1710 blasphemiae
1222 1675 1352 1708 Nestorii,
1370 1676 1445 1704 libris
1465 1677 1589 1712 quinque.
1612 1677 1709 1705 Servat

919 1721 946 1748 in
967 1721 1008 1748 his
1024 1728 1134 1756 quoque
1157 1729 1235 1749 suum
1252 1722 1360 1750 dicendi
1387 1723 1587 1756 characterem,
1608 1728 1636 1751 et
1650 1731 1709 1750 ser-

918 1767 1006 1794 monis
1018 1767 1222 1802 proprietatem.
1237 1767 1346 1795 Clarior
1361 1775 1425 1795 vero
1441 1773 1483 1796 est
1497 1776 1578 1804 quam
1594 1769 1627 1795 ad
1640 1768 1708 1796 Her-

918 1813 1000 1840 miam
1014 1813 1150 1846 scribens,
1167 1819 1214 1840 ant
1228 1814 1254 1841 in
1272 1814 1347 1842 libris
1369 1815 1407 1842 De
1424 1815 1579 1842 adoratiane
1599 1815 1627 1841 in
1643 1814 1705 1849 Spi-

918 1860 972 1886 ritu
997 1859 1066 1895 (80).
1092 1859 1189 1887 Sermo
1214 1860 1251 1887 illi
1278 1860 1422 1893 conﬁctos,
1453 1865 1480 1888 et
1506 1861 1539 1887 ad
1570 1862 1704 1896 propriam

917 1906 1024 1933 dicendi
1042 1906 1156 1933 fortnam
1179 1912 1333 1940 contortus,
1358 1914 1390 1935 ac
1411 1907 1492 1935 veluti
1507 1907 1626 1934 solutum
1653 1915 1704 1935 nu-

917 1958 1059 1985 merosque
1076 1951 1216 1987 negligens
1237 1957 1367 1980 metrum.

1301 1998 1332 2026 L.

916 2043 1010 2071 Nicias
1024 2045 1168 2072 monachus
1183 2049 1278 2072 contra
1301 2045 1488 2080 Pliilopomtm,
1514 2045 1650 2077 Severum,
1672 2054 1703 2072 ac

1262 2086 1360 2115 gentes.

950 2126 1049 2154 Lectus
1064 2126 1156 2154 Nicias
1182 2129 1344 2160 monachus,
1366 2126 1465 2154 Contra
1493 2126 1634 2162 Philoponi
1655 2135 1702 2155 ca-

915 2174 969 2207 pita
992 2179 1098 2208 aeplem,
1120 2182 1236 2208 quorum
1255 2175 1416 2202 tneminerat
1431 2176 1457 2202 in
1475 2176 1545 2204 libro
1563 2183 1642 2211 quem
1660 2176 1703 2203 in-

913 2219 1023 2252 scripsit
1042 2221 1190 2256 Διαιτήτην
1207 2221 1271 2255 (hoc
1286 2225 1338 2253 est,
1362 2222 1515 2254 arbitrium,
1542 2230 1590 2250 seu
1614 2223 1703 2256 cogni-

912 2266 1017 2298 torem),
1036 2265 1124 2300 stylus
1154 2266 1204 2301 ipsi
1237 2266 1353 2301 simplex
1385 2272 1468 2301 atque
1492 2268 1637 2300 concisus,
1675 2273 1703 2294 et

912 2311 1132 2345 responsionibus
1167 2311 1362 2346 satisfaciens,
1398 2314 1563 2348 minimeque
1602 2313 1702 2340 redun-

911 2357 989 2384 dans.

949 2402 1012 2437 Legi
1029 2402 1149 2437 ejusdem
1163 2407 1190 2430 et
1213 2402 1315 2430 Contra
1338 2405 1446 2439 impium
1475 2405 1598 2433 Set-erum
1613 2407 1701 2433 adhuc

910 2449 993 2477 etiam
1013 2448 1113 2476 Contra
1130 2454 1218 2484 gentes
1235 2450 1317 2478 libros
1338 2451 1416 2478 duos.

713 2526 831 2554 VARle
850 2526 1056 2554 LECTIONES.

123 2566 177 2614 ξ’ξῖὲ
190 2578 240 2597 om.
258 2572 290 2598 A.
328 2573 351 2589 ³³
363 2573 488 2609 εἰρηνέου
516 2583 547 2606 ς’.
586 2575 608 2591 ³⁵
623 2574 670 2602 τοῦ
685 2575 706 2602 A
725 2584 731 2602 :
748 2577 832 2603 αὑτοῦ
851 2585 882 2608 ς.
923 2576 946 2592 ⁸⁰
966 2574 1098 2613 διάλεξιν]
1114 2576 1142 2603 δὲ
1153 2576 1225 2610 λέξιν
1237 2577 1269 2604 Α.
1309 2577 1331 2594 ⁵³
1345 2577 1529 2614 ἀλεξανδρέως
1543 2580 1575 2607 Α.

90 2606 136 2627 om.
147 2604 175 2630 A.

1614 2583 1636 2597 δ’
1652 2581 1698 2608 τοΰ

828 2680 945 2708 ΝΟΤᾸΕ.

100 2733 168 2777 ειΠΤ)
180 2735 287 2777 Videli.
305 2737 378 2777 Hier.
393 2739 419 2766 in
443 2739 582 2774 Catalogo.
607 2751 631 2771 e.
653 2743 699 2777 59,
715 2749 742 2771 et
755 2744 856 2773 Euseb.

91 2765 215 2809 “hall-.0-
232 2772 282 2806 ”;
297 2765 432 2807 etti’tiJii,
447 2765 582 2809 ὶῖιρῖξῖς
608 2765 631 2771 “’
654 2765 714 2798 *ν’-

180 2806 220 2849 Pe
230 2803 281 2849 qua
299 2809 354 2844 lege
369 2803 630 2849 'l'h‘eodoi'et.»atque
653 2813 766 2849 Niceph.

121 2838 168 2875 (τι)
179 2838 476 2874 ουᾱιιειιινευηιάιιιίδ
499 2838 628 2877 tribuilur
643 2838 786 2885 ιίίῇἷιῖὄιὲἱο
805 2850 853 2879 iuf.

907 2747 1141 2820 Folg0;?;1sstant
1164 2784 1245 2811 hodie
1268 2793 1325 2820 xvii
1346 2784 1447 2820 Dialogi
1477 2784 1513 2811 De
1539 2785 1697 2811 ndoratione

865 2834 870 2838 .
906 2818 933 2843 in
961 2819 1057 2850 spiritu
1083 2824 1107 2845 et
1139 2820 1271 2853 ueritate,
1296 2819 1389 2848 lionta:
1414 2818 1478 2848 editi
1501 2821 1600 2854 interp.
1631 2822 1696 2848 Aut.

906 2854 1010 2887 Agellio
1021 2855 1106 2889 cpisc.
