1918 3086
60 109 95 139 89
649 111 912 142 BIBLIOTHECA.
930 124 964 130 -
978 111 1060 143 COD.
1077 112 1142 143 LII.
1654 106 1690 141 ου

63 169 347 205 συμφωνία.Ἔγραψε
360 170 388 197 δὲ
405 170 451 197 καὶ
464 169 579 202 Διτώῖος
600 171 615 197 6
633 170 780 206 Ἀρμενίας
796 169 857 196 tnt-

919 171 1023 206 icripsit
1046 175 1074 198 et
1090 170 1196 198 Litoius
1218 169 1276 205 (δι)
1309 168 1445 196 Armeniae
1469 167 1625 202 episcopus.
1657 169 1691 196 de

65 223 173 248 σκοπος,
187 215 439 251 διαπυνθανόμενος
451 217 485 243 τὰ
495 216 559 251 περὶ
571 216 625 242 τῶν
634 216 855 243 Μεσαλιανιτῶν·

62 260 110 299 ,καὶ
131 260 241 298 ἐγράφη
260 261 334 296 αὐτῷ
349 263 366 296 ἡ
381 263 445 298 περὶ
462 262 551 289 αὐτῶν
564 262 692 297 συνοδικῆ
706 262 796 297 ψῆφος
809 261 857 288 καὶ

65 306 340 341 ἁπόφασις.Ἔγραψε
361 307 390 334 δὲ
404 309 419 334 6
436 307 522 342 μέγας
537 301 687 339 Φλαϐιανδς
699 308 746 334 καὶ
757 308 858 343 Ἀρμε-

67 349 114 385 νίῳ
129 351 185 377 τινὶ
198 351 342 386 ὲπισκόπῳ
354 352 418 387 περὶ
431 352 480 386 τῆς
493 352 579 386 αὐτῆς
595 352 753 384 ὑποθέσεως
763 352 857 379 δεύτε-

68 404 129 430 ρον·
144 397 175 423 ἐν
185 396 215 423 δὲ
227 398 261 432 τῇ
276 396 393 433 δευτέρᾳ
404 397 533 433 ἐπιστολῇ
548 397 595 433 [18
609 397 656 432 Η.]
670 398 717 424 καὶ
725 397 748 414 ⁵⁸
762 397 858 433 ἐγκληε

67 449 108 467 σιν
129 442 279 476 προσάγει,
296 443 338 470 ὅτι
357 443 525 478 προστασίας
548 444 622 475 τινὸς
646 444 712 480 παρ’
727 443 807 471 αὑτοῦ
833 445 857 471 oi

66 486 265 514 Μεσαλιανίται
288 489 480 523 τυγχάνουσιν.
500 489 624 525 Ἔγραψε
649 490 743 524 μέντοι
770 490 819 517 καὶ
844 492 859 518 6

68 533 381 565 Κωνσταντινουπόλεως
391 534 513 566 Ἀττικὸς
523 536 581 566 τοῖς
595 535 624 561 ὲν
638 535 786 571 Παμφυλίᾳ
797 536 858 562 ἐπι-

70 578 192 610 σκόποις,
206 579 251 605 ἵνα
269 579 439 614 πανταχόθεν
457 581 520 612 τοὺς
537 580 725 612 Μεσαλιανοὺς
744 580 782 610 ὡς
804 580 857 615 ἄγη

69 624 116 651 καὶ
131 624 205 660 μύση
217 625 407 651 ἀπελαύνωσιν
416 633 423 640 ⁶
441 626 481 652 ἔτι
492 626 520 653 δὲ
531 627 545 653 6
558 626 640 658 αὐτὸς
653 626 701 653 καὶ¹
715 625 783 661 πρὸς
793 626 860 662 ’Δμ-

70 670 190 705 φιλόχιον
209 671 256 698 τὸν
275 672 353 706 Σίδης
371 671 483 706 ὁμοίως.

104 716 231 751 Ἔγραψε
247 717 276 743 δὲ
291 718 338 743 καὶ
357 717 489 749 Σισίννιος
515 718 531 744 6
547 719 861 753 Κωνσταντινουπόλεως

71 762 119 788 καὶ
133 762 262 794 Θεόδοτος
283 764 298 789 6
319 763 485 799 Ἀντιοχείας
509 765 603 801 κοινὴν
621 766 766 802 ἐπιστολὴν
792 768 860 802 πρὸς

71 807 228 842 Βερινιανὸν
240 809 287 835 καὶ
304 809 478 845 Ἀμφιλόχιον
488 811 534 837 καὶ
547 811 657 843 λοιποὺς
668 813 731 844 τοὺς
741 813 770 839 ἐν
782 814 861 848 Παμ-

907 217 1076 245 Messalianis
1090 217 1271 250 interrogans.
1286 215 1455 250 missumque
1478 214 1511 241 ad
1526 214 1600 241 illum
1615 221 1694 249 syno-

907 263 997 291 dicum
1020 262 1053 290 de
1067 262 1121 290 illis
1143 261 1281 289 decretum
1302 265 1384 295 alque
1405 260 1551 288 sententia.
1578 259 1695 293 Scripsit

907 315 1015 343 quoque
1038 314 1152 342 magnus
1175 306 1320 334 Flavianus
1345 306 1476 333 Armenio
1501 304 1611 332 cuidam
1637 304 1695 339 epi-

907 360 999 387 scopo,
1021 352 1091 387 13a
1114 352 1213 379 iterum
1239 351 1271 378 de
1293 350 1388 378 eadem
1412 351 1470 385 ipsa
1486 358 1536 378 re;
1565 357 1618 385 qua
1635 350 1695 384 qui-

908 399 968 426 dem
981 398 1067 425 altera
1079 396 1204 432 epistola,
1224 397 1307 423 etiam
1330 396 1455 430 queritur
1477 396 1509 423 et‘
1525 395 1694 429 expostulat,

908 443 1052 479 patrocinii
1067 442 1139 476 apud
1159 443 1248 477 ipsum
1269 441 1371 475 aliquid
1397 440 1598 468 Messalianitas
1618 440 1694 467 inve-

909 489 978 515 nire.
994 488 1113 522 Scripsit
1126 493 1153 514 et
1169 487 1276 514 Atticus
1301 485 1620 520 Coustantinopolitanus
1642 487 1697 520 epi-

909 535 999 570 scopis
1010 535 1037 562 in
1053 534 1210 570 Pamphylia
1224 534 1433 566 exsistentibus,
1448 539 1477 560 ut
1492 533 1611 568 undique
1623 533 1696 560 Mes-

910 581 1029 609 salianos
1047 580 1128 608 veluti
1143 588 1238 608 sacros
1260 588 1291 607 ac
1313 579 1491 607 detostandos
1507 579 1695 606 exturbarent.

909 623 980 657 Quin
1000 628 1027 651 st
1040 625 1109 651 idem
1125 624 1158 651 ad
1175 624 1397 660 Amphilochium
1421 623 1493 651 Sida:
1509 622 1698 658 prasideutem

910 669 1038 697 similiter
1051 670 1174 704 scripsit.

947 714 1083 743 Sisinnius
1107 716 1171 743 item
1199 714 1529 750 Constantinopolitanus,
1558 719 1587 742 et
1610 714 1700 740 Theo-

912 761 993 789 dotus
1008 761 1204 793 Antiochenus,
1221 769 1392 789 communem
1415 761 1558 795 epistolam
1575 760 1609 788 ad
1626 760 1701 786 Beri-

913 807 1036 838 nianum,
1058 811 1086 834 et
1101 806 1332 841 Amphilochium,
1353 811 1522 841 czeterosque
1546 806 1572 832 in
1611 805 1695 831 Pam-

73 853 155 888 ςυλίᾳ
169 854 347 886 ἐπισκόπους,
362 853 396 891 ἦς
406 857 423 890 ἡ
432 857 582 892 ἐπιγραφὴ,
592 867 600 882 ι
616 857 678 889 Τοῖς
687 858 861 892 θεοφιλεστά-

919 851 996 887 philia
1012 852 1153 887 episcopos
1169 852 1319 887 scripsere,
1337 852 1414 886 cujus
1438 852 1559 886 epistolre
1576 851 1634 878 haec
1660 851 1702 878 in-

72 908 129 931 τοις
146 900 364 935 συλλειτουργοῖς
382 901 531 938 Βερινιανῷ
550 904 597 930 καὶ
617 903 793 939 ’Λμφιλοχίφ,
816 905 862 931 καὶ

75 946 141 971 πᾶσι
164 947 222 976 τοῖς
247 947 276 972 ὲν
301 947 449 983 Παμφυλίᾳ
471 948 641 982 ἐπισκόποις,
663 949 794 980 Σισίννιος
816 950 863 977 καὶ

74 989 203 1021 θεόδοτος
228 990 275 1017 καὶ
293 992 369 1017 πᾶσα
389 992 405 1024 ἡ
421 991 487 1025 ἁγία
507 993 615 1024 σύνοδος
629 993 646 1028 ἡ
665 994 735 1021 κατὰ
751 994 826 1021 θείαν
840 995 862 1011 σί

75 1035 153 1070 χάριν
169 1036 385 1072 συγκροτηθεϊσα
401 1038 430 1064 ὲν
446 1039 479 1074 τῇ
497 1039 676 1073 μεγαλοπόλει
690 1041 863 1067 Κωνσταντι-

74 1082 202 1108 νουπόλει
222 1083 271 1116 τῆς
295 1084 462 1118 χειροτονίας
481 1084 563 1111 ἕνεκα
585 1086 632 1112 τοῦ
657 1086 862 1120 θεοφιλεστάτου

75 1128 122 1153 καὶ
146 1127 299 1161 ἁγιωτάτου
312 1129 335 1144 ³¹
358 1129 508 1156 ἐπισκόπου
531 1131 674 1162 Σισιννίου,
699 1131 864 1167 θεσπίσματι

75 1173 122 1200 τοῦ
145 1174 342 1201 εὐσεϐεστάτου
366 1175 412 1201 καὶ⁸
435 1175 609 1211 φιλοχρίστου
630 1177 710 1211 ἡμῶν
732 1177 865 1212 βασιλέως

75 1219 228 1250 Θεοδοσίου,
241 1220 270 1246 ἐν
284 1220 378 1255 Κυρίῳ
389 1221 504 1255 χαίρειν.
522 1230 532 1247 ι
543 1222 587 1248 Ἐν
599 1222 686 1259 ταύτῃ
696 1224 728 1258 τῇ
739 1224 864 1259 συνοδικῇ

75 1265 205 1301 ἐπιστολῇ
220 1267 269 1293 καὶ
286 1266 364 1292 Νέων
380 1267 528 1298 ἐπίσκοπος
538 1267 719 1303 ἐξεφώνησεν,
736 1269 773 1301 ὡς
789 1269 865 1301 εἴτις

78 1312 147 1344 μετά
161 1311 208 1337 τὸν
230 1311 452 1347 ἀναθεματισμὶν
470 1313 610 1348 φωραθείη
630 1313 670 1347 τῷ
690 1314 778 1349 χρόνῳ
796 1314 865 1349 ἤδιά

78 1357 210 1392 ῥημάτων
225 1357 243 1392 ἢ
256 1357 300 1383 διὰ
317 1359 488 1393 πραγμάτων
503 1360 543 1390 είς
560 1359 609 1394 τὴν
624 1360 742 1395 ὑποψίαν
753 1361 803 1396 τῆς
822 1361 866 1388 v6-

79 1412 126 1430 σου
143 1403 246 1438 ταύτης
270 1404 426 1439 ἐμπίπτων,
443 1405 541 1441 μηκέτι
560 1405 653 1432 λοιπὸν
678 1407 759 1434 αὑτὸν
775 1407 867 1442 χώραν

77 1450 161 1485 ἔχειν,
180 1451 243 1485 μηδ’
261 1450 294 1477 ἂν
317 1451 448 1486 μυριάκις
468 1451 717 1487 ἐπαγγέλληται⁸⁸,
729 1453 778 1488 τὴν
791 1453 867 1486 τάξιν

77 1495 254 1531 ἀναπληροῦν
274 1495 330 1522 τῶν
355 1497 574 1531 μετανοούντων·
604 1498 824 1532 συγκινδυνεύειν
844 1501 867 1516 ⁵⁵

915 899 1027 934 scriptio
1041 904 1102 926 est:
1118 908 1128 924 ‹
1150 899 1206 926 Deo
1218 899 1389 927 charissimis
1414 906 1554 925 sacrorum
1576 897 1701 933 collegis,

915 945 1072 978 Beriniano,
1100 949 1127 972 et
1144 944 1346 978 Amphilochia,
1371 944 1554 979 omnibusque
1579 943 1647 970 adeo
1673 944 1700 970 in

916 990 1072 1026 Pamphylia
1089 990 1235 1025 episcopis,
1262 991 1412 1023 Sisinnius,
1437 995 1521 1025 atque
1544 990 1702 1017 Theodotus

916 1041 944 1063 et
958 1036 1085 1064 universa
1112 1042 1208 1064 sancta
1237 1038 1369 1072 synodus,
1395 1044 1455 1072 quas
1483 1036 1531 1064 Dei
1559 1036 1657 1071 gratia,
1675 1035 1702 1062 in

917 1090 1014 1118 magna
1030 1084 1098 1110 urhe
1113 1082 1415 1117 Constantinopolitano
1435 1086 1529 1110 coacta
1554 1086 1610 1114 est.
1634 1089 1702 1109 con-

917 1129 1042 1156 secrandi
1057 1129 1148 1164 gratia
1167 1129 1223 1156 Deo
1238 1128 1419 1156 amantissimi
1434 1128 1554 1162 episcopi
1577 1126 1703 1159 Sisinnii,

915 1174 993 1208 jussu
1007 1179 1035 1202 et
1058 1175 1221 1202 auctoritate
1249 1174 1421 1208 pientissimi,
1439 1178 1467 1202 et
1489 1173 1599 1201 Christo
1623 1173 1701 1200 chari

918 1220 1094 1256 Imperatoris
1106 1221 1190 1248 nostri
1206 1220 1364 1251 Theodosii.
1381 1220 1495 1247 salutem
1510 1219 1535 1246 in
1551 1219 1675 1247 Domino.
1692 1227 1702 1244 ι

919 1266 947 1294 In
979 1275 1011 1294 ea
1036 1267 1093 1301 ipsa
1121 1267 1248 1302 synodica
1266 1267 1381 1300 epistola
1398 1265 1473 1292 Neon
1498 1265 1642 1300 episcopus
1658 1272 1706 1290 ox-

919 1313 1056 1345 clamavit,
1078 1317 1117 1345 ut.
1143 1313 1167 1339 si
1191 1313 1254 1348 quis
1281 1317 1341 1347 post
1366 1311 1622 1339 anathematismum
1651 1310 1706 1337 ullo

920 1363 1043 1392 tempore
1059 1358 1244 1392 deprehensus
1268 1356 1362 1388 fuerit,
1393 1363 1422 1384 ro
1446 1361 1492 1383 aut
1506 1356 1598 1389 verbo,
1615 1357 1641 1382 in
1662 1363 1707 1383 su-

920 1403 1068 1438 spicionem
1087 1403 1162 1430 malae
1184 1402 1265 1438 hujus
1291 1406 1373 1430 secta).
1398 1402 1538 1434 incidisse,
1567 1409 1707 1436 nunquam

920 1456 1013 1485 postea
1031 1449 1118 1476 locum
1144 1453 1246 1481 teneat,
1269 1457 1305 1476 tte
1326 1449 1347 1476 si
1366 1449 1465 1476 millies
1481 1449 1591 1484 quidem
1619 1449 1707 1483 pomi-

923 1496 1041 1523 tentibus
1055 1495 1220 1523 constitutas
1235 1502 1330 1529 pceoas
1344 1495 1474 1522 luiturum
1492 1502 1522 1522 se
1535 1494 1706 1529 polliceatur.

77 1542 105 1569 δὲ
113 1528 246 1576 αὐτῷ-καὶ
258 1543 302 1569 τὸν
318 1528 519 1578 συγκροτοῦντα
529 1544 621 1578 αὐτὸν,
638 1528 692 1571 εἴτε
705 1546 866 1579 ἐπίσκοπος,

919 1539 981 1567 Pari
995 1548 1055 1567 cum
1073 1540 1126 1567 hoc
1139 1540 1260 1575 periculo
1273 1545 1301 1567 et
1312 1547 1372 1566 eum
1387 1539 1507 1573 subiicit.
1524 1540 1570 1574 qui
1593 1546 1708 1566 consen-

78 1588 131 1614 είτε
149 1587 229 1620 ἄλλος
245 1597 288 1620 τις
304 1589 359 1622 εἴη.
384 1589 506 1625 Ἐγράφη
522 1590 550 1616 δὲ
566 1591 614 1617 καὶ
628 1591 758 1628 ἐπιστολὴ
777 1592 868 1620 Ἰωάν-

78 1641 123 1660 νου
144 1633 311 1668 Ἀντιοχείας
328 1635 353 1651 ³⁵
369 1635 436 1670 πρὸς
452 1635 600 1671 Νεστόριον
622 1637 686 1672 περὶ
702 1637 757 1664 τῶν
777 1639 870 1665 Μεσα-

78 1678 215 1706 λιανιτῶν.
241 1679 390 1715 Ἐξὴνεγκε
408 1680 436 1707 δὲ
451 1681 497 1707 καὶ
520 1682 613 1717 ὄρονή
631 1683 697 1718 ἁγία
719 1684 768 1710 καί
782 1684 871 1712 οίκου-

81 1724 180 1760 μενικὴ
197 1724 317 1756 σύνοδος,
335 1726 352 1760 ή
369 1726 397 1752 ἐν
418 1726 523 1762 Ἐφέσῳ
540 1727 631 1763 τρίτη,
647 1727 871 1764 ἀπογυμνώσασα

79 1771 169 1798 αὐτῶν
181 1770 206 1787 ⁵⁸
222 1771 271 1798 καὶ
284 1772 319 1798 τὰ
333 1772 362 1798 ὲν
375 1772 414 1807 τῷ
428 1771 568 1808 λεγομένῳ
578 1773 669 1800 αὐτῶν
680 1773 775 1810 βιϐλίῳ
785 1775 871 1811 ἀσκη-

79 1817 147 1853 τικῷ
169 1818 321 1853 βλάσφημα
343 1819 389 1846 καὶ
410 1820 535 1855 αἰρετικά
562 1821 711 1855 κεφάλαια,
732 1823 780 1850 καὶ
804 1823 872 1849 καθ-

81 1863 255 1891 υποόαλοῦσα
266 1865 304 1900 τῷ
318 1865 479 1900 ἀναθέματι.
489 1867 613 1902 Ἔγραψε
624 1867 652 1894 δὲ
665 1868 712 1894 καὶ
725 1868 872 1904 ’Δρχέλαος

82 1911 95 1936 ὁ
108 1911 279 1945 Καισαρείας
291 1912 341 1946 τῆς
357 1912 550 1939 Καππαδοκῶν
565 1912 713 1944 ἐπίσκοπος
732 1913 872 1948 ἀναθεμα-

82 1957 193 1992 τισμοὺς
202 1957 429 1992 εἰκοσιτέσσαρας
437 1958 490 1984 τῶν
498 1958 654 1993 κεφαλαίων
663 1959 763 1986 αὐτῶν.
773 1959 815 1995 [41
826 1958 872 1996 3.]

84 2003 218 2034 Συνέταξε
234 2003 264 2029 δὲ
283 2003 344 2029 κατ’
368 2003 458 2029 αὐτῶν
477 2004 524 2030 καὶ
542 2004 720 2039 Ἡρακλείδας
733 2005 747 2031 ὁ
763 2005 874 2038 Νύσσης

83 2049 232 2081 ἐπίσκοπος
250 2049 394 2081 ἐπιστολὰς
407 2049 464 2081 δύο,
478 2046 517 2076 ὧν
528 2050 558 2076 ὲν
571 2052 604 2086 τῇ
619 2050 734 2087 δευτέρᾳ
748 2052 795 2077 καὶ
806 2051 874 2086 χρῆ-

85 2103 126 2126 σις
141 2096 257 2131 φέρεται
271 2095 321 2130 τῆς
340 2096 520 2131 ἀρχαιότητος
545 2096 599 2123 τῶν
623 2097 732 2123 σεπτῶν
752 2098 873 2125 εἰκόνων.

121 2229 248 2265 Ἔγραψε
259 2229 287 2256 δὲ
302 2230 390 2265 χρόνῳ
406 2229 519 2265 ὕστερον
534 2229 580 2256 καὶ
590 2228 742 2265 Γερόντιος,
755 2228 874 2265 πρεσϐύ-

87 2286 165 2313 τερος
181 2278 230 2303 καὶ
247 2276 399 2311 ἡγούμενος
415 2275 470 2302 τῶν
488 2277 516 2302 ὲν
536 2275 636 2301 Γλίτιδι
655 2274 790 2310 μοναχῶν,
809 2274 878 2310 πρὸς

94 2323 220 2349 ’Δλύπιον
237 2322 450 2358 ἁρχιεπίσκοπον
464 2321 515 2356 τῆς
530 2322 559 2347 ὲν
573 2321 759 2358 Καππαδοκίᾳ
772 2321 877 2348 Καισα-

92 2369 176 2404 ρείας,
195 2368 358 2403 ἐγκλήματα
382 2367 454 2394 κατὰ
476 2367 635 2402 Λαμπετίου
657 2367 751 2399 κινῶν,
776 2367 805 2399 ὃς
831 2369 879 2395 καὶ

90 2416 196 2450 πρῶτος
217 2415 266 2450 τῆς
287 2415 436 2450 εἰρημένης
452 2414 585 2448 αἱρέσεως
609 2413 721 2449 ἴσχυσεν
745 2413 878 2448 ἐκκλέψαι

89 2462 119 2488 τὸ
131 2462 180 2497 τῆς
194 2461 345 2497 ἱερωσύνης
361 2461 408 2486 καὶ
429 2460 555 2487 ὑπελθεῖν
577 2459 697 2494 ἀξίωμα,
714 2459 827 2494 βέὃηλος
843 2458 882 2486 ὢν

91 2509 139 2536 καὶ
157 2508 294 2535 ἀπατεὼν.
315 2507 442 2540 ’Δλὺπιος
458 2507 486 2534 δὲ
503 2507 526 2523 ⁸⁷
544 2507 578 2533 τὰ
600 2507 742 2542 γραφέντα
765 2506 882 2541 δεξάμε-

921 1586 969 1612 tiat
986 1584 1196 1620 applaudatque,
1218 1584 1275 1611 sive
1292 1585 1448 1619 episcopus,
1471 1583 1529 1610 sive
1552 1583 1613 1617 quis
1639 1582 1710 1610 alius

921 1631 965 1658 ille
977 1631 1068 1659 fuerit.
1084 1630 1166 1658 Missa
1183 1638 1291 1666 quoque
1310 1630 1425 1665 epistola
1444 1629 1557 1656 Joannis
1579 1629 1636 1664 (85)
1654 1629 1710 1655 Au-

923 1677 1038 1705 tiocheni
1055 1678 1088 1704 ad
1102 1677 1268 1710 Nestorium,
1285 1677 1319 1704 de
1337 1675 1540 1703 Mcssalianitis.
1554 1674 1629 1702 Fecit
1645 1675 1710 1702 item

921 1723 1060 1754 decretum
1075 1723 1122 1759 (de
1146 1722 1198 1750 hoc
1215 1723 1272 1757 ipso
1286 1721 1420 1756 Adelphio
1434 1719 1576 1755 haeretica)
1594 1727 1670 1747 sacra
1683 1724 1712 1746 et

922 1769 1090 1797 mcumenica
1128 1770 1249 1805 synodus
1281 1768 1420 1804 Ephesius
1461 1767 1541 1794 tertia
1560 1786 1568 1799 ,
1589 1774 1650 1801 quae
1684 1770 1712 1793 et

923 1816 1002 1843 illum
1044 1823 1105 1843 cum
1155 1815 1332 1850 hlasphemiis
1380 1813 1570 1849 capitibusque
1623 1812 1712 1839 haere-

922 1869 1004 1894 seos,
1033 1865 1166 1895 quotquot
1205 1861 1232 1888 in
1264 1861 1373 1888 illorum
1407 1859 1477 1887 libro
1510 1859 1636 1886 Δερειὶοο
1669 1865 1714 1885 es-

923 1912 994 1939 sent,
1024 1907 1145 1939 deterit,
1180 1912 1208 1934 et
1235 1905 1401 1934 anathemati
1438 1905 1568 1939 subjecit.
1598 1903 1714 1938 Scripsit

924 1959 953 1981 et
991 1953 1144 1981 Archelaus
1169 1953 1300 1980 Caesareae
1341 1951 1523 1986 Cappadociae
1572 1950 1715 1984 episcopus

924 2004 1042 2035 quatuor
1050 2004 1077 2026 et
1088 1998 1182 2033 viginti
1197 1998 1440 2024 anathematismos
1447 1996 1566 2031 capitum
1576 1996 1708 2035 ipsorum.

924 2031 1082 2078 Composuit
1112 2031 1243 2070 adversus
1271 2041 1332 2069 illos
1350 2046 1378 2068 et
1396 2040 1553 2068 Heraclidas
1575 2031 1716 2074 l‘iyssenus

923 2091 1067 2125 episcopus
1080 2090 1148 2117 duas
1160 2088 1290 2123 epistolas
1306 2097 1314 2115 :
1331 2095 1445 2123 quarum
1476 2087 1502 2114 in
1525 2086 1610 2113 altera
1629 2085 1715 2113 etimit

926 2137 1110 2165 testimonium
1122 2135 1257 2171 quoddam
1277 2134 1389 2162 ail'ertur
1420 2141 1471 2169 pro
1485 2133 1649 2168 antiquitate
1666 2140 1714 2159 sa-

888 2201 915 2231 D
928 2189 1034 2210 crarum
1050 2181 1208 2215 imaginum.

964 2227 1118 2262 Insequenti
1133 2235 1198 2254 vero
1213 2230 1333 2259 tempore
1356 2225 1506 2253 Gerontius
1527 2231 1634 2259 quoque
1655 2231 1717 2259 pre-

930 2274 1023 2310 sbyter
1033 2280 1061 2301 et
1076 2273 1220 2308 praefectus
1231 2272 1425 2300 monachorum
1441 2271 1468 2298 in
1480 2270 1590 2300 Glitide.
1608 2270 1718 2304 scripsit

929 2321 962 2348 ad
988 2320 1116 2356 Alypium
1147 2319 1382 2353 archiepiscopum
1400 2318 1530 2345 Caesarea:
1542 2316 1717 2351 Cappadocia:

929 2366 1055 2402 querelas
1074 2365 1163 2393 varias
1180 2366 1310 2392 adversus
1327 2363 1511 2398 Lampetium,
1541 2363 1586 2396 qui
1614 2361 1717 2396 primus

917 2421 962 2454 ⁸οι
978 2414 1049 2440 dicta
1078 2412 1173 2440 haeresi
1202 2411 1345 2446 subripere
1373 2409 1465 2437 furtim
1483 2409 1550 2445 13b
1571 2407 1717 2435 sacerdotii

929 2460 1102 2494 dignitatem,
1116 2465 1148 2485 ac
1158 2458 1249 2485 subire
1259 2457 1356 2491 potuit,
1372 2456 1515 2490 -proianus
1529 2455 1586 2489 ipse
1604 2461 1664 2480 cum
1675 2460 1719 2480 es-

929 2511 982 2538 set.
996 2511 1076 2540 atque
1096 2505 1238 2539 impostor.
1253 2503 1343 2536 Quare
1360 2503 1485 2538 Alypius,
1506 2501 1626 2536 acceptis
1645 2500 1718 2527 litte-

744 2562 860 2590 νΑῐιυΕ
878 2560 1082 2590 LECTIONES.

125 2623 148 2638 ⁵⁸
161 2623 209 2649 καὶ
222 2630 279 2648 om.
294 2624 324 2649 A.
363 2623 386 2638 "
403 2621 490 2658 θείαν]
516 2621 577 2648 θεοῦ
597 2622 628 2658 A.
667 2623 690 2638 "
710 2623 756 2648 καὶ
770 2622 923 2656 ἀγιωτάτου
940 2623 1002 2650 add.
1019 2623 1051 2648 Α.
1089 2621 1112 2638 ⁸³
1126 2620 1312 2656 ὲπαγγέληται
1330 2619 1362 2646 A.
1401 2618 1424 2635 ⁵⁵
1442 2615 1651 2652 συγκενδυνεὺει
1686 2621 1715 2646 ς,

93 2658 114 2673 ⁸³
133 2658 280 2692 ἀντιοχέως
293 2661 326 2685 A.
365 2657 389 2673 "
403 2658 483 2684 αὑτὸν
498 2666 528 2689 ς.
566 2658 588 2674 ⁵⁷
601 2657 629 2683 δὲ
647 2657 688 2684 A:
707 2658 755 2684 καὶ
790 2666 823 2689 ς’.

837 2713 954 2742 ΝΟΤίΕ.
1699 2735 1702 2737 .

837 2714 859 2742 N
887 2713 907 2741 Τ
945 2732 954 2741 .
1699 2735 1702 2737 .

129 2764 184 2799 (84)
208 2763 320 2791 Leloius
333 2763 463 2790 Ecclesia:
480 2746 662 2799 Melitine'nsis
678 2762 769 2799 episc,
793 2713 884 2789 Theo?
909 2713 1131 2799 ﬁessitkatquc
1148 2758 1180 2785 ad
1197 2756 1352 2799 Nestorium
1378 2755 1520 2790 scripsisse
1547 2753 1654 2789 legitur.
1670 2751 1719 2779 Ni-

100 2796 189 2827 dotem
203 2800 248 2827 lih.
267 2807 292 2826 tv
308 2799 378 2826 llist.
399 2805 458 2833 cap.
476 2798 520 2831 10,
541 2797 661 2830 Latoius,
678 2796 792 2831 Niceph.

131 2836 186 2872 (85)
205 2833 372 2862 Patriatcha:
386 2834 500 2868 aecipio,
528 2834 573 2869 qui
602 2834 631 2861 S.
656 2833 796 2861 Theodoto
823 2838 883 2859 suc-

936 2792 1075 2832 ceph.rlib.
1087 2792 1157 2828 'xw,
1173 2801 1238 2829 cap.
1255 2792 1300 2820 53.
