1918 3086
197 99 229 133 9i
772 102 905 133 PIIOTII
926 103 995 134 PAT

1049 103 1179 134 hRCH/E
1199 104 1254 134 (ΣΡ.
1795 99 1830 131 92

198 161 247 193 ris,
283 159 317 186 ad
348 159 504 187 Hormizam
524 158 659 186 Comanes
685 159 853 194 episcopum,
883 167 944 194 quae
957 160 990 187 de

1049 169 1097 194 θος,
1111 161 1179 196 πρὸς
1191 160 1236 186 τὸν
1248 158 1397 186 ἐπίσκοπον
1413 159 1543 194 Κομάνης
1562 157 1695 194 Ὁρμίξην
1705 157 1831 184 ἐπιστέλ-

199 204 345 239 Lampetio
357 203 561 239 spargerentur,
582 204 745 232 excutienda
765 205 850 232 misit.
868 205 989 232 Accusa-

198 250 282 278 tionis
291 255 370 277 erant
390 250 477 285 capita
494 251 551 278 ba'c
567 258 575 277 ι
589 250 707 277 Puellam
737 251 809 278 nlitis
837 251 990 285 amplexum

200 302 281 330 atque
301 296 488 324 exosculatum
506 296 603 324 fuisse.
632 295 720 331 Ipsum
743 297 912 331 Lampetium
929 306 992 324 uar-

201 350 287 375 rasse,
306 342 505 378 Hierosolymis
531 350 561 370 se
581 351 643 370 cum
663 343 815 370 diaconissa
848 351 990 378 peccasse;

202 390 400 416 accedentibus
414 389 475 416 dein
490 389 626 416 nonnullis
648 389 693 423 qui
717 389 812 416 morbo
832 390 991 416 medicinam

201 439 366 468 quaererent,
385 435 519 465 adducite,
537 435 648 467 dixisse,
672 434 814 469 pulchram
838 435 904 462 mihi
918 435 993 469 puel«

202 479 268 511 lam,
288 480 484 514 ostendamque
515 480 562 507 tibi
587 480 818 508 sanctimoniam:
843 487 890 507 eos
916 481 991 514 item,

203 525 253 560 qui
276 525 355 553 statis
370 526 444 553 horis
457 526 613 561 psallerent,
629 526 700 554 {uade
716 526 845 557 irrisisse.
863 531 890 553 et
901 526 994 553 convi-

205 571 249 598 tiis
265 571 439 604 insectatum,
471 577 599 607 tanquam
631 572 682 607 legi
705 572 794 599 adhuc
818 573 992 606 servientes;

204 616 407 650 aliaqucmulla
427 618 452 643 id
473 625 558 652 genus
569 617 670 645 nefaria
687 618 713 645 in
729 618 774 645 illo
787 622 994 652 accusata,th

204 670 219 688 a
235 662 401 690 Messalianis
419 668 446 690 et
460 664 539 697 ﬁunt,
553 669 579 691 el
595 664 730 691 dicuntur.
759 664 993 697 Quemadmodum

205 714 232 734 et
250 716 310 742 nos,
342 709 441 743 inquit,
472 710 535 736 dum
552 717 600 743 pro
614 710 685 736 virili
717 717 849 737 conamur
863 710 993 744 quosdam

205 754 339 781 abducere
359 754 393 782 ab
413 755 464 782 hoc
474 762 577 787 errore,
607 755 652 790 qui
670 762 756 789 nuper
767 755 847 783 istinc
862 755 995 790 pullulare

205 800 302 833 coepit,
316 801 451 834 ingentem
466 808 532 827 sane
548 801 717 834 putredinem
746 802 993 835 perturbationum,

1040 207 1081 233 λει
1094 207 1127 233 τὰ
1140 206 1204 242 περὶ
1219 206 1376 240 Λαμπετίου
1389 205 1514 238 ἐξετάσαι
1524 205 1669 240 λεγόμενα.
1684 203 1739 231 Καὶ
1749 201 1784 238 ἦν
1796 203 1831 230 τὰ

1041 251 1241 287 ἐγκαλούμενα,
1260 251 1301 277 ὅτε
1315 250 1401 285 κόρην
1416 249 1486 276 κατὰ
1508 249 1596 284 στόμα
1612 248 1696 283 φιλῶν
1714 249 1832 283 ἐνηγκα-

1040 297 1140 329 λίζετο,
1157 297 1204 323 καὶ
1217 296 1258 323 ὅτι
1273 295 1353 327 αὐτὸς
1370 295 1473 326 ἐκεῖνος
1492 294 1544 330 ἐφη
1559 293 1716 329 Λαμπέτιος
1731 293 1761 320 ὲν
1780 293 1832 320 Ἱε-

1043 342 1201 378 ροσολύμοις
1225 342 1293 377 μετά
1310 350 1382 372 τινος
1401 340 1575 376 διακονίσσης
1593 340 1768 374 ἐξαμαρτεῖν,
1784 339 1834 365 καὶ

1042 389 1082 415 ὅτι
1099 387 1302 423 προσελθόντων
1312 387 1336 403 ⁸⁸
1348 386 1429 413 τινῶν
1443 387 1491 413 καὶ
1501 387 1655 421 νοσήματος
1671 386 1742 412 ῐασιν
1757 384 1834 417 ἐξαι-

1042 434 1181 469 τουμένων
1192 434 1273 468 ἕφη,‹
1285 434 1350 468 φέρε
1361 433 1425 468 μίαν
1439 433 1522 468 κόρην
1537 431 1604 467 πρὸς
1619 431 1668 466 ἐμὲ
1677 430 1772 466 καλὴν,
1785 431 1835 457 καὶ

1042 480 1123 513 δείξω
1140 489 1181 507 σοι
1198 479 1363 515 ἁγιωσύνην,
1381 488 1390 505 ι
1407 479 1454 505 καὶ
1470 479 1510 505 ὃτι
1532 479 1595 510 τοὺς
1609 478 1658 509 τὰς
1672 477 1747 512 ὥρας
1762 476 1831 511 ψάλ-

1044 526 1138 557 λοντας
1154 525 1353 560 ἐξεμυκτήριζε
1371 525 1417 551 καὶ
1431 524 1555 560 διέσυρεν
1571 523 1608 555 ὡς
1626 523 1679 550 ὑπὸ
1696 523 1777 558 νόμον
1792 522 1835 549 ἔτι

1044 571 1238 606 τυγχάνοντας.
1255 571 1311 598 Καὶ
1324 570 1391 597 ἄλλα
1408 570 1477 597 ἄττα
1498 569 1617 604 ἀθέμιτα
1635 568 1801 603 διεϐέϐλητο,
1815 569 1835 595 ἃ

1044 618 1100 648 τοῖς
1113 616 1295 649 Μεσαλιανοίς
1321 616 1368 643 καὶ
1389 617 1507 643 ποιεῖται
1531 615 1578 642 καὶ
1600 614 1720 649 λέγεται,
1741 613 1836 646 καθὼς

1045 663 1092 690 καὶ
1108 664 1199 698 ἡμεῖς,
1212 664 1251 694 ὡς
1264 660 1320 690 οἷόν
1336 671 1366 689 τε
1382 663 1457 697 ἡμῖν,
1469 662 1546 693 τινὰς
1557 661 1608 696 τῆς
1624 661 1751 696 τοιαύτης
1764 661 1838 688 πλά-

1045 716 1094 743 νης
1125 707 1286 741 ἀπάγοντες,
1308 706 1353 742 [19
1380 706 1426 742 Η.]
1451 706 1515 741 ἄρτι
1540 706 1699 741 βλαστάνειν
1728 705 1837 732 ἐκεῖθεν

1045 752 1202 788 ἀρξαμένης
1217 753 1250 782 ³⁸.
1270 751 1371 787 πολλὴν
1396 751 1530 787 σηπεδόνα
1553 751 1649 778 παθῶν
1673 751 1720 777 καὶ
1735 751 1837 781 κακίας

1045 798 1096 829 τὰς
1109 797 1222 824 ἐκείνων
1238 797 1326 832 ψυχὰς
1338 796 1555 832 ἐπιϐοσκομένην
1569 796 1740 832 ἑωράκαμεν.
1763 795 1838 822 Ἀλλ’

206 849 287 879 atque
305 845 498 880 improbitatis,
513 854 606 873 eorum
623 847 768 879 depascere
779 847 885 874 animos
897 847 993 880 depre-

1049 844 1059 870 5
1075 852 1108 878 γε
1127 843 1286 878 Λαμπέτιος
1307 842 1435 878 Ὀρμίζου
1455 843 1503 876 μὲν
1526 842 1574 869 τοῦ
1593 842 1742 868 ἐπισκόπου
1756 842 1839 868 δικά-

206 891 364 918 bendimus.
381 891 479 918 Verum
495 892 539 918 hic
548 891 716 927 Lampetius,
731 892 857 920 ilormiza
868 894 994 927 episcopo

204 936 306 971 judice,
318 942 346 963 et
361 936 495 964 Gerontio
513 938 674 973 presbytero
689 942 792 970 actore,
805 939 902 973 partim
916 939 994 967 testi-

206 983 257 1009 bus
272 982 426 1017 convicius,
453 983 551 1017 partim
579 990 627 1010 sua
652 984 710 1018 ipse
725 983 899 1012 confessione
921 991 993 1016 reus,

207 1028 328 1054 omnium
341 1028 453 1055 calculis
466 1029 614 1055 sacerdotii
643 1029 775 1064 dignitate
797 1030 993 1058 submovetur:

207 1073 373 1101 assentiente
383 1074 466 1102 etiam
481 1075 579 1110 Alypio
603 1075 777 1109 Caesariensi,
803 1077 849 1111 qui
864 1077 994 1104 miserum

207 1117 280 1145 illum
294 1119 434 1155 (deceptus
448 1120 517 1156 ipse)
535 1121 724 1157 presbyterum
746 1122 898 1149 ordinarat.
920 1122 994 1149 Idem

206 1172 271 1192 vero
282 1165 511 1194 sceleratissimus
534 1167 693 1202 Lampetius
718 1167 818 1195 librum
849 1168 994 1203 quemdam

206 1211 368 1244 composuit,
383 1219 463 1245 quem
480 1214 679 1239 Testamentum
694 1213 854 1245 nominavit,
885 1213 929 1241 cui
945 1214 997 1241 im—

207 1256 316 1289 pietatis
328 1264 384 1283 suze
397 1256 523 1292 dogmata
533 1259 657 1292 qutedam
669 1259 809 1294 inspersit,
825 1267 887 1287 eum
896 1260 995 1287 librum

211 1302 339 1335 Severus,
354 1302 400 1337 qui
416 1304 613 1332 Antiochenam
627 1305 725 1333 invasit
739 1306 842 1337 sedem.
857 1306 996 1341 presbyter

207 1347 291 1374 etiam
308 1349 444 1377 exsistens
455 1349 595 1379 refutavit.
623 1351 741 1386 Alpheus
759 1356 850 1379 tamen
876 1352 994 1387 quidam,

207 1393 456 1422 Rhinocorurorum
484 1396 648 1431 episcopus,
674 1396 843 1432 Lampetium
869 1398 997 1433 Apologia

207 1438 340 1470 defendit.
356 1441 433 1475 quasi
453 1441 518 1468 nihil
532 1449 638 1474 eorum,
667 1443 701 1470 de
723 1443 821 1477 quibus
851 1451 996 1472 accusare-

208 1484 452 1518 tur,autdixissel,
470 1491 514 1513 aut
534 1486 653 1514 fecisset.
677 1487 733 1515 Etsi
757 1493 846 1515 autent
870 1488 897 1515 in
923 1488 998 1516 edito

206 1530 324 1563 quodam
343 1539 357 1557 a
374 1538 403 1558 se
418 1531 489 1559 libro
499 1532 618 1567 Alpheus
630 1532 682 1560 iste
709 1533 787 1565 nihil,
802 1538 932 1568 quantum
944 1542 989 1561 co-

208 1583 350 1610 gnoscere
376 1577 451 1614 licw,
473 1579 665 1611 calumniatur,
682 1580 807 1608 abdicare
823 1580 999 1610 nihilominus

209 1627 336 1657 tauquam
352 1625 474 1652 sentiens
485 1632 545 1651 cum
560 1624 709 1661 Lampetie.
725 1631 836 1654 coactus
849 1632 901 1654 est.
918 1627 994 1654 Alter

207 1667 341 1700 Alpheus,
380 1670 539 1704 praeceptori
583 1671 767 1705 cognominis,
810 1679 824 1698 ο
853 1671 1000 1700 Timotheo

208 1713 392 1740 Alexandrino
408 1714 551 1750 presbyter
562 1716 715 1749 ordinatus,
730 1717 764 1743 ob
778 1718 901 1744 eamdem
915 1718 1001 1745 lucre-

211 1760 263 1786 sim
287 1761 473 1794 submovetur,
506 1765 536 1788 ut
561 1761 710 1795 Ptolomaei,
746 1762 1000 1790 Rhinocorurorum

208 1813 318 1840 quoque
331 1805 463 1841 episcopi,
478 1808 512 1834 ad
523 1808 648 1835 eumdem
661 1808 749 1843 ipsum
769 1808 942 1836 Timotheum
958 1816 1004 1836 re-

209 1850 275 1878 latio
294 1855 425 1879 testatur.

572 1899 640 1928 Llll.

209 1941 332 1978 Synodus
347 1942 563 1980 Carthagincnsis
585 1951 609 1972 et
625 1944 730 1980 Scripta
754 1947 876 1979 quwdam
901 1953 994 1975 contra

397 1978 547 2014 Pelagium,
567 1985 645 2015 alque
662 1978 816 2017 caesum.

243 2023 343 2052 Lectus
353 2024 429 2058 liber,
443 2033 489 2053 seu
504 2025 625 2061 Synodus
634 2028 759 2054 adversus
767 2028 904 2063 Pelagium
912 2034 937 2055 et
946 2029 1000 2056 Ce-

210 2071 303 2098 Ieuum
317 2071 384 2107 (86),
401 2072 568 2107 Carthagine
591 2074 617 2100 in
632 2081 736 2100 summa
751 2075 808 2101 aede
824 2075 928 2107 habita,
947 2075 1002 2103 llo-

211 2118 288 2144 norio
296 2117 384 2145 Felice
394 2118 549 2146 Occidentis
560 2119 667 2154 imperii
685 2119 791 2146 clavum
802 2125 922 2147 tenente.
933 2121 1002 2156 ιάα

211 2163 344 2192 Przcsedit
369 2165 395 2192 in
423 2173 455 2192 ea
480 2165 606 2192 Aurelius
633 2166 789 2200 episcopus,
820 2171 847 2193 et
873 2167 1002 2194 Datianus
1018 2179 1039 2206 ι)

210 2209 338 2238 Pteulesii
359 2211 452 2245 primae
467 2212 539 2238 sedis
555 2211 706 2246 Byzacena:
718 2211 864 2245 provinciae
878 2220 885 2237 :
905 2211 1002 2245 quibus

214 2255 360 2283 adfuerunt
374 2257 457 2284 variis
475 2265 490 2284 ο
506 2257 656 2291 provinciis
671 2257 826 2285 sacerdotio
843 2262 1002 2293 praestantes

210 2301 275 2334 viri,
290 2308 402 2328 numero
416 2302 523 2329 ducenti
535 2307 653 2336 quatuor
663 2307 691 2329 et
704 2303 812 2338 viginti.

248 2347 362 2374 Damnat
381 2347 438 2374 haec
455 2348 574 2383 synodus
585 2349 761 2376 anathemate
782 2356 842 2382 eos,
869 2349 914 2384 qui
925 2356 1002 2377 asse-

210 2397 303 2420 rercnt
319 2393 375 2427 (87)
395 2393 528 2420 Adamum
543 2394 685 2422 mortalem
698 2402 758 2422 esse
772 2395 923 2427 conditum,
947 2403 1000 2422 non

212 2445 300 2466 autem
317 2440 548 2474 praevaricationis
566 2448 660 2473 causa,
679 2445 766 2469 morte
786 2441 940 2468 multatum.
958 2441 1002 2469 Si-

211 2485 311 2513 militer
327 2490 354 2513 et
369 2493 416 2513 eos
437 2486 483 2521 qui
500 2494 594 2514 recens
612 2492 692 2515 natos
714 2487 832 2516 infantes
848 2487 1000 2522 'baptismo

1045 890 1148 923 ζοντος,
1158 888 1301 925 Γεροντίου
1311 888 1339 915 δὲ
1347 889 1394 916 τοῦ
1407 888 1595 924 πρεσϐυτέρου
1607 887 1837 923 κατηγοροῦντος,

1045 935 1091 963 καὶ
1107 935 1141 962 τὰ
1159 935 1209 970 μὲν
1223 935 1267 961 διὰ
1283 934 1429 971 μαρτύρων
1452 933 1631 969 ἐξελεγχθεὶς,
1648 934 1682 961 τὰ
1702 934 1730 961 δὲ
1742 933 1781 969 τῷ
1794 935 1839 960 οἱ-

1045 981 1110 1017 κείῳ
1124 981 1243 1016 στόματι
1255 981 1431 1017 περιπαρεὶς,
1447 976 1567 1012 ἆπάσαις
1580 977 1681 1016 ψῆφοις
1692 980 1742 1016 τῆς
1758 982 1840 1014 ἱερω-

1046 1027 1129 1063 σύνης
1149 1027 1315 1063 καθῄρηται,
1342 1028 1488 1063 συμψήφου
1512 1027 1696 1062 γεγενημένου
1719 1027 1768 1054 καὶ
1787 1028 1839 1054 τοῦ

1045 1074 1215 1109 Καισαρείας
1235 1074 1375 1107 ’Λλυπίου,
1399 1074 1429 1106 ὃς
1453 1074 1500 1101 καὶ
1517 1074 1563 1101 τὸν
1589 1074 1707 1101 δείλαιον
1732 1074 1840 1100 ἐκεῖνον

1045 1119 1229 1155 ἐξαπατηθεὶς
1257 1121 1297 1152 είς
1320 1121 1366 1147 τὸν
1390 1120 1439 1147 τοῦ
1469 1120 1668 1156 πρεσϐυτερίου
1685 1112 1708 1137 δθ
1735 1120 1841 1156 βαθμὸν

1045 1166 1178 1201 ἐτύγχανε
1201 1165 1403 1201 προενηνοχώς.
1426 1163 1511 1198 Οὗτος
1540 1166 1568 1193 δὲ
1592 1167 1606 1194 ὁ
1633 1166 1843 1201 τρισαλιτήριος

1045 1210 1202 1245 Λαμπέτιος
1217 1210 1265 1236 καὶ
1283 1210 1362 1244 λόγον
1376 1209 1438 1236 τινὰ
1454 1210 1614 1245 συνέθηκεν,
1624 1209 1654 1236 ὃν
1669 1210 1715 1237 καὶ
1733 1209 1844 1242 Διαθήο

1047 1264 1107 1290 κην
1124 1256 1304 1288 ἐπεκάλεσεν,
1321 1253 1378 1292 ἐνῇ
1392 1256 1439 1282 καί
1453 1256 1542 1283 ’τινασι
1556 1257 1605 1291 τῆς
1620 1255 1778 1287 δυσσεϐείας
1791 1255 1844 1282 αὑ-

1046 1302 1094 1330 τοῦ
1105 1303 1270 1338 ἐνέσπαρται
1281 1311 1288 1319 ι
1301 1303 1335 1339 ἡν
1349 1303 1397 1330 καὶ
1408 1303 1528 1338 Σεϐἧρος
1539 1303 1561 1319 ⁸³
1576 1304 1590 1329 ὁ
1607 1303 1653 1330 τὸν
1673 1303 1843 1338 Ἀντιοχικὸν

1047 1349 1142 1384 θρόνον
1156 1349 1296 1380 ὑπεισδὺς,
1311 1348 1352 1376 ἔτι
1375 1349 1570 1384 πρεσϐυτέρων
1589 1349 1695 1384 ἐπέχων
1711 1349 1789 1382 τάξιν
1804 1349 1842 1380 ⁸³,

1047 1394 1206 1430 ἀνέτρεψεν.
1228 1395 1353 1429 ’Δλφειὸς
1370 1395 1393 1411 ⁸⁸
1409 1395 1501 1430 μέντοι
1520 1404 1562 1427 τις
1581 1395 1731 1427 ἐπίσκοπος
1752 1395 1846 1422 Ῥινο-

1048 1441 1189 1476 κορούρων
1203 1441 1226 1457 ⁸⁸
1243 1440 1489 1476 ὑπεραπολογεϊται
1514 1440 1672 1480 Λαμπετίου
1690 1441 1727 1472 ὡς
1755 1440 1843 1476 μηδὲν

1011 1510 1032 1539 c
1048 1483 1085 1513 ὧν
1100 1487 1230 1522 ἐνεκλήθη
1246 1486 1262 1522 ἦ
1282 1486 1432 1522 εἰπόντοςῆ
1449 1487 1614 1521 ποιήσαντος
1624 1493 1631 1500 ·
1652 1486 1799 1520 ἐκθέμενος
1812 1487 1844 1514 ἃ

1050 1533 1098 1558 καὶ
1112 1533 1191 1568 λόγον
1212 1533 1273 1559 τινὰ
1286 1532 1362 1559 οὐδὲν
1387 1533 1416 1559 ἐν
1436 1531 1523 1568 αὐτῷ,
1540 1532 1604 1559 ὅσον
1630 1531 1687 1559 ἐστι
1712 1532 1842 1566 συνιδεῖν,

1051 1578 1223 1614 βλασφημεῖ·
1247 1577 1388 1614 καθῃρέθη
1403 1578 1543 1612 μέντοιγε
1564 1577 1604 1609 ὡς
1627 1577 1661 1604 τὰ
1682 1577 1844 1612 Λαμπετίου

1051 1625 1167 1660 φρονῶν.
1185 1624 1239 1651 Καὶ
1263 1623 1387 1659 ’Λλφειὺς
1409 1624 1438 1651 δέ
1464 1632 1506 1655 τις
1530 1623 1620 1656 ἄλλος,
1635 1623 1781 1658 ὁμώνυμος
1801 1624 1846 1658 τῷ

1051 1672 1204 1705 καθηγητῇ,
1220 1669 1419 1706 χειροτονηθεὶς
1436 1669 1622 1706 πρεσϐύτερος
1639 1669 1691 1696 ὑπὸ
1708 1669 1845 1703 Τιμοθέου

1050 1717 1099 1744 τοῦ
1114 1716 1318 1752 Ἀλεξανδρείας
1333 1717 1366 1749 ⁸⁸,
1384 1716 1429 1743 διὰ
1443 1716 1492 1752 τὴν
1514 1717 1599 1750 αὐτὴν
1613 1714 1752 1751 καθῃρέθη
1769 1714 1846 1751 αἴρε-

1052 1771 1105 1796 σιν,
1121 1762 1159 1794 ὠς
1171 1763 1188 1798 ἡ
1199 1761 1247 1789 τοῦ
1260 1762 1428 1798 Πτολεμαίου
1440 1761 1487 1789 τοῦ
1507 1761 1718 1797 Ῥινοκορούρων
1731 1761 1846 1787 ἐπισκό-

1051 1817 1104 1836 που
1129 1808 1199 1844 πρδς
1225 1807 1359 1843 Τιμόθεον
1380 1808 1426 1835 τὸν
1458 1808 1659 1844 προειρημένον
1688 1806 1845 1834 ἐκδιδάσκει

1052 1855 1188 1890 ἀναφορὰ.

1425 1900 1489 1927 ΝΓ’.

1053 1947 1186 1980 Σὺνοδυς
1200 1946 1276 1974 κατὰ
1291 1946 1441 1981 Halm-Iov
1465 1946 1514 1973 καὶ
1532 1944 1697 1973 Κελεστίου
1712 1944 1747 1971 ἐν
1759 1945 1847 1979 Καρ-

1309 1982 1420 2016 θαγένῃ
1435 1981 1589 2010 συστᾶσα.

1087 2028 1258 2063 Ἀνεγνὼσθη
1270 2028 1399 2063 βιϐλίονή
1419 2027 1499 2055 Κατὰ
1514 2028 1665 2062 Πελαγίου
1680 2027 1730 2054 καὶ
1749 2028 1845 2055 Κελε-

1053 2074 1139 2102 οντίου
1146 2074 1168 2090 ⁸⁷
1175 2074 1308 2107 σύνοδος
1315 2075 1345 2101 ἐν
1352 2073 1517 2110 Καρθαγένῃ
1528 2074 1650 2100 συστᾶσα
1656 2074 1684 2100 ἐν
1695 2074 1726 2108 τῇ
1737 2073 1846 2108 μεγάλῃ

1054 2120 1187 2155 ἐκκλησία
1210 2120 1333 2147 Φαύστου
1354 2119 1483 2156 Ὀνωρίου
1499 2120 1529 2146 τὺ
1547 2119 1598 2155 τῆς
1619 2119 1747 2154 ἑσπερίου
1766 2119 1846 2154 βασι-

1053 2165 1129 2197 λείας
1154 2166 1335 2202 φρουροῦντος
1355 2165 1481 2202 ἀξίωμα·
1500 2166 1600 2202 ἐξῆρχε
1620 2167 1649 2193 δὲ
1670 2165 1773 2201 ταύτης
1795 2166 1848 2201 τῆς

1053 2212 1163 2239 συνόδου
1184 2213 1320 2248 Αὐρήλιος
1333 2212 1355 2229 ⁸⁸
1367 2213 1518 2244 ἐπίσκοπος
1542 2212 1589 2239 καὶ
1608 2212 1734 2243 Δοτιανδς
1751 2213 1773 2228 "
1792 2211 1848 2239 Τε-

1054 2259 1213 2286 πτεντεσίου
1229 2259 1253 2275 "°
1269 2259 1317 2285 τοῦ
1334 2258 1443 2294 πρώτου
1458 2258 1554 2295 θρόνου
1565 2259 1586 2274 '”
1608 2258 1741 2294 ἐπαρχίας
1758 2258 1849 2289 Βυζα-

1052 2305 1147 2340 κηνῆς.
1157 2302 1197 2337 οἷς
1206 2305 1370 2340 συνήδρευον
1380 2305 1411 2331 ἐκ
1421 2304 1558 2340 διαφόρων
1572 2304 1711 2340 ἐπαρχιῶν
1719 2305 1742 2320 "‘
1749 2304 1847 2339 ἄνδρες

1051 2351 1250 2385 διαπρέποντες
1265 2351 1398 2387 ἱερωσύνῃ
1409 2370 1416 2382 ,
1432 2351 1479 2378 τὸν
1491 2350 1607 2386 ἀριθμὸν
1625 2353 1690 2377 σκε’.

1091 2395 1167 2431 Αὕτη
1182 2396 1199 2431 ἡ
1215 2395 1323 2428 σύνοδος
1336 2397 1397 2427 τοὺς
1415 2395 1513 2431 θνητὸν
1534 2395 1688 2429 πλασθῆναι
1699 2394 1746 2422 τὸν
1758 2394 1848 2429 ’Δδὰμ

1058 2440 1188 2475 λέγοντας
1203 2440 1250 2476 με
1264 2440 1310 2477 IL]
1327 2441 1394 2467 ἀλλὰ
1413 2441 1450 2476 μὴ
1467 2442 1500 2468 ἐκ
1525 2441 1707 2476 παραϐάσεως
1731 2440 1811 2467 τοῦτο
1824 2441 1848 2457 ⁷⁸

1058 2486 1289 2521 καταδικασθῆναι
1316 2486 1533 2524 ἀναθεματίζει·
1564 2486 1696 2519 ὡσαύτως
1721 2487 1786 2519 τοὺς
1814 2488 1848 2514 τὰ

857 2544 975 2572 VARle
992 2543 1193 2572 LECTIONES.

246 2590 269 2629 ν
285 2590 482 2629 ἐλθόντων-Α.-Δ
498 2591 707 2629 ⁸³Πάρξαμένους
792 2593 815 2609 ⁶⁰
829 2593 1017 2629 πρεσϐυτέρου
1031 2601 1062 2629 ς.

882 2626 1100 2664 ρινοκρυρούρων
1113 2627 1260 2664 Aasicuet
1283 2626 1366 2654 infra.

731 2672 762 2695 ς.
801 2663 823 2679 ⁸³
839 2660 1130 2699 Δοτιανὺςῃδιάξτινος
1143 2662 1178 2699 ΑΖ
1213 2662 1236 2699 ξ⁷⁰
1251 2661 1495 2699 τ-επεεντεσίουγιὶε
1516 2661 1563 2699 τοῦ
1576 2660 1606 2688 τε
1626 2660 1791 2699 πτεντεοίου
1817 2669 1848 2692 ς.

211 2625 318 2660 ἐπέχων
343 2635 375 2658 ς.
412 2627 434 2642 ⁸⁵
457 2625 663 2660 ἀ).φιὸςἈ.ἐίε
678 2633 706 2654 et
722 2628 804 2655 infra.
842 2628 863 2644 ⁸⁵

213 2660 271 2697 σίου
287 2661 320 2697 ᾼ.
359 2661 513 2697 θδγαύρίλιος
528 2663 547 2688 Α
566 2662 703 2697 ;ἁϐρίλιος

1118 2592 1140 2607 ⁶¹
1159 2599 1222 2618 τινα
1254 2590 1309 2618 τῶν
1332 2593 1382 2626 τῆς
1399 2600 1430 2623 ς.
1477 2591 1499 2606 ⁸¹
1515 2590 1631 2625 σευῆρος
1665 2599 1696 2626 ς.
1734 2589 1757 2626 ἐξ
1771 2589 1849 2626 τάξιν

1423 2627 1446 2642 ⁸³
1457 2625 1645 2661 ἁλεξανδρέως
1666 2625 1697 2651 A.
1736 2625 1758 2661 ’ἶ
1769 2625 1849 2651 κελε-

213 2696 233 2712 ⁷¹
251 2695 360 2732 πρώτου
380 2696 487 2732 θρόνου]
502 2695 693 2734 πρωτοθρόνου
711 2705 782 2726 corr.
796 2699 830 2726 Α..
851 2699 876 2715 τι
890 2695 1026 2734 ἐπαρχίας
1040 2696 1244 2732 βυζακηνῆςΑι
1263 2695 1425 2733 Βυζακηνῆς
1442 2697 1579 2732 ἐπαρχίας
1603 2705 1634 2728 ς.
1655 2695 1679 2712 ⁷³
1694 2695 1789 2722 τοῦτον
1818 2704 1848 2727 ς.

970 2745 1087 2774 NOTAE.

251 2789 307 2831 ($6)
323 2790 405 2826 Cujus
415 2790 523 2831 episml.
535 2792 691 2828 synodalem
708 2793 793 2822 habes
808 2799 827 2822 t.
840 2793 862 2822 ll
878 2793 997 2831 Operum

215 2825 246 2852 ι).
258 2827 372 2861 August.
387 2826 467 2861 epist.
483 2826 527 2854 90.

1053 2829 1137 2857 Tbcm

1091 2792 1147 2855 (87?
1165 2792 1252 2826 Quam
1277 2793 1444 2821 sententiam
1461 2800 1570 2828 quoque
1600 2791 1722 2820 tenuisse
1743 2791 1848 2819 dicezur

1091 2836 1210 2855 tumulus
1225 2829 1414 2855 Auliochenus
1431 2828 1479 2855 inf.
1491 2829 1551 2855 cod.
1569 2828 1628 2855 I77.

1147 2836 1210 2856 eius
1225 2829 1414 2858 Autiochenus
1431 2828 1479 2856 ini.
1491 2829 1551 2857 cod.
1569 2828 1628 2856 l7'.7.
