1918 3086
225 139 260 170 95
770 138 902 168 PHOTII
919 137 1005 168 PATI

1058 138 1174 169 .RCH/E
1193 138 1248 169 cr.
1805 135 1842 166 96

225 193 307 220 morti
320 192 419 220 tradita
436 191 490 229 est)
512 200 562 228 pro
583 193 680 221 merito
701 193 848 222 voluntatis
881 194 1005 221 uniuscu-

1059 194 1196 228 ἁμαρτίαν
1209 194 1259 229 τῆς
1275 192 1325 227 μὲν
1341 192 1539 227 μακαριότητος
1558 190 1713 218 ἐκπεσοῦσα
1731 191 1778 218 καὶ
1792 192 1843 218 τοῦ

223 239 338 274 jusque;
355 239 485 274 Spiritum
507 244 630 266 sanctum
657 243 684 266 et
699 240 847 274 appellare,
875 245 903 268 et
917 240 1005 275 repel-

225 285 293 312 lere.
319 284 472 312 Nestoriani
492 292 557 312 vero
576 285 610 312 de
639 285 697 320 ipso
724 286 805 313 etiam
824 287 946 320 corporis
963 293 1008 314 ca-

224 331 280 365 pite
291 330 411 362 Christo,
426 331 520 358 eadem
548 331 661 362 sentire,
684 335 711 358 et
733 331 867 358 allirmare
895 331 1006 359 audent.

225 375 358 402 Asserqu
372 376 456 407 enim,
473 375 691 410 quandoquidem
703 380 800 404 nostra!
814 376 939 404 Christus
959 383 1007 404 na-

224 425 292 448 turae
303 421 337 448 sit
351 421 486 456 particeps
500 421 599 453 factus,
624 426 653 449 et
676 422 746 449 Deus
766 429 862 450 omnes
883 422 1006 449 homines

224 467 350 494 similiter
370 467 461 494 salvos
477 467 534 494 ﬁeri
553 468 627 500 velit,
658 467 902 503 unumqucmlibet,
923 468 1005 495 etiam

227 521 277 548 per
306 513 412 539 arbitrii
438 513 479 539 sui
509 512 673 545 libertatem,
699 513 837 547 proprium
866 520 1005 547 peccatum

224 560 370 592 corrigere,
400 562 428 585 et
458 557 513 584 Deo
526 558 636 592 dignum
655 566 684 585 se
703 558 803 586 facere.
825 559 1005 592 Quamobrem

223 603 270 636 qui
285 610 317 630 ex
330 603 412 630 Maria
433 603 469 630 sit
483 604 583 636 editus,
613 611 666 631 nou
681 611 742 632 esse
756 604 883 637 Verbum,
913 605 959 631 sed
973 612 1006 632 ex

223 657 255 676 ea
269 649 400 683 genitum,
412 650 446 677 oh
460 649 591 676 naturalis
607 649 754 677 voluntatis
771 650 942 684 dignitatem,
957 651 1007 677 hao

222 694 289 721 bere
304 694 415 722 verbum
439 695 626 723 concomitans
645 704 653 724 :
671 703 733 724 cum
762 697 820 724 sola
841 697 892 725 ista
910 696 1007 725 nobili-

224 743 291 772 tate,
311 742 446 767 eteadem
461 741 642 776 appellatione
664 743 848 770 communicet
876 750 937 771 cum
962 749 1007 770 ra-

223 787 298 814 tione
310 783 460 815 liliationis.

258 874 343 902 Porro
368 875 426 904 haec
450 876 559 911 quidem
582 876 724 912 Pelagiana
739 897 746 910 ,
771 885 819 905 seu
851 877 1005 906 Celestiana

222 919 344 952 haeresis.
366 929 419 949 non
435 922 462 948 in
476 921 587 949 Oriente
603 923 732 950 duntaxat
753 923 847 958 viguit,
859 924 906 951 sed
924 924 1006 951 etiam

222 965 395 994 Occidentem
422 968 552 1002 pervasit,
568 973 595 996 et
608 968 775 1004 Carthagine
804 969 831 996 in
856 969 948 997 Africa
973 971 1007 997 ab

221 1012 331 1039 Aurelio
353 1018 433 1047 atque
449 1014 602 1048 Augustino
624 1015 802 1049 deprehensa,
826 1020 853 1042 et
872 1016 1006 1048 convicta,

222 1057 361 1091 variisque
376 1058 481 1093 publice
495 1060 615 1087 conciliis
631 1060 770 1089 damnata.
783 1060 865 1095 Ejecti
883 1069 947 1088 vero
961 1062 1007 1096 qui

221 1109 282 1128 cum
298 1103 340 1130 his
362 1105 504 1138 sentirent,
524 1110 654 1141 tanquam
675 1107 806 1137 heretici.
821 1112 897 1134 extra
913 1107 1007 1135 Eccle-

221 1147 301 1179 siatn,
313 1150 476 1183 temporibus
483 1152 668 1185 episcoporum
678 1152 818 1186 Theophili
828 1153 1006 1186 Alexandriae,

221 1198 248 1220 et
269 1194 416 1223 Innocentii
435 1196 509 1224 urbis
534 1198 635 1230 Retine,
656 1203 709 1225 tam
734 1207 748 1226 a
770 1199 911 1231 Romanis,
925 1207 1006 1234 quam

222 1239 372 1273 Africanis,
384 1242 543 1276 ceterisque
560 1243 714 1271 Occidentis
723 1244 866 1279 episcopis.
881 1245 1006 1272 Attamen

223 1283 345 1319 Pelagius
372 1286 426 1319 hic,
452 1287 478 1314 in
503 1296 534 1314 ea
558 1289 660 1323 synodo
678 1297 738 1324 qua:
751 1290 777 1316 in
793 1290 934 1317 Palaestina
948 1289 1006 1326 (93)

221 1331 370 1363 convenit,
391 1331 434 1358 cui
455 1335 658 1366 quatuordecitn
689 1336 818 1369 praesules
847 1336 1006 1368 intererant,

221 1375 360 1403 absolutus
373 1381 426 1410 est,
438 1385 498 1404 cum
511 1378 561 1405 alia
579 1380 686 1413 quidem
697 1380 863 1415 obiectorum
875 1381 1005 1416 capitum,

222 1425 251 1447 ut
267 1421 360 1454 stulta,
375 1423 485 1451 omnino
496 1426 665 1460 ahnegasset,
686 1431 767 1461 atque
778 1428 943 1460 damnasset,
956 1428 1007 1455 alia

221 1475 287 1495 vero
305 1476 321 1496 a
346 1476 376 1496 se
397 1471 505 1504 quidem
535 1472 604 1498 dicta
626 1472 766 1500 confessus
795 1479 877 1506 esset,
903 1482 954 1501 non
976 1482 1009 1501 eo

1057 238 1125 265 Θεοῦ
1137 239 1312 274 χωρισθεῖσα,
1326 236 1365 272 τῷ
1383 237 1412 264 δὲ
1427 237 1535 271 Θανάτῳ
1553 236 1748 272 παραδοθεῖσα,
1770 235 1842 272 αὕτη

1057 285 1128 311 κατὰ
1138 284 1187 319 τὴν
1199 284 1248 319 τῆς
1260 283 1448 319 προαιρέσεως
1458 283 1536 316 ἀξίαν
1551 282 1581 309 τὸ
1594 281 1706 317 Πνεῦμα
1720 282 1750 310 τὸ
1764 282 1843 316 ᾰγιον

1057 330 1106 357 καὶ
1122 329 1316 366 προσκαλεῖται
1332 329 1381 356 καὶ
1397 329 1561 356 ἀπωθεῖται*
1579 329 1604 355 οι
1617 329 1646 356 δὲ
1664 328 1842 364 Νεστοριανοὶ

1057 376 1105 402 καὶ
1118 377 1183 411 περὶ
1197 375 1282 410 αὐτὴν
1298 375 1347 410 τὴν
1361 375 1409 402 τοῦ
1425 374 1552 410 σώματος
1565 374 1697 410 κεφαλὴν,
1711 374 1756 402 τὸν
1769 375 1841 411 Χρι-

1057 421 1130 453 στδν,
1141 421 1190 456 τὴν
1204 421 1289 457 αὐτὴν
1303 421 1421 448 διάνοιαν
1433 422 1480 448 καὶ
1489 421 1592 457 τόλμαν
1604 420 1708 456 ἔχουσι.
1723 421 1842 454 Λέγουσι

1057 467 1111 502 γὰρ
1124 468 1164 494 ὅτι
1174 467 1235 494 ἐπεὶ
1253 467 1303 502 τῆς
1319 467 1455 503 ἡμετέρας
1476 467 1585 502 φύσεώς
1600 468 1673 494 ἐστιν
1686 468 1701 494 ό
1712 467 1842 502 Χριστὸς,

1056 514 1070 540 ό
1082 513 1110 540 δὲ
1123 513 1190 545 Θεὸς
1203 513 1306 545 πάντας
1327 513 1487 549 ἀνθρώπους
1509 513 1610 548 ὁμοίως
1631 513 1704 540 θέλει
1719 513 1842 548 σωθῆναι

1055 559 1105 586 καὶ
1128 559 1219 595 οίκείᾳ
1237 560 1395 595 προαιρέσει
1418 558 1464 595 [45
1475 558 1522 595 3.]
1547 559 1664 586 ἕκαστον
1687 558 1717 585 τὺ
1742 558 1842 585 ἑαυτοῦ

1056 607 1179 640 πταῖσμα
1193 604 1435 640 ἐπανορθώσασθαι
1449 606 1497 632 καὶ
1510 605 1585 637 ἄξιον
1604 605 1701 632 ἑαυτὸν
1717 604 1800 632 αὐτοῦ
1818 605 1842 620 ’⁷

1056 652 1180 686 ποιῆσαι,
1195 651 1238 678 διὰ
1255 651 1335 678 τοῦτο
1349 651 1399 678 οὐκ
1413 651 1486 678 ἐστιν
1497 653 1511 678 ό
1524 652 1611 685 Λόγος
1622 652 1636 677 ὁ
1650 651 1767 686 τεχθεὶς
1781 650 1841 677 ἀλλ’

1055 696 1071 725 ό
1082 698 1105 714 ’⁷
1119 697 1260 733 γεννηθεὶς
1275 698 1308 724 ἐκ
1325 698 1435 733 Μαρίας
1447 697 1491 724 διὰ
1505 697 1556 733 τὴν
1573 697 1622 732 τῆς
1637 699 1755 732 φυσικῆς
1771 705 1842 733 προ-

1056 743 1189 779 αιρέσεως
1212 742 1290 776 ἀξίαν
1305 741 1377 778 εἶχεν
1389 743 1524 778 ἑπόμενον
1543 744 1590 770 τὺν
1609 743 1697 778 λόγον,
1715 743 1783 779 μόνῃ
1806 743 1844 778 τῇ

1056 788 1121 825 ἀξίᾳ
1135 789 1183 816 καὶ
1194 790 1227 824 τῇ
1239 788 1383 824 ὁμωνυμίᾳ
1393 788 1598 824 κεκοινωνηκὼς
1604 789 1675 824 λόγῳ
1685 789 1735 824 τῆς
1749 789 1844 824 υἱότη-

1057 843 1113 866 τος.

1021 862 1044 892 Β
1092 862 1167 914 λῦτη
1181 880 1271 916 μέντοι
1283 881 1301 917 ὴ
1314 881 1469 916 Πελαγιανὴ
1484 881 1543 916 ῆτοι
1556 880 1723 916 Κελεστιανὴ
1737 880 1845 916 αἵρεσις

1057 926 1183 962 ἤκμασεν
1199 927 1229 954 ὲν
1242 929 1275 963 τῇ
1289 919 1415 963 ἀνατολῇ,
1434 927 1537 963 διεδόθη
1553 927 1583 954 δὲ
1597 927 1644 954 καὶ
1658 928 1688 954 ἒν
1704 928 1738 963 τῇ
1755 927 1844 954 δύσει.

1057 972 1114 1000 Καὶ
1126 975 1154 1000 ἐν
1168 973 1217 1008 μὲν
1227 975 1261 1009 τῇ
1274 974 1436 1010 Καρταγένῃ
1450 974 1473 991 ⁷³
1488 973 1538 1009 τῆς
1555 974 1686 1009 Ἀφρικῆς
1696 973 1845 1009 διηλέγχθη

1058 1019 1108 1046 καὶ
1132 1019 1261 1056 ἐφωράθη
1285 1020 1338 1047 ὑπό
1361 1029 1391 1047 τε
1413 1020 1548 1056 Αὑρηλίου
1572 1020 1622 1047 καὶ
1648 1020 1845 1054 Αὐγουστίνου,

1058 1066 1238 1101 ἀπεκηρύχθη
1250 1066 1278 1092 δὲ
1295 1066 1432 1102 διαφόροις
1447 1066 1575 1098 συνόδοις.
1601 1065 1801 1102 Ἐξεὸλήθησαν
1814 1067 1847 1093 δὲ

1059 1111 1107 1138 καὶ
1123 1111 1148 1138 οί
1162 1111 1233 1138 οὕτω
1247 1111 1409 1147 φρονοῦντες
1422 1112 1474 1146 τῆς
1482 1111 1647 1147 Ἐκκλησίας
1655 1112 1694 1143 ὡς
1710 1112 1848 1146 cipe-rton

1059 1157 1088 1182 ὲν
1102 1158 1158 1188 τοῖς
1172 1157 1277 1192 χρόνοις
1290 1157 1419 1191 Θεοφίλου
1430 1157 1478 1184 τοῦ
1495 1157 1698 1192 Ἀλεξανδρείας
1713 1158 1761 1184 καὶ
1780 1158 1848 1185 Ἰνο-

1058 1201 1164 1227 κεντίου
1183 1201 1291 1236 Ῥώμης
1315 1202 1368 1228 ὑπό
1389 1210 1420 1229 τε
1438 1202 1580 1237 Ῥωμαίων
1604 1205 1652 1229 καὶ
1669 1203 1781 1238 Ἄφρων
1795 1203 1848 1230 καὶ

1058 1246 1112 1273 τῶν
1125 1246 1226 1273 λοιπῶν
1240 1247 1355 1273 δυτικῶν
1369 1247 1537 1274 ἐπισκόπων.
1559 1247 1588 1275 '0
1603 1248 1696 1283 μέντοι
1711 1247 1848 1281 Πελάγιος

1059 1293 1088 1319 ὲν
1098 1292 1265 1329 Παλαιστίνῃ
1280 1293 1390 1319 συνόδου
1404 1293 1540 1328 συστάσης
1551 1294 1814 1329 (τεσσαρεσκαίδεκα
1823 1295 1849 1310 ⁸ο

1058 1338 1087 1365 δὲ
1104 1337 1153 1373 τὴν
1166 1337 1274 1364 σύνοδον
1291 1337 1427 1373 ἐπλήρουν
1439 1338 1588 1374 ἀρχιερεῖς)
1604 1339 1731 1374 ὴθωώθη,
1746 1338 1782 1366 τὰ
1794 1340 1848 1373 μὲν

1058 1384 1113 1410 τῶν
1131 1383 1286 1418 κεφαλαίων
1308 1383 1447 1416 παντελῶς
1470 1384 1691 1419 ὲξαρνησάμενος
1711 1384 1749 1417 ὡς
1764 1386 1849 1420 μωρὰ

1059 1433 1107 1460 καὶ
1122 1432 1333 1468 ἀναθεματίσας,
1349 1433 1383 1459 τὰ
1397 1432 1426 1458 δὲ
1445 1431 1585 1467 εἰρηκέναι
1603 1433 1653 1467 μὲν
1668 1433 1766 1467 φήσας,
1783 1433 1849 1468 οὐχὶ

1058 1478 1088 1504 δὲ
1100 1478 1138 1509 ὡς
1154 1479 1178 1504 oi
1190 1479 1337 1512 κατήγοροι
1354 1477 1522 1513 ὲξειλήφαοι,
1538 1476 1689 1512 συμφώνως
1698 1478 1726 1503 δὲ
1743 1477 1848 1512 μᾶλλον

223 1518 311 1540 tamen
322 1521 413 1547 sensu,
426 1524 479 1550 quo
498 1523 670 1546 accusatores
683 1519 726 1546 illa
741 1521 1004 1554 interpretarentur:

1058 1526 1089 1560 τῇ
1105 1523 1234 1559 καθολικῇ
1248 1523 1406 1558 Ἐκκλησία.
1419 1524 1451 1550 Oi
1462 1523 1552 1559 μέντοι
1565 1523 1782 1559 κατηγοροῦντες
1795 1524 1848 1551 αὖ·

222 1562 250 1585 at
263 1565 342 1593 prout
361 1569 422 1588 cum
435 1562 563 1591 Ecclesia:
574 1565 715 1593 catholica:
731 1567 853 1593 doctrina
868 1570 1007 1602 conspira-

222 1608 292 1630 rent.
313 1604 492 1633 Accusmores
513 1607 735 1643 erantNeporus,
753 1615 781 1637 et
795 1609 926 1644 Lazarus,
941 1612 1006 1640 Gal-

222 1647 265 1675 lici
292 1650 423 1685 episcopi,
449 1652 518 1687 15a
542 1654 587 1688 qui
617 1656 760 1689 quaestioni
782 1656 817 1683 de
845 1657 889 1684 illo
910 1658 1007 1686 habitae

221 1702 275 1721 non
303 1696 460 1730 interfuere,
483 1700 518 1725 ob
543 1700 654 1727 alterius
673 1709 767 1728 eorum
792 1702 1004 1730 invaletudinem

221 1742 327 1769 veniam
353 1745 465 1777 precati,
492 1752 525 1772 ne
548 1753 578 1773 se
604 1747 743 1774 sistet-cut.
767 1748 812 1775 Sic
841 1750 1006 1784 Augustinus

222 1787 280 1821 (94)
299 1789 325 1815 in
341 1789 374 1816 iis
389 1797 449 1824 qua
461 1792 494 1818 ad
511 1791 648 1820 Aurelium
662 1793 835 1829 Carthaginis
849 1796 1005 1831 episcopum

221 1833 339 1868 scripsit,
360 1835 443 1861 refert
452 1856 460 1863 .

256 1877 320 1905 Pest
341 1880 428 1906 sancti
447 1881 587 1914 Augustini
606 1887 721 1910 mortem
734 1889 875 1918 coeperunt
895 1885 1005 1920 quidam

220 1922 247 1949 in
263 1922 336 1951 clero
352 1924 462 1958 impium
481 1926 546 1953 illud
564 1927 659 1963 dogma
675 1936 818 1963 asserere;
837 1932 906 1958 male
923 1933 1004 1959 etiam

220 1969 294 2004 loqui
310 1972 343 1998 de
352 1971 518 2007 lAcgustino,
533 1978 613 2009 atque
635 1975 704 2002 adeo
718 1977 846 2004 convitiis
858 1977 1003 2011 incessere,

220 2021 355 2051 tanquam.
370 2018 476 2046 arbitrii
498 2020 650 2048 libertatem
685 2022 831 2050 tollendam
857 2024 1004 2052 docuisset.

219 2062 319 2090 Verum
347 2063 499 2092 Celestinus
528 2067 647 2101 pontifex
677 2068 825 2102 Romanus,
845 2070 879 2097 de
910 2075 1006 2098 sancto

218 2107 288 2140 viro,
305 2113 334 2135 et
349 2114 445 2137 cantra
456 2118 504 2138 eos
515 2112 558 2146 qui
577 2112 646 2140 hanc
659 2113 783 2141 hasresim
800 2115 1003 2148 resuscitarent,

217 2152 277 2186 ejus
302 2161 357 2182 orte
378 2157 511 2192 episcopis
534 2159 657 2186 scribens
681 2160 748 2195 (95),
769 2167 895 2189 errorem
918 2170 1005 2198 nuper

1059 1569 1107 1596 τοῦ
1122 1569 1245 1604 Νὲπορος
1263 1566 1298 1603 ἦν
1316 1569 1363 1595 καὶ
1379 1568 1504 1604 Λάζαρος
1520 1569 1545 1595 οἱ
1569 1568 1664 1596 Γάλλοι
1687 1569 1846 1601 ἐπίσκοποι,

1059 1615 1084 1642 ο¹ί
1099 1615 1159 1641 οὐδὲ
1177 1614 1357 1650 παρεγένοντο
1371 1614 1400 1640 ὲν
1422 1616 1455 1650 τῇ
1478 1614 1599 1646 ἐξετάσει
1618 1614 1711 1648 αὑτοῦ,
1733 1615 1778 1642 διὰ
1794 1615 1847 1651 τὴν

1060 1660 1181 1687 κάκωσιν
1200 1660 1316 1695 θατέρου
1329 1659 1419 1686 αὐτῶν
1439 1660 1489 1696 τὴν
1503 1660 1655 1696 παρουσίαν
1670 1662 1847 1697 παραιτησά-

1061 1714 1147 1741 μενοι.
1176 1705 1268 1738 οὕτως
1284 1706 1464 1740 Δύγουστίνος
1490 1707 1519 1732 ὲν
1539 1708 1596 1739 τοῖς
1622 1697 1691 1743 πρὸς
1708 1708 1847 1743 Δύρήλιον

1060 1751 1105 1778 τὸν
1119 1751 1298 1788 Καρταγένης
1311 1752 1405 1779 πάπαν
1421 1751 1556 1784 διέξεισιν.

1095 1886 1138 1922 121
1153 1885 1188 1922 Η]
1198 1885 1273 1913 Μετὰ
1283 1885 1374 1922 μέντοι
1388 1894 1419 1920 γε
1430 1886 1543 1914 θάνατον
1551 1886 1599 1914 τοῦ
1608 1886 1637 1913 ὲν
1643 1887 1730 1921 ἁγίοις
1740 1887 1846 1921 A6100.-

1059 1933 1149 1959 στίνου
1157 1932 1274 1968 ἤρξαντό
1283 1941 1356 1964 τινες
1366 1933 1420 1959 τῶν
1427 1933 1456 1958 ἐν
1462 1932 1500 1967 τῷ
1513 1932 1605 1968 κλήρῳ
1613 1932 1644 1959 τὸ
1657 1933 1705 1967 μὲν
1713 1932 1846 1965 δυσσεϐὲς

1059 1978 1203 2014 κρατύνειν
1209 1979 1298 2014 δόγμα
1303 1999 1310 2010 ,
1317 1979 1410 2011 κακῶς
1415 1979 1444 2006 δὲ
1449 1979 1512 2013 λέγε
1517 1988 1540 2006 ιν
1547 1979 1726 2013 Δύγουστῖνον
1733 1979 1780 2006 καὶ
1788 1979 1846 2006 δια-

1059 2025 1152 2060 σύρειν
1165 2024 1202 2056 ὡς
1214 2025 1353 2060 ἀναίρεσιν
1364 2025 1412 2051 τοῦ
1425 2025 1598 2058 αὑτεξουσίου
1611 2026 1843 2060 εἰσηγησάμενον·

1058 2071 1125 2098 ἀλλὰ
1148 2071 1196 2098 καὶ
1213 2072 1374 2103 Κελεστῖνος
1396 2072 1411 2097 ὀ
1434 2071 1542 2107 Ῥώμης
1558 2071 1628 2106 ὑπέρ
1643 2079 1673 2098 τε
1695 2072 1744 2098 τοῦ
1769 2071 1844 2098 θείου

1058 2116 1154 2153 ἀνδρὸς
1166 2117 1214 2143 καὶ
1227 2117 1297 2144 κατὰ
1319 2117 1374 2143 τῶν
1388 2116 1584 2143 ἀνακινούντων
1597 2117 1647 2152 τὴν
1664 2117 1771 2152 αἵρεσιν
1785 2118 1845 2149 τοῖς

1058 2162 1199 2199 ἐγχωρίοις
1205 2163 1318 2198 γράφων
1327 2163 1496 2195 ἐπισκόποις,
1503 2163 1553 2199 τὴν
1564 2164 1728 2199 κινουμένην
1737 2163 1844 2198 πλάνην

219 2205 374 2227 revocatum
397 2202 528 2230 cohibuit.
554 2204 620 2231 Cum
639 2207 768 2240 temporis
782 2207 843 2234 dein
858 2215 1002 2243 progressu

1058 2208 1179 2244 ἔστησεν.
1199 2208 1304 2244 Χρόνου
1317 2208 1345 2234 δὲ
1357 2209 1499 2242 παριόντος
1515 2209 1561 2235 καὶ
1572 2208 1626 2235 τῶν
1637 2209 1691 2235 ἀπὸ
1701 2209 1751 2244 τῆς
1767 2209 1845 2244 αἱρέ-

217 2250 299 2272 sectae
319 2246 398 2280 hujus
415 2247 538 2276 homines
554 2257 601 2284 per
617 2251 728 2279 haeresis
740 2259 795 2279 sure
805 2252 1003 2287 ahjurationem

216 2290 344 2320 Ecclesiae
356 2294 472 2322 restituti
481 2300 583 2330 essent,
596 2297 692 2324 iterum
706 2298 806 2324 malum
817 2299 851 2326 ab
864 2299 916 2327 illis
927 2300 1002 2335 prin-

216 2338 316 2372 cipium
342 2341 473 2374 sutupsit,
499 2346 529 2368 ut
557 2342 678 2377 Septimo
699 2344 826 2379 episcopo
856 2353 1002 2373 renascens

215 2385 309 2411 eadem
328 2384 396 2418 lues,
423 2391 565 2421 antequam
583 2388 688 2424 longius
713 2394 842 2424 serperet,
862 2390 943 2419 fuerit
957 2400 999 2419 rc-

214 2431 363 2465 pritnenda,
379 2431 450 2459 datis
467 2433 499 2460 ad
515 2434 629 2461 Leonem
646 2435 712 2470 (96);
728 2435 821 2463 Roma:
836 2442 890 2463 tum
906 2438 998 2465 sedem

214 2476 388 2510 apostolicam
399 2481 548 2512 tenentem,
561 2479 725 2516 litteris,qui
740 2480 795 2509 Leo
810 2482 923 2509 ferventi
939 2483 998 2511 zelo

1058 2262 1127 2285 σεως
1151 2254 1195 2280 διὰ
1209 2254 1240 2280 τὸ
1263 2254 1460 2288 ὰναθεματίσαι
1492 2254 1542 2288 τὴν
1563 2254 1665 2281 οἰκείαν
1680 2254 1786 2290 αἵρεσιν
1808 2256 1843 2290 τῇ

1062 2300 1211 2335 Ἐκκλησία⁷
1231 2299 1470 2335 παραδεχθέντων,
1492 2299 1572 2326 πάλιν
1590 2300 1619 2333 ἐξ
1641 2300 1731 2326 αὐτῶν
1753 2300 1844 2335 ἀρχὴν

1055 2345 1190 2380 ἐλάμϐανε
1212 2345 1242 2372 τὸ
1257 2345 1341 2372 κακόν
1355 2352 1361 2358 ·
1378 2345 1445 2372 ἀλλὰ
1464 2345 1598 2380 Σέπτιμος
1618 2345 1766 2377 ἐπίσκοπος
1788 2347 1841 2381 ἁρ-

1054 2391 1173 2427 χομὲνης
1186 2391 1236 2426 τῆς
1251 2390 1340 2425 λύμης
1359 2391 1457 2426 ἐπέσχε
1472 2392 1522 2426 τὴν
1535 2392 1637 2426 φορὰν,
1649 2391 1758 2426 γράψας
1769 2392 1839 2426 πρὸς

1052 2438 1155 2465 Λέοντα
1170 2437 1214 2464 τὸν
1246 2437 1356 2473 Ῥώμης
1382 2437 1531 2473 τηνικαῦτα
1560 2437 1779 2473 προεδρεύοντα,
1805 2437 1836 2469 ὃς

1052 2484 1178 2519 διαπύρῳ
1193 2482 1267 2519 ζήλῳ
1279 2483 1350 2510 κατὰ
1361 2483 1410 2518 τῆς
1424 2483 1582 2515 δυσσεῦείας
1595 2483 1756 2518 ἠγωνίσατο.
1768 2484 1836 2510 Μετ’

846 2541 963 2568 VARIXE
983 2542 1187 2570 LECTIONES.

247 2590 269 2606 ⁷⁷
281 2590 364 2618 αὐτοῦ
374 2592 395 2619 Α
418 2602 424 2620 :
445 2594 526 2627 αὐτὸς
552 2603 583 2628 ς.
621 2596 644 2612 ⁷⁸
658 2597 715 2623 ἀλλ’
728 2596 753 2623 όΊ
768 2597 826 2624 ἀλλ’
841 2598 882 2624 ὃτι
902 2597 935 2626 Α.

214 2633 297 2661 cape;
322 2635 352 2658 ς.

991 2599 1015 2616 ⁷⁸
1034 2599 1190 2635 χαρταγένη
1210 2603 1244 2631 Α,
1259 2606 1304 2633 qut
1322 2603 1348 2626 et
1368 2600 1438 2628 infra
1453 2599 1634 2636 χαρταγένης.
1673 2599 1696 2616 ⁸⁸
1708 2599 1839 2627 δεκατέσ-

956 2693 1070 2721 NOTAE.

211 2743 304 2805 “(525)
320 2742 448 2780 Diospoli.
468 2744 499 2772 V.
521 2745 552 2772 D.
572 2746 671 2775 Baron.
690 2752 755 2774 tom.
781 2747 812 2780 V,
829 2749 862 2775 ad
877 2756 921 2775 an.
942 2749 993 2776 Ch.

249 2814 305 2852 (illi)
317 2813 404 2852 forte
430 2815 476 2852 lib.
499 2815 536 2842 De
557 2817 636 2851 gestis
653 2816 766 2851 Pelagii,
783 2818 858 2852 cujus
874 2819 929 2852 ipse
942 2826 997 2845 Iuc-

213 2849 291 2877 Iuinit
315 2850 362 2877 lilt.
385 2857 407 2894 It
433 2849 634 2886 lien-actfcap.
654 2854 680 2880 4.
709 2849 854 2882 Verrunt-is
884 2849 997 2888 putatur

1050 2748 1236 2777 intercidisse.

1086 2785 1141 2819 (95)
1165 2786 1228 2817 Quae
1254 2784 1337 2819 Epist.
1362 2789 1450 2812 exstat
1479 2790 1544 2813 tom.
1569 2784 1614 2813 νη
1639 2784 1669 2812 Β.
1692 2784 1835 2819 Augustin.

1086 2822 1142 2855 (Uti)
1159 2819 1222 2854 Ejus
1239 2820 1356 2848 nominis
1372 2821 1499 2855 primum.
