1918 3086
59 179 90 210 9Ί
584 177 847 211 BIBLIOTHECA.
863 188 897 194 -—
911 173 1018 205 CODD.
1032 171 1168 202 LV-LVI.
1655 162 1691 194 98

57 237 86 262 (εὖ
99 234 166 261 πολῦ
181 234 211 261 δὲ
228 235 311 262 πάλιν
327 234 421 271 ὥσπερ
441 235 575 270 ἀναφύειν
586 235 637 270 τῆς
652 236 756 271 πικρᾶς
773 235 853 270 ῥίζης

912 235 998 259 :outra
1025 229 1125 263 impios
1150 226 1325 262 depugnavit.
1344 225 1411 252 Post
1436 231 1489 251 non
1514 223 1558 251 diu
1583 229 1692 250 rursum

58 280 288 316 ἁκηισχύντουσης
299 301 308 312 ,
322 281 352 307 ὲν
367 282 400 316 τῇ
417 281 513 317 Ῥώμῃ
526 282 599 313 τινὲς
621 281 693 317 ὑπὲρ
706 281 756 316 τῆς
772 280 850 316 αἱρέ-

61 335 127 358 σεως
145 326 402 363 ὲτταρρησιάζοντοε
417 326 485 353 ἀλλὰ
496 326 655 363 Πρόσπερός
670 335 713 358 τις
723 347 731 358 .
747 327 852 362 ἄνθρω-

60 382 108 406 πος
119 374 156 405 ὡς
172 374 285 409 ἀληθῶς
294 373 342 400 τοῦ
360 373 429 401 Θεοῦ
440 394 447 408 ,
460 373 600 405 λιὸἐλλους
614 374 675 401 κατ’
689 373 780 401 αὐτῶν
790 373 850 400 επι-

59 420 181 453 δεδωκὼς
205 421 324 455 ἀφανεῖς
342 421 446 454 αὐτοὺς
468 421 674 456 ἀπειργάσατο,
687 420 727 447 ἔτι
738 421 852 453 Λέοντος

60 466 105 492 τοῦ
115 467 322 502 προειρημένου
337 469 384 493 τδν
405 468 561 503 Ῥωμαϊκὸν
586 467 681 502 θρόνον
705 467 851 498 ίθύνοντος.

66 512 283 548 ’Δνεθεματίσθη
295 513 325 540 δὲ
340 513 411 549 αὕτη
424 514 442 549 ἡ
456 513 563 549 αἵρεσις
575 513 623 540 καὶ
635 514 664 540 ὲν
673 514 705 549 τῇ
722 513 853 547 Ἐφεσίων

61 558 124 594 ἁγίᾳ
134 558 247 594 συνόδῳ.
265 558 513 594 ’Δναθεματίζειδὲ
524 561 571 586 καὶ¹
590 560 716 595 Ἰωάννης
730 560 745 586 ὁ
762 558 854 592 Ἀλεξ-

62 605 186 640 ανδρείας
207 606 238 633 ὲν
254 607 288 641 τῇ
307 606 377 641 πρὸς
388 606 517 634 Γελάσιον
531 607 577 634 τὸν
597 606 708 642 Ῥώμης
721 606 855 641 ἀπολογίᾳ

62 651 91 676 οὗ
106 650 187 685 μόνον
196 651 248 686 τὴν
260 650 434 687 Πελαγιανὴν
449 651 567 687 αἰρεσιν,
578 651 648 679 ἀλλὰ
661 652 709 679 καὶ
721 651 855 686 Πελάγων

63 697 106 722 καὶ
119 696 286 729 Κελέστιον,
315 697 364 724 καὶ
388 697 429 724 ἐτι
461 697 624 732 Ἰουλιανὸν,
649 698 680 730 ὃς
694 698 741 725 καὶ
765 697 856 726 αὐτῶν

64 742 185 778 ἐγνώσθη
199 743 332 779 διάδοχος.

427 873 483 899 NE’

903 277 986 304 veluti
1000 276 1144 308 exsistere,
1167 279 1251 309 atque
1271 273 1364 302 enasci
1381 281 1396 301 e
1414 273 1483 299 mala
1497 271 1588 298 radice
1602 271 1693 304 impu-

902 323 997 351 denter
1012 329 1074 350 cum
1089 321 1226 356 coepisset,
1240 319 1333 348 Romae
1347 319 1430 347 etiam
1442 318 1550 353 quidem
1573 323 1624 351 pro
1638 316 1695 343 Ine-

904 369 958 397 resi
983 368 1067 396 libere
1090 368 1174 395 loculi
1190 371 1254 395 sunt
1271 376 1279 400 ;
1297 373 1365 402 quos
1382 365 1509 400 Prosper,
1531 365 1612 392 homo
1629 371 1695 390 sane

902 415 1010 442 divinus
1031 415 1099 450 (97),
1114 414 1214 442 libellis
1229 414 1362 442 adversus
1382 420 1429 440 eos
1448 413 1473 439 in
1491 411 1586 447 vulgus
1603 409 1694 442 editis,

903 461 985 492 facile
1008 460 1165 495 dissipavit,
1190 460 1386 494 exstinxitque,
1409 458 1502 486 Leone
1525 458 1693 486 etiamnum,

904 514 983 542 quem
1005 506 1134 539 diximus,
1155 505 1307 532 Romanam
1324 505 1417 532 sedem
1432 504 1613 540 gubernante.
1629 502 1695 529 Haec

905 553 999 581 cadent
1034 551 1147 579 haeresis
1170 551 1342 578 anathemate
1367 550 1431 577 item
1458 550 1586 576 damnata
1610 548 1697 575 estin

904 607 982 627 sacra
998 599 1133 634 Ephesius
1151 599 1266 633 synodo.
1293 597 1436 624 Damnavit
1455 601 1482 624 et
1497 595 1615 623 Joannes
1631 594 1696 622 Ale-

905 645 1056 672 xandrinus
1069 644 1225 679 episcopus,
1235 644 1261 671 in
1274 643 1404 678 Apologia
1421 643 1454 669 ad
1464 641 1604 670 Gelasium
1623 640 1698 669 urbis

905 690 1072 725 episcopum,
1087 697 1141 717 non
1160 690 1248 718 solum
1260 689 1432 724 Pelagianam
1449 687 1588 720 haeresim,
1603 693 1698 713 verum

905 736 986 762 etiam
1012 735 1150 770 Pelagium
1173 736 1273 770 ipsum,
1290 739 1372 770 atque
1388 734 1546 766 Celestium,
1568 739 1622 760 una
1637 738 1699 758 cum

905 781 1024 815 Iuliano,
1039 781 1084 817 qui
1101 781 1127 809 in
1141 781 1192 809 hac
1202 781 1271 816 ipsis
1279 786 1354 810 secta
1370 781 1536 809 successisse
1546 778 1700 813 deprehen-

907 835 954 855 sus
971 831 1023 855 est.

1272 873 1332 901 LV.

68 917 204 945 Ἰωάννου
221 917 276 945 τοῦ
293 919 463 946 diuorter
486 919 562 946 κατὰ
577 918 632 953 τῆς
648 919 735 954 ἁγίας
745 919 796 947 και
815 919 857 946 οι-

912 918 1024 948 Ιοπηηεε
1059 919 1224 954 ΡΙιείοροηιικ
1251 925 1274 945 at
1302 919 1421 945 Joannes
1449 918 1575 954 Egeo!“
1606 925 1700 947 contra

204 953 388 988 κουμενικῆς
405 953 550 988 τετάρτης
569 955 713 982 συνόδου.

98 999 271 1035 ’Δνεγνὼσθη
278 1000 404 1027 Ἰωάννου
411 1000 595 1035 τοῦςφιλοπόν
600 1009 648 1034 ου,
657 1001 758 1035 μᾶλλον
763 1001 792 1028 δὲ
799 1003 857 1028 Ma-

66 1047 236 1077 ταιοπόνου.
245 1047 321 1073 κατὰ
328 1046 384 1082 τῆς
391 1046 477 1082 ἁγίας
485 1047 750 1082 καὶοίκουμενικῆς
759 1047 858 1082 τετάρ-

66 1099 115 1124 της
123 1090 271 1121 συνόδου.
281 1091 325 1118 Ἑν
331 1088 371 1123 οἷς
379 1093 436 1118 ἐστι
442 1091 491 1128 τὴν
500 1093 551 1128 μὲν
558 1093 658 1127 φράσιν
663 1093 756 1127 ὅμοιος
761 1091 856 1129 [ιειι.]

67 1136 172 1171 ἐαυτῷ,
192 1136 273 1163 ὠθεῖν
284 1137 314 1164 δὲ
329 1138 458 1173 πειρᾶται
472 1139 659 1173 ἀναισχύντως
682 1138 733 1174 τὴν
748 1138 858 1165 σύνοδον

67 1182 104 1213 εἰς
117 1183 148 1209 τὸ
161 1183 311 1218 Νεστορίου
333 1184 461 1221 φρόνημα
473 1204 482 1216 ,
498 1186 546 1211 καὶ
561 1184 635 1219 λέγει
656 1184 857 1218 καταδέξασθαι

67 1227 114 1263 τὴν
128 1228 237 1256 σύνοδον
252 1230 299 1257 τὸν
314 1230 537 1265 ὰναθεματισμδν
548 1231 696 1266 Νεστορίου
712 1230 760 1257 ᾶτε
773 1230 857 1266 μηδὲν

74 1274 231 1310 ἡγουμένην
242 1277 283 1307 εἰς
296 1276 440 1311 ἄνθρωπον
454 1275 618 1312 ἐξαμαρτεῖν
633 1276 799 1312 ἐπινυρώσει
813 1277 859 1304 δό-

67 1329 186 1355 γματος,
204 1321 219 1348 δ
242 1321 292 1348 καὶ
308 1322 390 1354 αὐτὸς
414 1323 430 1349 ὸ
456 1322 620 1358 βαλλόμενος
643 1322 681 1358 τῷ
706 1323 858 1359 ἀναθέματι

68 1367 176 1394 πάντων
190 1367 346 1403 ὑπερετίμα
353 1367 375 1383 ³¹
392 1368 441 1394 καὶ
455 1368 569 1403 ἔστεργε
583 1388 592 1400 ,
604 1369 721 1403 πρᾶγμα
732 1369 858 1399 πλάττων

70 1412 115 1438 καὶ
141 1412 372 1447 τεμτευὸμενος,
390 1411 405 1439 ὃ
418 1412 469 1447 τῆς
483 1413 589 1440 ἐκείνου
614 1413 714 1447 φρενὸς
739 1414 786 1441 καὶ
808 1413 859 1448 τῆς

69 1459 235 1494 ἀστηρίκτου
252 1459 368 1494 γνώμης
380 1458 550 1494 καθέστηκεν
563 1458 648 1491 ἄξιον.
674 1459 792 1487 Τοιαῦτα
810 1459 859 1494 μὲν

70 1506 139 1532 κατὰ
165 1504 268 1540 ταύτης
286 1505 462 1540 ματαιολογεῖ
473 1505 521 1532 καὶ
542 1504 721 1540 θρασύνεται,
748 1506 777 1532 ὲν
787 1505 860 1540 τμή-

72 1559 137 1584 μασι
154 1551 184 1578 δὲ
198 1552 331 1586 τέσσαρσι
350 1553 467 1581 ποιεῖται
487 1555 537 1586 τὴν
552 1552 617 1586 ὃλην
632 1552 694 1580 κατ’
705 1552 790 1586 αὐτῆς
805 1561 861 1580 κω-

72 1582 190 1632 μῳδίαν,
211 1582 291 1625 οὐδὲν
318 1597 433 1627 πιθανὸν
449 1598 465 1632 ἢ
479 1582 600 1630 διανοίαέ
615 1598 702 1632 λέγων
718 1582 859 1633 ὲχόξίενον.
875 1582 897 1615 C

104 1687 322 1722 ’Δνεγνὼσθηδὲ
336 1688 366 1714 ὲν
379 1687 418 1722 τῷ
431 1686 506 1722 αὐτῷ
518 1687 567 1714 καὶ
577 1687 702 1714 Ἰωάννου
711 1687 803 1721 ἄλλου,
811 1688 861 1723 τὴν

73 1734 220 1769 θρησκείαν
235 1733 523 1769 Νεστοριανοῦ,Κατὰ
534 1732 589 1767 τῆς
606 1733 703 1768 αὐτῆς
719 1733 806 1768 ἁγίας
816 1742 862 1761 τε-

73 1781 180 1815 τάρτης
193 1780 342 1808 συνόδου.
358 1778 443 1811 Οὗτός
458 1781 516 1808 ἐστι
541 1781 556 1806 ὁ
568 1781 714 1816 Δίγεάτης,
731 1780 864 1816 δυσσεϐὴς

74 1828 136 1861 μὲν,
148 1827 313 1862 mtuam;
327 1826 356 1853 δὲ
371 1827 419 1853 καὶ
434 1826 473 1861 τῷ
486 1827 545 1861 ἡδεῖ
559 1827 629 1861 μετὰ
643 1827 694 1862 τῆς
711 1827 863 1862 σαφηνείας

73 1875 118 1901 καὶ
131 1874 327 1910 λαμπρότητος
342 1872 525 1908 κεχρημένος.

437 1962 512 1996 NCT.

141 2009 335 2043 Θεοδωρήτου
349 2009 449 2043 Κύρου
466 2009 545 2038 κατὰ
558 2009 618 2036 τῶν
637 2010 793 2044 αἰρέσεων.

105 2056 278 2091 ’Δναγνώσθη
286 2055 462 2092 Θεοδωρήτου
468 2056 561 2092 Κύρου
568 2057 644 2084 κατὰ
653 2056 713 2085 τῶν
720 2056 866 2090 αΙρέσεων

74 2104 125 2130 τῶν
138 2104 194 2130 ἀπὸ
210 2103 337 2139 Σίμωνος
352 2103 516 2139 ἀρξαμένων
530 2104 579 2131 καὶ
597 2104 694 2140 μέχρις
710 2101 748 2132 ὧν
761 2106 866 2137 ἐκεῖνος

75 2150 120 2186 τὴν
133 2150 229 2186 ἀκμὴν
238 2150 389 2186 κατείληφε
399 2150 452 2186 τὴν
467 2150 586 2186 βλάστην
598 2151 864 2186 προϐαλλομένων.

77 2197 232 2232 Προσφωνεῖ
250 2196 340 2225 ταῦτα
361 2196 507 2232 Σπορακίῳ
522 2197 562 2229 εἰς
578 2197 688 2233 αἴτησιν
700 2197 752 2233 τῆς
769 2197 865 2227 τοιαύ-

76 2251 122 2278 της
133 2243 280 2279 φιληκοΐας
293 2243 471 2273 καταστάντι.
488 2243 660 2278 Κατέρχεται
675 2243 702 2270 δὲ
720 2243 802 2279 μέχρι
813 2244 865 2270 Νε-
880 2254 903 2283 ι)

80 2289 181 2324 στορίου
201 2289 251 2316 καὶ
267 2289 318 2325 τῆς
343 2289 476 2324 αἱρέσεως
492 2289 575 2316 αὑτοῦ
587 2309 595 2321 ,
611 2289 729 2324 ἄκρατον
742 2288 751 2325 [
762 2289 798 2317 22
808 2289 865 2326 Η.]

79 2335 157 2362 αὑτοῦ
167 2335 313 2371 διαταχέων
321 2335 368 2361 τὸν
377 2334 500 2370 ἔλεγχον.
510 2335 621 2370 Πρόεισι
631 2334 713 2362 δὲκαὶΙ
726 2335 808 2372 μέχρι
817 2335 867 2371 τῆς

81 2381 244 2418 Εὖτυχιανῆς
255 2382 399 2417 αἱρέσεως.
421 2381 466 2408 Ἐν
477 2381 506 2407 δὲ
520 2381 560 2416 τῷ
572 2381 691 2418 πέμπτῳ
703 2381 775 2417 λόγῳ
788 2383 868 2416 (τοσ-

80 2428 148 2455 οῦτοι
163 2428 192 2457 δὲ
205 2428 283 2458 ὄντες
297 2427 327 2453 τὸ
343 2426 446 2461 βιϐλίον
459 2425 645 2462 τυγχάνουσι)
660 2426 715 2454 τῶν
729 2426 809 2454 θείων
820 2427 868 2454 καὶ

80 2474 164 2509 ὀρθῶν
176 2474 323 2509 δογμάτων
335 2473 386 2508 τὴν
401 2472 537 2508 ὶπιτομὴν
544 2473 568 2489 ⁸³
582 2474 611 2500 ἐν
626 2473 778 2509 παραθέσει
791 2482 868 2510 mu;-

82 2522 194 2556 σάμενος
204 2521 274 2555 πρὸς
288 2519 338 2551 τὰς
353 2519 496 2554 αἱρετικάς
512 2518 670 2554 ἀδολεσχίας
681 2539 689 2553 ,
698 2519 728 2546 τὸ
741 2519 865 2555 ὰσύγχυ-

81 2568 151 2594 nn“
167 2567 253 2602 αὐτῆς
269 2566 319 2593 καὶ
334 2565 454 2601 καθαρὸν
464 2564 631 2591 ἐπιδεικνύει
646 2565 693 2592 καὶ
702 2565 865 2602 ἀμώμητον.

83 2615 158 2642 Ἐστι
169 2615 198 2643 δὲ
211 2614 261 2650 τὴν
287 2613 389 2649 φράσιν
401 2611 491 2647 σαφὴς
504 2611 552 2638 καὶ
566 2611 723 2647 ἀπέριττος.

1162 962 1286 988 quartam
1309 954 1466 987 synodum.‘

943 1000 1040 1027 Lectus
1055 1004 1096 1028 est
1112 1000 1181 1027 liber
1193 998 1307 1027 Joannis
1315 999 1463 1026 Φιλοπόνου
1474 999 1542 1034 (98),
1553 1004 1598 1026 aut
1611 1000 1702 1033 potius

908 1045 1099 1075 Ματαιοπόνου
1125 1045 1162 1081 [id
1187 1049 1240 1077 est,
1267 1045 1368 1072 labaris
1386 1046 1511 1077 amantis,
1538 1053 1584 1072 seu
1613 1047 1703 1080 potius

908 1090 1054 1128 amamis,]
1070 1091 1202 1118 Adventu
1217 1098 1322 1118 sacram
1336 1096 1360 1117 el
1376 1092 1564 1118 tecuntenimm
1578 1096 1701 1125 quartam

908 1136 1047 1173 synodum.
1070 1135 1120 1163 Hic
1136 1135 1205 1172 Stylo
1222 1136 1263 1163 sui
1284 1135 1383 1163 similis
1405 1141 1448 1163 est
1466 1135 1531 1171 (99).
1549 1134 1703 1170 lmpiugere

909 1190 973 1209 vero
989 1182 1160 1218 impudenter
1174 1188 1290 1210 conatur
1301 1182 1325 1209 ei
1337 1182 1441 1217 synodo
1453 1181 1569 1209 Nestorii
1586 1187 1702 1213 sectam,

909 1233 991 1263 atque
1003 1229 1037 1255 ah
1050 1228 1093 1255 illa
1110 1228 1189 1263 hujus
1201 1228 1457 1256 analbematismum
1475 1232 1612 1262 receptum
1628 1235 1702 1259 esse,

909 1275 980 1311 quod
995 1274 1061 1302 nihil
1082 1282 1113 1302 se
1131 1280 1239 1310 putaret
1253 1275 1279 1301 iu
1302 1274 1441 1302 hominem
1462 1281 1576 1309 peccare
1592 1275 1703 1309 quando

909 1319 1007 1355 dogma
1034 1318 1293 1356 [ejus]'sanciatur.
1318 1320 1395 1353 Quod
1420 1320 1519 1347 factum
1545 1320 1627 1347 etiam
1645 1319 1704 1354 ipse

910 1365 1078 1393 anathemati
1111 1366 1251 1400 subjectus
1286 1364 1432 1393 Nestorius
1464 1366 1591 1393 omnibus
1622 1366 1704 1393 rebus

910 1415 1067 1445 anteponat,
1092 1410 1266 1446 adametque,
1295 1411 1345 1438 huc
1371 1411 1486 1446 agendo,
1510 1416 1593 1446 atque
1614 1411 1705 1445 prodi-

911 1457 986 1492 giose
1004 1457 1139 1491 tingendo,
1155 1450 1226 1492 quod
1252 1458 1311 1491 ejus
1327 1458 1465 1492 ingenium
1488 1457 1642 1492 ruentisque
1663 1458 1704 1484 iu-

911 1503 1087 1531 stabilitatem
1107 1504 1211 1530 deceat.
1237 1503 1278 1531 Ac
1298 1503 1366 1530 tales
1385 1503 1494 1538 quidem
1517 1503 1563 1531 hic
1587 1503 1706 1538 scriptor

913 1556 1000 1584 nugas
1026 1549 1156 1577 audacter
1171 1549 1313 1584 jactitans,
1329 1555 1447 1585 quatuor
1470 1551 1592 1584 partibus
1618 1555 1704 1578 totam

913 1594 1074 1622 comoediam
1099 1595 1230 1623 adversus
1260 1597 1393 1632 synodum
1419 1595 1556 1628 absolvit,
1582 1604 1611 1623 re
1632 1596 1705 1623 nulla

913 1641 967 1668 ﬁde
983 1641 1073 1676 digna,
1094 1650 1182 1678 neque
1199 1643 1266 1671 adeo
1281 1650 1354 1670 sana:
1371 1643 1470 1670 mentis
1488 1643 1580 1670 allata.

951 1687 1017 1722 15b
1035 1687 1134 1716 Lectus
1158 1694 1201 1716 est
1225 1688 1252 1715 in
1271 1688 1366 1716 eodem
1391 1689 1528 1716 volumine
1552 1693 1579 1716 ct
1594 1688 1709 1716 Joannis

914 1732 1025 1761 alterius
1033 1733 1066 1762 de
1076 1739 1151 1762 secta
1167 1733 1283 1762 Nestorii
1296 1734 1346 1767 (1),
1359 1734 1459 1761 Contra
1471 1735 1590 1762 eamdem
1601 1743 1706 1762 sacram

913 1786 1036 1816 quartam
1053 1781 1184 1816 synodum
1198 1781 1275 1809 liber.
1289 1781 1371 1816 Cujus
1397 1786 1493 1809 auctor
1514 1781 1645 1817 Egeatus
1662 1782 1709 1811 ille

914 1831 977 1859 est,
1004 1826 1102 1862 itnpius
1132 1827 1243 1862 quidem
1279 1827 1382 1861 homo,
1409 1832 1537 1854 caeterum
1561 1827 1705 1854 verborum

914 1872 1058 1906 splendore
1077 1880 1109 1900 ac.
1123 1873 1268 1906 suavitate,
1293 1881 1354 1901 cum
1375 1875 1568 1910 perspicuitate
1583 1878 1611 1901 et
1625 1873 1709 1901 clari-

915 1922 972 1947 tate
988 1927 1065 1948 usus.

1272 1964 1327 1992 LVI
1345 1986 1352 1993 .

1058 2011 1213 2038 Theodoreti
1231 2018 1321 2039 contra
1337 2012 1447 2040 luere“:
1461 2013 1522 2041 libri
1538 2021 1563 2041 ν.

951 2057 1050 2086 Lectus
1066 2057 1231 2086 Theodoreti
1257 2059 1371 2093 episcopi
1388 2059 1452 2097 Cyri
1466 2060 1531 2087 liber
1546 2065 1638 2088 contra
1654 2060 1709 2088 luv-

916 2111 995 2136 reses,
1010 2108 1144 2140 quotquot
1157 2112 1171 2132 a
1187 2104 1301 2133 Simone
1319 2105 1397 2141 Mago
1407 2106 1439 2133 ad
1452 2107 1535 2141 ipsius
1555 2114 1640 2142 usque
1649 2107 1707 2143 jam

916 2151 1104 2179 conﬁrmatam
1126 2156 1235 2179 aetatem
1261 2153 1473 2185 egerminarant.
1504 2153 1614 2181 Dedicat
1635 2154 1707 2182 hunc

917 2196 1048 2232 Sporacio
1061 2197 1207 2232 postulanti
1223 2198 1284 2225 talia
1304 2198 1456 2226 audirezet
1468 2200 1555 2234 pergit
1576 2207 1658 2234 porro
1673 2201 1707 2228 ad

916 2241 1082 2274 Nestorium.
1107 2243 1219 2279 ejusque
1239 2243 1381 2277 haeresim,
1398 2245 1475 2280 cujus
1499 2253 1602 2274 meram
1619 2247 1708 2274 fundit

915 2289 1155 2325 reprehensionem
1180 2299 1188 2323 ;
1213 2291 1246 2318 ad
1272 2291 1358 2326 ipsam
1383 2299 1489 2327 quoque
1508 2293 1707 2329 Eutychiauam

916 2336 1041 2364 haeresim
1053 2336 1239 2371 progrediens.
1255 2336 1282 2364 In
1294 2337 1388 2370 quinto
1405 2345 1468 2365 vero
1483 2338 1553 2366 libro
1567 2338 1619 2374 (tot
1634 2340 1707 2367 enim

917 2383 1000 2412 hocce
1029 2383 1180 2410 conficiunt
1207 2383 1302 2418 opus)
1332 2383 1484 2411 divinorum
1515 2390 1708 2420 rectorumque

916 2430 1071 2465 dogmatum
1100 2429 1220 2463 epitome
1236 2436 1286 2465 per
1301 2430 1531 2465 comparationem
1548 2438 1609 2458 cum
1623 2432 1709 2460 luere-

915 2476 1034 2503 'ticornm
1045 2475 1142 2502 fabulis
1154 2475 1236 2508 facta,
1256 2482 1335 2510 quam
1351 2483 1404 2503 nou
1419 2475 1561 2504 confusum
1573 2485 1628 2512 prae
1645 2478 1707 2510 illis,

919 2521 968 2549 sed
990 2521 1150 2553 sincerum,
1177 2526 1258 2555 atque
1282 2521 1520 2555 irreprehensibile
1543 2524 1708 2552 catholicum

920 2568 1016 2602 dogma
1040 2568 1090 2600 sit,
1105 2567 1290 2595 demonstrat.
1324 2567 1418 2603 Stylus
1438 2568 1501 2597 huic
1532 2571 1708 2605 perspicuus,

920 2613 1085 2648 minimeque
1099 2613 1264 2642 redundans.

717 2667 836 2696 VARUE
863 2667 1068 2698 LECTIONES.

115 2719 136 2734 εί
162 2718 313 2755 ςτ-..εριετέμα
326 2726 357 2750 ς.
370 2716 499 2755 πράττων
511 2725 544 2750 ς.
581 2716 606 2734 ⁸⁸
617 2715 709 2744 malim
725 2717 950 2753 προσαλομένων,
993 2717 1016 2733 ⁸³
1032 2718 1180 2755 ἐπιστολὴν
1200 2725 1273 2747 corr.
1286 2717 1307 2745 A
1323 2727 1329 2746 :
1342 2718 1365 2746 δ’
1380 2719 1515 2755 ἐπιτομὴν
1525 2728 1556 2752 ς.
1587 2719 1611 2735 ⁸⁵
1622 2718 1708 2753 ἀσύγο

840 2794 958 2824 NOTAE.

83 2754 178 2790 zusovi‘
185 2753 352 2789 ἀσύγκριτον
362 2753 396 2780 Δ.

88 2850 170 2911 Δ(ΞΠ)
194 2851 330 2884 Quatuor,
348 2855 418 2884 quos
445 2847 530 2876 habes
545 2850 669 2875 extremo
683 2850 748 2875 tom.
766 2845 811 2876 VII
836 2845 869 2874 Β.

109 2894 149 2911 IIII.

109 2894 149 2919 ug.

120 2916 171 2955 (98)
187 2921 305 2950 Consule
325 2920 357 2947 D.
371 2919 470 2946 Baron.
495 2923 562 2946 tom.
581 2916 603 2945 V
617 2917 713 2944 Annal.

957 2846 1015 2882 (99)
1024 2847 1141 2876 Consule
1156 2849 1187 2876 D.
1206 2848 1303 2877 Baron.
1324 2855 1389 2879 tom.
1405 2850 1438 2878 IV
1457 2850 1554 2877 Annal.

958 2884 996 2917 (I)
1010 2883 1130 2912 Meminit
1145 2892 1205 2919 sup.
1223 2887 1283 2913 cod.
1302 2886 1346 2914 41.
