1918 3086
216 174 252 207 99
346 220 350 224 _
761 183 893 214 PHOTII
912 184 1000 215 PATI

1054 181 1167 216 RCHIE
1184 185 1237 216 ΟΡ.

566 235 632 264 LVII
646 257 653 264 .

237 280 352 315 Appiani
368 281 542 309 Alexandrini
555 283 679 310 Historia;
692 283 819 311 Romana:
835 284 897 312 libri
913 292 987 312 μιν.

252 326 333 354 Lecta
356 334 398 355 est
427 329 541 362 Appiani
572 329 692 356 Romana
718 330 842 364 historia,
861 331 900 366 (2)
920 332 1007 359 tribus

217 371 325 404 quidem
344 372 537 403 voluminibus,
562 374 621 400 libri
637 382 701 402 vero
719 381 836 409 quatuor
852 381 879 403 et
899 376 1005 409 viginti.

217 416 334 448 Quorum
347 418 450 452 primus
468 419 501 446 de
515 423 618 453 septem
632 419 761 455 Regibus,
778 421 903 453 ltontnlo,
919 421 1005 449 Numa

215 462 347 497 Pompilio
363 464 412 498 (5),
429 464 504 491 Anco
519 464 643 496 Hostilio,
655 471 682 493 et
701 467 785 494 altero
800 468 875 494 Anco
893 466 1004 500 Marcio,

215 508 309 536 Nurum
326 516 432 544 nepote,
451 510 609 546 Tarquinio.
633 513 729 540 Servio
744 512 832 540 Tullio
846 513 895 548 (4),
908 518 935 540 et
951 512 1004 540 LII-

215 555 258 582 cio
272 554 419 589 Tarquinio
440 564 532 591 agens,
561 564 655 584 eorum
680 566 773 593 opera,
800 566 897 594 resque
914 564 1005 593 gestas

215 602 348 628 continet.
373 601 474 628 Horum
497 610 591 636 regum
609 605 723 638 primus,
737 610 834 632 auctor
849 605 912 632 licet
928 604 1004 632 urbis

215 647 319 679 Rome,
336 655 367 675 ac
378 648 502 675 conditor
519 648 610 682 fuerit,
627 654 654 677 et
672 655 784 684 paterno
797 651 886 685 potius
900 651 1004 684 animo,

216 699 296 726 quant
320 694 461 727 lyrannice
478 693 671 727 imperaverit;
691 701 777 721 caesus
789 700 877 722 tamen
892 700 944 727 est,
962 695 1004 722 vel

217 739 257 770 (ut
270 737 330 764 aliis
348 738 446 772 placet)
462 739 604 773 disparuit.
628 739 713 772 Alter,
732 741 818 767 nihilo
835 742 1005 774 prazcedcute

216 782 242 808 iu
263 783 421 815 imperando
437 783 558 816 inferior,
582 792 614 811 ac
637 784 707 812 forte
721 787 903 820 praestantior,
920 787 1003 815 vitam

215 833 309 855 exacta
322 834 402 855 :etatc
415 829 510 856 finivit.
527 829 635 857 Tertius
647 831 759 859 fulmine
770 832 838 859 ictus
852 838 903 860 est.
919 834 1006 867 Quar-

215 878 260 901 tus
276 875 370 900 morbo
381 875 435 901 vita
449 875 575 903 deaessit.
591 876 706 910 Quintus
723 885 737 904 a
754 878 909 913 pastoribus
923 879 1004 914 jugu-

215 919 284 947 latus
305 921 395 955 periit.
424 920 523 948 Sextus
540 922 666 950 similiter
691 931 787 956 caesus,
809 925 891 952 vitam
917 930 1004 954 morte

214 968 399 994 commutavit.
413 967 550 1002 Septimus
565 973 591 996 et
609 970 674 996 urbe
707 975 733 997 et
758 978 841 1006 regno
860 972 894 999 ob
911 976 1002 1007 tyran-

213 1013 304 1039 nidem
328 1019 441 1040 exactus
456 1018 508 1041 est.
526 1013 589 1041 lude
605 1015 693 1043 soluto
709 1024 802 1051 regno,
826 1018 860 1044 ad
877 1017 1004 1046 consules

214 1057 358 1092 imperium
387 1059 560 1086 translatum.
588 1060 649 1088 Haec
670 1062 778 1095 quidem
804 1063 907 1096 primus
935 1063 1004 1091 liber

213 1105 402 1138 cumplectitur
418 1113 424 1131 :
443 1105 514 1132 unde
527 1105 678 1140 inscriptio,
692 1106 872 1134 Romanorum
886 1108 1003 1143 Regalis.

212 1148 353 1175 Secundus
368 1148 436 1175 liber
448 1149 537 1181 habet,
556 1157 614 1182 qua:
630 1151 657 1176 in
673 1151 775 1185 reliqua
793 1151 879 1184 Italia,
891 1157 1003 1187 excepta

211 1203 255 1228 ea,
273 1204 333 1231 qua:
347 1197 380 1223 ad
405 1204 479 1223 mare
492 1196 595 1223 Ionium
610 1203 661 1230 est,
676 1204 749 1233 gesta
762 1204 825 1226 sunt
840 1208 847 1224 :
860 1200 918 1234 ejus
937 1201 1002 1227 titu-

212 1243 274 1268 lus:
301 1241 481 1269 Romanorum
505 1241 613 1270 Italica.
632 1244 756 1279 Sequens
783 1246 851 1272 liber
865 1245 1002 1274 Romanu-

212 1295 272 1315 rum
288 1288 356 1315 bella
375 1297 436 1316 eum
457 1290 626 1317 Samnitibus
643 1290 726 1317 refert
742 1293 812 1326 (qua:
830 1299 896 1326 gens
910 1293 1003 1326 copio~

211 1342 252 1366 sa,
268 1341 475 1369 expugnatuque
493 1335 620 1368 diliieilis,
642 1340 670 1362 ut
704 1337 746 1363 vix
769 1338 846 1364 anuis
864 1339 1001 1373 octoginta

212 1380 326 1407 Romani
340 1381 409 1408 bello
420 1382 546 1416 subigere
554 1382 700 1416 potuerint)
712 1390 825 1417 quaeque
836 1389 930 1418 gentes
940 1392 1000 1410 cum

211 1427 264 1454 illis
292 1426 391 1454 bellum
421 1428 573 1462 gesserint.
601 1428 759 1455 lnscribitur
784 1437 791 1455 :
821 1428 1001 1457 Romanorum

211 1471 368 1499 Samnitica.
393 1471 513 1504 Quartus
538 1480 612 1505 vero,
635 1473 705 1507 quod
731 1481 791 1500 cum
805 1473 888 1502 Gallis
903 1474 1002 1502 Ruina-

211 1526 307 1544 norum
336 1518 405 1545 bella
437 1519 556 1552 referat,
591 1519 748 1547 inscribitur
779 1529 787 1548 :
822 1520 1001 1548 Romanorum

213 1564 281 1600 16a
298 1563 408 1592 Celtica.
426 1564 470 1592 Sic
490 1571 517 1593 et
536 1566 632 1600 reliqui
663 1567 758 1595 ordine
776 1567 847 1595 libri.
872 1568 998 1601 Quintus,

210 1610 393 1637 Romanarum
408 1611 509 1644 Sicula,
526 1618 549 1638 ει
567 1611 717 1644 Insulam;
735 1613 804 1646 quod
821 1621 881 1640 ctttu
899 1613 999 1642 Siculis

208 1661 236 1683 et
259 1657 391 1684 lnsulanis
405 1663 478 1691 gesta
507 1663 712 1686 commemoret.
741 1658 849 1692 Sextus,
868 1658 999 1686 Romana-

210 1710 268 1729 rum
288 1702 402 1729 lberica.
429 1702 580 1737 Septimus,
608 1702 786 1729 Romanorum
802 1702 998 1736 Hamribalica;

209 1749 280 1783 quod
294 1757 355 1776 cum
379 1748 531 1776 Hannibale
547 1748 677 1776 Punicum
703 1749 802 1776 belltttn
821 1749 930 1776 referat.
947 1749 1000 1778 0c-

210 1799 299 1825 tavus,
324 1793 433 1828 Libyca,
452 1794 554 1821 Punica
571 1799 595 1821 et
613 1793 768 1821 Numidica.
785 1795 887 1828 Nonus,
902 1794 1001 1822 Roma-

209 1849 304 1867 norum
333 1841 514 1868 Macedonica.
536 1841 670 1874 Decimus,
699 1841 881 1868 Romanorum
905 1841 999 1869 erca

207 1893 231 1914 et
250 1886 354 1914 Ionica.
374 1887 551 1919 Undecimus,
571 1887 752 1914 Romanorum
765 1888 878 1922 Syriaca
891 1893 914 1915 et
930 1888 999 1915 Par-

208 1934 288 1960 thica.
315 1932 507 1964 Duodecimus,
538 1933 722 1960 Romanorum
751 1934 948 1962 Mithridatico.
966 1934 999 1962 Et

207 1979 339 2006 hactenus
357 1979 467 2014 quidem
483 1987 543 2013 qum
560 1980 694 2007 adversus
707 1985 816 2007 exteras
828 1985 922 2016 gentes
941 1980 998 2008 Ro-

207 2025 295 2052 tnanis
309 2025 381 2051 edita
409 2025 543 2057 facinora,
570 2026 696 2060 bellaque
719 2032 806 2062 gesta,
831 2033 996 2061 narrantur;

206 2072 356 2106 eademque
374 2072 426 2098 hoc
451 2071 548 2098 ordine
577 2080 626 2106 per
651 2072 738 2099 libros
763 2073 907 2099 distributa
924 2078 996 2100 sunt.

206 2117 272 2151 Quae
291 2125 355 2144 vero
371 2117 443 2144 inter
460 2125 489 2144 se
509 2117 625 2145 Romani
645 2118 841 2145 tumultuantes
862 2118 930 2145 bella
942 2126 998 2153 ges-

205 2168 311 2195 serunt,
326 2163 455 2198 deinceps
472 2164 534 2190 libri
554 2169 786 2196 commemorant,
803 2171 918 2198 quorum
935 2165 997 2191 inde

206 2209 300 2236 titulus
315 2218 322 2236 :
341 2209 468 2236 Civilium
486 2209 622 2236 Bellorum
639 2211 757 2244 primus,
781 2210 924 2242 secundus,
945 2214 997 2236 ter-

1796 182 1848 214 100

1417 238 1475 266 NZ’.

1153 285 1319 313 Ἀππιανοῦ
1338 284 1486 320 Ῥωμαικὰ
1504 284 1539 311 ἐν
1550 283 1683 316 βιϐλίοις
1695 283 1746 312 κδ’.

1097 331 1267 367 Ἀνεγνώσοη
1286 331 1435 358 ’Λππιανοῦ
1454 329 1602 364 Ῥωματκὴ
1612 330 1779 364 Ζστορία,ὲν
1795 329 1847 365 μὲν

1055 379 1164 413 τεύχεσι
1176 379 1250 413 τρισὶ
1262 397 1269 410 ,
1281 377 1369 412 λόγοις
1383 377 1412 404 δὲ
1425 375 1463 403 κδ’
1467 398 1474 404 .
1485 373 1535 403 Ὧν
1547 378 1562 403 ό
1575 377 1625 410 μὲν
1640 376 1750 412 πρῶτος
1763 375 1848 410 τόμος

1055 423 1109 450 τῶν
1126 423 1196 450 ἑπτὰ
1219 423 1350 458 βασιλέων
1360 442 1368 455 ,
1389 422 1530 457 Ῥωμύλου
1541 441 1549 453 ,
1564 422 1662 457 Νουμᾶ
1678 421 1848 456 Πομπιλίου,

1057 471 1160 504 Ἄγκου
1180 470 1311 496 Ὁστιλίου
1323 490 1331 502 ,
1346 469 1394 496 καὶ
1412 470 1516 503 Ἀγκου
1532 469 1626 504 ἐτέρου
1639 469 1686 496 τοῦ
1703 469 1751 496 καὶ
1766 469 1848 504 Μαρ-

1054 515 1115 541 κίου
1128 535 1136 548 ,
1154 515 1280 548 ὲπιγόνου
1295 515 1393 549 Νουμᾶ
1405 533 1412 545 ,
1427 514 1580 549 Ταρκυνίου
1587 513 1621 546 ⁸⁵,
1640 513 1762 548 Ἐρουίου
1777 512 1849 539 Τυλ-

1054 559 1112 584 λίου
1123 580 1131 591 ,
1150 559 1197 585 καὶ
1214 558 1369 593 Ταρκυνίου
1385 557 1501 584 Λευκίου
1525 557 1574 584 τοῦ
1589 557 1741 593 Ταρκυνίου
1751 576 1759 588 ,
1782 556 1848 583 τού-

1054 613 1108 631 των
1129 606 1184 632 τῶν
1211 605 1281 631 ἑπτὰ
1295 605 1362 639 ἔργα
1380 613 1410 630 τε
1422 606 1469 631 καὶ
1486 604 1600 639 πράξεις
1617 603 1749 639 περιέχει.
1765 599 1816 629 Ὠν
1830 603 1847 629 ὁ

1055 651 1163 686 πρῶτος
1183 651 1296 686 κτίστης
1310 659 1340 676 τε
1363 650 1472 685 Ῥώμης
1488 650 1535 676 καὶ
1557 651 1680 685 οἰκιστὴς
1705 649 1846 684 γεγονὼς,

1054 695 1140 730 ἄρξας
1166 704 1196 721 τε
1223 695 1365 730 πατρικῶς
1389 694 1490 729 μᾶλλον
1516 694 1532 729 ἢ
1556 694 1739 730 τυραννικῶς,
1769 694 1846 728 ὅμως

1054 740 1161 774 ἐσφάγη
1173 760 1180 771 ,
1192 740 1208 774 ἦ
1224 739 1260 770 ὡς
1272 739 1346 766 ἄλλοι
1357 739 1438 773 φασιν
1449 759 1455 768 ,
1468 738 1615 774 ἠφανίσθη.
1635 738 1663 765 '0
1676 738 1704 764 δὲ
1717 737 1847 772 δεύτερος

1054 783 1220 821 οὐδὲνῆττον
1239 783 1438 820 βεϐασιλευκὼς
1447 784 1486 816 ⁸⁸,
1503 785 1527 810 εἰ
1546 784 1583 819 μὴ
1599 784 1648 810 καὶ
1667 783 1768 819 μᾶλλον
1779 804 1787 816 ,
1800 783 1848 810 τὸν

1055 830 1153 857 ἑαυτοῦ
1172 830 1229 866 βίον
1252 830 1412 866 ἐτελεύτησε
1430 830 1552 865 ζήσας⁸⁷.
1574 830 1604 856 '0
1619 829 1648 856 δὲ
1665 830 1756 865 τρίτος
1782 831 1849 856 ὲκε-

1056 876 1182 912 ραυνὼοη
1194 885 1201 892 ·
1218 876 1289 911 νόσῳ
1302 877 1330 903 δὲ
1350 877 1396 904 τὸν
1413 876 1469 911 βίον
1486 877 1501 902 ό
1517 876 1648 911 τέταρτος
1674 875 1824 910 ὑπεξῆλθεν
1836 882 1845 889 ·

1019 917 1039 944 Β
1053 922 1067 948 ὁ
1085 922 1114 948 δὲ
1138 921 1263 957 πέμπτος
1279 923 1331 949 ὑπὸ
1357 922 1493 957 ποιμένων
1509 921 1617 956 ἐσφάγη
1629 941 1636 954 ,
1654 921 1701 948 καὶ
1725 922 1739 947 6
1765 921 1848 952 ἕκτος

1053 968 1155 1002 ὁμοίως
1173 969 1264 1004 σφαγῇ
1277 968 1445 1004 κατέστρεψε
1454 968 1477 983 ⁸⁸
1494 968 1540 994 τὸν
1555 968 1621 1002 βίον.
1645 967 1673 994 '0
1687 967 1715 994 δὲ
1730 967 1850 1002 ἕϐδομος

1053 1012 1156 1047 καὶτῆς
1166 1012 1269 1044 πόλεως
1279 1013 1325 1039 καὶ
1332 1013 1382 1047 τῆς
1392 1012 1532 1048 βασιλείας
1541 1012 1709 1048 παρανομῶν
1716 1011 1847 1046 ἐξηλάθη·

1053 1055 1084 1089 ἐξ
1103 1053 1133 1083 οὗ
1151 1056 1202 1091 τῆς
1218 1056 1358 1091 βασιλείας
1378 1057 1580 1092 καταλυθείσης
1594 1058 1634 1088 εἰς
1646 1058 1709 1088 τοὺς
1726 1057 1849 1088 ὑπάτους

1053 1103 1086 1129 τὰ
1103 1102 1152 1138 τῆς
1164 1103 1250 1139 ἀρχῆς
1265 1103 1415 1138 μετετέθηέ
1427 1104 1463 1130 Ἀ
1475 1103 1526 1139 μὲν
1538 1102 1584 1130 οὖν
1591 1103 1614 1119 ⁸⁸
1624 1104 1638 1130 6
1650 1103 1757 1138 πρῶτος
1768 1103 1849 1137 λόγος

1053 1150 1194 1184 περιέχει,
1219 1149 1307 1176 ταῦτά
1325 1150 1383 1176 ἐστι
1398 1158 1406 1164 ·
1430 1150 1653 1185 ὲπιγράφεταιδὲ
1675 1149 1850 1182 Ῥωμαϊκῶν

1049 1194 1209 1229 ,βασιλική’
1224 1196 1238 1221 ό
1248 1195 1276 1221 δὲ
1289 1195 1414 1230 δεύτερος
1424 1195 1458 1222 τὰ
1475 1197 1514 1227 εἰς
1531 1196 1580 1231 τὴν
1593 1195 1677 1231 ἄλλην
1684 1196 1707 1211 ὀ
1730 1195 1849 1222 Ἰταλίαν

1052 1240 1138 1275 χωρὶς
1149 1240 1199 1274 τῆς
1209 1241 1284 1275 παρὰ
1296 1240 1342 1267 τὸν
1355 1241 1454 1267 κόλπον
1472 1242 1519 1267 τὸν
1540 1240 1631 1268 Ἰόνιον
1645 1241 1666 1258 ⁸⁸
1681 1249 1689 1257 ·
1705 1238 1737 1268 οὗ
1754 1241 1769 1275 ὴ
1781 1242 1847 1266 ἐπι-

1052 1284 1146 1320 γραφὴ
1163 1284 1333 1319 Ῥωμαϊκῶν
1352 1286 1495 1319 Ἰταλικὴ.
1515 1286 1544 1313 ’0
1555 1286 1584 1313 δὲ
1604 1286 1703 1321 ἑφεξῆς
1722 1286 1848 1322 περιέχει

1051 1331 1097 1357 τδν
1120 1331 1188 1366 πρὸς
1203 1331 1266 1363 τοὺς
1283 1331 1416 1363 Σαυνίτας
1439 1331 1587 1367 Ῥωμαίων
1607 1333 1743 1367 πόλεμον,
1769 1332 1847 1364 ἔθνος

1054 1376 1126 1412 μέγα
1149 1385 1178 1403 τε
1198 1377 1245 1403 καὶ
1264 1377 1383 1412 χαλεπὸν
1409 1377 1541 1411 πολέμοις
1565 1378 1692 1412 γεγονὸς,
1716 1378 1786 1413 ὅπερ
1816 1379 1848 1403 ὲν

1052 1421 1141 1449 ἐτεσιν
1164 1422 1330 1457 ὀγδοήκοντα
1351 1423 1482 1459 Ῥωμαῖοι
1499 1423 1683 1459 πολεμοῦντες
1698 1425 1774 1459 μόλις
1792 1425 1847 1450 ὑπ-

1052 1469 1188 1504 ηγάγοντο
1199 1488 1207 1501 ,
1231 1469 1281 1496 σὺν
1295 1469 1386 1501 αὐτοῖς
1401 1469 1429 1496 δὲ
1448 1470 1496 1496 καὶ
1517 1470 1568 1496 ὅσα
1589 1470 1681 1500 αὐτοῖς
1697 1470 1846 1505 συνεμάχει

1052 1514 1117 1549 ἔθνη
1129 1522 1136 1529 ·
1151 1515 1334 1550 ἐπιγράφεται
1349 1515 1377 1542 δὲ
1397 1515 1569 1549 Ῥωμαϊκῶν
1583 1517 1758 1550 Σαυνιτική.
1774 1517 1802 1542 ’0
1815 1517 1846 1542 δὲ

1053 1561 1184 1597 τέταρτος
1195 1581 1203 1594 ,
1217 1560 1278 1587 ἐπεὶ
1299 1561 1345 1587 τὸν
1363 1560 1431 1596 πρὸς
1444 1561 1564 1593 Κελτοὺς
1573 1562 1596 1578 ⁰²
1616 1561 1739 1597 περιέχει
1775 1561 1846 1587 Ῥω-

1055 1607 1143 1642 μαίων
1168 1607 1302 1642 πόλεμον,
1330 1607 1516 1642 ἐπιγράφεται
1541 1605 1778 1641 Ῥωμαϊκῶν-149
1797 1606 1846 1642 IL]

1054 1653 1194 1687 Κελτική.
1211 1653 1267 1680 Καὶ
1280 1654 1305 1680 οἱ
1320 1653 1409 1680 λοιποὶ
1423 1653 1494 1680 κατὰ
1507 1653 1552 1680 τὸν
1565 1653 1647 1680 αὑτὸν
1661 1653 1750 1688 λόγον,
1767 1655 1781 1680 ό
1793 1654 1846 1687 μὲν

1053 1699 1179 1734 πέμπτος
1195 1698 1367 1733 Ῥωμαϊκῶν
1375 1698 1518 1733 Σικελικὴ
1531 1699 1763 1732 καὶνησιωτικὴ,
1781 1699 1845 1724 ἐπεὶ

1053 1743 1122 1779 πρὸς
1133 1743 1286 1775 Σικελοὺς⁹³
1293 1743 1340 1769 καὶ
1353 1743 1499 1778 νησιώτας·
1512 1744 1526 1769 6
1538 1743 1567 1769 δὲ
1579 1743 1658 1774 ἕκτος
1673 1743 1846 1777 Ῥωμαϊκῶν

1058 1790 1200 1824 Ἰϐηρική·
1210 1791 1224 1816 ό
1237 1789 1266 1816 δὲ
1275 1789 1389 1824 ἕϐδομος
1397 1788 1568 1823 Ῥωμαϊκῶν
1580 1789 1764 1822 Ἀννιϐαϊκὴ,
1777 1789 1842 1814 ἐπεὶ

1052 1836 1097 1863 τδν
1113 1836 1181 1872 πρὸς
1211 1835 1335 1862 ’Λννίσαν
1343 1836 1367 1852 νδ
1381 1835 1427 1862 τὸν
1447 1835 1633 1871 Καρχηδόνιον
1654 1835 1777 1870 περιέχει
1792 1834 1845 1860 πό-

1052 1881 1144 1917 λεμον,
1156 1882 1169 1908 6
1177 1881 1270 1915 ὃγδοος
1278 1881 1450 1916 Ῥωμαϊκῶν
1458 1881 1572 1915 Διϐυκὴ
1581 1881 1615 1914 ⁵⁸,
1632 1880 1843 1915 Καρχηδονικὴ

1051 1927 1099 1953 καὶ
1110 1925 1274 1961 Νομαδική·
1286 1928 1300 1953 6
1311 1927 1340 1953 δὲ
1354 1927 1448 1959 ἔνατος
1463 1927 1634 1961 Ῥωμαϊκῶν
1640 1926 1843 1960 Μακεδονική·

1050 1974 1065 1999 6
1083 1972 1112 1999 δὲ
1134 1973 1245 2004 δέκατος
1267 1972 1437 2008 Ῥωμαϊκῶν
1462 1973 1624 2007 Ἑλληνικὴ
1637 1973 1687 2000 καὶ
1711 1973 1843 2006 Ἰωνική*

1050 2020 1064 2045 6
1076 2019 1105 2045 δὲ
1115 2019 1256 2052 ἑνδέκατος
1271 2019 1443 2054 Ῥωμαϊκῶν
1452 2020 1585 2054 Συριακὴ
1597 2019 1794 2055 καὶ-Παρθικὴ
1808 2028 1814 2034 ·
1831 2020 1845 2045 6

1050 2066 1079 2092 δὲ
1092 2066 1243 2098 δωδέκατος
1260 2065 1431 2101 Ῥωμαϊκῶν
1444 2065 1660 2100 Μιθριδάτειος.
1675 2066 1730 2092 Καὶ
1742 2065 1777 2092 τὰ
1793 2065 1843 2100 μὲν

1050 2112 1118 2148 πρὸς
1126 2111 1291 2146 ἀλλοφύλους
1303 2111 1451 2147 Ῥωμαίοις
1462 2110 1746 2146 ὲπιδεδειγμέναέργα
1754 2119 1785 2137 τε
1795 2111 1844 2137 καὶ

1049 2159 1074 2184 οἱ
1083 2158 1195 2193 πόλεμοι
1206 2157 1229 2174 ⁵⁸
1240 2158 1270 2184 ὲν
1278 2158 1384 2190 τούτοις
1393 2158 1442 2184 καὶ
1455 2157 1527 2185 οὕτω
1536 2158 1666 2193 τυγχάνει
1681 2159 1738 2190 τοῖς
1751 2157 1844 2192 λόγοις

1050 2204 1168 2231 ἐνταῦθα
1185 2204 1356 2240 διῃρημένα·
1368 2204 1418 2231 ὅσα
1428 2204 1457 2231 δὲ
1469 2204 1546 2231 αὐτοὶ
1564 2205 1694 2240 Ῥωμαίοι
1711 2204 1779 2240 πρὸς
1796 2203 1845 2230 άλ-

205 2256 269 2287 tius,
279 2259 306 2281 et
319 2255 416 2282 ordine
433 2255 467 2281 ad
481 2262 580 2282 nonum
609 2263 695 2289 usque
710 2255 820 2287 librutn,
837 2255 882 2290 qui
897 2255 922 2282 in
937 2255 996 2282 uni-

1054 2252 1146 2288 λήλους
1159 2253 1324 2279 ἐστασίασαν
1337 2253 1385 2280 καὶ
1395 2253 1586 2289 ἐπολέμησαν,
1598 2255 1625 2280 al
1640 2253 1741 2288 ἐφεξῆς
1753 2253 1844 2288 βίϐλοι

203 2307 314 2328 versum
331 2300 436 2334 primus
452 2305 495 2328 est
505 2305 533 2327 et
547 2301 706 2328 vicesimus.
717 2300 799 2328 Liber
816 2306 906 2328 autem
923 2302 995 2328 vice-

1054 2299 1188 2333 5q).06ciw,
1197 2300 1355 2336 ἐπιγραφὴν
1365 2300 1514 2335 δεξάμεναι
1531 2300 1688 2336 ἐμφυλίων
1696 2300 1799 2334 πρώτη
1808 2300 1843 2330 ’⁷,

204 2345 290 2373 simus
315 2347 461 2378 secundus,
480 2345 641 2373 inscribitur
663 2345 849 2373 Ekatantaetia
874 2347 912 2381 (id
940 2352 993 2380 est,

204 2400 336 2419 annorum
349 2391 496 2425 centuria.)
513 2392 663 2427 lnsequens
689 2393 767 2426 liber,
785 2393 897 2420 Dacica.
911 2393 993 2420 Vice-

205 2438 292 2466 simus
320 2443 445 2473 quartus,
461 2438 589 2465 Arabica.
613 2438 702 2472 Atque
724 2439 775 2466 ista
802 2439 936 2466 universa:
953 2430 995 2466 bi;

203 2485 295 2512 storiaa
306 2485 415 2519 partitio
426 2489 478 2512 est.
492 2484 627 2512 Bellorum
643 2490 732 2512 autem
743 2485 863 2512 civilium
873 2485 950 2513 libris
962 2493 994 2512 ea

201 2531 319 2565 primum
336 2531 522 2563 continentur,
546 2538 605 2565 quae
619 2530 719 2559 Marius
735 2535 763 2558 et
786 2530 861 2566 Sylla
881 2531 953 2558 'nter
965 2539 995 2559 se

1047 2345 1204 2381 ἐμφυλίων
1222 2345 1356 2381 δευτέρα,
1369 2348 1418 2374 καὶ
1442 2347 1506 2382 ἑξῆς
1530 2347 1612 2383 μέχρι
1634 2347 1683 2383 τῆς
1700 2346 1846 2382 ἐμφυλίων

1050 2392 1100 2427 μὲν
1117 2393 1214 2427 ἐνάτης
1226 2412 1234 2424 ,
1258 2393 1308 2427 τῆς
1322 2393 1351 2419 δὲ
1365 2393 1430 2428 ὅλης
1445 2394 1567 2429 ἱστορίας
1576 2395 1703 2429 εἰκοστῆς
1715 2393 1843 2429 πρώτης,

1054 2438 1084 2464 '0
1102 2437 1131 2464 δὲ
1155 2437 1278 2468 εἰκοστὸς
1297 2437 1425 2473 δεύτερος
1441 2438 1520 2473 λόγος
1540 2440 1725 2475 ἐπιγράφεται
1754 2441 1845 2468 Ἐκα-

1048 2483 1221 2515 tor-taeda,
1238 2484 1253 2510 6
1271 2484 1299 2510 δὲ
1319 2485 1419 2520 ἐφεξῆς
1443 2486 1556 2520 Δακικὴ
1569 2505 1576 2518 ,
1589 2486 1702 2513 -καὶό”ι
1715 2486 1846 2518 εἰκοστὸς

1047 2530 1177 2566 τέταρτος
1200 2529 1334 2564 Ἀράϐιος
1341 2531 1376 2559 ”.

848 2588 965 2617 VARI/li
980 2588 1185 2617 LECTIONES.

236 2633 258 2650 ⁸⁵
271 2633 317 2660 τοῦ
331 2634 483 2670 Ταρκυνίου
500 2634 564 2662 add.
591 2635 624 2664 Α.

200 2668 381 2696 Πωεοιιοιίυςζ
437 2670 460 2685 ⁸⁸
476 2671 627 2732 κατέτρεψε
673 2679 705 2702 ς.

200 2713 231 2732 C.
280 2705 302 2720 “
317 2705 404 2732 ζώνιον
415 2714 445 2732 ς.
494 2706 516 2722 "
529 2714 560 2732 κε
578 2707 641 2732 τοὺς
651 2706 690 2732 A:

199 2713 231 2737 ς.
280 2705 302 2720 ⁶¹
317 2705 404 2732 ἰῶνιον
415 2714 445 2738 ς.
494 2706 516 2722 "
529 2705 593 2732 κελτ

760 2671 782 2687 ³³
803 2670 850 2697 οὖν
863 2679 918 2698 om.
936 2673 968 2698 Α.

199 2749 232 2774 ς.
269 2740 293 2756 ⁹⁶
307 2741 433 2777 πολέμιοι
446 2741 478 2769 Α.
517 2740 645 2777 ⁰⁷πρώτη
661 2741 722 2776 -αβ
737 2741 777 2769 A:
793 2741 903 2777 πρῶτος
917 2757 952 2762 —
967 2740 1093 2777 δεύτερος
1123 2751 1154 2774 ς.
1194 2743 1218 2759 9'
1230 2743 1277 2770 καὶ
1290 2744 1304 2770 ὁ
1320 2744 1340 2770 Α
1355 2752 1362 2770 :
1392 2744 1407 2769 ὁ
1420 2742 1449 2770 δὲ
1465 2752 1498 2775 ς.

675 2635 699 2651 ⁸⁸
717 2635 922 2670 βεϐασιλευκὼς
937 2634 966 2662 εὖ
995 2638 1020 2663 ει
1049 2637 1240 2664 Casaubonus.

1026 2672 1050 2688 "
1063 2672 1096 2709 τα
1123 2673 1162 2709 εἰς
1176 2671 1238 2708 τὴν]
1262 2671 1442 2709 mortem)
1457 2673 1510 2709 Arg
1529 2673 1652 2708 περιέχει
1675 2674 1710 2699 τὰ
1725 2673 1766 2706 είς
1791 2676 1844 2709 τὴν

1293 2637 1315 2652 ³⁷
1330 2637 1436 2672 ζήσας,
1458 2638 1527 2664 rleeu
1551 2638 1684 2665 annorum
1713 2645 1845 2666 nantem:

594 2707 641 2746 οὺς
651 2706 690 2732 A:
708 2705 773 2746 τους
785 2707 905 2746 κόλπους
930 2715 981 2746 ς.Δ
1002 2707 1026 2746 ξ’
1039 2707 1108 2742 πρὸς
1123 2705 1331 2746 τοὺς-σικελοὺς
1348 2716 1380 2739 ς.
1398 2705 1576 2746 βλάνίὸατον
1634 2710 1678 2746 VA.
1706 2709 1729 2724 "
1742 2705 1842 2746 λυδικῇ

1552 2744 1575 2759 ⁸⁵
1587 2743 1721 2780 depasta;
1746 2753 1778 2777 ς.

954 2787 1074 2815 NOTAE.

233 2834 271 2869 ('2)
288 2833 325 2860 De
343 2841 397 2868 qua
419 2839 447 2860 et
464 2833 563 2869 Suidas
585 2833 789 2869 {eamdemque
815 2834 848 2861 ad
872 2835 984 2862 verbum

198 2868 266 2904 pene
290 2869 456 2904 descriptam
471 2877 486 2896 e
504 2868 575 2904 Plut.
596 2868 666 2896 Vitis
690 2868 872 2896 observarunt
899 2870 983 2896 docti.

1138 2869 1214 2902 Quod
1241 2877 1317 2898 serva
1343 2875 1423 2898 natus
1451 2875 1534 2898 esset.
1564 2870 1675 2907 Dionys.
1704 2870 1835 2900 Halicarn

232 2904 270 2938 (5)
295 2903 365 2938 Lege
386 2903 474 2937 Tullo,
491 2912 523 2931 ex
550 2903 637 2938 Livio,
666 2904 776 2940 Dioays.
804 2904 942 2932 llalicaru.
957 2911 984 2932 et
1039 2904 1085 2932 lib.
1106 2913 1141 2932 tr.
