1918 3086
61 171 107 202 itii

635 169 902 200 BIBLIOTHECA.
916 181 950 187 -
969 168 1050 199 COD.
1066 168 1156 198 LVII.

1645 166 1697 200 102

91 227 166 255 Οὕτω
177 228 228 262 μὲν
242 227 293 262 τῆς
305 227 369 263 ὅλης
383 228 504 264 ἱστορίας
520 229 537 264 ἡ
553 228 696 264 διαίρεσις.
717 228 848 264 Ἑμπερι-

906 228 1092 263 belligerantes
1119 232 1271 262 patrarunt.
1298 227 1400 256 Deinde
1419 235 1479 262 qna.-
1503 227 1649 263 Pompeius
1668 233 1698 256 et

59 275 146 309 έχεται
236 274 256 300 ΙΙ
271 274 317 310 lae
328 276 385 306 τοῖς
400 275 544 310 ἐμφυλίοις
554 275 664 310 πρῶτον
677 275 727 310 μὲν
740 275 774 302 τὰ
787 275 852 310 περὶ

58 321 160 356 Μάριον
171 321 222 346 καὶ
236 321 344 348 Σύλλαν
357 321 486 356 ἀλλήλοιν
507 321 759 356 ὲκπολεμησὰντοιν
771 341 779 350 .
803 320 853 347 Επ-

60 375 116 393 ειτα
129 366 187 400 τΞι,¹
207 367 274 401 περὶ
287 367 433 401 Πομπήϊον
448 366 496 392 καὶ
517 366 626 392 Ἰούλιον
637 366 682 392 τὸν
708 365 852 401 Καίσαρα,

60 413 104 438 καὶ
117 412 226 439 τούτοιν
236 412 267 442 ἐς
281 412 414 446 ἀλλήλους
429 412 640 439 στασιασάντων
653 412 701 439 καὶ
717 412 853 447 μεγάλαις

61 457 158 491 μάχαις
176 456 377 491 προραγέντοιν
389 476 397 489 ,
409 457 453 483 ὅτε
473 457 521 482 καὶ
537 457 553 491 ἡ
566 455 637 491 τύχη
650 456 734 483 πλέον
752 455 855 490 Ἰουλίῳ

60 500 143 535 ῥοπὴν
166 499 351 535 παρασχοῦσα
367 501 396 532 ὲς
421 501 495 527 νῶτα
519 501 568 527 καὶ
591 501 681 535 φυγὴν
709 500 854 535 Πομπήϊον

59 543 170 579 ἔτρεψεν
180 551 186 558 ·
199 544 301 578 ἐφεξῆς
312 544 340 571 δὲ
350 545 384 571 τὰ
399 545 462 580 περὶ
481 543 637 571 Ἀντώνιον¹
649 545 696 571 καὶ
711 545 854 571 ὐκτάυῖον

58 588 186 623 Καίσιρα
200 609 208 620 ,
224 588 272 614 τὸν
297 588 346 615 καὶ
362 588 520 621 Αὔγουστον
532 610 540 621 ,
559 589 627 624 πρὸς
640 589 703 620 τοὺς
722 588 854 624 ἀνδροφό-

59 640 119 663 νους
142 631 189 657 τοῦ
211 633 348 667 προτέρου
373 632 530 668 Καίσαρος,
555 632 616 658 καθ’
641 632 670 659 ὃν
693 631 789 668 καιρὸν
807 632 855 659 καὶ

60 677 149 703 πολλοὶ
163 677 219 702 τῶν
235 678 382 711 ἐπισήμων
398 677 542 712 Ῥωμαίων
553 678 631 713 δίκης
645 677 754 712 ἁπάσης
769 677 855 713 χωρὶς

59 723 104 758 τὴν
120 723 167 749 ἐπὶ
187 722 296 757 θανάτῳ
313 722 476 758 ἀπήχθησαν
488 731 495 739 ·
511 724 668 750 τελευταῖον
681 723 710 750 δὲ
723 723 741 750 ὃ.
753 724 783 755 ὲς
802 723 852 749 ἀλ-

60 770 153 804 λήλους
165 770 316 796 συνέπεσεν
325 770 346 803 ³,
369 769 513 796 Ἀντώνιόν
525 778 597 805 φημι
607 769 618 785 ⁸
629 771 675 797 καὶ
686 770 854 804 Αὔγουστον,

61 817 83 843 οἳ
98 817 228 850 πολέμοις
243 817 390 852 κρατεροῖς
412 816 546 851 ἀλλήλους
565 817 769 852 διεπολέμησαν
780 836 788 849 ,
806 817 855 844 καὶ

62 862 165 889 πολλῶν
181 862 375 898 στρατοπέδων
392 862 496 898 φθορὰν
519 863 736 898 ὰνειργὰσαντο,
761 863 786 889 εί
807 863 855 889 καὶ

903 273 991 301 Julius
1007 274 1100 301 Caesar
1114 279 1267 308 gesserunt,
1285 280 1427 308 pOstquam
1444 273 1526 300 etiam
1544 273 1570 300 hi
1594 272 1694 300 factio—

904 321 985 347 nibus
1009 320 1079 348 inter
1096 327 1126 346 se
1144 320 1320 353 contendere,
1346 319 1502 355 praeliisqne
1535 319 1694 354 ingentibus

903 365 1051 400 conﬂigere
1068 369 1228 399 coeperunt;
1253 365 1362 400 quando
1387 370 1415 392 et
1439 365 1546 392 fortuna
1566 364 1638 392 Julio
1655 366 1698 391 fa-

904 418 982 443 vens,
999 415 1075 445 terga
1090 412 1155 438 dare
1169 418 1200 438 ac
1215 410 1309 445 fugere
1333 410 1490 445 Pompeium
1511 410 1613 444 adegit.
1633 410 1698 437 Post

904 457 938 483 ah
954 456 1074 483 Antonio
1102 461 1129 484 et
1161 455 1273 484 Octavio
1289 456 1408 489 ὕει-οπο,
1428 457 1474 491 qui
1505 460 1532 483 et
1559 457 1697 491 Augustus

905 501 1005 534 dictus,
1022 506 1097 537 gesta
1115 511 1176 530 cum
1190 502 1307 530 Caesaris
1322 501 1385 529 Julii
1404 503 1627 536 percussoribus,
1643 509 1696 536 qua

905 546 988 573 etiam
1011 551 1173 582 tempestate
1203 547 1325 582 plerique
1353 546 1535 574 Romanorum
1565 546 1696 578 illustres,

907 591 1005 618 indicta
1021 599 1114 624 causa,
1140 594 1174 619 ad
1196 598 1310 619 mortem
1327 592 1517 627 raptabantur.
1535 592 1656 626 Denique
1670 597 1697 618 et

905 645 966 672 qua:
985 637 1056 664 inter
1069 638 1142 672 ipsos
1164 639 1333 672 acciderunt,
1353 638 1511 669 Antonimn,
1536 638 1644 672 inquam
1670 643 1698 664 ot

906 682 1069 717 Augustum,
1088 684 1230 711 horrendis
1244 684 1361 711 invicem
1378 683 1454 710 bellis
1466 690 1528 710 cum
1541 683 1687 709 tnultorum

905 729 1076 756 exercituum
1103 734 1194 765 strage
1215 729 1410 764 conﬁigentes:
1429 734 1457 755 et
1473 729 1495 756 si
1517 729 1552 755 ab
1573 728 1696 762 Augusto

908 772 1015 800 tandem
1031 773 1145 801 victoria
1161 775 1247 806 stetit,
1269 782 1321 809 qua
1337 775 1418 801 etiam
1436 782 1449 800 a
1471 774 1554 801 sociis
1571 775 1698 800 desertus

905 819 1053 852 Antonius,
1068 820 1094 847 in
1109 819 1255 856 [Egyptum
1275 820 1443 855 proﬂigatus,
1453 820 1497 847 ubi
1516 827 1626 846 manum
1643 819 1694 846 sihi

908 865 1038 898 atferens,
1055 866 1136 893 vitam
1162 867 1280 901 abrupit.
1296 866 1354 900 Quo
1383 867 1446 893 item
1473 865 1604 893 librorum
1636 865 1697 892 helli

59 908 207 943 Αὐγούστῳ
224 909 341 944 ὕστερον
357 910 373 944 ἡ
389 908 451 944 νίκη
471 909 633 944 ἐμϐλέψασα
661 909 764 944 ἔρημον
785 918 852 946 συμ-

907 912 997 939 civilis
1015 912 1082 948 16b
1098 912 1193 939 ultimo
1217 912 1353 948 AEgyptus
1366 913 1539 944 describitur,
1555 917 1583 937 ut
1597 911 1622 938 in
1638 910 1693 938 Ro.

62 955 152 990 μάχων
168 956 209 986 είς
227 955 368 989 Αἴγυπτον
385 955 492 990 φυγάδα
507 955 553 982 τδν
576 954 717 982 Ἀντώνιον
734 956 853 991 ήλασεν,

60 1001 99 1035 ἐφ’
118 1000 151 1037 ἧς
165 1002 213 1028 καί
229 1001 390 1038 αὐτοχειρίᾳ
413 1001 460 1028 τὸν
482 1000 537 1036 βίον
552 1001 748 1037 κατέστρεψεν.
765 998 854 1036 ᾯτινι

908 966 1052 986 manorum
1072 964 1233 994 potestatem
1256 960 1361 987 venerit
1380 968 1387 985 :
1408 963 1491 994 utque
1515 966 1558 986 res
1575 958 1698 985 Bottiana

910 1004 937 1031 in
954 1005 1035 1033 unius
1049 1005 1166 1040 Augusti
1180 1006 1322 1040 itnperium
1337 1006 1473 1032 reciderit.

59 1047 108 1074 τῶν
124 1047 266 1082 ἐμφυλίων
286 1047 343 1074 οντι
359 1047 446 1082 λόγῳ⁸
470 1046 620 1081 τελευταίῳ
641 1047 689 1073 καὶ
712 1046 850 1081 Αἴγυπτος
868 1048 1015 1085 δηλοῦται,
1038 1051 1075 1082 ὡς
1091 1050 1144 1077 ὑπὸ
1163 1050 1330 1086 Ῥωμαίοιςθ
1347 1051 1456 1085 ἐγένετο
1495 1050 1541 1077 καὶ
1561 1049 1595 1078 τὰ
1632 1050 1699 1077 Ῥω-

61 1093 146 1128 μαίων
158 1094 188 1125 ἐς
207 1093 360 1128 μοναρχίαν
375 1093 422 1119 καὶ
438 1092 594 1127 Αὔγουστον
616 1092 818 1128 ἐπανέδραμεν.

94 1140 227 1174 ’Δρχεται
258 1139 308 1174 μὲν
333 1136 380 1165 οὖν
393 1138 443 1174 τῆς
459 1138 580 1173 ἱστορίας
595 1138 650 1164 ἀπὸ
672 1137 779 1164 Αἰνείου
803 1138 851 1165 τοῦ

66 1184 190 1218 Ἀγχίσου
206 1183 254 1210 τοῦ
271 1183 410 1218 ,Κάπυορ
435 1182 465 1214 ὃς
488 1184 517 1209 ἐν
531 1182 570 1217 τῷ
587 1183 704 1217 Τρωϊκῷ
718 1183 827 1219 ἤκμασε
838 1183 848 1198 ⁷

61 1229 169 1264 πολέμῳ
181 1249 188 1260 ,
208 1229 280 1263 μετᾶ
314 1229 343 1255 δὲ
358 1228 408 1264 τὴν
432 1228 535 1255 ἅλωσιν
549 1228 599 1263 τῆς
623 1229 732 1265 Τρωίας
749 1229 833 1264 ἔφυγε
847 1250 855 1262 ,

61 1275 104 1301 καὶ
114 1275 185 1309 μετὰ
200 1274 313 1309 μακρὰν
325 1273 432 1308 πλάνην
443 1273 596 1299 καταπλεῖ³
608 1273 636 1304 ἐς
650 1282 710 1300 τινα
720 1273 770 1308 τῆς
789 1274 857 1300 Ἰτα-

59 1320 115 1352 λίας
132 1320 258 1354 αἰγιαλὸν
269 1340 276 1351 ,
304 1318 446 1354 Λώρεντον
470 1319 686 1354 ἐπικαλούμενον
697 1339 704 1352 ,
728 1319 794 1346 ἔνθα
808 1319 856 1346 καὶ

61 1366 241 1401 στρατόπεδον
252 1365 336 1392 αὑτοῦ
351 1365 500 1397 δείκνυται,
510 1366 556 1391 καὶ
566 1364 615 1400 τὴν
628 1365 714 1400 ἀκτὴν
726 1365 774 1392 ἀπ’
785 1365 854 1391 ἐκεί-

59 1422 101 1440 νου
126 1413 229 1448 Τροίαν
247 1412 386 1439 καλοῦσιν.
405 1409 494 1447 Ἦρχε
513 1412 574 1438 τότε
603 1411 782 1447 Ἀϐοριγίνων
799 1411 854 1438 τῶν

60 1459 121 1494 τῇδε
141 1458 251 1485 Ἰταλῶν
266 1457 369 1490 Φαῦνος
383 1458 398 1484 ὁ
411 1457 458 1485 τοῦ
473 1459 590 1493 Ἄρεως.
602 1457 631 1489 ὃς
644 1458 692 1484 καὶ
709 1457 856 1492 ζεύγνυσιν

61 1505 154 1539 Αἰνείᾳ
164 1505 215 1539 τὴν
237 1500 379 1540 θυγατέρα
391 1503 474 1530 αὐτοῦ
491 1503 637 1530 Λαουινίαν
651 1523 658 1535 ,
675 1503 723 1530 καὶ
749 1504 801 1539 γῆν
815 1503 856 1530 δί-

60 1551 142 1577 δωσιν
159 1552 192 1577 ὲκ
206 1550 333 1585 περιόδου
350 1549 467 1576 σταδίων
481 1549 665 1584 τετρακοσίων
674 1550 695 1576 ⁸.
719 1549 748 1576 '0
762 1549 791 1575 δὲ
808 1549 857 1576 πό-

60 1597 100 1623 λιν
116 1597 209 1623 ἔκτισε
218 1597 240 1612 ¹⁰
251 1616 259 1628 ,
277 1595 327 1622 καὶ
346 1595 400 1622 ἀπὸ
421 1595 470 1631 τῆς
487 1594 615 1628 γυναικὸς
635 1594 779 1621 Λαουίνιον
803 1595 854 1621 ἐπ-

61 1643 197 1678 ωνόμασε.
213 1642 307 1678 Τρίτῳ
325 1642 354 1668 δὲ
369 1642 424 1668 ἔτει
449 1641 496 1668 τοῦ
507 1640 611 1668 Φαύνου
625 1641 852 1675 τελευτήσαντος,

61 1690 199 1724 ἐκδέχεται
221 1689 272 1724 τὴν
295 1688 409 1724 ἀρχὴνὸ
422 1687 531 1717 Αἰνείας
554 1687 626 1714 κατὰ
643 1686 674 1713 τὸ
687 1686 772 1721 κῆδος
783 1707 789 1718 ,
806 1688 853 1713 καὶ

61 1736 121 1766 τοὺς
144 1735 319 1770 Ἀὸοριγίνας
343 1733 398 1760 ἀπὸ
410 1733 456 1759 τοῦ
471 1732 603 1766 κηδεστοῦ
618 1731 734 1758 Λατίνου
748 1731 852 1758 Φαύνου

61 1782 191 1813 Λατίνους
203 1781 376 1816 ἰπωνόμασε.
392 1780 482 1815 Τρίτῳ
494 1779 523 1806 δὲ
538 1779 593 1806 ἔτει
604 1778 685 1806 πάλιν
698 1778 744 1805 διὰ
754 1779 853 1805 Λαουι-

62 1828 119 1854 νίαν
136 1828 187 1863 τὴν
210 1829 331 1862 γυναῖκα
357 1825 410 1852 ὑπὸ
432 1824 597 1851 Ῥουτούλων
613 1823 668 1850 τῶν
686 1823 852 1860 Τυρῤήνων,

62 1873 335 1910 προμνηστευοείσαν
353 1871 442 1898 αὐτῶν
454 1871 492 1906 τῷ
506 1870 627 1906 βασιλεῖ,
638 1870 791 1905 ἀναιρεῖται
807 1877 853 1896 πο-

63 1920 143 1955 λέμου
157 1920 236 1955 νόμῳ
254 1921 268 1946 ὁ
282 1919 392 1950 Αἰνείας
403 1937 410 1950 ,
423 1918 471 1944 καὶ
483 1918 532 1952 τὴν
544 1916 632 1952 ἀρχὴν
646 1915 783 1949 διεδέξατο
799 1915 853 1941 Εὐ-

65 1967 164 2002 ρυλέων
176 1987 185 1999 ,
207 1966 352 1996 Ἀσκάνιος
368 1963 580 2000 μετονομασθεὶς
591 1982 599 1994 ,
611 1962 641 1994 ὃς
659 1961 792 1997 ἐγεννήθη
815 1961 853 1996 τῷ

64 2014 156 2049 Αἰνείᾳ
171 2015 205 2040 ὲκ
228 2012 372 2048 Κρεούσης
393 2010 439 2046 [5ὲ
458 2009 510 2045 8.]
529 2011 578 2044 τῆς
598 2008 741 2044 Πριάμου,
758 2008 808 2041 τῆς
824 2008 854 2033 ἐν

68 2060 136 2095 Ἰλίῳ
152 2058 307 2093 γενομένης
321 2056 395 2091 αὐτῷ
406 2056 535 2090 γυναικός
545 2062 552 2068 ·
563 2055 588 2081 οἱ
601 2054 630 2080 δὲ
646 2054 679 2080 ἐκ
693 2053 742 2088 τῆς
754 2053 854 2080 Λαουι-

63 2106 119 2137 via;
145 2105 288 2132 ’Δσκάνιον
302 2101 378 2137 αὑτῷ
389 2099 553 2136 γεννηθῆναι
570 2108 655 2135 φασι,
672 2098 717 2126 τδν
732 2099 854 2133 διάδοχον

63 2153 108 2187 τῆς
119 2151 222 2186 ἀρχῆς.
238 2149 381 2176 Ἀσκανίου
396 2149 424 2175 δὲ
435 2147 645 2182 τελευτήσαντος
661 2145 717 2172 ἔτει
730 2144 854 2180 τετάρτῳ

64 2200 132 2234 μετὰ
148 2200 199 2233 τὴν
218 2196 321 2233 Ἀλσης
333 2197 433 2223 οἶκισιν
443 2195 462 2211 ¹¹
474 2195 540 2230 (καὶ
551 2194 605 2228 γὰρ
617 2193 663 2220 καὶ
673 2190 751 2225 οὗτος
761 2193 853 2220 ἔκτισε

63 2246 138 2272 πόὶιν
149 2265 157 2277 ,
172 2244 276 2279 Ἀλῦην
291 2243 409 2274 καλέσας
418 2263 426 2275 ,
444 2241 492 2268 καὶ
506 2241 560 2268 ἀπὸ
571 2239 717 2271 Λαουινίας
731 2239 777 2265 τὸν
789 2238 854 2266 λαὸν

946 1139 1074 1167 Historiae
1098 1139 1181 1166 totius
1211 1139 1317 1166 initium
1344 1139 1454 1167 ducitur
1473 1138 1506 1166 ab
1527 1138 1625 1171 Aiuea,
1644 1130 1699 1166 ﬁlio

906 1186 1045 1218 Anchisa,
1061 1186 1106 1212 ﬁlii
1125 1186 1235 1221 Capyis,
1255 1186 1301 1220 qui
1327 1185 1445 1220 Trojano
1471 1185 1540 1212 bello
1565 1184 1698 1216 interfuit,

907 1233 1010 1267 Ilioque
1025 1238 1106 1267 capto
1121 1237 1202 1266 atque
1224 1239 1321 1259 everso
1339 1232 1415 1266 fugit,
1435 1236 1462 1258 et
1480 1232 1562 1258 variis
1578 1231 1699 1266 jactatus

907 1279 1062 1311 erroribus,
1079 1280 1112 1306 ad
1131 1278 1216 1306 italia:
1239 1279 1375 1313 quoddam
1401 1278 1475 1304 littus
1502 1285 1532 1305 se
1556 1277 1698 1312 applicuit,

909 1325 983 1359 quod
999 1325 1168 1351 Laurentum
1181 1325 1302 1355 dictum;
1315 1325 1360 1351 ubi
1375 1329 1402 1350 et
1416 1327 1507 1351 castra
1520 1323 1592 1350 illius
1608 1329 1700 1350 osten-

909 1371 1026 1402 duntur,
1042 1374 1070 1397 et
1082 1377 1115 1397 ex
1128 1370 1185 1404 ipso
1196 1377 1244 1398 ora
1265 1370 1309 1396 illa
1327 1370 1462 1396 maritima
1477 1369 1595 1404 Trojana
1611 1369 1696 1397 nomi-

906 1422 998 1445 natur.
1013 1416 1167 1452 Iinperabat
1178 1423 1234 1444 tum
1253 1417 1289 1444 ibi
1303 1416 1500 1451 Aboriginibus
1515 1416 1599 1444 ltaliaa
1615 1424 1700 1451 popu-

906 1461 940 1489 lis
955 1462 1075 1494 F‘auttus,
1103 1461 1196 1490 Martis
1229 1461 1324 1488 ﬁlius:
1351 1462 1397 1496 qui
1416 1466 1444 1489 et
1468 1461 1561 1488 ΔΕειεω
1584 1465 1697 1495 nuptum

907 1507 991 1535 ﬁliam
1011 1507 1249 1542 snam_Laviniam
1273 1508 1358 1540 dedit,
1381 1508 1635 1542 quadringentaque
1657 1506 1697 1542 (5)

906 1553 1011 1581 circum
1022 1553 1096 1581 circa
1117 1559 1197 1581 terra:
1211 1554 1296 1581 stadia
1317 1553 1453 1586 attribuit,
1468 1554 1512 1580 ubi
1534 1552 1637 1581 Encas
1648 1560 1699 1586 op-

908 1600 1000 1635 pidum
1012 1600 1167 1632 :cdiﬁcavit,
1176 1599 1248 1634 quod
1259 1599 1293 1626 ab
1302 1599 1394 1626 uxoris
1405 1599 1524 1626 Lavinia:
1535 1598 1700 1626 nomineLa-

906 1646 1008 1673 vinium
1047 1645 1164 1672 vocavit.
1195 1644 1287 1672 Tertio
1316 1644 1415 1672 abhinc
1451 1652 1533 1677 anno,
1563 1644 1698 1672 exstincto

904 1691 1008 1725 Fauno,
1023 1691 1169 1726 imperium
1182 1695 1278 1718 nactus
1287 1690 1391 1718 (Encas
1403 1695 1457 1721 est,
1473 1690 1535 1724 jure
1543 1689 1698 1723 aﬂioitatis;

903 1743 931 1766 et
948 1737 1118 1773 Aborigenes
1137 1737 1172 1765 ob
1198 1736 1354 1764 atiinitatem
1373 1736 1462 1763 Latini
1483 1735 1567 1762 Fauni
1586 1735 1698 1762 Latinos

905 1783 1069 1811 nominavit.
1083 1782 1176 1810 Tertio
1199 1783 1297 1810 iterum
1326 1790 1398 1810 anno
1421 1790 1436 1809 a
1466 1782 1572 1809 Rutulis
1589 1781 1694 1817 populis

904 1830 1065 1866 Tyrrhenia:
1088 1834 1197 1864 propter
1219 1828 1371 1861 Laviniam,
1397 1829 1504 1856 illorum
1527 1829 1592 1863 Regi
1616 1832 1697 1856 antea

905 1877 1088 1910 desponsam,
1114 1875 1185 1902 bello
1209 1875 1459 1908 tollitur;Eneas;
1494 1875 1694 1908 imperiumque

904 1923 1040 1957 Euryleou
1076 1923 1208 1956 suscepit.
1230 1922 1364 1950 Ascanius
1390 1922 1610 1956 cognominatus.
1645 1919 1695 1948 Hic

904 1968 998 1996 Eneti!
1013 1976 1047 1995 ex
1061 1968 1166 1995 Creusa
1184 1967 1285 1994 Priami
1299 1968 1365 2000 lilia,
1382 1975 1463 2002 quam
1478 1967 1504 1994 in
1518 1967 1565 1994 llio
1578 1974 1691 1993 uxorem

905 2015 1048 2048 habuerat,
1063 2015 1134 2042 ﬁlius
1149 2014 1209 2047 fuit,
1225 2014 1276 2042 etsi
1309 2014 1354 2041 alii
1369 2022 1401 2041 ex
1413 2014 1526 2040 Lavinia
1546 2019 1637 2040 natum
1655 2013 1693 2039 illi

905 2061 1054 2088 Ascanium
1073 2060 1172 2092 l‘ernnt.
1193 2061 1267 2095 regni
1284 2068 1480 2089 successmem.
1506 2060 1613 2087 Mortuo
1631 2059 1692 2086 dein

904 2107 1035 2140 Ascanio,
1053 2112 1155 2142 quarto
1169 2112 1231 2143 post
1241 2115 1313 2134 anno
1326 2115 1407 2142 quam
1418 2106 1512 2134 Albam
1527 2106 1695 2136 condiderat,

907 2153 1020 2190 (etenim
1031 2158 1059 2181 et
1074 2154 1119 2180 hic
1134 2154 1261 2188 oppidum
1275 2153 1407 2186 condidit,
1419 2153 1490 2186 quod
1501 2152 1595 2178 Alliam
1607 2151 1696 2178 nomi-

906 2200 993 2233 navit,
1013 2204 1095 2234 atque
1114 2207 1146 2227 eo
1159 2207 1190 2226 ex
1208 2198 1321 2226 Lavinio
1341 2198 1477 2226 coloniam
1497 2198 1618 2232 deduxit)
1633 2196 1694 2232 ενι-

905 2247 965 2274 vius
984 2247 1059 2281 regni
1080 2246 1201 2274 habenas
1231 2246 1337 2280 accepit
1362 2254 1368 2272 :
1395 2245 1475 2279 hujus
1503 2244 1586 2279 Sylvii
1612 2243 1694 2270 ﬁlium

65 2292 236 2328 μετῴκισεν)
265 2291 406 2326 ἐκδέχεται
421 2289 470 2325 τὴν
496 2288 583 2324 ἀρχὴν
606 2287 725 2318 Σιλούιος
736 2287 768 2314 “.
799 2286 852 2312 Καὶ

906 2291 1022 2320 Ᾱῖιιιοοιη
1039 2292 1162 2327 Sylvium
1180 2291 1294 2324 faciunt,
1314 2290 1408 2318 Eni-aa
1434 2290 1495 2317 dein
1513 2289 1598 2316 ﬁlium
1623 2288 1696 2315 Lati-

64 2339 184 2365 Σιλουίου
211 2338 295 2364 παῖδα.
314 2337 423 2364 Αἰνείαν
445 2335 565 2362 Σιλούιόν
580 2343 681 2368 φασιν,
697 2332 805 2360 Αίνείου
825 2332 854 2358 δὲ

64 2386 177 2412 Λατῖνον
194 2383 315 2410 Σιλούιον
323 2403 331 2415 ,
342 2382 390 2409 τοῦ
399 2381 427 2408 δὲ
442 2381 552 2411 Κάπυν,
565 2379 678 2410 Κάπυος
687 2379 715 2405 δὲ
725 2379 854 2405 Κάπετον

65 2430 206 2463 γενέσθαι,
224 2429 351 2456 Καπὲτου
362 2428 390 2455 δὲ
402 2427 553 2462 Τιϐερῖνον,
566 2425 613 2452 τοῦ
620 2425 648 2452 δὲ
659 2424 852 2460 Ἀγρίππαν¹³,

63 2474 110 2501 τοῦ
121 2475 150 2502 δὲ
163 2473 315 2510 Ῥωμύλον.
326 2473 382 2500 Καὶ
393 2472 493 2500 τόνόε¹⁸
505 2472 554 2508 μὲν
571 2470 704 2506 βληθῆναι
718 2469 853 2505 κεραυνῷ

64 2517 94 2546 οὗ
109 2519 237 2554 γενέσθαι
249 2519 331 2545 παῖδα
344 2518 494 2545 Ἀϐεντῖνον
504 2538 512 2550 ,
531 2516 684 2543 Ἀΰεντίνου
698 2515 726 2542 δὲ
743 2515 853 2550 Πρόκαν

64 2566 200 2600 γενέσθαι.
219 2566 275 2592 Καὶ
287 2565 353 2592 πᾶσι
366 2565 394 2591 δὲ
407 2564 453 2590 τὸν
470 2562 591 2589 Σιλούιον
611 2561 755 2597 ἐπώνυμον
769 2559 850 2588 εἶναι.

65 2612 111 2648 Τῷ
123 2613 151 2640 δὲ
165 2613 262 2649 Πρόκᾳ
275 2612 321 2639 δύο
334 2611 479 2647 ἐγενέσθην
492 2611 544 2638 υίοὶ
555 2611 587 2644 ”,
599 2609 785 2646 πρεσϐύτερος
802 2610 850 2644 μὲν

905 2346 969 2365 num
990 2338 1111 2374 Sylvinm
1126 2337 1290 2365 nominant:
1310 2337 1389 2372 cujus
1412 2336 1495 2363 ﬁlium
1519 2336 1623 2371 Capyn,
1644 2335 1695 2362 Ca-

907 2383 968 2418 pyis
984 2391 1049 2411 vero
1065 2383 1194 2418 Capetum
1210 2382 1295 2411 fuisse
1310 2383 1386 2410 aiunt
1401 2402 1409 2415 ,
1429 2387 1456 2410 et
1475 2382 1568 2416 Capeti
1589 2381 1696 2408 Tiberi-

906 2436 983 2461 num,
1007 2429 1088 2463 lmjus
1116 2436 1223 2456 rursum
1250 2428 1411 2464 Agrippam,
1443 2427 1521 2462 cujus
1548 2425 1694 2453 Romulum

908 2475 993 2501 ﬁliutn
1014 2474 1116 2507 ferunt,
1134 2474 1244 2501 hilmine
1261 2474 1410 2506 sublatum,
1427 2474 1522 2501 relicto
1541 2473 1595 2499 ﬁlio
1605 2473 1695 2498 Aven-

907 2520 976 2552 tino,
994 2528 1026 2547 ex
1041 2528 1095 2555 quo
1110 2520 1220 2547 Procas.
1239 2519 1319 2548 Hisce
1342 2520 1468 2547 omnibus
1491 2518 1574 2554 Sylvii
1591 2525 1695 2545 memo-

910 2571 972 2593 rant
981 2567 1103 2593 additum
1114 2571 1334 2602 cognomentum.
1343 2565 1435 2592 Proca;
1447 2565 1500 2591 duo
1513 2568 1592 2590 erant
1601 2563 1696 2594 liberi;

905 2616 969 2638 natu
997 2612 1083 2647 major
1103 2611 1232 2640 Nemetor
1253 2611 1304 2647 (6),
1329 2611 1418 2638 minor
1445 2610 1570 2638 Amulius
1596 2609 1694 2636 dictus.

714 2665 830 2693 VARI/l5
852 2665 1054 2695 LECTIONES.

102 2716 110 2731 ¹
124 2715 221 2742 ἔπειτα
238 2714 266 2740 δὲ
280 2713 316 2740 τὰ
339 2723 369 2746 ς.

69 2752 144 2777 omisi
163 2752 206 2778 τέ.

71 2829 101 2852 ς.
139 2821 159 2837 ¹³
189 2820 317 2855 ἀγρόπαν
330 2821 364 2847 A.
405 2819 427 2835 "
439 2819 515 2846 τόνδε
537 2820 557 2846 Α
578 2818 649 2845 ςτὸν
665 2827 695 2850 ς.

421 2714 432 2730 ²
447 2713 607 2740 Ἀντωνῖνον
627 2711 677 2738 καὶ
694 2711 736 2738 ὅτι
752 2712 824 2738 κατὰ
839 2711 955 2746 Ἀϐριον
966 2713 1042 2739 καίσ.
1064 2722 1109 2745 ς.’
1134 2713 1144 2728 ³
1173 2713 1322 2740 συνέπεσον
1336 2721 1366 2745 ς.

245 2749 257 2765 ⁵
271 2748 359 2782 λόγων
376 2749 433 2775 δντι
445 2757 477 2781 ς.
509 2749 521 2764 θ
538 2747 691 2782 Ῥωμαίους
701 2755 730 2779 ς.
760 2747 770 2762 ⁷
788 2747 896 2781 ἤκμαζε
910 2747 944 2775 Α.
973 2748 984 2763 ⁸
1001 2749 1130 2775 κατέπλει
1140 2749 1172 2775 Λ.
1193 2749 1203 2764 ⁹
1218 2749 1311 2775 δίδωσι
1323 2747 1532 2782 γῆν-σταδίων
1558 2747 1647 2782 τριῷνΔ
1662 2753 1692 2776 ς.

70 2785 91 2801 ’⁸
107 2787 181 2813 πόλιν
197 2793 225 2811 τε
246 2784 338 2811 ἔκτισε
354 2799 389 2804 —
403 2783 531 2817 γυναικὸς
543 2783 681 2814 λαουῖνίας
697 2782 833 2809 λαουϊνιον
851 2791 881 2814 ς.

71 2829 101 2849 ς.
139 2821 159 2837 ¹³
189 2820 317 2849 ἀγοόπαν
330 2821 364 2847 A.
405 2819 427 2835 "
439 2819 515 2846 τόνδε
537 2820 557 2846 Α
578 2827 585 2845 :
601 2818 649 2845 τὸν
665 2827 695 2849 ς.
734 2817 756 2833 ¹⁸
773 2817 824 2844 υἱώ
841 2826 871 2849 ς.

1408 2713 1419 2728 ⁸
1430 2717 1493 2751 ante
1508 2719 1579 2746 φημι
1593 2718 1652 2751 cum
1672 2710 1691 2736 A

933 2784 954 2799 “
969 2783 1070 2810 οίκισιν
1085 2783 1253 2812 lltcschelius
1268 2793 1275 2811 :
1289 2779 1484 2819 ιιὺτῖοῖκησιν.
1532 2782 1554 2797 ¹¹
1568 2779 1692 2812 συλούῖος

806 2861 922 2890 NOTAE.

104 2913 140 2949 (5)
152 2913 224 2950 Lego
237 2912 434 2949 τετρακοσίων.

949 2908 986 2945 (6)
1004 2907 1087 2944 Vulgo
1101 2907 1236 2935 Numitor.
