1918 3086
197 161 248 194 103

761 163 893 194 ΡΗΟΤΙῙ
911 162 1165 193 ΡΛΤΒΙΑΒΕΗΑΞ
1183 161 1237 191 CP.

1776 160 1830 191 104

196 220 265 248 Cum
292 219 380 255 major
396 226 461 248 natu
481 220 567 256 patris
582 225 674 249 morte
695 228 809 257 regnum
830 222 988 249 hiercditate

1055 221 1191 256 ίεμέτωρ,
1207 219 1338 255 νεώτερος
1350 219 1380 245 δὲ
1401 217 1552 254 Ἀμούλιος.
1575 217 1711 249 Auﬁdum;
1730 217 1758 244 δὲ
1779 216 1832 244 τοῦ

197 266 375 300 suscepisset,
393 267 487 301 junior
498 267 523 294 vi
548 271 576 294 et
589 274 637 302 per
653 266 730 294 nefas
748 266 786 294 illi
808 266 920 298 ademit,
935 266 987 293 fra-

199 312 304 346 trisque
317 311 401 339 ﬁliuni
415 312 544 347 Egestum
563 313 685 344 sustulit,
705 312 787 339 ﬁliani
801 319 867 340 vero
883 311 987 339 Rheam

199 356 318 391 Sylviam
334 357 514 402 sacerdotem,
533 365 567 385 ne
587 366 639 393 qua
660 358 806 385 liberorum
829 366 890 391 spes
903 362 987 390 esset,

199 401 274 429 fecit.
289 402 322 429 Et
337 401 509 430 Nemetorem
532 405 654 438 quidem,
675 403 744 438 17a
759 403 820 430 licet
834 402 919 430 frater
927 403 989 429 vitae

199 447 387 481 insidiaretur,
406 456 509 476 ntorum
540 450 666 483 comitas,
692 449 830 483 multaque
857 449 988 476 modestia

201 494 322 528 periculo
338 494 458 521 exemit:
478 500 506 522 at
519 494 635 528 Rheam,
647 497 718 530 quod
731 499 823 522 contra
845 495 990 522 sacerdotii

200 539 287 574 legem
325 541 490 574 peperisset,
518 542 652 574 Amulius,
679 546 708 568 ut
729 542 846 576 puniret,
870 549 992 575 compre-

200 585 315 617 hendit,
334 587 403 613 duos
428 594 492 613 vero
519 587 587 614 ﬁlios
612 595 646 614 ex
666 595 696 614 ea
718 593 796 615 natos
817 588 843 615 in
872 588 990 614 vicinum

200 628 323 663 ﬂuvium,
346 631 388 658 cui
407 631 514 658 Tiberis
534 640 631 659 nomen
648 638 702 666 est,
717 632 926 667 praecipitandos
944 641 992 667 pa-

203 677 325 703 storibus
342 678 462 705 tradidit.
485 678 644 706 Liberorum
655 687 752 706 nomen
769 678 882 710 Romus,
896 683 923 706 et
939 679 994 706 Ro-

202 721 291 749 tttulus
303 722 354 757 (7),
371 723 406 750 ab
425 724 510 751 {Enen
536 732 584 758 per
601 730 716 751 matrem
737 732 823 760 genus
842 725 991 752 trahentes.

203 766 341 795 lttcertum
364 770 437 796 enim
463 775 604 804 parentem
627 770 766 804 detestati,
788 769 884 798 Aineaa
908 771 994 806 magis

203 814 314 842 nomine
326 815 523 849 gloriabantur.

241 859 408 895 Auspicatur
419 869 494 897 ergo,
509 862 549 890 uti
560 862 840 896 diximus,historiam
855 861 994 895 abEnea,

1037 268 1223 304 πρεσϐυτέρου
1231 267 1307 302 παρὰ
1314 265 1363 293 τοῦ
1373 266 1476 301 πατρὸς
1482 264 1663 297 τελευτῶντος
1670 264 1719 300 τὴν
1728 263 1830 300 ἀρχὴν,

1037 315 1051 340 ὁ
1068 313 1198 348 νεώτερος
1212 312 1291 348 ὕϐρει
1305 312 1352 339 καὶ
1369 311 1415 347 βίᾳ
1427 311 1562 346 κατέσχεν
1577 309 1756 346 ἀφελόμενος.
1771 309 1832 337 Καὶ

1039 360 1083 387 τὸν
1100 359 1149 395 μὲν
1159 358 1168 395 Ῐ
1177 359 1214 386 24
1224 358 1277 395 Η.]
1291 358 1373 385 παῖδα
1384 357 1432 384 τοῦ
1444 357 1558 391 ἀδελφοῦ
1571 357 1703 390 Ἐγεστον
1715 356 1831 385 κτείνει.

1039 407 1088 441 τὴν
1106 406 1242 441 θυγατέρα
1256 405 1285 431 δὲ
1298 405 1377 431 Ῥέαν
1390 404 1515 431 Σιλουίαν
1524 404 1546 420 ¹⁸
1558 404 1675 438 ίὲρειαν,
1689 402 1732 429 ἵνα
1745 402 1833 433 ἄπαις

1039 450 1183 486 διαμείνῃ,
1209 449 1386 484 καθίστησι¹⁷
1399 456 1406 464 ·
1425 448 1471 474 τὸν
1493 448 1584 483 μέντοι
1613 447 1757 482 Νεμέτορα
1779 446 1834 480 τῆς

1041 497 1080 528 είς
1090 497 1121 522 τὸ
1136 496 1216 531 σῶμα
1236 495 1384 530 ἐπιϐουλῆς
1393 495 1439 530 ’⁸η
1450 494 1503 521 τῶν
1517 494 1590 529 ἠθῶν
1603 493 1731 526 ὲξείλκε¹⁶
1742 492 1832 527 πραό-

1041 552 1090 579 της
1104 544 1152 569 xut
1165 544 1182 578 ἡ
1199 543 1283 578 πολλὴ
1296 543 1440 569 ἐπιείκεια.
1449 541 1521 567 Ἀλλ’
1534 542 1551 577 ἡ
1565 541 1673 567 Σιλουία
1682 541 1745 567 Exue
1755 540 1835 576 παρὰ

1042 590 1087 616 τὸν
1107 589 1188 624 νόμον
1200 608 1208 621 ,
1222 589 1269 615 καὶ
1283 589 1333 624 τὴν
1353 589 1402 623 μὲν
1418 588 1560 623 Ἀμούλιος
1579 587 1626 614 ἐπὶ
1643 586 1753 614 κολάσει
1769 594 1836 612 συν-

1043 634 1179 670 ελάμϐανε
1190 655 1198 667 ,
1212 634 1260 661 δύο
1277 634 1304 660 δὲ
1329 634 1428 665 παῖδας
1446 634 1478 660 ὲκ
1495 634 1575 669 τῆσδε
1594 633 1758 669 γενομένους
1773 641 1837 659 ποι-

1045 680 1123 715 μέσιν
1143 680 1244 707 ἔδωκεν
1254 701 1261 713 ,
1274 681 1313 711 είς
1328 680 1373 706 τὸν
1387 680 1501 715 πλησίον
1523 679 1645 714 ποταμὸν
1657 679 1787 714 ἐμϐαλεῖν
1799 679 1837 705 τὰ

1045 726 1133 762 βρέφη
1146 736 1152 742 ·
1164 726 1266 762 Θύϐρις
1278 724 1312 762 ἦν
1324 726 1410 761 ὄνομα
1422 726 1462 761 τῷ
1473 725 1589 761 ποταμῷ
1599 746 1606 758 ,
1625 726 1730 760 Ῥῶμος
1742 725 1770 752 δὲ
1786 725 1838 751 καὶ

1050 771 1226 806 Ῥωμύλοςλοὶ
1242 771 1351 803 παῖδες,
1371 771 1400 804 ἐξ
1415 772 1522 798 Ᾱίνείου
1539 771 1669 803 ἕλκοντες
1698 770 1838 806 μητρόθεν

1045 818 1076 845 τὺ
1090 818 1170 851 γένος
1183 826 1191 834 ο
1206 817 1237 844 τὸ
1253 817 1308 854 γὰρ
1323 817 1371 845 τοῦ
1387 818 1485 853 φύντος
1495 817 1518 833 ¹⁰
1534 817 1632 853 ἄδηλον
1640 817 1675 843 ¹¹.

1083 863 1213 898 Ἀρχεται
1233 863 1282 898 μὲν
1300 861 1358 895 οὖν,
1374 862 1411 894 ὡς
1432 862 1552 898 εἴρηται,
1573 863 1589 898 ἠ
1605 861 1709 897 ίστορία
1728 861 1757 888 ἐν
1777 862 1841 888 ²επι-

204 906 294 934 obiter
312 907 344 934 ad
361 908 409 934 hos
427 915 513 942 usque
528 915 700 942 progressus,
713 909 759 935 sed
769 916 783 935 a
796 907 911 935 Romulo
920 909 995 935 urbis

1055 910 1133 945 ῖρομῇ
1146 909 1201 936 ἀπὸ
1215 908 1320 935 Λίνείου
1337 909 1402 944 ἄχρι
1412 908 1467 935 τῶν
1480 908 1593 934 παίδων·
1609 907 1664 934 ἀπὸ
1679 907 1708 933 δὲ
1726 907 1840 942 Ῥωμύ-

204 952 348 980 conditore
371 959 498 981 accurate
516 955 620 989 singula
639 959 808 989 persecutus,
823 954 946 989 perducit
961 954 995 981 ad

205 1000 369 1034 Augustum,
387 1001 451 1033 imo,
471 1002 586 1035 sparsitn
601 1001 709 1035 saltem,
723 1007 751 1029 et
771 1002 797 1029 in
822 1006 995 1035 transcursu,

205 1053 292 1081 usque
307 1046 340 1073 ad
352 1045 514 1081 Trajanutn.

242 1091 381 1126 Appianus
393 1093 437 1120 hic
447 1100 547 1127 genere
560 1093 761 1121 Alexandrinus
776 1093 837 1126 fuit,
851 1093 998 1129 Romaaun

206 1137 284 1164 ittitio
296 1146 393 1165 causas
403 1139 458 1173 egit
476 1147 482 1165 :
501 1146 562 1165 mox
578 1139 677 1173 dignus
696 1140 804 1166 habitus
819 1139 866 1173 qui
884 1139 1000 1173 impera-

210 1185 300 1208 torum
318 1182 428 1208 nomine
445 1182 841 1216 provinciamadministraret.
861 1181 952 1217 Stylus
962 1181 999 1207 illi

208 1227 309 1259 tenuis,
323 1235 354 1254 ac
366 1228 481 1254 minime
500 1228 673 1255 redundans:
691 1229 738 1255 sed
752 1228 891 1254 historiam
912 1227 1000 1261 quoad

208 1274 267 1309 ejus
281 1273 339 1300 ﬁeri
357 1278 456 1308 potest,
469 1280 562 1300 veram
574 1274 689 1304 texit,ct
703 1273 829 1300 militaris
838 1273 1000 1306 disciplinae,

211 1322 234 1348 si
246 1321 308 1355 quis
324 1320 403 1351 alius,
425 1325 570 1347 enarrator
593 1325 644 1347 est.
660 1320 788 1346 Gratiane
810 1319 930 1354 deje'ctos
952 1318 1002 1345 mi-

209 1367 286 1394 litnttt
304 1367 409 1393 animos
420 1368 537 1401 erigere,
556 1371 582 1392 et
603 1365 774 1393 ardentiores
787 1365 922 1400 mitigare,
941 1364 1003 1391 ail'e—

211 1419 326 1448 ctusqne
343 1413 506 1446 exprimere,
526 1419 558 1439 ac
572 1412 594 1439 si
611 1413 675 1446 quid
685 1411 755 1439 aliud
774 1411 874 1438 imitari
888 1411 1002 1437 dicendo

211 1459 286 1492 licet,
297 1459 399 1494 optime
410 1459 496 1486 novit.
507 1457 610 1485 Floruit
619 1464 709 1485 autettt
724 1457 835 1493 Traiani
851 1462 878 1484 et
888 1456 1002 1483 Adriatti

212 1506 392 1540 temporibus.

560 1551 651 1578 LVlll.

322 1599 428 1625 Arriani
447 1598 587 1630 Parthica,
606 1598 759 1633 Bitltynica,
776 1602 799 1623 et
813 1596 878 1623 alia.

251 1644 326 1671 Lecti
344 1645 527 1671 suutArriani
544 1644 582 1680 (8)
601 1644 786 1670 Parthicarum
803 1643 862 1670 libri
884 1646 1005 1677 septem-

216 1691 318 1718 decim.
350 1690 398 1717 Hic
429 1692 494 1717 item
522 1691 641 1717 omnium
661 1690 762 1725 optitne
787 1697 828 1716 res
855 1694 945 1723 gestas
968 1687 1006 1721 (9)

219 1736 366 1763 Alexandri
386 1736 458 1771 regis
475 1736 655 1763 Macedonum
670 1736 843 1769 conscripsit.
856 1735 934 1761 Aliud
944 1735 1006 1761 item

217 1789 286 1816 opus
305 1783 329 1809 in
344 1783 458 1817 gratiam
485 1782 618 1817 Bithyniae
638 1783 733 1816 patriae
749 1782 824 1816 (hinc
838 1781 911 1808 enim
929 1785 1008 1807 natus

218 1830 272 1862 est)
288 1829 452 1863 composuit,
467 1829 668 1864 Bithynirarum
688 1829 776 1856 titulo.
799 1829 926 1856 Ediderat
937 1829 1008 1856 etab

219 1875 396 1909 Alanisgesla
410 1884 417 1908 ;
432 1883 511 1910 quem
531 1876 628 1902 librum
651 1875 790 1902 Alanicam
815 1875 965 1910 inseripsit.
981 1873 1010 1900 lit

220 1921 309 1956 primo
325 1921 371 1948 illo
383 1928 464 1956 opere
482 1922 551 1949 bella
570 1930 583 1948 a
607 1921 716 1948 Parthis
736 1927 763 1949 et
784 1922 914 1949 Romanis
937 1927 1011 1956 gesta

221 1967 316 1999 refert.
334 1969 415 1995 ductu
438 1972 519 2002 atque
542 1969 670 2003 auspiciis
686 1968 796 2004 Trajani
823 1968 1007 2003 imperatoris.

220 2014 285 2042 Vult
299 2014 414 2042 Parthos
435 2023 449 2041 a
472 2014 582 2050 Scythis
602 2015 736 2050 originem
752 2016 868 2042 ducsre:
886 2013 1013 2042 Macedo-

222 2069 286 2088 num
297 2067 388 2088 autem
405 2062 550 2096 imperium
569 2063 733 2094 excussisse,
756 2069 816 2089 cuttt
835 2062 938 2096 pridem
953 2069 1013 2088 ser-

222 2108 337 2135 vitutem
358 2108 535 2141 serviissent,
551 2107 642 2135 Persis
664 2115 716 2134 tina
737 2108 944 2140 rebellantibus,
964 2108 1015 2134 hac

227 2154 397 2188 potissimum
415 2154 448 2181 de
475 2162 566 2182 causa.
579 2155 696 2181 Arsaces
718 2158 745 2180 et
762 2152 902 2181 Teridates
916 2153 1015 2180 fratres

222 2204 300 2226 erant
320 2199 467 2232 Arsacidze,
495 2207 528 2226 ex
551 2199 606 2226 ﬁlio
628 2200 738 2226 Arsaczc
755 2199 895 2233 Phriapita
920 2199 1013 2234 geniti.

223 2243 257 2272 Hi
270 2244 428 2272 Phereclem
444 2246 477 2272 ab
489 2246 623 2272 Antiocho
635 2253 696 2281 rege
709 2244 800 2281 (quem
819 2245 898 2272 deutn
913 2253 1014 2280 cogno-
1029 2249 1052 2276 ι)
1067 2242 1126 2269 νὶοὖ

222 2290 503 2325 uitentoappellahaut)
514 2290 574 2324 ejus
583 2298 638 2317 ora:
652 2290 800 2325 Satrupam
819 2290 1011 2322 constitutum,

220 2337 297 2372 quod
314 2336 400 2363 altero
414 2336 532 2363 fratrum
548 2337 623 2364 abuti
641 2345 689 2372 per
705 2337 758 2363 \‘illl
771 2335 843 2363 foede
860 2341 1016 2370 conaretur,

222 2383 416 2410 contumeliam
440 2391 493 2410 non
519 2382 649 2415 ferentes,
678 2389 830 2415 necarunt;
860 2382 928 2417 17b
951 2390 1017 2409 con-

226 2429 294 2456 sciis
302 2429 384 2456 etiam
398 2428 462 2456 aliis
470 2427 722 2464 quinque.Gentem
736 2431 827 2464 itaque
838 2428 1014 2456 Macedonum

224 2474 368 2509 pellentes,
384 2474 526 2510 imperium
551 2475 601 2510 ipsi
625 2476 812 2509 abripuerunt,
836 2482 1016 2510 magnamque

1046 954 1092 981 λου
1115 955 1162 981 τοῦ
1189 954 1310 981 οἰκιστοῦ
1328 954 1506 990 λεπτομερῶς
1529 954 1638 980 ἅπαντα
1661 952 1796 986 διεξιοῦσα
1809 952 1835 968 ¹¹

1047 1001 1154 1028 κάτεισι
1171 1000 1252 1036 μέχρι
1268 1000 1314 1027 τοῦ
1338 999 1476 1027 Σεϐαστοῦ
1496 1020 1504 1032 ,
1532 999 1671 1035 σποράδην
1687 999 1715 1025 δὲ
1746 999 1794 1025 καὶ
1809 999 1842 1031 ἐξ

1047 1046 1197 1081 ἐπιδρομῆς
1213 1045 1261 1072 καὶ
1273 1046 1325 1077 ἓως
1337 1044 1484 1081 Τραϊανοῦ.

1085 1089 1170 1124 οὗτος
1184 1092 1212 1119 δὲ
1229 1093 1243 1118 ὁ
1265 1092 1413 1124 Ἀππιανδς
1433 1092 1465 1118 τὸ
1487 1092 1537 1127 μὲν
1552 1092 1630 1126 γένος
1648 1089 1683 1127 ἦν
1713 1090 1844 1124 ’Λλεεαν-

1048 1136 1139 1172 δρεὺς,
1164 1137 1192 1163 ἐν
1214 1136 1310 1172 Ῥώμῃ
1327 1137 1354 1163 δὲ
1380 1137 1414 1163 τὰ
1439 1137 1537 1172 πρῶτα
1563 1137 1652 1167 δίκαις
1683 1136 1842 1171 συνηγόρει,

1051 1183 1145 1210 ἔπειτα
1161 1183 1190 1210 δὲ
1203 1184 1250 1210 καὶ
1268 1183 1399 1219 βασιλέων
1419 1182 1611 1218 ἐπιτροπεύειν
1627 1182 1740 1217 ἠξιώθη.
1760 1183 1843 1208 Ἐστι

1050 1228 1079 1254 δὲ
1093 1228 1142 1263 τὴν
1161 1228 1261 1263 φράσιν
1276 1228 1422 1263 ἀπέριττος
1441 1228 1488 1254 καὶ
1505 1228 1587 1263 ίχνδς,
1603 1229 1653 1264 τὴν
1667 1228 1695 1254 δὲ
1708 1229 1841 1262 ἱστορίαν,

1051 1274 1089 1305 ὡς
1105 1271 1160 1301 οἷόν
1175 1274 1199 1300 τ’
1212 1274 1282 1306 ἐστὶ,
1295 1274 1456 1310 φιλαλήθης,
1474 1275 1521 1301 καὶ
1534 1274 1725 1309 στρατηγικῶν
1735 1274 1779 1300 διὰ
1791 1273 1842 1307 τῆς

1053 1320 1175 1356 ἱστορίας
1193 1319 1331 1355 μεθόδων,
1352 1321 1376 1346 εἰ
1396 1321 1442 1346 καί
1462 1320 1485 1335 ¹³
1505 1329 1547 1351 τις
1566 1320 1661 1352 ἄλλος,
1689 1320 1842 1355 ὑποφήτης,

1053 1367 1154 1402 ὲπᾶραί
1165 1375 1194 1392 τε
1217 1367 1306 1400 λόγοις
1321 1367 1555 1400 τεταπεινωμένον
1574 1367 1702 1401 φρόνημα
1726 1365 1843 1401 στρατοῦ

1054 1414 1101 1440 καὶ
1117 1413 1281 1448 διαπραῦναι
1298 1413 1465 1448 φλεγμαῖνον
1485 1414 1534 1440 καὶ
1548 1413 1634 1444 πάθος
1658 1412 1778 1442 δηλῶσαι
1795 1411 1844 1437 καὶ

1055 1459 1114 1486 είτι
1133 1459 1197 1486 ἄλλο
1211 1459 1300 1493 λόγοις
1316 1459 1523 1494 ἐκμιμήσασθαι
1537 1459 1658 1494 ἄριστος.
1673 1458 1800 1494 Ἤκμασε
1815 1457 1845 1484 δὲ

1056 1506 1085 1531 ὲν
1095 1506 1151 1536 τοῖς
1163 1505 1271 1540 χρόνοις
1286 1505 1307 1531 Τ
1311 1505 1421 1540 ραῖανοῦ
1435 1505 1483 1532 καὶ
1503 1504 1653 1540 Ἀδριανοῦ.

1422 1550 1489 1579 NH'.

1294 1598 1449 1632 Ἀρῤιανοῦ
1473 1596 1614 1632 Παρθικὰ.

1097 1643 1267 1680 Ἀνεγνώσθη
1291 1644 1434 1681 Ἀρριανοῦ
1455 1645 1588 1678 Παρθικὰ
1604 1644 1632 1670 ὲν
1661 1643 1772 1678 βιϐλίοις
1801 1641 1847 1675 ιζ’.

1059 1686 1136 1720 οὗτος
1154 1690 1181 1715 δὲ
1207 1690 1350 1716 συντάττει
1385 1691 1495 1716 πάντων
1523 1690 1635 1725 ἄμεινον
1650 1690 1697 1716 καὶ
1726 1689 1759 1715 τὰ
1776 1690 1850 1715 κατὰ

1065 1735 1239 1771 Ἀλέξανδρον
1255 1735 1301 1762 τὸν
1312 1735 1453 1762 Μακεδόνα
1464 1756 1471 1768 ,
1489 1736 1528 1762 ἔτι
1548 1735 1576 1762 δὲ
1591 1735 1639 1761 καὶ
1653 1735 1737 1770 ἄλλην
1757 1743 1850 1769 πραγ-

1062 1782 1187 1817 ματείαν,
1203 1782 1238 1808 τὰ
1257 1783 1361 1817 πάτρια
1377 1782 1426 1815 τῆς
1447 1781 1585 1814 Βιθυνίας,
1602 1781 1631 1814 ἐξ
1646 1779 1679 1817 ἧς
1699 1781 1746 1807 καὶ
1768 1781 1851 1811 αὐτὸς

1061 1829 1123 1863 ἔφυ,
1142 1829 1297 1863 ἐπιγράψας
1315 1829 1345 1854 τὸ
1360 1828 1461 1863 βιϐλίον
1479 1828 1651 1855 Βιθυνιακά·
1662 1828 1852 1863 συγγράφετπι

1060 1874 1089 1901 δὲ
1109 1874 1203 1901 καὶτὰ
1219 1875 1290 1900 κατᾶ
1312 1874 1449 1905 Ἀλανοὺς,
1464 1874 1496 1908 ἢν
1517 1873 1672 1908 ἐπέγραψεν
1681 1872 1851 1905 ’Λιλαι-ιικήν.

1062 1919 1205 1954 Διέρχεται
1222 1919 1250 1946 δὲ
1266 1921 1294 1946 ὲν
1308 1919 1395 1955 ταύτῃ
1406 1919 1428 1935 ’⁵
1446 1921 1478 1955 τῇ
1495 1920 1672 1955 πραγματείᾳ
1692 1919 1754 1950 τοὺς
1769 1919 1852 1945 πολέ-

1065 1975 1142 2001 μους,
1160 1966 1208 1997 οὒς
1236 1966 1410 2001 ἐπολέμησαν
1428 1966 1560 2002 Ῥωμαῖοι
1583 1966 1631 1993 καὶ
1657 1966 1760 2000 Πάρθοι
1783 1966 1853 1991 Ῥω-

1066 2013 1152 2048 μαίων
1175 2013 1379 2048 αὐτοκράτορος
1400 2013 1477 2044 Βντος
1499 2012 1647 2048 Τραϊανοῦ.
1673 2013 1741 2047 Φησὶ
1759 2012 1789 2039 δὲ
1822 2011 1853 2037 τὺ

1066 2059 1183 2094 Πάρθων
1207 2059 1285 2093 γένος
1312 2058 1466 2090 Σκυθικὸν,
1494 2058 1648 2093 ἀποστῆναι
1676 2056 1705 2083 δὲ
1720 2057 1770 2091 τῆς
1798 2055 1854 2083 τῶν

1064 2103 1228 2131 Μακεδόνων
1257 2104 1452 2140 ἐπικρατείας,
1472 2103 1530 2138 ἅμα
1558 2103 1673 2139 Περσῶν
1700 2110 1857 2137 καταστραι

1067 2151 1171 2184 φέντων
1189 2150 1274 2178 πάλαι
1288 2150 1432 2183 δουλωθέν,
1447 2150 1481 2176 δι’
1494 2150 1584 2177 αἰτίαν
1599 2150 1737 2185 τοιαύτην.
1759 2149 1858 2184 Ἀρσά-

1067 2205 1119 2231 κης
1130 2196 1179 2223 καὶ
1202 2196 1358 2232 Τηριδάτης
1374 2197 1460 2231 ἧστην
1482 2195 1589 2230 ἀδελφὼ
1613 2195 1786 2231 Ἀρσακίδαι,
1810 2194 1858 2221 τοῦ

1176 2243 1311 2279 Ἀρσάκου
1340 2242 1388 2269 τοῦ
1421 2242 1571 2277 Φριαπίτου
1601 2242 1740 2276 ἀπόγονοι.
1778 2238 1860 2268 υῦτοι

1065 2289 1203 2325 Φερεκλέα
1226 2289 1272 2315 τὸν
1290 2289 1341 2315 ὑπὸ
1370 2289 1394 2305 ’⁵
1416 2289 1555 2324 Ἀντιόχου
1571 2288 1618 2314 τοῦ
1640 2287 1772 2322 βασιλέως
1786 2286 1861 2322 (θεὸν

1067 2337 1148 2364 αὐτὸν
1165 2336 1282 2370 ἐπίκλην
1294 2335 1459 2371 ὠνόμαζον),
1476 2335 1521 2372 [55
1537 2334 1582 2370 3.]
1599 2335 1657 2362 ἀλλ’
1668 2334 1695 2361 οἴ
1705 2342 1737 2369 γε
1761 2334 1863 2369 Ἀρσα-

1067 2383 1138 2410 κίδαι
1163 2383 1209 2408 τὸν
1232 2382 1285 2408 ὐπδ
1310 2382 1446 2417 Ἀντιόχου
1474 2381 1618 2417 σατράπην
1643 2380 1734 2407 αὐτῶν
1758 2379 1781 2396 ⁸⁸
1810 2380 1862 2413 τῆς

1067 2430 1160 2465 χώρας
1175 2429 1350 2456 καταστάντα
1369 2428 1508 2464 Φερεκλέα
1519 2449 1526 2460 ,
1543 2429 1604 2454 ἐπεὶ
1616 2428 1660 2454 τὸν
1681 2427 1774 2462 ἕτερον
1806 2427 1862 2452 τῶν

1069 2476 1192 2510 ἀδελφῶν
1213 2475 1343 2512 ἐπείρασε
1368 2475 1552 2511 βιασάμενος,
1566 2475 1617 2501 οὐκ
1630 2474 1788 2508 ἐνεγκόντες
1810 2472 1862 2507 τὴν

886 2532 927 2561 VA
933 2533 1000 2560 “le
1018 2532 1219 2561 LECTIONES.

262 2582 284 2598 “
298 2582 426 2617 σερουῖαν
441 2590 484 2609 στ.
523 2582 545 2600 ¹⁷
560 2581 705 2616 καθίστησι
719 2582 766 2608 καὶ
779 2582 825 2609 τὸν
839 2590 880 2609 στ.
920 2582 941 2617 ¹ν⁸
958 2583 1038 2617 σῶμα
1052 2581 1100 2609 τοῦ
1112 2581 1231 2616 ἀδελφοῦ
1242 2581 1388 2617 ἐπιϐουλῆς
1404 2589 1446 2608 στ.
1485 2581 1508 2597 ¹⁹
1524 2579 1609 2612 ἐξεῖλε
1622 2579 1750 2617 i9rf_.__A._
1776 2579 1799 2594 ‘°

227 2614 620 2652 trav-ro;'Scltweigbieuserus.
638 2614 685 2644 scil
699 2622 726 2652 et
740 2617 810 2643 infra
824 2625 849 2650 p.
866 2617 887 2643 ιι
904 2616 967 2648 680,
980 2614 1012 2644 31
1043 2617 1106 2649 τοὺς
1122 2614 1226 2652 φύντας
1244 2618 1284 2648 εἰς
1300 2614 1371 2648 τοὺς
1386 2617 1538 2651 φυομένους
1552 2622 1577 2652 et
1595 2624 1627 2652 7p.
1644 2614 1725 2652 1052,
1738 2614 1754 2640 ιι
1777 2616 1824 2652 καῇ
1849 2615 1864 2640 ὁ

226 2653 293 2682 παῖς
309 2653 356 2679 καὶ
370 2649 511 2688 όφὺςῖνοί.
539 2660 582 2688 p._
597 2652 660 2685 i65,
678 2650 721 2679 tﬁ.
742 2652 811 2688 >133,
826 2649 871 2680 55.
887 2652 952 2688 6l5,
968 2652 1013 2688 57.
1051 2652 1072 2668 ¹¹
1088 2649 1149 2687 post
1163 2653 1260 2688 ἄδηλον
1276 2659 1337 2685 quae
1349 2649 1760 2688 οιιιίοὺέιιιιιπ,βδελυττόμενον
1770 2649 1862 2688 satiati:

228 2687 333 2724 μᾶλλον
349 2685 556 2722 ἐγκαυχώμενοι
569 2685 650 2724 ἦσαν,
664 2696 719 2715 out.
733 2686 812 2715 ΔΘΕ.

228 2723 253 2738 ¹⁴
265 2723 354 2750 αὐτῶν
365 2723 387 2749 Α
400 2730 408 2750 :
426 2723 510 2759 αὐτῆς
525 2731 567 2750 στ.

863 2688 885 2704 ¹¹
897 2686 1034 2720 διεξιοῦσα
1047 2687 1094 2714 καὶ
1111 2689 1173 2715 κάτ.
1190 2686 1224 2716 Α.

1277 2684 1301 2703 π
1314 2687 1362 2714 καί
1381 2687 1446 2715 add.
1462 2687 1493 2714 Β.
1535 2684 1560 2702 ³⁵
1573 2686 1642 2721 αὐτῇ
1658 2686 1692 2713 Δ.
1730 2685 1752 2701 ¹⁸
1763 2684 1819 2711 ἀπὸ
1829 2687 1863 2711 Δ.

1014 2778 1133 2808 ΝΟΤΑΕ.

272 2825 311 2859 (7)
330 2824 416 2859 Vulgo
432 2824 539 2853 Remus.

230 2895 236 2901 Ι
266 2861 305 2901 (t3)
320 2859 554 2901 Sicutttediensetn
571 2860 637 2890 facit
651 2860 722 2890 hunc
739 2861 900 2897 scriptorem
918 2860 1018 2889 Suidas

229 2896 258 2923 in
275 2896 402 2927 Arriano,
415 2904 494 2930 quem
508 2896 574 2931 lege.

1112 2826 1150 2862 (9)
1165 2825 1255 2854 Libris
1269 2834 1329 2859 vni,
1342 2826 1386 2861 qui
1405 2825 1541 2862 hodieque
1554 2830 1673 2862 exstant.
1687 2824 1866 2862 Octatjttsta-

1074 2859 1294 2924 meiu'vp'eculiari
1317 2859 1394 2890 titulo
1413 2859 1509 2888 Iudici:
1535 2861 1705 2889 inscribitur.
1725 2859 1790 2887 Vide
1813 2859 1864 2887 inf.

1073 2905 1104 2924 co
1128 2916 1133 2923 .
1189 2917 1196 2925 .
