  <div class='ocr_page' id='page_1' title='image "/cluster/home/n/w/nwhite01/storage/ocr_20150623/103/njp.32101010943882/099.png"; bbox 0 0 1918 3086; ppageno 0'>
   <div class='ocr_carea' id='block_1_1' title="bbox 224 131 274 164">
    <p class='ocr_par' dir='ltr' id='par_1_1' title="bbox 224 131 274 164">
     <span class='ocr_line' id='line_1_1' title="bbox 224 131 274 164; baseline 0.02 -1"><span class='ocrx_word' id='word_1_1' title='bbox 224 131 274 164; x_wconf 84' lang='grc'><strong>107</strong></span> 
     </span>
    </p>
   </div>
   <div class='ocr_carea' id='block_1_2' title="bbox 796 131 1278 162">
    <p class='ocr_par' dir='ltr' id='par_1_2' title="bbox 796 131 1278 162">
     <span class='ocr_line' id='line_1_2' title="bbox 796 131 1278 162; baseline 0 -1"><span class='ocrx_word' id='word_1_2' title='bbox 796 131 930 162; x_wconf 80' lang='grc' dir='ltr'><strong>ΡΗΟΤΙΙ</strong></span> <span class='ocrx_word' id='word_1_3' title='bbox 951 131 1206 161; x_wconf 63' lang='grc' dir='ltr'><strong>ΡΛΤΗΙΑΒΟΠᾸΕ</strong></span> <span class='ocrx_word' id='word_1_4' title='bbox 1223 131 1278 161; x_wconf 76' lang='lat' dir='ltr'><strong>(1P.</strong></span> 
     </span>
    </p>
   </div>
   <div class='ocr_carea' id='block_1_3' title="bbox 1812 133 1864 166">
    <p class='ocr_par' dir='ltr' id='par_1_3' title="bbox 1812 133 1864 166">
     <span class='ocr_line' id='line_1_3' title="bbox 1812 133 1864 166; baseline 0 0"><span class='ocrx_word' id='word_1_5' title='bbox 1812 133 1864 166; x_wconf 76' lang='lat'><strong>108</strong></span> 
     </span>
    </p>
   </div>
   <div class='ocr_carea' id='block_1_4' title="bbox 222 188 1015 227">
    <p class='ocr_par' dir='ltr' id='par_1_4' title="bbox 222 189 1015 224">
     <span class='ocr_line' id='line_1_4' title="bbox 222 189 1015 224; baseline -0.001 -7"><span class='ocrx_word' id='word_1_6' title='bbox 222 190 412 218; x_wconf 83' lang='lat' dir='ltr'><strong>moniacorum</strong></span> <span class='ocrx_word' id='word_1_7' title='bbox 438 196 514 218; x_wconf 90' lang='lat' dir='ltr'><strong>more</strong></span> <span class='ocrx_word' id='word_1_8' title='bbox 535 189 675 217; x_wconf 75' lang='lat' dir='ltr'><strong>astrictus.</strong></span> <span class='ocrx_word' id='word_1_9' title='bbox 697 189 833 221; x_wconf 82' lang='lat' dir='ltr'><strong>Tertium,</strong></span> <span class='ocrx_word' id='word_1_10' title='bbox 855 190 927 224; x_wconf 89' lang='lat' dir='ltr'><strong>quod</strong></span> <span class='ocrx_word' id='word_1_11' title='bbox 954 196 1015 223; x_wconf 87' lang='lat' dir='ltr'><strong>pre-</strong></span> 
     </span>
    </p>
   </div>
   <div class='ocr_carea' id='block_1_5' title="bbox 1070 188 1865 227">
    <p class='ocr_par' dir='ltr' id='par_1_5' title="bbox 1071 188 1865 227">
     <span class='ocr_line' id='line_1_5' title="bbox 1071 188 1865 227; baseline 0.008 -14"><span class='ocrx_word' id='word_1_12' title='bbox 1071 188 1218 223; x_wconf 79' lang='grc' dir='ltr'>ροφόρησε·</span> <span class='ocrx_word' id='word_1_13' title='bbox 1237 188 1340 223; x_wconf 81' lang='grc' dir='ltr'>τρίτον,</span> <span class='ocrx_word' id='word_1_14' title='bbox 1356 189 1397 215; x_wconf 82' lang='grc' dir='ltr'>ὅτι</span> <span class='ocrx_word' id='word_1_15' title='bbox 1411 189 1445 216; x_wconf 83' lang='grc' dir='ltr'>τὰ</span> <span class='ocrx_word' id='word_1_16' title='bbox 1465 190 1598 226; x_wconf 82' lang='grc' dir='ltr'>κειμήλια</span> <span class='ocrx_word' id='word_1_17' title='bbox 1619 191 1642 207; x_wconf 74' lang='grc'>³⁸</span> <span class='ocrx_word' id='word_1_18' title='bbox 1667 190 1770 227; x_wconf 84' lang='grc' dir='ltr'>πλῆθος</span> <span class='ocrx_word' id='word_1_19' title='bbox 1795 192 1865 219; x_wconf 75' lang='grc' dir='ltr'>πολὺ</span> 
     </span>
    </p>
   </div>
   <div class='ocr_carea' id='block_1_6' title="bbox 224 236 1015 272">
    <p class='ocr_par' dir='ltr' id='par_1_6' title="bbox 224 236 1015 272">
     <span class='ocr_line' id='line_1_6' title="bbox 224 236 1015 272; baseline -0.001 -8"><span class='ocrx_word' id='word_1_20' title='bbox 224 237 354 265; x_wconf 88' lang='lat' dir='ltr'><strong>tiosarum</strong></span> <span class='ocrx_word' id='word_1_21' title='bbox 375 243 466 264; x_wconf 88' lang='lat' dir='ltr'><strong>rerum</strong></span> <span class='ocrx_word' id='word_1_22' title='bbox 490 243 614 272; x_wconf 79' lang='lat' dir='ltr'><strong>niagtiam</strong></span> <span class='ocrx_word' id='word_1_23' title='bbox 628 236 683 263; x_wconf 98' lang='lat' dir='ltr'><strong>vim</strong></span> <span class='ocrx_word' id='word_1_24' title='bbox 698 236 906 263; x_wconf 88' lang='lat' dir='ltr'><strong>divendidisset.</strong></span> <span class='ocrx_word' id='word_1_25' title='bbox 926 236 1015 269; x_wconf 74' lang='lat' dir='ltr'><strong>Quar—</strong></span> 
     </span>
    </p>
   </div>
   <div class='ocr_carea' id='block_1_7' title="bbox 223 280 1016 315">
    <p class='ocr_par' dir='ltr' id='par_1_7' title="bbox 223 280 1016 315">
     <span class='ocr_line' id='line_1_7' title="bbox 223 280 1016 315; baseline -0.001 -7"><span class='ocrx_word' id='word_1_26' title='bbox 223 286 280 309; x_wconf 93' lang='lat' dir='ltr'><strong>tum</strong></span> <span class='ocrx_word' id='word_1_27' title='bbox 305 281 421 313; x_wconf 88' lang='lat' dir='ltr'><strong>crimen,</strong></span> <span class='ocrx_word' id='word_1_28' title='bbox 450 281 521 315; x_wconf 89' lang='lat' dir='ltr'><strong>quod</strong></span> <span class='ocrx_word' id='word_1_29' title='bbox 550 289 686 308; x_wconf 83' lang='lat' dir='ltr'><strong>marmora</strong></span> <span class='ocrx_word' id='word_1_30' title='bbox 711 281 741 308; x_wconf 87' lang='lat' dir='ltr'><strong>S.</strong></span> <span class='ocrx_word' id='word_1_31' title='bbox 767 280 932 313; x_wconf 64' lang='lat' dir='ltr'><strong>Anastasis},</strong></span> <span class='ocrx_word' id='word_1_32' title='bbox 956 287 1016 315; x_wconf 64' lang='lat' dir='ltr'><strong>quae</strong></span> 
     </span>
    </p>
   </div>
   <div class='ocr_carea' id='block_1_8' title="bbox 221 325 1016 354">
    <p class='ocr_par' dir='ltr' id='par_1_8' title="bbox 221 325 1016 354">
     <span class='ocr_line' id='line_1_8' title="bbox 221 325 1016 354; baseline -0.003 0"><span class='ocrx_word' id='word_1_33' title='bbox 221 327 365 354; x_wconf 83' lang='lat' dir='ltr'><strong>Nectarius</strong></span> <span class='ocrx_word' id='word_1_34' title='bbox 387 326 424 353; x_wconf 84' lang='lat' dir='ltr'><strong>illi</strong></span> <span class='ocrx_word' id='word_1_35' title='bbox 448 327 572 354; x_wconf 69' lang='lat' dir='ltr'><strong>ecclesiae</strong></span> <span class='ocrx_word' id='word_1_36' title='bbox 593 327 777 354; x_wconf 83' lang='lat' dir='ltr'><strong>marmoribus</strong></span> <span class='ocrx_word' id='word_1_37' title='bbox 797 326 928 352; x_wconf 61' lang='lat' dir='ltr'><strong>ornandae</strong></span> <span class='ocrx_word' id='word_1_38' title='bbox 952 325 1016 353; x_wconf 86' lang='lat' dir='ltr'><strong>reli-</strong></span> 
     </span>
    </p>
   </div>
   <div class='ocr_carea' id='block_1_9' title="bbox 222 371 1017 407">
    <p class='ocr_par' dir='ltr' id='par_1_9' title="bbox 222 371 1017 407">
     <span class='ocr_line' id='line_1_9' title="bbox 222 371 1017 407; baseline -0.003 -8"><span class='ocrx_word' id='word_1_39' title='bbox 222 377 329 407; x_wconf 84' lang='lat' dir='ltr'><strong>querat,</strong></span> <span class='ocrx_word' id='word_1_40' title='bbox 344 371 402 406; x_wconf 82' lang='lat' dir='ltr'><strong>ipse</strong></span> <span class='ocrx_word' id='word_1_41' title='bbox 416 372 593 400; x_wconf 76' lang='lat' dir='ltr'><strong>vendidisset.</strong></span> <span class='ocrx_word' id='word_1_42' title='bbox 607 372 750 406; x_wconf 81' lang='lat' dir='ltr'><strong>Quintum,</strong></span> <span class='ocrx_word' id='word_1_43' title='bbox 770 372 842 407; x_wconf 87' lang='lat' dir='ltr'><strong>quod</strong></span> <span class='ocrx_word' id='word_1_44' title='bbox 857 378 907 406; x_wconf 90' lang='lat' dir='ltr'><strong>per</strong></span> <span class='ocrx_word' id='word_1_45' title='bbox 919 375 1017 398; x_wconf 90' lang='lat' dir='ltr'><strong>contu-</strong></span> 
     </span>
    </p>
   </div>
   <div class='ocr_carea' id='block_1_10' title="bbox 221 417 1016 454">
    <p class='ocr_par' dir='ltr' id='par_1_10' title="bbox 221 417 1016 454">
     <span class='ocr_line' id='line_1_10' title="bbox 221 417 1016 454; baseline -0.001 -9"><span class='ocrx_word' id='word_1_46' title='bbox 221 418 331 446; x_wconf 86' lang='lat' dir='ltr'><strong>meliam</strong></span> <span class='ocrx_word' id='word_1_47' title='bbox 347 418 465 454; x_wconf 87' lang='lat' dir='ltr'><strong>appellet</strong></span> <span class='ocrx_word' id='word_1_48' title='bbox 485 418 599 446; x_wconf 89' lang='lat' dir='ltr'><strong>clericos</strong></span> <span class='ocrx_word' id='word_1_49' title='bbox 612 418 691 451; x_wconf 82' lang='lat' dir='ltr'><strong>viles,</strong></span> <span class='ocrx_word' id='word_1_50' title='bbox 707 421 866 452; x_wconf 83' lang='lat' dir='ltr'><strong>corruptos,</strong></span> <span class='ocrx_word' id='word_1_51' title='bbox 883 417 939 445; x_wconf 84' lang='lat' dir='ltr'><strong>suis</strong></span> <span class='ocrx_word' id='word_1_52' title='bbox 953 417 1016 444; x_wconf 87' lang='lat' dir='ltr'><strong>usi-</strong></span> 
     </span>
    </p>
   </div>
   <div class='ocr_carea' id='block_1_11' title="bbox 221 462 1016 500">
    <p class='ocr_par' dir='ltr' id='par_1_11' title="bbox 221 462 1016 500">
     <span class='ocr_line' id='line_1_11' title="bbox 221 462 1016 500; baseline -0.005 -7"><span class='ocrx_word' id='word_1_53' title='bbox 221 466 272 493; x_wconf 80' lang='lat' dir='ltr'><strong>bus</strong></span> <span class='ocrx_word' id='word_1_54' title='bbox 288 471 385 500; x_wconf 87' lang='lat' dir='ltr'><strong>sponte</strong></span> <span class='ocrx_word' id='word_1_55' title='bbox 409 470 530 500; x_wconf 85' lang='lat' dir='ltr'><strong>paratos,</strong></span> <span class='ocrx_word' id='word_1_56' title='bbox 550 464 774 498; x_wconf 85' lang='lat' dir='ltr'><strong>lriobolaresque.</strong></span> <span class='ocrx_word' id='word_1_57' title='bbox 796 462 921 496; x_wconf 83' lang='lat' dir='ltr'><strong>Sextum,</strong></span> <span class='ocrx_word' id='word_1_58' title='bbox 944 463 1016 498; x_wconf 79' lang='lat' dir='ltr'><strong>quod</strong></span> 
     </span>
    </p>
   </div>
   <div class='ocr_carea' id='block_1_12' title="bbox 222 507 1015 546">
    <p class='ocr_par' dir='ltr' id='par_1_12' title="bbox 222 507 1015 546">
     <span class='ocr_line' id='line_1_12' title="bbox 222 507 1015 546; baseline -0.003 -8"><span class='ocrx_word' id='word_1_59' title='bbox 222 517 346 539; x_wconf 88' lang='lat' dir='ltr'><strong>sanctum</strong></span> <span class='ocrx_word' id='word_1_60' title='bbox 358 511 537 546; x_wconf 88' lang='lat' dir='ltr'><strong>Epiphanium</strong></span> <span class='ocrx_word' id='word_1_61' title='bbox 548 511 660 538; x_wconf 92' lang='lat' dir='ltr'><strong>delirum</strong></span> <span class='ocrx_word' id='word_1_62' title='bbox 668 515 694 537; x_wconf 82' lang='lat' dir='ltr'><strong>et</strong></span> <span class='ocrx_word' id='word_1_63' title='bbox 702 511 842 545; x_wconf 90' lang='lat' dir='ltr'><strong>parvulum</strong></span> <span class='ocrx_word' id='word_1_64' title='bbox 851 507 1015 537; x_wconf 68' lang='lat' dir='ltr'><strong>d&#39;annonium</strong></span> 
     </span>
    </p>
   </div>
   <div class='ocr_carea' id='block_1_13' title="bbox 222 555 1016 592">
    <p class='ocr_par' dir='ltr' id='par_1_13' title="bbox 222 555 1016 592">
     <span class='ocr_line' id='line_1_13' title="bbox 222 555 1016 592; baseline -0.003 -8"><span class='ocrx_word' id='word_1_65' title='bbox 222 557 376 592; x_wconf 86' lang='lat' dir='ltr'><strong>appellarit.</strong></span> <span class='ocrx_word' id='word_1_66' title='bbox 394 557 556 591; x_wconf 88' lang='lat' dir='ltr'><strong>Septimum,</strong></span> <span class='ocrx_word' id='word_1_67' title='bbox 573 556 644 591; x_wconf 90' lang='lat' dir='ltr'><strong>quod</strong></span> <span class='ocrx_word' id='word_1_68' title='bbox 668 555 818 583; x_wconf 85' lang='lat' dir='ltr'><strong>Severiano</strong></span> <span class='ocrx_word' id='word_1_69' title='bbox 834 555 891 590; x_wconf 84' lang='lat' dir='ltr'><strong>(l6)</strong></span> <span class='ocrx_word' id='word_1_70' title='bbox 908 555 1016 582; x_wconf 88' lang='lat' dir='ltr'><strong>calum-</strong></span> 
     </span>
    </p>
   </div>
   <div class='ocr_carea' id='block_1_14' title="bbox 222 601 1014 636">
    <p class='ocr_par' dir='ltr' id='par_1_14' title="bbox 222 601 1014 636">
     <span class='ocr_line' id='line_1_14' title="bbox 222 601 1014 636; baseline -0.001 -7"><span class='ocrx_word' id='word_1_71' title='bbox 222 604 294 629; x_wconf 89' lang='lat' dir='ltr'><strong>niam</strong></span> <span class='ocrx_word' id='word_1_72' title='bbox 311 602 469 636; x_wconf 83' lang='lat' dir='ltr'><strong>struxisset,</strong></span> <span class='ocrx_word' id='word_1_73' title='bbox 486 602 607 630; x_wconf 85' lang='lat' dir='ltr'><strong>incitatis</strong></span> <span class='ocrx_word' id='word_1_74' title='bbox 620 607 716 630; x_wconf 88' lang='lat' dir='ltr'><strong>contra</strong></span> <span class='ocrx_word' id='word_1_75' title='bbox 735 609 798 629; x_wconf 89' lang='lat' dir='ltr'><strong>eutn</strong></span> <span class='ocrx_word' id='word_1_76' title='bbox 818 601 930 629; x_wconf 90' lang='lat' dir='ltr'><strong>decanis</strong></span> <span class='ocrx_word' id='word_1_77' title='bbox 946 601 1014 636; x_wconf 83' lang='grc'>(17).</span> 
     </span>
    </p>
   </div>
   <div class='ocr_carea' id='block_1_15' title="bbox 222 647 1015 683">
    <p class='ocr_par' dir='ltr' id='par_1_15' title="bbox 222 647 1015 683">
     <span class='ocr_line' id='line_1_15' title="bbox 222 647 1015 683; baseline 0 -9"><span class='ocrx_word' id='word_1_78' title='bbox 222 647 365 681; x_wconf 85' lang='lat' dir='ltr'><strong>Octavum,</strong></span> <span class='ocrx_word' id='word_1_79' title='bbox 383 649 454 682; x_wconf 89' lang='lat' dir='ltr'><strong>quod</strong></span> <span class='ocrx_word' id='word_1_80' title='bbox 466 648 654 683; x_wconf 79' lang='lat' dir='ltr'><strong>sycophantiis</strong></span> <span class='ocrx_word' id='word_1_81' title='bbox 668 648 778 683; x_wconf 86' lang='lat' dir='ltr'><strong>plenum</strong></span> <span class='ocrx_word' id='word_1_82' title='bbox 795 648 895 675; x_wconf 87' lang='lat' dir='ltr'><strong>librum</strong></span> <span class='ocrx_word' id='word_1_83' title='bbox 914 647 942 675; x_wconf 90' lang='lat' dir='ltr'><strong>in</strong></span> <span class='ocrx_word' id='word_1_84' title='bbox 960 647 1015 674; x_wconf 89' lang='lat' dir='ltr'><strong>cle-</strong></span> 
     </span>
    </p>
   </div>
   <div class='ocr_carea' id='block_1_16' title="bbox 221 694 1015 730">
    <p class='ocr_par' dir='ltr' id='par_1_16' title="bbox 221 694 1015 730">
     <span class='ocr_line' id='line_1_16' title="bbox 221 694 1015 730; baseline -0.001 -9"><span class='ocrx_word' id='word_1_85' title='bbox 221 702 282 721; x_wconf 85' lang='lat' dir='ltr'><strong>rum</strong></span> <span class='ocrx_word' id='word_1_86' title='bbox 308 695 481 730; x_wconf 80' lang='lat' dir='ltr'><strong>conscripsit.</strong></span> <span class='ocrx_word' id='word_1_87' title='bbox 508 694 626 727; x_wconf 87' lang='lat' dir='ltr'><strong>Nouum,</strong></span> <span class='ocrx_word' id='word_1_88' title='bbox 643 695 715 729; x_wconf 90' lang='lat' dir='ltr'><strong>quod</strong></span> <span class='ocrx_word' id='word_1_89' title='bbox 731 694 814 722; x_wconf 82' lang='lat' dir='ltr'><strong>totius</strong></span> <span class='ocrx_word' id='word_1_90' title='bbox 831 694 898 722; x_wconf 86' lang='lat' dir='ltr'><strong>cieri</strong></span> <span class='ocrx_word' id='word_1_91' title='bbox 921 694 1015 721; x_wconf 83' lang='lat' dir='ltr'><strong>habito</strong></span> 
     </span>
    </p>
   </div>
   <div class='ocr_carea' id='block_1_17' title="bbox 221 738 1015 772">
    <p class='ocr_par' dir='ltr' id='par_1_17' title="bbox 221 738 1015 772">
     <span class='ocr_line' id='line_1_17' title="bbox 221 738 1015 772; baseline -0.001 -6"><span class='ocrx_word' id='word_1_92' title='bbox 221 744 368 771; x_wconf 82' lang='lat' dir='ltr'><strong>conventu,</strong></span> <span class='ocrx_word' id='word_1_93' title='bbox 393 745 448 767; x_wconf 88' lang='lat' dir='ltr'><strong>tres</strong></span> <span class='ocrx_word' id='word_1_94' title='bbox 486 740 614 768; x_wconf 86' lang='lat' dir='ltr'><strong>diaconos</strong></span> <span class='ocrx_word' id='word_1_95' title='bbox 641 740 744 771; x_wconf 87' lang='lat' dir='ltr'><strong>cilarit,</strong></span> <span class='ocrx_word' id='word_1_96' title='bbox 774 739 914 772; x_wconf 78' lang='lat' dir='ltr'><strong>Acacium,</strong></span> <span class='ocrx_word' id='word_1_97' title='bbox 943 738 1015 766; x_wconf 87' lang='lat' dir='ltr'><strong>Eda-</strong></span> 
     </span>
    </p>
   </div>
   <div class='ocr_carea' id='block_1_18' title="bbox 222 783 1016 819">
    <p class='ocr_par' dir='ltr' id='par_1_18' title="bbox 222 783 1016 819">
     <span class='ocr_line' id='line_1_18' title="bbox 222 783 1016 819; baseline -0.001 -8"><span class='ocrx_word' id='word_1_98' title='bbox 222 785 327 819; x_wconf 89' lang='lat' dir='ltr'><strong>phium,</strong></span> <span class='ocrx_word' id='word_1_99' title='bbox 342 789 369 812; x_wconf 87' lang='lat' dir='ltr'><strong>et</strong></span> <span class='ocrx_word' id='word_1_100' title='bbox 381 784 524 818; x_wconf 78' lang='lat' dir='ltr'><strong>Joannem,</strong></span> <span class='ocrx_word' id='word_1_101' title='bbox 540 789 568 812; x_wconf 89' lang='lat' dir='ltr'><strong>et</strong></span> <span class='ocrx_word' id='word_1_102' title='bbox 581 785 659 819; x_wconf 87' lang='lat' dir='ltr'><strong>quasi</strong></span> <span class='ocrx_word' id='word_1_103' title='bbox 675 783 816 811; x_wconf 87' lang='lat' dir='ltr'><strong>humerale</strong></span> <span class='ocrx_word' id='word_1_104' title='bbox 833 785 918 819; x_wconf 86' lang='lat' dir='ltr'><strong>ipsius</strong></span> <span class='ocrx_word' id='word_1_105' title='bbox 933 783 1016 811; x_wconf 82' lang='lat' dir='ltr'><strong>furati</strong></span> 
     </span>
    </p>
   </div>
   <div class='ocr_carea' id='block_1_19' title="bbox 221 828 1016 865">
    <p class='ocr_par' dir='ltr' id='par_1_19' title="bbox 221 828 1016 865">
     <span class='ocr_line' id='line_1_19' title="bbox 221 828 1016 865; baseline -0.003 -7"><span class='ocrx_word' id='word_1_106' title='bbox 221 836 322 864; x_wconf 84' lang='lat' dir='ltr'><strong>essent,</strong></span> <span class='ocrx_word' id='word_1_107' title='bbox 340 831 491 864; x_wconf 86' lang='lat' dir='ltr'><strong>accusarit;</strong></span> <span class='ocrx_word' id='word_1_108' title='bbox 509 838 646 865; x_wconf 62' lang='lat' dir='ltr'><strong>quasi-eus,</strong></span> <span class='ocrx_word' id='word_1_109' title='bbox 672 835 764 858; x_wconf 92' lang='lat' dir='ltr'><strong>utrum</strong></span> <span class='ocrx_word' id='word_1_110' title='bbox 784 835 813 858; x_wconf 86' lang='lat' dir='ltr'><strong>et</strong></span> <span class='ocrx_word' id='word_1_111' title='bbox 834 830 867 857; x_wconf 82' lang='lat' dir='ltr'><strong>ad</strong></span> <span class='ocrx_word' id='word_1_112' title='bbox 885 830 968 857; x_wconf 86' lang='lat' dir='ltr'><strong>alium</strong></span> <span class='ocrx_word' id='word_1_113' title='bbox 981 828 1016 857; x_wconf 86' lang='lat' dir='ltr'><strong>il-</strong></span> 
     </span>
    </p>
   </div>
   <div class='ocr_carea' id='block_1_20' title="bbox 222 875 1022 911">
    <p class='ocr_par' dir='ltr' id='par_1_20' title="bbox 222 875 1022 911">
     <span class='ocr_line' id='line_1_20' title="bbox 222 875 1022 911; baseline 0 -8"><span class='ocrx_word' id='word_1_114' title='bbox 222 877 267 904; x_wconf 91' lang='lat' dir='ltr'><strong>lud</strong></span> <span class='ocrx_word' id='word_1_115' title='bbox 289 885 366 904; x_wconf 91' lang='lat' dir='ltr'><strong>usum</strong></span> <span class='ocrx_word' id='word_1_116' title='bbox 386 877 506 911; x_wconf 86' lang='lat' dir='ltr'><strong>aliquem</strong></span> <span class='ocrx_word' id='word_1_117' title='bbox 536 876 682 911; x_wconf 86' lang='lat' dir='ltr'><strong>cepissent.</strong></span> <span class='ocrx_word' id='word_1_118' title='bbox 708 875 860 908; x_wconf 83' lang='lat' dir='ltr'><strong>Decimum,</strong></span> <span class='ocrx_word' id='word_1_119' title='bbox 880 875 952 910; x_wconf 86' lang='lat' dir='ltr'><strong>quod</strong></span> <span class='ocrx_word' id='word_1_120' title='bbox 966 875 1022 903; x_wconf 79' lang='lat' dir='ltr'><strong>An-</strong></span> 
     </span>
    </p>
   </div>
   <div class='ocr_carea' id='block_1_21' title="bbox 223 920 1016 957">
    <p class='ocr_par' dir='ltr' id='par_1_21' title="bbox 223 920 1016 957">
     <span class='ocr_line' id='line_1_21' title="bbox 223 920 1016 957; baseline -0.001 -8"><span class='ocrx_word' id='word_1_121' title='bbox 223 923 327 950; x_wconf 88' lang='lat' dir='ltr'><strong>tonium</strong></span> <span class='ocrx_word' id='word_1_122' title='bbox 352 923 542 957; x_wconf 85' lang='lat' dir='ltr'><strong>sepulcrorum</strong></span> <span class='ocrx_word' id='word_1_123' title='bbox 572 922 732 950; x_wconf 86' lang='lat' dir='ltr'><strong>violatorem</strong></span> <span class='ocrx_word' id='word_1_124' title='bbox 757 922 925 954; x_wconf 85' lang='lat' dir='ltr'><strong>convictum,</strong></span> <span class='ocrx_word' id='word_1_125' title='bbox 958 920 1016 956; x_wconf 88' lang='lat' dir='ltr'><strong>epi-</strong></span> 
     </span>
    </p>
   </div>
   <div class='ocr_carea' id='block_1_22' title="bbox 222 966 1016 1003">
    <p class='ocr_par' dir='ltr' id='par_1_22' title="bbox 222 966 1016 1003">
     <span class='ocr_line' id='line_1_22' title="bbox 222 966 1016 1003; baseline -0.001 -8"><span class='ocrx_word' id='word_1_126' title='bbox 222 975 334 1003; x_wconf 82' lang='lat' dir='ltr'><strong>scopum</strong></span> <span class='ocrx_word' id='word_1_127' title='bbox 351 967 497 995; x_wconf 88' lang='lat' dir='ltr'><strong>ordinarit.</strong></span> <span class='ocrx_word' id='word_1_128' title='bbox 521 967 713 1000; x_wconf 87' lang='lat' dir='ltr'><strong>Undecimum,</strong></span> <span class='ocrx_word' id='word_1_129' title='bbox 738 968 809 1002; x_wconf 90' lang='lat' dir='ltr'><strong>quod</strong></span> <span class='ocrx_word' id='word_1_130' title='bbox 823 966 956 994; x_wconf 81' lang='lat' dir='ltr'><strong>Joannem</strong></span> <span class='ocrx_word' id='word_1_131' title='bbox 974 974 1016 994; x_wconf 65' lang='grc' dir='ltr'>ρος</span> 
     </span>
    </p>
   </div>
   <div class='ocr_carea' id='block_1_23' title="bbox 224 1012 1013 1049">
    <p class='ocr_par' dir='ltr' id='par_1_23' title="bbox 224 1012 1013 1049">
     <span class='ocr_line' id='line_1_23' title="bbox 224 1012 1013 1049; baseline -0.001 -9"><span class='ocrx_word' id='word_1_132' title='bbox 224 1014 317 1041; x_wconf 85' lang='lat' dir='ltr'><strong>mitem</strong></span> <span class='ocrx_word' id='word_1_133' title='bbox 339 1014 367 1041; x_wconf 91' lang='lat' dir='ltr'><strong>in</strong></span> <span class='ocrx_word' id='word_1_134' title='bbox 389 1013 506 1040; x_wconf 82' lang='lat' dir='ltr'><strong>tumultu</strong></span> <span class='ocrx_word' id='word_1_135' title='bbox 524 1013 636 1041; x_wconf 85' lang='lat' dir='ltr'><strong>militari</strong></span> <span class='ocrx_word' id='word_1_136' title='bbox 653 1014 710 1049; x_wconf 83' lang='lat' dir='ltr'><strong>ipse</strong></span> <span class='ocrx_word' id='word_1_137' title='bbox 723 1013 886 1048; x_wconf 80' lang='lat' dir='ltr'><strong>prodiderit.</strong></span> <span class='ocrx_word' id='word_1_138' title='bbox 903 1012 1013 1039; x_wconf 86' lang='lat' dir='ltr'><strong>Duode-</strong></span> 
     </span>
    </p>
   </div>
   <div class='ocr_carea' id='block_1_24' title="bbox 222 1059 1016 1094">
    <p class='ocr_par' dir='ltr' id='par_1_24' title="bbox 222 1059 1016 1094">
     <span class='ocr_line' id='line_1_24' title="bbox 222 1059 1016 1094; baseline -0.001 -8"><span class='ocrx_word' id='word_1_139' title='bbox 222 1061 336 1092; x_wconf 88' lang='lat' dir='ltr'><strong>cimum,</strong></span> <span class='ocrx_word' id='word_1_140' title='bbox 351 1059 422 1094; x_wconf 93' lang='lat' dir='ltr'><strong>quod</strong></span> <span class='ocrx_word' id='word_1_141' title='bbox 447 1067 534 1094; x_wconf 83' lang='lat' dir='ltr'><strong>neque</strong></span> <span class='ocrx_word' id='word_1_142' title='bbox 555 1059 685 1087; x_wconf 86' lang='lat' dir='ltr'><strong>incedens</strong></span> <span class='ocrx_word' id='word_1_143' title='bbox 703 1059 737 1086; x_wconf 87' lang='lat' dir='ltr'><strong>ad</strong></span> <span class='ocrx_word' id='word_1_144' title='bbox 763 1059 904 1094; x_wconf 78' lang='lat' dir='ltr'><strong>templum.</strong></span> <span class='ocrx_word' id='word_1_145' title='bbox 926 1065 1016 1093; x_wconf 81' lang='lat' dir='ltr'><strong>neque</strong></span> 
     </span>
    </p>
   </div>
   <div class='ocr_carea' id='block_1_25' title="bbox 222 1103 1012 1141">
    <p class='ocr_par' dir='ltr' id='par_1_25' title="bbox 222 1103 1012 1141">
     <span class='ocr_line' id='line_1_25' title="bbox 222 1103 1012 1141; baseline -0.003 -9"><span class='ocrx_word' id='word_1_146' title='bbox 222 1106 390 1141; x_wconf 84' lang='lat' dir='ltr'><strong>ingrediens,</strong></span> <span class='ocrx_word' id='word_1_147' title='bbox 407 1104 494 1132; x_wconf 88' lang='lat' dir='ltr'><strong>Deum</strong></span> <span class='ocrx_word' id='word_1_148' title='bbox 513 1110 641 1140; x_wconf 76' lang='lat' dir='ltr'><strong>precatus</strong></span> <span class='ocrx_word' id='word_1_149' title='bbox 661 1105 708 1132; x_wconf 83' lang='lat' dir='ltr'><strong>sit.</strong></span> <span class='ocrx_word' id='word_1_150' title='bbox 731 1103 872 1132; x_wconf 85' lang='lat' dir='ltr'><strong>Decimum</strong></span> <span class='ocrx_word' id='word_1_151' title='bbox 892 1104 1012 1136; x_wconf 88' lang='lat' dir='ltr'><strong>tertium,</strong></span> 
     </span>
    </p>
   </div>
   <div class='ocr_carea' id='block_1_26' title="bbox 222 1150 1014 1185">
    <p class='ocr_par' dir='ltr' id='par_1_26' title="bbox 222 1150 1014 1185">
     <span class='ocr_line' id='line_1_26' title="bbox 222 1150 1014 1185; baseline -0.003 -7"><span class='ocrx_word' id='word_1_152' title='bbox 222 1153 296 1185; x_wconf 88' lang='lat' dir='ltr'><strong>quod</strong></span> <span class='ocrx_word' id='word_1_153' title='bbox 309 1152 368 1178; x_wconf 90' lang='lat' dir='ltr'><strong>sine</strong></span> <span class='ocrx_word' id='word_1_154' title='bbox 387 1151 467 1178; x_wconf 85' lang='lat' dir='ltr'><strong>altari</strong></span> <span class='ocrx_word' id='word_1_155' title='bbox 488 1151 665 1178; x_wconf 88' lang='lat' dir='ltr'><strong>diaconorum</strong></span> <span class='ocrx_word' id='word_1_156' title='bbox 683 1155 711 1178; x_wconf 90' lang='lat' dir='ltr'><strong>et</strong></span> <span class='ocrx_word' id='word_1_157' title='bbox 727 1150 948 1185; x_wconf 82' lang='lat' dir='ltr'><strong>presbyterorum</strong></span> <span class='ocrx_word' id='word_1_158' title='bbox 968 1156 1014 1176; x_wconf 91' lang='lat' dir='ltr'><strong>or-</strong></span> 
     </span>
    </p>
   </div>
   <div class='ocr_carea' id='block_1_27' title="bbox 222 1195 1015 1230">
    <p class='ocr_par' dir='ltr' id='par_1_27' title="bbox 222 1195 1015 1230">
     <span class='ocr_line' id='line_1_27' title="bbox 222 1195 1015 1230; baseline -0.003 -6"><span class='ocrx_word' id='word_1_159' title='bbox 222 1197 377 1224; x_wconf 83' lang='lat' dir='ltr'><strong>dinationes</strong></span> <span class='ocrx_word' id='word_1_160' title='bbox 404 1195 513 1224; x_wconf 81' lang='lat' dir='ltr'><strong>fecerit.</strong></span> <span class='ocrx_word' id='word_1_161' title='bbox 539 1196 680 1224; x_wconf 90' lang='lat' dir='ltr'><strong>Decimum</strong></span> <span class='ocrx_word' id='word_1_162' title='bbox 703 1200 843 1230; x_wconf 90' lang='lat' dir='ltr'><strong>quartum,</strong></span> <span class='ocrx_word' id='word_1_163' title='bbox 864 1195 937 1230; x_wconf 92' lang='lat' dir='ltr'><strong>quod</strong></span> <span class='ocrx_word' id='word_1_164' title='bbox 963 1202 1015 1222; x_wconf 92' lang='lat' dir='ltr'><strong>una</strong></span> 
     </span>
    </p>
   </div>
   <div class='ocr_carea' id='block_1_28' title="bbox 222 1240 1016 1276">
    <p class='ocr_par' dir='ltr' id='par_1_28' title="bbox 222 1240 1016 1276">
     <span class='ocr_line' id='line_1_28' title="bbox 222 1240 1016 1276; baseline -0.001 -7"><span class='ocrx_word' id='word_1_165' title='bbox 222 1243 394 1270; x_wconf 78' lang='lat' dir='ltr'><strong>ordinatione</strong></span> <span class='ocrx_word' id='word_1_166' title='bbox 409 1247 528 1276; x_wconf 84' lang='lat' dir='ltr'><strong>quatuor</strong></span> <span class='ocrx_word' id='word_1_167' title='bbox 550 1241 631 1269; x_wconf 81' lang='lat' dir='ltr'><strong>simul</strong></span> <span class='ocrx_word' id='word_1_168' title='bbox 652 1241 795 1276; x_wconf 80' lang='lat' dir='ltr'><strong>episcopos</strong></span> <span class='ocrx_word' id='word_1_169' title='bbox 810 1241 921 1268; x_wconf 74' lang='lat' dir='ltr'><strong>crearit.</strong></span> <span class='ocrx_word' id='word_1_170' title='bbox 936 1240 1016 1268; x_wconf 89' lang='lat' dir='ltr'><strong>Deci-</strong></span> 
     </span>
    </p>
   </div>
   <div class='ocr_carea' id='block_1_29' title="bbox 223 1287 1016 1324">
    <p class='ocr_par' dir='ltr' id='par_1_29' title="bbox 223 1287 1016 1324">
     <span class='ocr_line' id='line_1_29' title="bbox 223 1287 1016 1324; baseline -0.001 -9"><span class='ocrx_word' id='word_1_171' title='bbox 223 1296 297 1315; x_wconf 89' lang='lat' dir='ltr'><strong>mum</strong></span> <span class='ocrx_word' id='word_1_172' title='bbox 310 1288 446 1323; x_wconf 87' lang='lat' dir='ltr'><strong>quintum,</strong></span> <span class='ocrx_word' id='word_1_173' title='bbox 470 1289 543 1324; x_wconf 91' lang='lat' dir='ltr'><strong>quod</strong></span> <span class='ocrx_word' id='word_1_174' title='bbox 566 1288 693 1315; x_wconf 86' lang='lat' dir='ltr'><strong>mulieres</strong></span> <span class='ocrx_word' id='word_1_175' title='bbox 709 1287 841 1322; x_wconf 84' lang='lat' dir='ltr'><strong>suscipiat</strong></span> <span class='ocrx_word' id='word_1_176' title='bbox 857 1287 926 1322; x_wconf 85' lang='grc'>(18),</span> <span class='ocrx_word' id='word_1_177' title='bbox 941 1287 1016 1314; x_wconf 87' lang='lat' dir='ltr'><strong>solus</strong></span> 
     </span>
    </p>
   </div>
   <div class='ocr_carea' id='block_1_30' title="bbox 224 1332 1014 1367">
    <p class='ocr_par' dir='ltr' id='par_1_30' title="bbox 224 1332 1014 1367">
     <span class='ocr_line' id='line_1_30' title="bbox 224 1332 1014 1367; baseline -0.004 -6"><span class='ocrx_word' id='word_1_178' title='bbox 224 1342 287 1361; x_wconf 86' lang='lat' dir='ltr'><strong>cum</strong></span> <span class='ocrx_word' id='word_1_179' title='bbox 305 1334 382 1367; x_wconf 80' lang='lat' dir='ltr'><strong>solis,</strong></span> <span class='ocrx_word' id='word_1_180' title='bbox 408 1334 469 1361; x_wconf 86' lang='lat' dir='ltr'><strong>aliis</strong></span> <span class='ocrx_word' id='word_1_181' title='bbox 496 1334 623 1361; x_wconf 86' lang='lat' dir='ltr'><strong>omnibus</strong></span> <span class='ocrx_word' id='word_1_182' title='bbox 643 1332 717 1361; x_wconf 80' lang='lat' dir='ltr'><strong>foras</strong></span> <span class='ocrx_word' id='word_1_183' title='bbox 736 1333 855 1361; x_wconf 88' lang='lat' dir='ltr'><strong>emissis.</strong></span> <span class='ocrx_word' id='word_1_184' title='bbox 875 1333 1014 1360; x_wconf 85' lang='lat' dir='ltr'><strong>Decimum</strong></span> 
     </span>
    </p>
   </div>
   <div class='ocr_carea' id='block_1_31' title="bbox 228 1379 1016 1416">
    <p class='ocr_par' dir='ltr' id='par_1_31' title="bbox 228 1379 1016 1416">
     <span class='ocr_line' id='line_1_31' title="bbox 228 1379 1016 1416; baseline -0.004 -7"><span class='ocrx_word' id='word_1_185' title='bbox 228 1387 348 1413; x_wconf 82' lang='lat' dir='ltr'><strong>sextum,</strong></span> <span class='ocrx_word' id='word_1_186' title='bbox 361 1381 432 1416; x_wconf 88' lang='lat' dir='ltr'><strong>quod</strong></span> <span class='ocrx_word' id='word_1_187' title='bbox 458 1381 642 1408; x_wconf 62' lang='lat' dir='ltr'><strong>hmreditatem</strong></span> <span class='ocrx_word' id='word_1_188' title='bbox 662 1388 677 1407; x_wconf 89' lang='lat' dir='ltr'><strong>a</strong></span> <span class='ocrx_word' id='word_1_189' title='bbox 704 1379 805 1407; x_wconf 85' lang='lat' dir='ltr'><strong>Thecla</strong></span> <span class='ocrx_word' id='word_1_190' title='bbox 820 1379 952 1412; x_wconf 85' lang='lat' dir='ltr'><strong>relictam,</strong></span> <span class='ocrx_word' id='word_1_191' title='bbox 970 1386 1016 1413; x_wconf 85' lang='lat' dir='ltr'><strong>per</strong></span> 
     </span>
    </p>
   </div>
   <div class='ocr_carea' id='block_1_32' title="bbox 225 1424 1016 1459">
    <p class='ocr_par' dir='ltr' id='par_1_32' title="bbox 225 1424 1016 1459">
     <span class='ocr_line' id='line_1_32' title="bbox 225 1424 1016 1459; baseline -0.005 -4"><span class='ocrx_word' id='word_1_192' title='bbox 225 1428 394 1455; x_wconf 82' lang='lat' dir='ltr'><strong>Thcodulum</strong></span> <span class='ocrx_word' id='word_1_193' title='bbox 418 1425 579 1453; x_wconf 86' lang='lat' dir='ltr'><strong>vendiderit.</strong></span> <span class='ocrx_word' id='word_1_194' title='bbox 599 1425 737 1453; x_wconf 86' lang='lat' dir='ltr'><strong>Decimum</strong></span> <span class='ocrx_word' id='word_1_195' title='bbox 762 1425 916 1459; x_wconf 87' lang='lat' dir='ltr'><strong>septimutn,</strong></span> <span class='ocrx_word' id='word_1_196' title='bbox 944 1424 1016 1458; x_wconf 85' lang='lat' dir='ltr'><strong>quod</strong></span> 
     </span>
    </p>
   </div>
   <div class='ocr_carea' id='block_1_33' title="bbox 224 1471 1016 1506">
    <p class='ocr_par' dir='ltr' id='par_1_33' title="bbox 224 1471 1016 1506">
     <span class='ocr_line' id='line_1_33' title="bbox 224 1471 1016 1506; baseline -0.006 -4"><span class='ocrx_word' id='word_1_197' title='bbox 224 1474 353 1502; x_wconf 65' lang='lat' dir='ltr'><strong>Ecclesiae</strong></span> <span class='ocrx_word' id='word_1_198' title='bbox 367 1473 467 1501; x_wconf 86' lang='lat' dir='ltr'><strong>reditus</strong></span> <span class='ocrx_word' id='word_1_199' title='bbox 479 1479 558 1500; x_wconf 85' lang='lat' dir='ltr'><strong>neruo</strong></span> <span class='ocrx_word' id='word_1_200' title='bbox 572 1471 738 1506; x_wconf 89' lang='lat' dir='ltr'><strong>noveritquo</strong></span> <span class='ocrx_word' id='word_1_201' title='bbox 753 1471 860 1498; x_wconf 85' lang='lat' dir='ltr'><strong>abeant.</strong></span> <span class='ocrx_word' id='word_1_202' title='bbox 876 1471 1016 1498; x_wconf 85' lang='lat' dir='ltr'><strong>Decimum</strong></span> 
     </span>
    </p>
   </div>
   <div class='ocr_carea' id='block_1_34' title="bbox 221 1517 1016 1554">
    <p class='ocr_par' dir='ltr' id='par_1_34' title="bbox 221 1517 1016 1554">
     <span class='ocr_line' id='line_1_34' title="bbox 221 1517 1016 1554; baseline -0.006 -7"><span class='ocrx_word' id='word_1_203' title='bbox 221 1523 360 1552; x_wconf 74' lang='lat' dir='ltr'><strong>octavum,</strong></span> <span class='ocrx_word' id='word_1_204' title='bbox 383 1518 455 1553; x_wconf 83' lang='lat' dir='ltr'><strong>quod</strong></span> <span class='ocrx_word' id='word_1_205' title='bbox 477 1518 655 1553; x_wconf 86' lang='lat' dir='ltr'><strong>Sarapiouem</strong></span> <span class='ocrx_word' id='word_1_206' title='bbox 683 1517 739 1554; x_wconf 79' lang='lat' dir='ltr'><strong>(l9)</strong></span> <span class='ocrx_word' id='word_1_207' title='bbox 760 1522 928 1550; x_wconf 87' lang='lat' dir='ltr'><strong>accusatum,</strong></span> <span class='ocrx_word' id='word_1_208' title='bbox 949 1524 1016 1544; x_wconf 86' lang='lat' dir='ltr'><strong>cau-</strong></span> 
     </span>
    </p>
   </div>
   <div class='ocr_carea' id='block_1_35' title="bbox 225 1563 1013 1600">
    <p class='ocr_par' dir='ltr' id='par_1_35' title="bbox 225 1563 1013 1600">
     <span class='ocr_line' id='line_1_35' title="bbox 225 1563 1013 1600; baseline -0.006 -7"><span class='ocrx_word' id='word_1_209' title='bbox 225 1573 338 1600; x_wconf 80' lang='lat' dir='ltr'><strong>samque</strong></span> <span class='ocrx_word' id='word_1_210' title='bbox 353 1565 436 1592; x_wconf 87' lang='lat' dir='ltr'><strong>etiam</strong></span> <span class='ocrx_word' id='word_1_211' title='bbox 454 1569 509 1592; x_wconf 91' lang='lat' dir='ltr'><strong>tum</strong></span> <span class='ocrx_word' id='word_1_212' title='bbox 529 1564 676 1595; x_wconf 77' lang='lat' dir='ltr'><strong>dicentem,</strong></span> <span class='ocrx_word' id='word_1_213' title='bbox 692 1563 882 1598; x_wconf 77' lang='lat' dir='ltr'><strong>presbyterum</strong></span> <span class='ocrx_word' id='word_1_214' title='bbox 902 1563 1013 1590; x_wconf 85' lang='lat' dir='ltr'><strong>ordina-</strong></span> 
     </span>
    </p>
   </div>
   <div class='ocr_carea' id='block_1_36' title="bbox 226 1609 1014 1644">
    <p class='ocr_par' dir='ltr' id='par_1_36' title="bbox 226 1609 1014 1644">
     <span class='ocr_line' id='line_1_36' title="bbox 226 1609 1014 1644; baseline -0.006 -5"><span class='ocrx_word' id='word_1_215' title='bbox 226 1613 272 1640; x_wconf 85' lang='lat' dir='ltr'><strong>rit.</strong></span> <span class='ocrx_word' id='word_1_216' title='bbox 307 1611 445 1638; x_wconf 88' lang='lat' dir='ltr'><strong>Decimqu</strong></span> <span class='ocrx_word' id='word_1_217' title='bbox 470 1617 582 1641; x_wconf 90' lang='lat' dir='ltr'><strong>novum,</strong></span> <span class='ocrx_word' id='word_1_218' title='bbox 600 1609 671 1644; x_wconf 91' lang='lat' dir='ltr'><strong>quod</strong></span> <span class='ocrx_word' id='word_1_219' title='bbox 691 1609 925 1636; x_wconf 88' lang='lat' dir='ltr'><strong>communicantes</strong></span> <span class='ocrx_word' id='word_1_220' title='bbox 953 1615 1014 1634; x_wconf 91' lang='lat' dir='ltr'><strong>cum</strong></span> 
     </span>
    </p>
   </div>
   <div class='ocr_carea' id='block_1_37' title="bbox 225 1654 1016 1697">
    <p class='ocr_par' dir='ltr' id='par_1_37' title="bbox 225 1654 1016 1697">
     <span class='ocr_line' id='line_1_37' title="bbox 225 1654 1016 1697; baseline -0.009 -10"><span class='ocrx_word' id='word_1_221' title='bbox 225 1660 292 1687; x_wconf 86' lang='lat' dir='ltr'><strong>orbe</strong></span> <span class='ocrx_word' id='word_1_222' title='bbox 317 1658 444 1685; x_wconf 86' lang='lat' dir='ltr'><strong>universo</strong></span> <span class='ocrx_word' id='word_1_223' title='bbox 466 1656 539 1692; x_wconf 73' lang='grc'>(20),</span> <span class='ocrx_word' id='word_1_224' title='bbox 561 1656 647 1697; x_wconf 72' lang='lat' dir='ltr'><strong>ipsius</strong></span> <span class='ocrx_word' id='word_1_225' title='bbox 670 1655 812 1682; x_wconf 84' lang='lat' dir='ltr'><strong>voluntate</strong></span> <span class='ocrx_word' id='word_1_226' title='bbox 836 1654 963 1686; x_wconf 87' lang='lat' dir='ltr'><strong>inclusos,</strong></span> <span class='ocrx_word' id='word_1_227' title='bbox 987 1658 1016 1680; x_wconf 86' lang='lat' dir='ltr'><strong>ct</strong></span> 
     </span>
    </p>
   </div>
   <div class='ocr_carea' id='block_1_38' title="bbox 226 1700 1014 1735">
    <p class='ocr_par' dir='ltr' id='par_1_38' title="bbox 226 1700 1014 1735">
     <span class='ocr_line' id='line_1_38' title="bbox 226 1700 1014 1735; baseline -0.008 -3"><span class='ocrx_word' id='word_1_228' title='bbox 226 1706 252 1732; x_wconf 88' lang='lat' dir='ltr'><strong>in</strong></span> <span class='ocrx_word' id='word_1_229' title='bbox 272 1703 394 1732; x_wconf 85' lang='lat' dir='ltr'><strong>custodia</strong></span> <span class='ocrx_word' id='word_1_230' title='bbox 417 1708 550 1735; x_wconf 88' lang='lat' dir='ltr'><strong>mortuos,</strong></span> <span class='ocrx_word' id='word_1_231' title='bbox 575 1700 782 1735; x_wconf 88' lang='lat' dir='ltr'><strong>contempserit,</strong></span> <span class='ocrx_word' id='word_1_232' title='bbox 806 1704 835 1727; x_wconf 92' lang='lat' dir='ltr'><strong>ut</strong></span> <span class='ocrx_word' id='word_1_233' title='bbox 850 1707 883 1727; x_wconf 90' lang='lat' dir='ltr'><strong>ne</strong></span> <span class='ocrx_word' id='word_1_234' title='bbox 899 1706 1014 1733; x_wconf 86' lang='lat' dir='ltr'><strong>corpora</strong></span> 
     </span>
    </p>
   </div>
   <div class='ocr_carea' id='block_1_39' title="bbox 226 1744 1014 1786">
    <p class='ocr_par' dir='ltr' id='par_1_39' title="bbox 226 1744 1014 1786">
     <span class='ocr_line' id='line_1_39' title="bbox 226 1744 1014 1786; baseline -0.009 -8"><span class='ocrx_word' id='word_1_235' title='bbox 226 1751 333 1786; x_wconf 87' lang='lat' dir='ltr'><strong>quidem</strong></span> <span class='ocrx_word' id='word_1_236' title='bbox 358 1750 478 1785; x_wconf 87' lang='lat' dir='ltr'><strong>ipsorutn</strong></span> <span class='ocrx_word' id='word_1_237' title='bbox 499 1748 645 1783; x_wconf 73' lang='lat' dir='ltr'><strong>sepultura:</strong></span> <span class='ocrx_word' id='word_1_238' title='bbox 659 1746 815 1774; x_wconf 84' lang='lat' dir='ltr'><strong>mandanda</strong></span> <span class='ocrx_word' id='word_1_239' title='bbox 836 1746 949 1773; x_wconf 81' lang='lat' dir='ltr'><strong>curarit.</strong></span> <span class='ocrx_word' id='word_1_240' title='bbox 969 1744 1014 1772; x_wconf 88' lang='lat' dir='ltr'><strong>Vi-</strong></span> 
     </span>
    </p>
   </div>
   <div class='ocr_carea' id='block_1_40' title="bbox 226 1791 1015 1830">
    <p class='ocr_par' dir='ltr' id='par_1_40' title="bbox 226 1791 1015 1830">
     <span class='ocr_line' id='line_1_40' title="bbox 226 1791 1015 1830; baseline -0.008 -7"><span class='ocrx_word' id='word_1_241' title='bbox 226 1797 370 1829; x_wconf 85' lang='lat' dir='ltr'><strong>cesimum,</strong></span> <span class='ocrx_word' id='word_1_242' title='bbox 389 1795 460 1830; x_wconf 88' lang='lat' dir='ltr'><strong>quod</strong></span> <span class='ocrx_word' id='word_1_243' title='bbox 483 1794 582 1829; x_wconf 85' lang='lat' dir='ltr'><strong>injuria</strong></span> <span class='ocrx_word' id='word_1_244' title='bbox 600 1793 805 1821; x_wconf 81' lang='lat' dir='ltr'><strong>sanctissimum</strong></span> <span class='ocrx_word' id='word_1_245' title='bbox 826 1791 956 1819; x_wconf 84' lang='lat' dir='ltr'><strong>Acacium</strong></span> <span class='ocrx_word' id='word_1_246' title='bbox 973 1791 1015 1818; x_wconf 80' lang='lat' dir='ltr'><strong>at-</strong></span> 
     </span>
    </p>
   </div>
   <div class='ocr_carea' id='block_1_41' title="bbox 227 1837 1016 1875">
    <p class='ocr_par' dir='ltr' id='par_1_41' title="bbox 227 1837 1016 1875">
     <span class='ocr_line' id='line_1_41' title="bbox 227 1837 1016 1875; baseline -0.008 -6"><span class='ocrx_word' id='word_1_247' title='bbox 227 1842 332 1875; x_wconf 84' lang='lat' dir='ltr'><strong>l&#39;ecerit,</strong></span> <span class='ocrx_word' id='word_1_248' title='bbox 357 1846 385 1868; x_wconf 87' lang='lat' dir='ltr'><strong>et</strong></span> <span class='ocrx_word' id='word_1_249' title='bbox 411 1847 446 1868; x_wconf 87' lang='lat' dir='ltr'><strong>ne</strong></span> <span class='ocrx_word' id='word_1_250' title='bbox 467 1839 501 1867; x_wconf 79' lang='lat' dir='ltr'><strong>ad</strong></span> <span class='ocrx_word' id='word_1_251' title='bbox 523 1838 691 1874; x_wconf 85' lang='lat' dir='ltr'><strong>colloquium</strong></span> <span class='ocrx_word' id='word_1_252' title='bbox 719 1837 830 1873; x_wconf 86' lang='lat' dir='ltr'><strong>quidem</strong></span> <span class='ocrx_word' id='word_1_253' title='bbox 852 1837 939 1873; x_wconf 85' lang='lat' dir='ltr'><strong>ipsum</strong></span> <span class='ocrx_word' id='word_1_254' title='bbox 967 1837 1016 1864; x_wconf 84' lang='lat' dir='ltr'><strong>ad-</strong></span> 
     </span>
    </p>
   </div>
   <div class='ocr_carea' id='block_1_42' title="bbox 226 1883 1015 1921">
    <p class='ocr_par' dir='ltr' id='par_1_42' title="bbox 226 1883 1015 1921">
     <span class='ocr_line' id='line_1_42' title="bbox 226 1883 1015 1921; baseline -0.008 -6"><span class='ocrx_word' id='word_1_255' title='bbox 226 1887 341 1915; x_wconf 88' lang='lat' dir='ltr'><strong>miserit.</strong></span> <span class='ocrx_word' id='word_1_256' title='bbox 379 1886 546 1914; x_wconf 86' lang='lat' dir='ltr'><strong>Vicesimum</strong></span> <span class='ocrx_word' id='word_1_257' title='bbox 578 1885 706 1921; x_wconf 88' lang='lat' dir='ltr'><strong>primum,</strong></span> <span class='ocrx_word' id='word_1_258' title='bbox 732 1884 804 1919; x_wconf 89' lang='lat' dir='ltr'><strong>quod</strong></span> <span class='ocrx_word' id='word_1_259' title='bbox 834 1883 1015 1919; x_wconf 81' lang='lat' dir='ltr'><strong>Porphyrium</strong></span> 
     </span>
    </p>
   </div>
   <div class='ocr_carea' id='block_1_43' title="bbox 225 1930 1015 1970">
    <p class='ocr_par' dir='ltr' id='par_1_43' title="bbox 225 1930 1015 1970">
     <span class='ocr_line' id='line_1_43' title="bbox 225 1930 1015 1970; baseline -0.008 -8"><span class='ocrx_word' id='word_1_260' title='bbox 225 1934 414 1970; x_wconf 83' lang='lat' dir='ltr'><strong>presbyterum</strong></span> <span class='ocrx_word' id='word_1_261' title='bbox 432 1932 576 1968; x_wconf 83' lang='lat' dir='ltr'><strong>Eutropio,</strong></span> <span class='ocrx_word' id='word_1_262' title='bbox 592 1936 622 1959; x_wconf 89' lang='lat' dir='ltr'><strong>ut</strong></span> <span class='ocrx_word' id='word_1_263' title='bbox 637 1932 664 1959; x_wconf 88' lang='lat' dir='ltr'><strong>in</strong></span> <span class='ocrx_word' id='word_1_264' title='bbox 683 1931 809 1959; x_wconf 83' lang='lat' dir='ltr'><strong>exsiliunt</strong></span> <span class='ocrx_word' id='word_1_265' title='bbox 820 1930 943 1965; x_wconf 86' lang='lat' dir='ltr'><strong>pelleret,</strong></span> <span class='ocrx_word' id='word_1_266' title='bbox 961 1934 1015 1956; x_wconf 83' lang='lat' dir='ltr'><strong>tra-</strong></span> 
     </span>
    </p>
   </div>
   <div class='ocr_carea' id='block_1_44' title="bbox 225 1975 1014 2012">
    <p class='ocr_par' dir='ltr' id='par_1_44' title="bbox 225 1975 1014 2012">
     <span class='ocr_line' id='line_1_44' title="bbox 225 1975 1014 2012; baseline -0.009 -4"><span class='ocrx_word' id='word_1_267' title='bbox 225 1980 335 2007; x_wconf 84' lang='lat' dir='ltr'><strong>diderit.</strong></span> <span class='ocrx_word' id='word_1_268' title='bbox 351 1979 517 2007; x_wconf 82' lang='lat' dir='ltr'><strong>Vicesimqu</strong></span> <span class='ocrx_word' id='word_1_269' title='bbox 534 1978 696 2010; x_wconf 88' lang='lat' dir='ltr'><strong>secundum,</strong></span> <span class='ocrx_word' id='word_1_270' title='bbox 709 1976 852 2012; x_wconf 88' lang='lat' dir='ltr'><strong>quoditem</strong></span> <span class='ocrx_word' id='word_1_271' title='bbox 870 1975 1014 2003; x_wconf 84' lang='lat' dir='ltr'><strong>Bereniuui</strong></span> 
     </span>
    </p>
   </div>
   <div class='ocr_carea' id='block_1_45' title="bbox 225 2021 1014 2056">
    <p class='ocr_par' dir='ltr' id='par_1_45' title="bbox 225 2021 1014 2056">
     <span class='ocr_line' id='line_1_45' title="bbox 225 2021 1014 2056; baseline -0.006 -4"><span class='ocrx_word' id='word_1_272' title='bbox 225 2024 394 2052; x_wconf 77' lang='lat' dir='ltr'><strong>sacerdotem</strong></span> <span class='ocrx_word' id='word_1_273' title='bbox 414 2023 587 2051; x_wconf 88' lang='lat' dir='ltr'><strong>contumeliis</strong></span> <span class='ocrx_word' id='word_1_274' title='bbox 613 2022 705 2049; x_wconf 89' lang='lat' dir='ltr'><strong>multis</strong></span> <span class='ocrx_word' id='word_1_275' title='bbox 728 2021 799 2049; x_wconf 91' lang='lat' dir='ltr'><strong>male</strong></span> <span class='ocrx_word' id='word_1_276' title='bbox 813 2025 953 2056; x_wconf 85' lang='lat' dir='ltr'><strong>acceptum</strong></span> <span class='ocrx_word' id='word_1_277' title='bbox 970 2021 1014 2047; x_wconf 88' lang='lat' dir='ltr'><strong>de-</strong></span> 
     </span>
    </p>
   </div>
   <div class='ocr_carea' id='block_1_46' title="bbox 225 2066 1017 2105">
    <p class='ocr_par' dir='ltr' id='par_1_46' title="bbox 225 2066 1017 2105">
     <span class='ocr_line' id='line_1_46' title="bbox 225 2066 1017 2105; baseline -0.006 -7"><span class='ocrx_word' id='word_1_278' title='bbox 225 2070 326 2098; x_wconf 88' lang='lat' dir='ltr'><strong>diderit</strong></span> <span class='ocrx_word' id='word_1_279' title='bbox 339 2069 406 2105; x_wconf 72' lang='grc'>(21).</span> <span class='ocrx_word' id='word_1_280' title='bbox 428 2069 594 2097; x_wconf 82' lang='lat' dir='ltr'><strong>Vicesimum</strong></span> <span class='ocrx_word' id='word_1_281' title='bbox 610 2068 734 2101; x_wconf 86' lang='lat' dir='ltr'><strong>tertium,</strong></span> <span class='ocrx_word' id='word_1_282' title='bbox 748 2067 820 2103; x_wconf 86' lang='lat' dir='ltr'><strong>quod</strong></span> <span class='ocrx_word' id='word_1_283' title='bbox 841 2067 880 2094; x_wconf 87' lang='lat' dir='ltr'><strong>illi</strong></span> <span class='ocrx_word' id='word_1_284' title='bbox 895 2067 944 2094; x_wconf 87' lang='lat' dir='ltr'><strong>soli</strong></span> <span class='ocrx_word' id='word_1_285' title='bbox 959 2066 1017 2093; x_wconf 90' lang='lat' dir='ltr'><strong>hal-</strong></span> 
     </span>
    </p>
   </div>
   <div class='ocr_carea' id='block_1_47' title="bbox 226 2112 1016 2148">
    <p class='ocr_par' dir='ltr' id='par_1_47' title="bbox 226 2112 1016 2148">
     <span class='ocr_line' id='line_1_47' title="bbox 226 2112 1016 2148; baseline -0.006 -4"><span class='ocrx_word' id='word_1_286' title='bbox 226 2124 308 2144; x_wconf 87' lang='lat' dir='ltr'><strong>neum</strong></span> <span class='ocrx_word' id='word_1_287' title='bbox 333 2115 526 2148; x_wconf 81' lang='lat' dir='ltr'><strong>succendatur,</strong></span> <span class='ocrx_word' id='word_1_288' title='bbox 549 2119 576 2142; x_wconf 85' lang='lat' dir='ltr'><strong>et</strong></span> <span class='ocrx_word' id='word_1_289' title='bbox 593 2114 638 2142; x_wconf 89' lang='lat' dir='ltr'><strong>ubi</strong></span> <span class='ocrx_word' id='word_1_290' title='bbox 661 2113 771 2147; x_wconf 84' lang='lat' dir='ltr'><strong>laverit,</strong></span> <span class='ocrx_word' id='word_1_291' title='bbox 790 2112 926 2148; x_wconf 89' lang='lat' dir='ltr'><strong>Sarapion</strong></span> <span class='ocrx_word' id='word_1_292' title='bbox 940 2112 1016 2140; x_wconf 83' lang='lat' dir='ltr'><strong>clau-</strong></span> 
     </span>
    </p>
   </div>
   <div class='ocr_carea' id='block_1_48' title="bbox 227 2159 1017 2196">
    <p class='ocr_par' dir='ltr' id='par_1_48' title="bbox 227 2159 1017 2196">
     <span class='ocr_line' id='line_1_48' title="bbox 227 2159 1017 2196; baseline -0.006 -6"><span class='ocrx_word' id='word_1_293' title='bbox 227 2163 273 2190; x_wconf 87' lang='lat' dir='ltr'><strong>dat</strong></span> <span class='ocrx_word' id='word_1_294' title='bbox 285 2162 403 2196; x_wconf 83' lang='lat' dir='ltr'><strong>labrum,</strong></span> <span class='ocrx_word' id='word_1_295' title='bbox 418 2163 456 2190; x_wconf 86' lang='lat' dir='ltr'><strong>ita</strong></span> <span class='ocrx_word' id='word_1_296' title='bbox 483 2167 512 2190; x_wconf 93' lang='lat' dir='ltr'><strong>ut</strong></span> <span class='ocrx_word' id='word_1_297' title='bbox 534 2161 606 2189; x_wconf 85' lang='lat' dir='ltr'><strong>alius</strong></span> <span class='ocrx_word' id='word_1_298' title='bbox 629 2167 708 2188; x_wconf 88' lang='lat' dir='ltr'><strong>nemo</strong></span> <span class='ocrx_word' id='word_1_299' title='bbox 734 2159 816 2187; x_wconf 87' lang='lat' dir='ltr'><strong>lavet.</strong></span> <span class='ocrx_word' id='word_1_300' title='bbox 841 2159 974 2192; x_wconf 90' lang='lat' dir='ltr'><strong>Quartum</strong></span> <span class='ocrx_word' id='word_1_301' title='bbox 988 2164 1017 2186; x_wconf 90' lang='lat' dir='ltr'><strong>et</strong></span> 
     </span>
    </p>
   </div>
   <div class='ocr_carea' id='block_1_49' title="bbox 225 2205 1014 2244">
    <p class='ocr_par' dir='ltr' id='par_1_49' title="bbox 225 2205 1014 2244">
     <span class='ocr_line' id='line_1_49' title="bbox 225 2205 1014 2244; baseline -0.008 -7"><span class='ocrx_word' id='word_1_302' title='bbox 225 2209 398 2242; x_wconf 85' lang='lat' dir='ltr'><strong>vicesimum,</strong></span> <span class='ocrx_word' id='word_1_303' title='bbox 414 2209 486 2244; x_wconf 86' lang='lat' dir='ltr'><strong>quod</strong></span> <span class='ocrx_word' id='word_1_304' title='bbox 509 2208 570 2235; x_wconf 87' lang='lat' dir='ltr'><strong>sine</strong></span> <span class='ocrx_word' id='word_1_305' title='bbox 598 2207 712 2235; x_wconf 85' lang='lat' dir='ltr'><strong>testibus</strong></span> <span class='ocrx_word' id='word_1_306' title='bbox 736 2205 804 2240; x_wconf 67' lang='lat'><strong>180</strong></span> <span class='ocrx_word' id='word_1_307' title='bbox 824 2205 922 2232; x_wconf 87' lang='lat' dir='ltr'><strong>multos</strong></span> <span class='ocrx_word' id='word_1_308' title='bbox 941 2205 1014 2232; x_wconf 85' lang='lat' dir='ltr'><strong>ordi-</strong></span> 
     </span>
    </p>
   </div>
   <div class='ocr_carea' id='block_1_50' title="bbox 224 2250 1013 2287">
    <p class='ocr_par' dir='ltr' id='par_1_50' title="bbox 224 2250 1013 2287">
     <span class='ocr_line' id='line_1_50' title="bbox 224 2250 1013 2287; baseline -0.006 -6"><span class='ocrx_word' id='word_1_309' title='bbox 224 2254 308 2281; x_wconf 86' lang='lat' dir='ltr'><strong>narit.</strong></span> <span class='ocrx_word' id='word_1_310' title='bbox 322 2253 451 2287; x_wconf 86' lang='lat' dir='ltr'><strong>Quintum</strong></span> <span class='ocrx_word' id='word_1_311' title='bbox 466 2257 494 2280; x_wconf 92' lang='lat' dir='ltr'><strong>et</strong></span> <span class='ocrx_word' id='word_1_312' title='bbox 506 2252 678 2284; x_wconf 87' lang='lat' dir='ltr'><strong>vicesimum,</strong></span> <span class='ocrx_word' id='word_1_313' title='bbox 691 2251 763 2285; x_wconf 91' lang='lat' dir='ltr'><strong>quod</strong></span> <span class='ocrx_word' id='word_1_314' title='bbox 778 2250 852 2278; x_wconf 76' lang='lat' dir='ltr'><strong>solus</strong></span> <span class='ocrx_word' id='word_1_315' title='bbox 868 2250 925 2285; x_wconf 72' lang='lat'><strong>(‘22)</strong></span> <span class='ocrx_word' id='word_1_316' title='bbox 940 2251 1013 2283; x_wconf 79' lang='lat' dir='ltr'><strong>edat,</strong></span> 
     </span>
    </p>
   </div>
   <div class='ocr_carea' id='block_1_51' title="bbox 1030 1549 1051 1577">
    <p class='ocr_par' dir='ltr' id='par_1_51' title="bbox 1030 1549 1051 1577">
     <span class='ocr_line' id='line_1_51' title="bbox 1030 1549 1051 1577; baseline 0 0"><span class='ocrx_word' id='word_1_317' title='bbox 1030 1549 1051 1577; x_wconf 91' lang='lat' dir='ltr'><strong>C</strong></span> 
     </span>
    </p>
   </div>
   <div class='ocr_carea' id='block_1_52' title="bbox 1070 233 1867 273">
    <p class='ocr_par' dir='ltr' id='par_1_52' title="bbox 1070 233 1867 273">
     <span class='ocr_line' id='line_1_52' title="bbox 1070 233 1867 273; baseline 0.009 -14"><span class='ocrx_word' id='word_1_318' title='bbox 1070 233 1212 269; x_wconf 83' lang='grc' dir='ltr'>διέπρασε·</span> <span class='ocrx_word' id='word_1_319' title='bbox 1241 233 1383 268; x_wconf 84' lang='grc' dir='ltr'>τέταρτον,</span> <span class='ocrx_word' id='word_1_320' title='bbox 1406 235 1447 262; x_wconf 81' lang='grc' dir='ltr'>ὅτι</span> <span class='ocrx_word' id='word_1_321' title='bbox 1475 236 1510 262; x_wconf 85' lang='grc' dir='ltr'>τὰ</span> <span class='ocrx_word' id='word_1_322' title='bbox 1540 237 1675 273; x_wconf 85' lang='grc' dir='ltr'>μάρμαρα</span> <span class='ocrx_word' id='word_1_323' title='bbox 1705 237 1756 273; x_wconf 80' lang='grc' dir='ltr'><strong>τῆς</strong></span> <span class='ocrx_word' id='word_1_324' title='bbox 1784 238 1867 271; x_wconf 81' lang='grc' dir='ltr'>ἁγίας</span> 
     </span>
    </p>
   </div>
   <div class='ocr_carea' id='block_1_53' title="bbox 1078 280 1867 321">
    <p class='ocr_par' dir='ltr' id='par_1_53' title="bbox 1078 280 1867 321">
     <span class='ocr_line' id='line_1_53' title="bbox 1078 280 1867 321; baseline 0.009 -15"><span class='ocrx_word' id='word_1_325' title='bbox 1078 280 1276 313; x_wconf 82' lang='grc' dir='ltr'>Ἀναστασίας,</span> <span class='ocrx_word' id='word_1_326' title='bbox 1299 281 1317 308; x_wconf 77' lang='grc' dir='ltr'><strong>ὃ.</strong></span> <span class='ocrx_word' id='word_1_327' title='bbox 1333 282 1355 297; x_wconf 79' lang='grc'>³⁵</span> <span class='ocrx_word' id='word_1_328' title='bbox 1376 282 1530 318; x_wconf 84' lang='grc' dir='ltr'>Νεκτάριος</span> <span class='ocrx_word' id='word_1_329' title='bbox 1551 285 1592 316; x_wconf 81' lang='grc' dir='ltr'>εἰς</span> <span class='ocrx_word' id='word_1_330' title='bbox 1606 285 1788 321; x_wconf 86' lang='grc' dir='ltr'>μαρμάρωσιν</span> <span class='ocrx_word' id='word_1_331' title='bbox 1812 286 1867 321; x_wconf 83' lang='grc' dir='ltr'><strong>τῆς</strong></span> 
     </span>
    </p>
   </div>
   <div class='ocr_carea' id='block_1_54' title="bbox 1069 324 1866 365">
    <p class='ocr_par' dir='ltr' id='par_1_54' title="bbox 1069 324 1866 365">
     <span class='ocr_line' id='line_1_54' title="bbox 1069 324 1866 365; baseline 0.008 -13"><span class='ocrx_word' id='word_1_332' title='bbox 1069 326 1218 362; x_wconf 77' lang='grc' dir='ltr'><strong>ἐκκλησίας</strong></span> <span class='ocrx_word' id='word_1_333' title='bbox 1230 327 1394 361; x_wconf 78' lang='grc' dir='ltr'><strong>ἐναπέθετο,</strong></span> <span class='ocrx_word' id='word_1_334' title='bbox 1419 324 1497 360; x_wconf 77' lang='grc' dir='ltr'>οὗτος</span> <span class='ocrx_word' id='word_1_335' title='bbox 1513 329 1656 365; x_wconf 83' lang='grc' dir='ltr'>διέπρασε·</span> <span class='ocrx_word' id='word_1_336' title='bbox 1673 331 1812 365; x_wconf 88' lang='grc' dir='ltr'>πέμπτον,</span> <span class='ocrx_word' id='word_1_337' title='bbox 1823 332 1866 358; x_wconf 81' lang='grc' dir='ltr'>ὅτι</span> 
     </span>
    </p>
   </div>
   <div class='ocr_carea' id='block_1_55' title="bbox 1068 371 1867 410">
    <p class='ocr_par' dir='ltr' id='par_1_55' title="bbox 1068 371 1867 410">
     <span class='ocr_line' id='line_1_55' title="bbox 1068 371 1867 410; baseline 0.008 -13"><span class='ocrx_word' id='word_1_338' title='bbox 1068 372 1132 403; x_wconf 86' lang='grc' dir='ltr'>τοὺς</span> <span class='ocrx_word' id='word_1_339' title='bbox 1145 371 1295 406; x_wconf 85' lang='grc' dir='ltr'>κληρικοὺς</span> <span class='ocrx_word' id='word_1_340' title='bbox 1317 372 1433 407; x_wconf 83' lang='grc' dir='ltr'><strong>ἀτίμους</strong></span> <span class='ocrx_word' id='word_1_341' title='bbox 1453 374 1501 400; x_wconf 80' lang='grc' dir='ltr'>καὶ</span> <span class='ocrx_word' id='word_1_342' title='bbox 1521 374 1741 410; x_wconf 79' lang='grc' dir='ltr'><strong>διεφθαρμένους</strong></span> <span class='ocrx_word' id='word_1_343' title='bbox 1753 377 1801 403; x_wconf 78' lang='grc' dir='ltr'>καὶ</span> <span class='ocrx_word' id='word_1_344' title='bbox 1817 377 1867 403; x_wconf 84' lang='grc' dir='ltr'><strong>αὐ-</strong></span> 
     </span>
    </p>
   </div>
   <div class='ocr_carea' id='block_1_56' title="bbox 1066 417 1863 456">
    <p class='ocr_par' dir='ltr' id='par_1_56' title="bbox 1066 417 1863 456">
     <span class='ocr_line' id='line_1_56' title="bbox 1066 417 1863 456; baseline 0.009 -14"><span class='ocrx_word' id='word_1_345' title='bbox 1066 417 1320 452; x_wconf 76' lang='grc' dir='ltr'>τοπαραχρήτους²ε</span> <span class='ocrx_word' id='word_1_346' title='bbox 1333 418 1381 444; x_wconf 73' lang='grc' dir='ltr'><strong>καὶ</strong></span> <span class='ocrx_word' id='word_1_347' title='bbox 1396 418 1618 454; x_wconf 82' lang='grc' dir='ltr'>τριοϐολιμαίους</span> <span class='ocrx_word' id='word_1_348' title='bbox 1633 420 1752 456; x_wconf 75' lang='grc' dir='ltr'>ὑϐρίζει·</span> <span class='ocrx_word' id='word_1_349' title='bbox 1768 422 1863 454; x_wconf 76' lang='grc' dir='ltr'>ἕκτον,</span> 
     </span>
    </p>
   </div>
   <div class='ocr_carea' id='block_1_57' title="bbox 1066 462 1867 503">
    <p class='ocr_par' dir='ltr' id='par_1_57' title="bbox 1066 462 1867 503">
     <span class='ocr_line' id='line_1_57' title="bbox 1066 462 1867 503; baseline 0.007 -14"><span class='ocrx_word' id='word_1_350' title='bbox 1066 462 1107 489; x_wconf 81' lang='grc' dir='ltr'>ὅτι</span> <span class='ocrx_word' id='word_1_351' title='bbox 1121 462 1167 489; x_wconf 80' lang='grc' dir='ltr'>τὸν</span> <span class='ocrx_word' id='word_1_352' title='bbox 1178 463 1256 497; x_wconf 79' lang='grc' dir='ltr'>ἅγιον</span> <span class='ocrx_word' id='word_1_353' title='bbox 1282 463 1439 498; x_wconf 83' lang='grc' dir='ltr'>Ἐπιφάνιον</span> <span class='ocrx_word' id='word_1_354' title='bbox 1454 465 1537 500; x_wconf 86' lang='grc' dir='ltr'>λῆρον</span> <span class='ocrx_word' id='word_1_355' title='bbox 1554 466 1646 493; x_wconf 79' lang='grc' dir='ltr'><strong>ἐκάλει</strong></span> <span class='ocrx_word' id='word_1_356' title='bbox 1667 467 1688 483; x_wconf 79' lang='grc'>³⁷</span> <span class='ocrx_word' id='word_1_357' title='bbox 1704 469 1752 494; x_wconf 76' lang='grc' dir='ltr'>καὶ</span> <span class='ocrx_word' id='word_1_358' title='bbox 1767 468 1867 503; x_wconf 85' lang='grc' dir='ltr'>δαιμο-</span> 
     </span>
    </p>
   </div>
   <div class='ocr_carea' id='block_1_58' title="bbox 1067 509 1868 550">
    <p class='ocr_par' dir='ltr' id='par_1_58' title="bbox 1067 509 1868 550">
     <span class='ocr_line' id='line_1_58' title="bbox 1067 509 1868 550; baseline 0.007 -15"><span class='ocrx_word' id='word_1_359' title='bbox 1067 509 1192 544; x_wconf 79' lang='grc' dir='ltr'>νιάριον·</span> <span class='ocrx_word' id='word_1_360' title='bbox 1225 509 1352 544; x_wconf 77' lang='grc' dir='ltr'>ἕϐδομον,</span> <span class='ocrx_word' id='word_1_361' title='bbox 1373 510 1414 537; x_wconf 82' lang='grc' dir='ltr'>ὃτι</span> <span class='ocrx_word' id='word_1_362' title='bbox 1437 511 1509 538; x_wconf 83' lang='grc' dir='ltr'>κατά</span> <span class='ocrx_word' id='word_1_363' title='bbox 1531 512 1698 548; x_wconf 87' lang='grc' dir='ltr'>Σεϐηριανοῦ</span> <span class='ocrx_word' id='word_1_364' title='bbox 1728 515 1868 550; x_wconf 79' lang='grc' dir='ltr'>συσκευὴν</span> 
     </span>
    </p>
   </div>
   <div class='ocr_carea' id='block_1_59' title="bbox 1067 555 1867 592">
    <p class='ocr_par' dir='ltr' id='par_1_59' title="bbox 1067 555 1867 592">
     <span class='ocr_line' id='line_1_59' title="bbox 1067 555 1867 592; baseline 0.009 -11"><span class='ocrx_word' id='word_1_365' title='bbox 1067 555 1226 591; x_wconf 79' lang='grc' dir='ltr'>ἐποιήσατο,</span> <span class='ocrx_word' id='word_1_366' title='bbox 1250 555 1295 592; x_wconf 81' lang='grc'><strong>[56</strong></span> <span class='ocrx_word' id='word_1_367' title='bbox 1311 555 1358 592; x_wconf 82' lang='lat' dir='ltr'><strong>R.]</strong></span> <span class='ocrx_word' id='word_1_368' title='bbox 1376 557 1492 591; x_wconf 82' lang='grc' dir='ltr'><strong>κινήσας</strong></span> <span class='ocrx_word' id='word_1_369' title='bbox 1513 559 1574 584; x_wconf 87' lang='grc' dir='ltr'>κατ’</span> <span class='ocrx_word' id='word_1_370' title='bbox 1587 559 1671 586; x_wconf 84' lang='grc' dir='ltr'>αὐτοῦ</span> <span class='ocrx_word' id='word_1_371' title='bbox 1691 560 1754 592; x_wconf 81' lang='grc' dir='ltr'>τοὺς</span> <span class='ocrx_word' id='word_1_372' title='bbox 1781 561 1867 588; x_wconf 87' lang='grc' dir='ltr'>δεκα-</span> 
     </span>
    </p>
   </div>
   <div class='ocr_carea' id='block_1_60' title="bbox 1067 601 1867 641">
    <p class='ocr_par' dir='ltr' id='par_1_60' title="bbox 1067 601 1867 641">
     <span class='ocr_line' id='line_1_60' title="bbox 1067 601 1867 641; baseline 0.009 -14"><span class='ocrx_word' id='word_1_373' title='bbox 1067 601 1140 632; x_wconf 81' lang='grc' dir='ltr'><strong>νούς·</strong></span> <span class='ocrx_word' id='word_1_374' title='bbox 1156 601 1263 635; x_wconf 75' lang='grc' dir='ltr'>ὃγδοον,</span> <span class='ocrx_word' id='word_1_375' title='bbox 1281 603 1321 629; x_wconf 80' lang='grc' dir='ltr'>ὅτι</span> <span class='ocrx_word' id='word_1_376' title='bbox 1335 602 1382 629; x_wconf 78' lang='grc' dir='ltr'>καὶ</span> <span class='ocrx_word' id='word_1_377' title='bbox 1397 603 1470 630; x_wconf 85' lang='grc' dir='ltr'>κατὰ</span> <span class='ocrx_word' id='word_1_378' title='bbox 1484 603 1531 630; x_wconf 83' lang='grc' dir='ltr'>τοῦ</span> <span class='ocrx_word' id='word_1_379' title='bbox 1551 605 1652 641; x_wconf 82' lang='grc' dir='ltr'>κλήρου</span> <span class='ocrx_word' id='word_1_380' title='bbox 1667 607 1867 641; x_wconf 83' lang='grc' dir='ltr'>συκοφαντικὸν</span> 
     </span>
    </p>
   </div>
   <div class='ocr_carea' id='block_1_61' title="bbox 1068 647 1872 688">
    <p class='ocr_par' dir='ltr' id='par_1_61' title="bbox 1068 647 1872 688">
     <span class='ocr_line' id='line_1_61' title="bbox 1068 647 1872 688; baseline 0.009 -15"><span class='ocrx_word' id='word_1_381' title='bbox 1068 647 1170 682; x_wconf 84' lang='grc' dir='ltr'>βιϐλίον</span> <span class='ocrx_word' id='word_1_382' title='bbox 1202 648 1414 675; x_wconf 79' lang='grc' dir='ltr'><strong>κατεσκεύασεν·</strong></span> <span class='ocrx_word' id='word_1_383' title='bbox 1448 649 1570 683; x_wconf 80' lang='grc' dir='ltr'><strong>ἔννατον,</strong></span> <span class='ocrx_word' id='word_1_384' title='bbox 1602 651 1645 678; x_wconf 75' lang='grc' dir='ltr'>ὅτι</span> <span class='ocrx_word' id='word_1_385' title='bbox 1674 652 1872 688; x_wconf 68' lang='grc' dir='ltr'>συγκροτήσαξ</span> 
     </span>
    </p>
   </div>
   <div class='ocr_carea' id='block_1_62' title="bbox 1068 694 1865 733">
    <p class='ocr_par' dir='ltr' id='par_1_62' title="bbox 1068 694 1865 733">
     <span class='ocr_line' id='line_1_62' title="bbox 1068 694 1865 733; baseline 0.008 -14"><span class='ocrx_word' id='word_1_386' title='bbox 1068 694 1207 729; x_wconf 81' lang='grc' dir='ltr'>συνέδριον</span> <span class='ocrx_word' id='word_1_387' title='bbox 1222 695 1323 725; x_wconf 77' lang='grc' dir='ltr'>παντὸς</span> <span class='ocrx_word' id='word_1_388' title='bbox 1338 695 1385 721; x_wconf 81' lang='grc' dir='ltr'><strong>τοῦ</strong></span> <span class='ocrx_word' id='word_1_389' title='bbox 1394 695 1498 731; x_wconf 85' lang='grc' dir='ltr'><strong>κλήρου</strong></span> <span class='ocrx_word' id='word_1_390' title='bbox 1513 696 1611 732; x_wconf 75' lang='grc' dir='ltr'>ἔστησε</span> <span class='ocrx_word' id='word_1_391' title='bbox 1624 699 1699 733; x_wconf 81' lang='grc' dir='ltr'>τρεῖς</span> <span class='ocrx_word' id='word_1_392' title='bbox 1709 699 1865 732; x_wconf 78' lang='grc' dir='ltr'>διακόνους,</span> 
     </span>
    </p>
   </div>
   <div class='ocr_carea' id='block_1_63' title="bbox 1074 738 1868 777">
    <p class='ocr_par' dir='ltr' id='par_1_63' title="bbox 1074 738 1868 777">
     <span class='ocr_line' id='line_1_63' title="bbox 1074 738 1868 777; baseline 0.008 -13"><span class='ocrx_word' id='word_1_393' title='bbox 1074 738 1212 771; x_wconf 82' lang='grc' dir='ltr'>’Λκάκιον,</span> <span class='ocrx_word' id='word_1_394' title='bbox 1236 739 1363 773; x_wconf 82' lang='grc' dir='ltr'>Ἐδάφιον</span> <span class='ocrx_word' id='word_1_395' title='bbox 1374 760 1381 771; x_wconf 88' lang='grc'><strong>,</strong></span> <span class='ocrx_word' id='word_1_396' title='bbox 1403 740 1532 776; x_wconf 76' lang='grc' dir='ltr'>Ἰωάννην</span> <span class='ocrx_word' id='word_1_397' title='bbox 1543 761 1549 773; x_wconf 84' lang='grc'><strong>,</strong></span> <span class='ocrx_word' id='word_1_398' title='bbox 1567 743 1761 777; x_wconf 87' lang='grc' dir='ltr'>κατηγορήσας</span> <span class='ocrx_word' id='word_1_399' title='bbox 1781 743 1820 775; x_wconf 81' lang='grc' dir='ltr'>ὡς</span> <span class='ocrx_word' id='word_1_400' title='bbox 1836 744 1868 770; x_wconf 71' lang='grc' dir='ltr'><strong>τὸ</strong></span> 
     </span>
    </p>
   </div>
   <div class='ocr_carea' id='block_1_64' title="bbox 1069 784 1867 822">
    <p class='ocr_par' dir='ltr' id='par_1_64' title="bbox 1069 784 1867 822">
     <span class='ocr_line' id='line_1_64' title="bbox 1069 784 1867 822; baseline 0.005 -11"><span class='ocrx_word' id='word_1_401' title='bbox 1069 784 1206 819; x_wconf 86' lang='grc' dir='ltr'>μαφόριον</span> <span class='ocrx_word' id='word_1_402' title='bbox 1217 784 1239 800; x_wconf 81' lang='grc'><strong>³⁸</strong></span> <span class='ocrx_word' id='word_1_403' title='bbox 1248 784 1330 811; x_wconf 76' lang='grc' dir='ltr'>αὐτοῦ</span> <span class='ocrx_word' id='word_1_404' title='bbox 1343 785 1597 820; x_wconf 76' lang='grc' dir='ltr'>κλέψαντας,λέγων</span> <span class='ocrx_word' id='word_1_405' title='bbox 1605 787 1650 822; x_wconf 78' lang='grc' dir='ltr'><strong>Μὴ</strong></span> <span class='ocrx_word' id='word_1_406' title='bbox 1662 788 1710 814; x_wconf 78' lang='grc' dir='ltr'>καὶ</span> <span class='ocrx_word' id='word_1_407' title='bbox 1718 789 1758 820; x_wconf 80' lang='grc' dir='ltr'><strong>εἰς</strong></span> <span class='ocrx_word' id='word_1_408' title='bbox 1765 788 1830 815; x_wconf 78' lang='grc' dir='ltr'>ἄλλο</span> <span class='ocrx_word' id='word_1_409' title='bbox 1838 797 1867 816; x_wconf 87' lang='grc' dir='ltr'><strong>τι</strong></span> 
     </span>
    </p>
   </div>
   <div class='ocr_carea' id='block_1_65' title="bbox 1067 827 1867 867">
    <p class='ocr_par' dir='ltr' id='par_1_65' title="bbox 1067 827 1867 867">
     <span class='ocr_line' id='line_1_65' title="bbox 1067 827 1867 867; baseline 0.006 -13"><span class='ocrx_word' id='word_1_410' title='bbox 1067 828 1132 855; x_wconf 68' lang='grc' dir='ltr'>αὐτὸ</span> <span class='ocrx_word' id='word_1_411' title='bbox 1147 827 1242 856; x_wconf 72' lang='grc' dir='ltr'>ἔλαϐον</span> <span class='ocrx_word' id='word_1_412' title='bbox 1254 837 1261 862; x_wconf 89' lang='grc'>;</span> <span class='ocrx_word' id='word_1_413' title='bbox 1272 829 1395 862; x_wconf 78' lang='grc' dir='ltr'>δέκατον,</span> <span class='ocrx_word' id='word_1_414' title='bbox 1412 831 1453 856; x_wconf 79' lang='grc' dir='ltr'>ὅτι</span> <span class='ocrx_word' id='word_1_415' title='bbox 1468 831 1610 858; x_wconf 79' lang='grc' dir='ltr'>Ἀντώνιον</span> <span class='ocrx_word' id='word_1_416' title='bbox 1620 831 1779 867; x_wconf 75' lang='grc' dir='ltr'>ἐλεγχθέντι*</span> <span class='ocrx_word' id='word_1_417' title='bbox 1792 841 1867 867; x_wconf 85' lang='grc' dir='ltr'>τυμ-</span> 
     </span>
    </p>
   </div>
   <div class='ocr_carea' id='block_1_66' title="bbox 1037 874 1866 912">
    <p class='ocr_par' dir='ltr' id='par_1_66' title="bbox 1037 874 1866 912">
     <span class='ocr_line' id='line_1_66' title="bbox 1037 874 1866 912; baseline 0.005 -11"><span class='ocrx_word' id='word_1_418' title='bbox 1037 879 1059 907; x_wconf 83' lang='grc' dir='ltr'><strong>Β</strong></span> <span class='ocrx_word' id='word_1_419' title='bbox 1075 874 1199 911; x_wconf 77' lang='grc' dir='ltr'>ϐωρύχον</span> <span class='ocrx_word' id='word_1_420' title='bbox 1221 876 1427 912; x_wconf 78' lang='grc' dir='ltr'><strong>ἐχειροτόνησεν</strong></span> <span class='ocrx_word' id='word_1_421' title='bbox 1444 877 1594 904; x_wconf 72' lang='grc' dir='ltr'>ἐπίσκοπον</span> <span class='ocrx_word' id='word_1_422' title='bbox 1606 885 1613 892; x_wconf 94' lang='grc'><strong>·</strong></span> <span class='ocrx_word' id='word_1_423' title='bbox 1650 877 1803 909; x_wconf 78' lang='grc' dir='ltr'><strong>ἑνδέκατον,</strong></span> <span class='ocrx_word' id='word_1_424' title='bbox 1821 878 1866 905; x_wconf 80' lang='grc' dir='ltr'>ὅτι</span> 
     </span>
    </p>
   </div>
   <div class='ocr_carea' id='block_1_67' title="bbox 1074 921 1867 959">
    <p class='ocr_par' dir='ltr' id='par_1_67' title="bbox 1074 921 1867 959">
     <span class='ocr_line' id='line_1_67' title="bbox 1074 921 1867 959; baseline 0.003 -11"><span class='ocrx_word' id='word_1_425' title='bbox 1074 921 1200 956; x_wconf 81' lang='grc' dir='ltr'>Ἰωάννην</span> <span class='ocrx_word' id='word_1_426' title='bbox 1220 921 1265 948; x_wconf 82' lang='grc' dir='ltr'>τὸν</span> <span class='ocrx_word' id='word_1_427' title='bbox 1281 922 1390 956; x_wconf 77' lang='grc' dir='ltr'>κόμητα</span> <span class='ocrx_word' id='word_1_428' title='bbox 1410 923 1439 949; x_wconf 78' lang='grc' dir='ltr'>ὲν</span> <span class='ocrx_word' id='word_1_429' title='bbox 1459 924 1491 958; x_wconf 83' lang='grc' dir='ltr'><strong>τῇ</strong></span> <span class='ocrx_word' id='word_1_430' title='bbox 1505 923 1600 949; x_wconf 85' lang='grc' dir='ltr'>στάσει</span> <span class='ocrx_word' id='word_1_431' title='bbox 1613 923 1669 950; x_wconf 83' lang='grc' dir='ltr'><strong>τῶν</strong></span> <span class='ocrx_word' id='word_1_432' title='bbox 1689 924 1867 959; x_wconf 81' lang='grc' dir='ltr'>στρατιωτῶν</span> 
     </span>
    </p>
   </div>
   <div class='ocr_carea' id='block_1_68' title="bbox 1067 966 1867 1003">
    <p class='ocr_par' dir='ltr' id='par_1_68' title="bbox 1067 966 1867 1003">
     <span class='ocr_line' id='line_1_68' title="bbox 1067 966 1867 1003; baseline 0.003 -11"><span class='ocrx_word' id='word_1_433' title='bbox 1067 967 1148 998; x_wconf 79' lang='grc' dir='ltr'>αὐτὸς</span> <span class='ocrx_word' id='word_1_434' title='bbox 1180 967 1383 1002; x_wconf 71' lang='grc' dir='ltr'>κατεμήνυσενο</span> <span class='ocrx_word' id='word_1_435' title='bbox 1416 967 1582 1001; x_wconf 79' lang='grc' dir='ltr'>δωδέκατον,</span> <span class='ocrx_word' id='word_1_436' title='bbox 1609 967 1651 994; x_wconf 84' lang='grc' dir='ltr'>ὄτι</span> <span class='ocrx_word' id='word_1_437' title='bbox 1673 966 1736 994; x_wconf 75' lang='grc' dir='ltr'>οὔτε</span> <span class='ocrx_word' id='word_1_438' title='bbox 1759 967 1867 1003; x_wconf 83' lang='grc' dir='ltr'>προῖὼν</span> 
     </span>
    </p>
   </div>
   <div class='ocr_carea' id='block_1_69' title="bbox 1066 1012 1867 1049">
    <p class='ocr_par' dir='ltr' id='par_1_69' title="bbox 1066 1012 1867 1049">
     <span class='ocr_line' id='line_1_69' title="bbox 1066 1012 1867 1049; baseline 0.002 -10"><span class='ocrx_word' id='word_1_439' title='bbox 1066 1012 1171 1047; x_wconf 80' lang='grc' dir='ltr'>ηὔξατο</span> <span class='ocrx_word' id='word_1_440' title='bbox 1195 1014 1236 1044; x_wconf 73' lang='grc' dir='ltr'><strong>εἰς</strong></span> <span class='ocrx_word' id='word_1_441' title='bbox 1262 1013 1312 1048; x_wconf 86' lang='grc' dir='ltr'>τὴν</span> <span class='ocrx_word' id='word_1_442' title='bbox 1328 1013 1480 1049; x_wconf 76' lang='grc' dir='ltr'>ἐκκλησίαν</span> <span class='ocrx_word' id='word_1_443' title='bbox 1495 1014 1558 1040; x_wconf 82' lang='grc' dir='ltr'>οὕτε</span> <span class='ocrx_word' id='word_1_444' title='bbox 1572 1014 1676 1041; x_wconf 81' lang='grc' dir='ltr'>εἰσιών·</span> <span class='ocrx_word' id='word_1_445' title='bbox 1706 1014 1867 1049; x_wconf 77' lang='grc' dir='ltr'>τρισκαιδέ‹</span> 
     </span>
    </p>
   </div>
   <div class='ocr_carea' id='block_1_70' title="bbox 1066 1058 1867 1096">
    <p class='ocr_par' dir='ltr' id='par_1_70' title="bbox 1066 1058 1867 1096">
     <span class='ocr_line' id='line_1_70' title="bbox 1066 1058 1867 1096; baseline 0.004 -12"><span class='ocrx_word' id='word_1_446' title='bbox 1066 1067 1162 1091; x_wconf 81' lang='grc' dir='ltr'>κατον,</span> <span class='ocrx_word' id='word_1_447' title='bbox 1177 1059 1219 1085; x_wconf 82' lang='grc' dir='ltr'>ὃτι</span> <span class='ocrx_word' id='word_1_448' title='bbox 1236 1058 1301 1086; x_wconf 80' lang='grc' dir='ltr'>ἄνευ</span> <span class='ocrx_word' id='word_1_449' title='bbox 1327 1058 1520 1095; x_wconf 82' lang='grc' dir='ltr'>θυσιαστηρίου</span> <span class='ocrx_word' id='word_1_450' title='bbox 1543 1060 1711 1096; x_wconf 76' lang='grc' dir='ltr'>χειροτονίας</span> <span class='ocrx_word' id='word_1_451' title='bbox 1731 1060 1867 1087; x_wconf 85' lang='grc' dir='ltr'>διακόνων</span> 
     </span>
    </p>
   </div>
   <div class='ocr_carea' id='block_1_71' title="bbox 1067 1106 1865 1142">
    <p class='ocr_par' dir='ltr' id='par_1_71' title="bbox 1067 1106 1865 1142">
     <span class='ocr_line' id='line_1_71' title="bbox 1067 1106 1865 1142; baseline 0.003 -11"><span class='ocrx_word' id='word_1_452' title='bbox 1067 1106 1114 1132; x_wconf 80' lang='grc' dir='ltr'>καὶ</span> <span class='ocrx_word' id='word_1_453' title='bbox 1125 1106 1319 1142; x_wconf 80' lang='grc' dir='ltr'>πρεσϐυτέρων</span> <span class='ocrx_word' id='word_1_454' title='bbox 1341 1106 1464 1142; x_wconf 77' lang='grc' dir='ltr'>ἑποίησε’</span> <span class='ocrx_word' id='word_1_455' title='bbox 1486 1106 1795 1142; x_wconf 68' lang='grc' dir='ltr'>τεσσαρεσκαιδέκατον,</span> <span class='ocrx_word' id='word_1_456' title='bbox 1820 1107 1865 1133; x_wconf 85' lang='grc' dir='ltr'>ὅτι</span> 
     </span>
    </p>
   </div>
   <div class='ocr_carea' id='block_1_72' title="bbox 1067 1150 1867 1187">
    <p class='ocr_par' dir='ltr' id='par_1_72' title="bbox 1067 1150 1867 1187">
     <span class='ocr_line' id='line_1_72' title="bbox 1067 1150 1867 1187; baseline 0.001 -11"><span class='ocrx_word' id='word_1_457' title='bbox 1067 1150 1096 1176; x_wconf 84' lang='grc' dir='ltr'>ὲν</span> <span class='ocrx_word' id='word_1_458' title='bbox 1111 1151 1163 1185; x_wconf 74' lang='grc' dir='ltr'>μιᾷ</span> <span class='ocrx_word' id='word_1_459' title='bbox 1194 1150 1348 1186; x_wconf 73' lang='grc' dir='ltr'>χειροτονίᾳ</span> <span class='ocrx_word' id='word_1_460' title='bbox 1383 1150 1428 1187; x_wconf 69' lang='grc'><strong>[26</strong></span> <span class='ocrx_word' id='word_1_461' title='bbox 1453 1150 1503 1187; x_wconf 83' lang='grc' dir='ltr'><strong>Η,]</strong></span> <span class='ocrx_word' id='word_1_462' title='bbox 1534 1150 1672 1186; x_wconf 83' lang='grc' dir='ltr'>τέσσαρας</span> <span class='ocrx_word' id='word_1_463' title='bbox 1697 1151 1867 1182; x_wconf 77' lang='grc' dir='ltr'>ἐπισκόπους</span> 
     </span>
    </p>
   </div>
   <div class='ocr_carea' id='block_1_73' title="bbox 1067 1196 1869 1232">
    <p class='ocr_par' dir='ltr' id='par_1_73' title="bbox 1067 1196 1869 1232">
     <span class='ocr_line' id='line_1_73' title="bbox 1067 1196 1869 1232; baseline 0 -9"><span class='ocrx_word' id='word_1_464' title='bbox 1067 1196 1190 1231; x_wconf 75' lang='grc' dir='ltr'>ἐποίησε·</span> <span class='ocrx_word' id='word_1_465' title='bbox 1205 1196 1460 1230; x_wconf 83' lang='grc' dir='ltr'>πεντεκαιδέκατον,</span> <span class='ocrx_word' id='word_1_466' title='bbox 1475 1196 1515 1223; x_wconf 87' lang='grc' dir='ltr'>ὅτι</span> <span class='ocrx_word' id='word_1_467' title='bbox 1531 1196 1637 1232; x_wconf 77' lang='grc' dir='ltr'>δέχεται</span> <span class='ocrx_word' id='word_1_468' title='bbox 1665 1198 1798 1230; x_wconf 86' lang='grc' dir='ltr'>γυναῖκας</span> <span class='ocrx_word' id='word_1_469' title='bbox 1815 1205 1869 1231; x_wconf 79' lang='grc' dir='ltr'>μο-</span> 
     </span>
    </p>
   </div>
   <div class='ocr_carea' id='block_1_74' title="bbox 1066 1240 1868 1278">
    <p class='ocr_par' dir='ltr' id='par_1_74' title="bbox 1066 1240 1868 1278">
     <span class='ocr_line' id='line_1_74' title="bbox 1066 1240 1868 1278; baseline 0.001 -10"><span class='ocrx_word' id='word_1_470' title='bbox 1066 1242 1241 1278; x_wconf 77' lang='grc' dir='ltr'>νοπρόσμονα</span> <span class='ocrx_word' id='word_1_471' title='bbox 1259 1242 1281 1258; x_wconf 71' lang='grc'><strong>⁸⁸</strong></span> <span class='ocrx_word' id='word_1_472' title='bbox 1295 1262 1302 1275; x_wconf 82' lang='grc'><strong>,</strong></span> <span class='ocrx_word' id='word_1_473' title='bbox 1321 1242 1427 1273; x_wconf 84' lang='grc' dir='ltr'>πάντας</span> <span class='ocrx_word' id='word_1_474' title='bbox 1449 1242 1589 1269; x_wconf 78' lang='grc' dir='ltr'>ὲκὸάλλων</span> <span class='ocrx_word' id='word_1_475' title='bbox 1609 1242 1644 1258; x_wconf 68' lang='grc' dir='ltr'><strong>’θ’</strong></span> <span class='ocrx_word' id='word_1_476' title='bbox 1659 1242 1720 1274; x_wconf 78' lang='grc' dir='ltr'><strong>ἔξω·</strong></span> <span class='ocrx_word' id='word_1_477' title='bbox 1742 1240 1868 1275; x_wconf 79' lang='grc' dir='ltr'>ἑξκαιδέ-</span> 
     </span>
    </p>
   </div>
   <div class='ocr_carea' id='block_1_75' title="bbox 1067 1287 1866 1324">
    <p class='ocr_par' dir='ltr' id='par_1_75' title="bbox 1067 1287 1866 1324">
     <span class='ocr_line' id='line_1_75' title="bbox 1067 1287 1866 1324; baseline 0.003 -11"><span class='ocrx_word' id='word_1_478' title='bbox 1067 1296 1166 1319; x_wconf 79' lang='grc' dir='ltr'>κατον,</span> <span class='ocrx_word' id='word_1_479' title='bbox 1181 1289 1222 1314; x_wconf 75' lang='grc' dir='ltr'>ὅτι</span> <span class='ocrx_word' id='word_1_480' title='bbox 1239 1287 1289 1320; x_wconf 88' lang='grc' dir='ltr'>τὴν</span> <span class='ocrx_word' id='word_1_481' title='bbox 1304 1288 1489 1324; x_wconf 71' lang='grc' dir='ltr'>κληρονομίαν</span> <span class='ocrx_word' id='word_1_482' title='bbox 1501 1288 1550 1324; x_wconf 80' lang='grc' dir='ltr'><strong>τὴν</strong></span> <span class='ocrx_word' id='word_1_483' title='bbox 1566 1288 1621 1315; x_wconf 78' lang='grc' dir='ltr'>ἀπὸ</span> <span class='ocrx_word' id='word_1_484' title='bbox 1628 1288 1650 1304; x_wconf 74' lang='grc'><strong>⁵⁸</strong></span> <span class='ocrx_word' id='word_1_485' title='bbox 1660 1288 1763 1320; x_wconf 78' lang='grc' dir='ltr'>Θέκλας</span> <span class='ocrx_word' id='word_1_486' title='bbox 1776 1297 1866 1315; x_wconf 82' lang='grc' dir='ltr'>κατα-</span> 
     </span>
    </p>
   </div>
   <div class='ocr_carea' id='block_1_76' title="bbox 1067 1333 1864 1371">
    <p class='ocr_par' dir='ltr' id='par_1_76' title="bbox 1067 1333 1864 1371">
     <span class='ocr_line' id='line_1_76' title="bbox 1067 1333 1864 1371; baseline 0.003 -12"><span class='ocrx_word' id='word_1_487' title='bbox 1067 1333 1223 1368; x_wconf 58' lang='grc' dir='ltr'>λειφθεῖσαν</span> <span class='ocrx_word' id='word_1_488' title='bbox 1236 1334 1363 1371; x_wconf 84' lang='grc' dir='ltr'>πέπρακε</span> <span class='ocrx_word' id='word_1_489' title='bbox 1375 1335 1420 1361; x_wconf 83' lang='grc' dir='ltr'><strong>διὰ</strong></span> <span class='ocrx_word' id='word_1_490' title='bbox 1437 1334 1594 1361; x_wconf 84' lang='grc' dir='ltr'>Θεοδούλου·</span> <span class='ocrx_word' id='word_1_491' title='bbox 1612 1334 1864 1367; x_wconf 74' lang='grc' dir='ltr'>ἑπτακαιδέκατον,</span> 
     </span>
    </p>
   </div>
   <div class='ocr_carea' id='block_1_77' title="bbox 1067 1379 1866 1416">
    <p class='ocr_par' dir='ltr' id='par_1_77' title="bbox 1067 1379 1866 1416">
     <span class='ocr_line' id='line_1_77' title="bbox 1067 1379 1866 1416; baseline 0.001 -11"><span class='ocrx_word' id='word_1_492' title='bbox 1067 1380 1108 1406; x_wconf 80' lang='grc' dir='ltr'>ὅτι</span> <span class='ocrx_word' id='word_1_493' title='bbox 1119 1379 1154 1406; x_wconf 79' lang='grc' dir='ltr'>τὰ</span> <span class='ocrx_word' id='word_1_494' title='bbox 1170 1380 1301 1415; x_wconf 80' lang='grc' dir='ltr'>προσόδια</span> <span class='ocrx_word' id='word_1_495' title='bbox 1309 1380 1530 1416; x_wconf 80' lang='grc' dir='ltr'>τῆςἜκκλησίας</span> <span class='ocrx_word' id='word_1_496' title='bbox 1542 1381 1629 1412; x_wconf 72' lang='grc' dir='ltr'>οὐδεὶς</span> <span class='ocrx_word' id='word_1_497' title='bbox 1641 1379 1694 1408; x_wconf 76' lang='grc' dir='ltr'>οἶδε</span> <span class='ocrx_word' id='word_1_498' title='bbox 1708 1380 1759 1407; x_wconf 80' lang='grc' dir='ltr'>ποῦ</span> <span class='ocrx_word' id='word_1_499' title='bbox 1771 1381 1866 1416; x_wconf 82' lang='grc' dir='ltr'>ἀπῆλ-</span> 
     </span>
    </p>
   </div>
   <div class='ocr_carea' id='block_1_78' title="bbox 1068 1425 1866 1462">
    <p class='ocr_par' dir='ltr' id='par_1_78' title="bbox 1068 1425 1866 1462">
     <span class='ocr_line' id='line_1_78' title="bbox 1068 1425 1866 1462; baseline 0.003 -10"><span class='ocrx_word' id='word_1_500' title='bbox 1068 1425 1124 1454; x_wconf 73' lang='grc' dir='ltr'><strong>θεψ</strong></span> <span class='ocrx_word' id='word_1_501' title='bbox 1133 1427 1367 1454; x_wconf 72' lang='grc' dir='ltr'>ὀκτωκαιδέκατον</span> <span class='ocrx_word' id='word_1_502' title='bbox 1376 1427 1416 1454; x_wconf 77' lang='grc' dir='ltr'>ὅτι</span> <span class='ocrx_word' id='word_1_503' title='bbox 1428 1427 1593 1462; x_wconf 85' lang='grc' dir='ltr'>Σαραπίωνα</span> <span class='ocrx_word' id='word_1_504' title='bbox 1604 1427 1655 1453; x_wconf 81' lang='grc' dir='ltr'><strong>ὑπὸ</strong></span> <span class='ocrx_word' id='word_1_505' title='bbox 1664 1426 1789 1462; x_wconf 75' lang='grc' dir='ltr'>ἔγκλημα</span> <span class='ocrx_word' id='word_1_506' title='bbox 1797 1427 1866 1454; x_wconf 73' lang='grc' dir='ltr'>ὄντα</span> 
     </span>
    </p>
   </div>
   <div class='ocr_carea' id='block_1_79' title="bbox 1068 1471 1865 1507">
    <p class='ocr_par' dir='ltr' id='par_1_79' title="bbox 1068 1471 1865 1507">
     <span class='ocr_line' id='line_1_79' title="bbox 1068 1471 1865 1507; baseline 0.003 -10"><span class='ocrx_word' id='word_1_507' title='bbox 1068 1471 1254 1506; x_wconf 85' lang='grc' dir='ltr'>πρεσϐύτερον</span> <span class='ocrx_word' id='word_1_508' title='bbox 1264 1472 1477 1507; x_wconf 75' lang='grc' dir='ltr'>ἐχειροτόνησεν·</span> <span class='ocrx_word' id='word_1_509' title='bbox 1490 1471 1739 1505; x_wconf 73' lang='grc' dir='ltr'>ἐννεακαιδέκατον,</span> <span class='ocrx_word' id='word_1_510' title='bbox 1748 1473 1789 1499; x_wconf 79' lang='grc' dir='ltr'>ὅτι</span> <span class='ocrx_word' id='word_1_511' title='bbox 1798 1473 1865 1505; x_wconf 76' lang='grc' dir='ltr'>τοὺς</span> 
     </span>
    </p>
   </div>
   <div class='ocr_carea' id='block_1_80' title="bbox 1068 1516 1865 1553">
    <p class='ocr_par' dir='ltr' id='par_1_80' title="bbox 1068 1516 1865 1553">
     <span class='ocr_line' id='line_1_80' title="bbox 1068 1516 1865 1553; baseline 0.003 -11"><span class='ocrx_word' id='word_1_512' title='bbox 1068 1518 1245 1548; x_wconf 83' lang='grc' dir='ltr'>κοινωνικοὺς</span> <span class='ocrx_word' id='word_1_513' title='bbox 1276 1517 1327 1552; x_wconf 83' lang='grc' dir='ltr'><strong>τῆς</strong></span> <span class='ocrx_word' id='word_1_514' title='bbox 1355 1516 1518 1552; x_wconf 79' lang='grc' dir='ltr'>οἰκουμένης</span> <span class='ocrx_word' id='word_1_515' title='bbox 1544 1518 1615 1544; x_wconf 83' lang='grc' dir='ltr'>κατὰ</span> <span class='ocrx_word' id='word_1_516' title='bbox 1638 1517 1753 1553; x_wconf 83' lang='grc' dir='ltr'>γνώμην</span> <span class='ocrx_word' id='word_1_517' title='bbox 1778 1517 1865 1544; x_wconf 81' lang='grc' dir='ltr'>αὐτοῦ</span> 
     </span>
    </p>
   </div>
   <div class='ocr_carea' id='block_1_81' title="bbox 1068 1562 1864 1599">
    <p class='ocr_par' dir='ltr' id='par_1_81' title="bbox 1068 1562 1864 1599">
     <span class='ocr_line' id='line_1_81' title="bbox 1068 1562 1864 1599; baseline 0 -10"><span class='ocrx_word' id='word_1_518' title='bbox 1068 1562 1276 1597; x_wconf 78' lang='grc' dir='ltr'>ἐγκλεισθέντας</span> <span class='ocrx_word' id='word_1_519' title='bbox 1293 1563 1349 1597; x_wconf 66' lang='grc' dir='ltr'>(καὶ</span> <span class='ocrx_word' id='word_1_520' title='bbox 1379 1562 1595 1599; x_wconf 80' lang='grc' dir='ltr'>τελευτήσαντας</span> <span class='ocrx_word' id='word_1_521' title='bbox 1620 1564 1649 1590; x_wconf 82' lang='grc' dir='ltr'>ὲν</span> <span class='ocrx_word' id='word_1_522' title='bbox 1675 1564 1708 1599; x_wconf 85' lang='grc' dir='ltr'>τῇ</span> <span class='ocrx_word' id='word_1_523' title='bbox 1753 1563 1864 1599; x_wconf 77' lang='grc' dir='ltr'>φυλακῇ</span> 
     </span>
    </p>
   </div>
   <div class='ocr_carea' id='block_1_82' title="bbox 1067 1609 1865 1645">
    <p class='ocr_par' dir='ltr' id='par_1_82' title="bbox 1067 1609 1865 1645">
     <span class='ocr_line' id='line_1_82' title="bbox 1067 1609 1865 1645; baseline 0.001 -10"><span class='ocrx_word' id='word_1_524' title='bbox 1067 1610 1194 1645; x_wconf 83' lang='grc' dir='ltr'>ὑπερεῖδε</span> <span class='ocrx_word' id='word_1_525' title='bbox 1210 1629 1218 1642; x_wconf 91' lang='grc'><strong>,</strong></span> <span class='ocrx_word' id='word_1_526' title='bbox 1243 1609 1290 1636; x_wconf 81' lang='grc' dir='ltr'><strong>καὶ</strong></span> <span class='ocrx_word' id='word_1_527' title='bbox 1319 1609 1379 1635; x_wconf 71' lang='grc' dir='ltr'>οὐδὲ</span> <span class='ocrx_word' id='word_1_528' title='bbox 1407 1609 1568 1644; x_wconf 78' lang='grc' dir='ltr'>προπέμψαι</span> <span class='ocrx_word' id='word_1_529' title='bbox 1584 1610 1605 1625; x_wconf 75' lang='grc'><strong>⁸⁸</strong></span> <span class='ocrx_word' id='word_1_530' title='bbox 1632 1609 1668 1636; x_wconf 79' lang='grc' dir='ltr'><strong>τὰ</strong></span> <span class='ocrx_word' id='word_1_531' title='bbox 1692 1609 1865 1644; x_wconf 77' lang='grc' dir='ltr'>σκηνώματα</span> 
     </span>
    </p>
   </div>
   <div class='ocr_carea' id='block_1_83' title="bbox 1067 1655 1864 1691">
    <p class='ocr_par' dir='ltr' id='par_1_83' title="bbox 1067 1655 1864 1691">
     <span class='ocr_line' id='line_1_83' title="bbox 1067 1655 1864 1691; baseline 0 -9"><span class='ocrx_word' id='word_1_532' title='bbox 1067 1655 1156 1683; x_wconf 80' lang='grc' dir='ltr'>αὐτῶν</span> <span class='ocrx_word' id='word_1_533' title='bbox 1171 1655 1342 1691; x_wconf 81' lang='grc' dir='ltr'>κατηξίωσεν</span> <span class='ocrx_word' id='word_1_534' title='bbox 1354 1655 1388 1671; x_wconf 76' lang='grc'><strong>⁴¹’</strong></span> <span class='ocrx_word' id='word_1_535' title='bbox 1417 1655 1551 1688; x_wconf 78' lang='grc' dir='ltr'>εἰκοστὸν,</span> <span class='ocrx_word' id='word_1_536' title='bbox 1568 1656 1610 1682; x_wconf 80' lang='grc' dir='ltr'>ὅτι</span> <span class='ocrx_word' id='word_1_537' title='bbox 1637 1656 1683 1682; x_wconf 81' lang='grc' dir='ltr'>τὸν</span> <span class='ocrx_word' id='word_1_538' title='bbox 1708 1655 1864 1690; x_wconf 77' lang='grc' dir='ltr'>ἁγιώτατον</span> 
     </span>
    </p>
   </div>
   <div class='ocr_carea' id='block_1_84' title="bbox 1073 1701 1862 1737">
    <p class='ocr_par' dir='ltr' id='par_1_84' title="bbox 1073 1701 1862 1737">
     <span class='ocr_line' id='line_1_84' title="bbox 1073 1701 1862 1737; baseline -0.001 -9"><span class='ocrx_word' id='word_1_539' title='bbox 1073 1701 1199 1728; x_wconf 81' lang='grc' dir='ltr'>Ἀκάκιον</span> <span class='ocrx_word' id='word_1_540' title='bbox 1215 1701 1310 1737; x_wconf 77' lang='grc' dir='ltr'>ὕϐρισε</span> <span class='ocrx_word' id='word_1_541' title='bbox 1327 1702 1373 1728; x_wconf 79' lang='grc' dir='ltr'>καὶ</span> <span class='ocrx_word' id='word_1_542' title='bbox 1398 1701 1460 1728; x_wconf 74' lang='grc' dir='ltr'>οὕτε</span> <span class='ocrx_word' id='word_1_543' title='bbox 1483 1701 1564 1736; x_wconf 82' lang='grc' dir='ltr'>λόγου</span> <span class='ocrx_word' id='word_1_544' title='bbox 1592 1701 1744 1736; x_wconf 85' lang='grc' dir='ltr'>μετέδωκεν</span> <span class='ocrx_word' id='word_1_545' title='bbox 1772 1702 1862 1736; x_wconf 82' lang='grc' dir='ltr'>αὐτῷ·</span> 
     </span>
    </p>
   </div>
   <div class='ocr_carea' id='block_1_85' title="bbox 1066 1746 1864 1783">
    <p class='ocr_par' dir='ltr' id='par_1_85' title="bbox 1066 1746 1864 1783">
     <span class='ocr_line' id='line_1_85' title="bbox 1066 1746 1864 1783; baseline 0.001 -10"><span class='ocrx_word' id='word_1_546' title='bbox 1066 1747 1188 1774; x_wconf 76' lang='grc' dir='ltr'>εἰκοστὸν</span> <span class='ocrx_word' id='word_1_547' title='bbox 1197 1747 1316 1782; x_wconf 77' lang='grc' dir='ltr'>πρῶτον,</span> <span class='ocrx_word' id='word_1_548' title='bbox 1324 1747 1364 1774; x_wconf 81' lang='grc' dir='ltr'>’ὁτι</span> <span class='ocrx_word' id='word_1_549' title='bbox 1374 1746 1528 1783; x_wconf 82' lang='grc' dir='ltr'>Πορφύριον</span> <span class='ocrx_word' id='word_1_550' title='bbox 1536 1747 1581 1774; x_wconf 80' lang='grc' dir='ltr'>τὸν</span> <span class='ocrx_word' id='word_1_551' title='bbox 1592 1747 1779 1783; x_wconf 84' lang='grc' dir='ltr'>πρεσϐύτερον</span> <span class='ocrx_word' id='word_1_552' title='bbox 1788 1747 1864 1782; x_wconf 70' lang='grc' dir='ltr'>παρ-</span> 
     </span>
    </p>
   </div>
   <div class='ocr_carea' id='block_1_86' title="bbox 1066 1792 1863 1828">
    <p class='ocr_par' dir='ltr' id='par_1_86' title="bbox 1066 1792 1863 1828">
     <span class='ocr_line' id='line_1_86' title="bbox 1066 1792 1863 1828; baseline 0.003 -10"><span class='ocrx_word' id='word_1_553' title='bbox 1066 1792 1167 1820; x_wconf 84' lang='grc' dir='ltr'>έδωκεν</span> <span class='ocrx_word' id='word_1_554' title='bbox 1181 1793 1326 1828; x_wconf 82' lang='grc' dir='ltr'>Εὐτροπίῳ</span> <span class='ocrx_word' id='word_1_555' title='bbox 1336 1793 1521 1828; x_wconf 73' lang='grc' dir='ltr'>ἐξορισθῆναι·</span> <span class='ocrx_word' id='word_1_556' title='bbox 1532 1793 1654 1820; x_wconf 75' lang='grc' dir='ltr'>εἰκοστὸν</span> <span class='ocrx_word' id='word_1_557' title='bbox 1666 1793 1802 1828; x_wconf 83' lang='grc' dir='ltr'>δεύτερον,</span> <span class='ocrx_word' id='word_1_558' title='bbox 1819 1794 1863 1820; x_wconf 80' lang='grc' dir='ltr'>ὅτι</span> 
     </span>
    </p>
   </div>
   <div class='ocr_carea' id='block_1_87' title="bbox 1066 1839 1863 1875">
    <p class='ocr_par' dir='ltr' id='par_1_87' title="bbox 1066 1839 1863 1875">
     <span class='ocr_line' id='line_1_87' title="bbox 1066 1839 1863 1875; baseline -0.003 -8"><span class='ocrx_word' id='word_1_559' title='bbox 1066 1839 1115 1867; x_wconf 72' lang='lat' dir='ltr'><strong>xui.</strong></span> <span class='ocrx_word' id='word_1_560' title='bbox 1134 1840 1261 1875; x_wconf 82' lang='grc' dir='ltr'>Βενέριον</span> <span class='ocrx_word' id='word_1_561' title='bbox 1276 1840 1300 1856; x_wconf 82' lang='grc'><strong>⁸³</strong></span> <span class='ocrx_word' id='word_1_562' title='bbox 1316 1839 1503 1875; x_wconf 76' lang='grc' dir='ltr'>πρεσϐύτερον</span> <span class='ocrx_word' id='word_1_563' title='bbox 1517 1839 1659 1874; x_wconf 84' lang='grc' dir='ltr'>παρέδωκε</span> <span class='ocrx_word' id='word_1_564' title='bbox 1675 1839 1736 1875; x_wconf 83' lang='grc' dir='ltr'><strong>μεθ’</strong></span> <span class='ocrx_word' id='word_1_565' title='bbox 1753 1839 1863 1874; x_wconf 67' lang='grc' dir='ltr'>ὖδρεινς</span> 
     </span>
    </p>
   </div>
   <div class='ocr_carea' id='block_1_88' title="bbox 1067 1885 1863 1922">
    <p class='ocr_par' dir='ltr' id='par_1_88' title="bbox 1067 1885 1863 1922">
     <span class='ocr_line' id='line_1_88' title="bbox 1067 1885 1863 1922; baseline 0 -10"><span class='ocrx_word' id='word_1_566' title='bbox 1067 1886 1178 1921; x_wconf 83' lang='grc' dir='ltr'>πολλῆς·</span> <span class='ocrx_word' id='word_1_567' title='bbox 1202 1885 1324 1913; x_wconf 62' lang='grc' dir='ltr'>εἰκοστὴν</span> <span class='ocrx_word' id='word_1_568' title='bbox 1349 1885 1453 1921; x_wconf 80' lang='grc' dir='ltr'>τρίτον,</span> <span class='ocrx_word' id='word_1_569' title='bbox 1475 1887 1516 1913; x_wconf 80' lang='grc' dir='ltr'>ὅτι</span> <span class='ocrx_word' id='word_1_570' title='bbox 1543 1886 1617 1921; x_wconf 86' lang='grc' dir='ltr'>αὐτῷ</span> <span class='ocrx_word' id='word_1_571' title='bbox 1650 1886 1723 1922; x_wconf 84' lang='grc' dir='ltr'>μόνῳ</span> <span class='ocrx_word' id='word_1_572' title='bbox 1746 1885 1863 1921; x_wconf 70' lang='grc' dir='ltr'>λουτρὸν</span> 
     </span>
    </p>
   </div>
   <div class='ocr_carea' id='block_1_89' title="bbox 1067 1931 1862 1967">
    <p class='ocr_par' dir='ltr' id='par_1_89' title="bbox 1067 1931 1862 1967">
     <span class='ocr_line' id='line_1_89' title="bbox 1067 1931 1862 1967; baseline 0 -9"><span class='ocrx_word' id='word_1_573' title='bbox 1067 1932 1240 1965; x_wconf 80' lang='grc' dir='ltr'>ὑποκαίεται,</span> <span class='ocrx_word' id='word_1_574' title='bbox 1253 1932 1300 1958; x_wconf 82' lang='grc' dir='ltr'>καὶ</span> <span class='ocrx_word' id='word_1_575' title='bbox 1318 1932 1388 1967; x_wconf 85' lang='grc' dir='ltr'>μετὰ</span> <span class='ocrx_word' id='word_1_576' title='bbox 1404 1932 1435 1958; x_wconf 79' lang='grc' dir='ltr'>τὸ</span> <span class='ocrx_word' id='word_1_577' title='bbox 1456 1931 1603 1959; x_wconf 86' lang='grc' dir='ltr'>λούσασθαι</span> <span class='ocrx_word' id='word_1_578' title='bbox 1617 1932 1697 1959; x_wconf 79' lang='grc' dir='ltr'>αὑτὸν</span> <span class='ocrx_word' id='word_1_579' title='bbox 1711 1933 1862 1967; x_wconf 81' lang='grc' dir='ltr'>Σαραπίων</span> 
     </span>
    </p>
   </div>
   <div class='ocr_carea' id='block_1_90' title="bbox 1066 1977 1860 2014">
    <p class='ocr_par' dir='ltr' id='par_1_90' title="bbox 1066 1977 1860 2014">
     <span class='ocr_line' id='line_1_90' title="bbox 1066 1977 1860 2014; baseline -0.001 -9"><span class='ocrx_word' id='word_1_580' title='bbox 1066 1978 1178 2006; x_wconf 83' lang='grc' dir='ltr'>ἀπολύει</span> <span class='ocrx_word' id='word_1_581' title='bbox 1188 1978 1210 1994; x_wconf 70' lang='grc'>⁸⁸</span> <span class='ocrx_word' id='word_1_582' title='bbox 1220 1978 1269 2013; x_wconf 84' lang='grc' dir='ltr'>τὴν</span> <span class='ocrx_word' id='word_1_583' title='bbox 1282 1977 1408 2013; x_wconf 70' lang='grc' dir='ltr'>ἔμϐασιν,</span> <span class='ocrx_word' id='word_1_584' title='bbox 1421 1978 1492 2004; x_wconf 80' lang='grc' dir='ltr'>ὥστε</span> <span class='ocrx_word' id='word_1_585' title='bbox 1504 1978 1583 2005; x_wconf 74' lang='grc' dir='ltr'>ἄλλον</span> <span class='ocrx_word' id='word_1_586' title='bbox 1596 1978 1658 2005; x_wconf 84' lang='grc' dir='ltr'>τινὰ</span> <span class='ocrx_word' id='word_1_587' title='bbox 1674 1978 1712 2014; x_wconf 82' lang='grc' dir='ltr'>μὴ</span> <span class='ocrx_word' id='word_1_588' title='bbox 1720 1978 1860 2005; x_wconf 70' lang='grc' dir='ltr'>λούεσθαιο</span> 
     </span>
    </p>
   </div>
   <div class='ocr_carea' id='block_1_91' title="bbox 1069 2023 1861 2059">
    <p class='ocr_par' dir='ltr' id='par_1_91' title="bbox 1069 2023 1861 2059">
     <span class='ocr_line' id='line_1_91' title="bbox 1069 2023 1861 2059; baseline 0 -9"><span class='ocrx_word' id='word_1_589' title='bbox 1069 2024 1192 2051; x_wconf 84' lang='grc' dir='ltr'>εἰκοστὸν</span> <span class='ocrx_word' id='word_1_590' title='bbox 1214 2023 1356 2059; x_wconf 87' lang='grc' dir='ltr'>τέταρτον,</span> <span class='ocrx_word' id='word_1_591' title='bbox 1374 2024 1415 2051; x_wconf 82' lang='grc' dir='ltr'>ὃτι</span> <span class='ocrx_word' id='word_1_592' title='bbox 1434 2023 1548 2056; x_wconf 72' lang='grc' dir='ltr'>πολλοὺς</span> <span class='ocrx_word' id='word_1_593' title='bbox 1570 2024 1737 2059; x_wconf 83' lang='grc' dir='ltr'>ἀμαρτύρως</span> <span class='ocrx_word' id='word_1_594' title='bbox 1754 2024 1861 2059; x_wconf 75' lang='grc' dir='ltr'>ἐχειρο-</span> 
     </span>
    </p>
   </div>
   <div class='ocr_carea' id='block_1_92' title="bbox 1067 2069 1860 2106">
    <p class='ocr_par' dir='ltr' id='par_1_92' title="bbox 1067 2069 1860 2106">
     <span class='ocr_line' id='line_1_92' title="bbox 1067 2069 1860 2106; baseline -0.001 -9"><span class='ocrx_word' id='word_1_595' title='bbox 1067 2070 1192 2106; x_wconf 83' lang='grc' dir='ltr'>τόνησεν·</span> <span class='ocrx_word' id='word_1_596' title='bbox 1215 2071 1337 2097; x_wconf 69' lang='grc' dir='ltr'>εἰκοστὸν</span> <span class='ocrx_word' id='word_1_597' title='bbox 1347 2071 1533 2105; x_wconf 82' lang='grc' dir='ltr'>πέμπτον,ὄτι</span> <span class='ocrx_word' id='word_1_598' title='bbox 1550 2071 1629 2106; x_wconf 80' lang='grc' dir='ltr'>μόνος</span> <span class='ocrx_word' id='word_1_599' title='bbox 1639 2070 1722 2097; x_wconf 73' lang='grc' dir='ltr'>ἐσθίει</span> <span class='ocrx_word' id='word_1_600' title='bbox 1734 2069 1860 2102; x_wconf 77' lang='grc' dir='ltr'>ἀσώτως,</span> 
     </span>
    </p>
   </div>
   <div class='ocr_carea' id='block_1_93' title="bbox 1067 2114 1862 2150">
    <p class='ocr_par' dir='ltr' id='par_1_93' title="bbox 1067 2114 1862 2150">
     <span class='ocr_line' id='line_1_93' title="bbox 1067 2114 1862 2150; baseline -0.001 -8"><span class='ocrx_word' id='word_1_601' title='bbox 1067 2114 1123 2147; x_wconf 81' lang='grc' dir='ltr'><strong>ζῶν</strong></span> <span class='ocrx_word' id='word_1_602' title='bbox 1130 2114 1292 2142; x_wconf 80' lang='grc' dir='ltr'>Κυκλώπων</span> <span class='ocrx_word' id='word_1_603' title='bbox 1303 2115 1370 2150; x_wconf 79' lang='grc' dir='ltr'>βίον·</span> <span class='ocrx_word' id='word_1_604' title='bbox 1382 2115 1505 2142; x_wconf 82' lang='grc' dir='ltr'>εἰκοστὸν</span> <span class='ocrx_word' id='word_1_605' title='bbox 1516 2115 1594 2142; x_wconf 72' lang='grc' dir='ltr'>ἕκτον</span> <span class='ocrx_word' id='word_1_606' title='bbox 1604 2115 1645 2141; x_wconf 83' lang='grc' dir='ltr'>ὅτι</span> <span class='ocrx_word' id='word_1_607' title='bbox 1653 2115 1736 2146; x_wconf 81' lang='grc' dir='ltr'>αὐτὸς</span> <span class='ocrx_word' id='word_1_608' title='bbox 1745 2122 1862 2149; x_wconf 84' lang='grc' dir='ltr'>κατηγο-</span> 
     </span>
    </p>
   </div>
   <div class='ocr_carea' id='block_1_94' title="bbox 1070 2159 1863 2197">
    <p class='ocr_par' dir='ltr' id='par_1_94' title="bbox 1070 2159 1863 2197">
     <span class='ocr_line' id='line_1_94' title="bbox 1070 2159 1863 2197; baseline -0.003 -10"><span class='ocrx_word' id='word_1_609' title='bbox 1070 2162 1121 2197; x_wconf 83' lang='grc' dir='ltr'>ρεῖ,</span> <span class='ocrx_word' id='word_1_610' title='bbox 1130 2161 1212 2194; x_wconf 69' lang='grc' dir='ltr'>αὐτὸς</span> <span class='ocrx_word' id='word_1_611' title='bbox 1228 2162 1374 2197; x_wconf 82' lang='grc' dir='ltr'>μαρτυρεῖ,</span> <span class='ocrx_word' id='word_1_612' title='bbox 1387 2162 1468 2193; x_wconf 81' lang='grc' dir='ltr'>αὐτὸς</span> <span class='ocrx_word' id='word_1_613' title='bbox 1476 2161 1656 2196; x_wconf 81' lang='grc' dir='ltr'>ἀποφαίνεται</span> <span class='ocrx_word' id='word_1_614' title='bbox 1664 2160 1723 2196; x_wconf 86' lang='grc' dir='ltr'>(καὶ</span> <span class='ocrx_word' id='word_1_615' title='bbox 1734 2159 1815 2195; x_wconf 89' lang='grc' dir='ltr'>δῆλον</span> <span class='ocrx_word' id='word_1_616' title='bbox 1828 2161 1863 2186; x_wconf 71' lang='grc' dir='ltr'><strong>ὲκ</strong></span> 
     </span>
    </p>
   </div>
   <div class='ocr_carea' id='block_1_95' title="bbox 1033 2206 1864 2249">
    <p class='ocr_par' dir='ltr' id='par_1_95' title="bbox 1033 2206 1864 2249">
     <span class='ocr_line' id='line_1_95' title="bbox 1033 2206 1864 2249; baseline -0.001 -16"><span class='ocrx_word' id='word_1_617' title='bbox 1033 2222 1053 2249; x_wconf 76' lang='lat' dir='ltr'><strong>D</strong></span> <span class='ocrx_word' id='word_1_618' title='bbox 1068 2206 1124 2233; x_wconf 88' lang='grc' dir='ltr'><strong>τῶν</strong></span> <span class='ocrx_word' id='word_1_619' title='bbox 1140 2207 1205 2242; x_wconf 83' lang='grc' dir='ltr'>περὶ</span> <span class='ocrx_word' id='word_1_620' title='bbox 1222 2207 1382 2243; x_wconf 85' lang='grc' dir='ltr'>Μαρτύριον</span> <span class='ocrx_word' id='word_1_621' title='bbox 1393 2207 1440 2234; x_wconf 84' lang='grc' dir='ltr'>τὸν</span> <span class='ocrx_word' id='word_1_622' title='bbox 1460 2207 1688 2242; x_wconf 81' lang='grc' dir='ltr'>πρωτοδιάκονον,</span> <span class='ocrx_word' id='word_1_623' title='bbox 1703 2206 1751 2233; x_wconf 76' lang='grc' dir='ltr'>καὶ</span> <span class='ocrx_word' id='word_1_624' title='bbox 1763 2207 1796 2233; x_wconf 84' lang='grc' dir='ltr'><strong>ὲκ</strong></span> <span class='ocrx_word' id='word_1_625' title='bbox 1805 2206 1864 2232; x_wconf 84' lang='grc' dir='ltr'>τῶν</span> 
     </span>
    </p>
   </div>
   <div class='ocr_carea' id='block_1_96' title="bbox 1071 2252 1863 2289">
    <p class='ocr_par' dir='ltr' id='par_1_96' title="bbox 1071 2252 1863 2289">
     <span class='ocr_line' id='line_1_96' title="bbox 1071 2252 1863 2289; baseline 0 -11"><span class='ocrx_word' id='word_1_626' title='bbox 1071 2252 1135 2288; x_wconf 79' lang='grc' dir='ltr'>περὶ</span> <span class='ocrx_word' id='word_1_627' title='bbox 1146 2253 1335 2289; x_wconf 85' lang='grc' dir='ltr'>Προαιρέσιον,</span> <span class='ocrx_word' id='word_1_628' title='bbox 1349 2254 1425 2288; x_wconf 79' lang='grc' dir='ltr'>φασὶ,</span> <span class='ocrx_word' id='word_1_629' title='bbox 1434 2253 1480 2280; x_wconf 78' lang='grc' dir='ltr'>τὸν</span> <span class='ocrx_word' id='word_1_630' title='bbox 1489 2253 1592 2285; x_wconf 83' lang='grc' dir='ltr'>Λυκίας</span> <span class='ocrx_word' id='word_1_631' title='bbox 1603 2252 1774 2287; x_wconf 47' lang='grc' dir='ltr'>ἐπίσκοπον)</span> <span class='ocrx_word' id='word_1_632' title='bbox 1784 2252 1863 2278; x_wconf 73' lang='grc' dir='ltr'>δικο-</span> 
     </span>
    </p>
   </div>
   <div class='ocr_carea' id='block_1_97' title="bbox 880 2317 1214 2347">
    <p class='ocr_par' dir='ltr' id='par_1_97' title="bbox 880 2317 1214 2347">
     <span class='ocr_line' id='line_1_97' title="bbox 880 2317 1214 2347; baseline 0.003 -1"><span class='ocrx_word' id='word_1_633' title='bbox 880 2317 996 2346; x_wconf 72' lang='grc' dir='ltr'><strong>νΑΙΠΛΕ</strong></span> <span class='ocrx_word' id='word_1_634' title='bbox 1010 2318 1214 2347; x_wconf 84' lang='lat' dir='ltr'><strong>LECTIONES.</strong></span> 
     </span>
    </p>
   </div>
   <div class='ocr_carea' id='block_1_98' title="bbox 261 2365 753 2404">
    <p class='ocr_par' dir='ltr' id='par_1_98' title="bbox 261 2365 753 2404">
     <span class='ocr_line' id='line_1_98' title="bbox 261 2365 753 2404; baseline -0.008 -8"><span class='ocrx_word' id='word_1_635' title='bbox 261 2369 284 2385; x_wconf 70' lang='grc'>³⁵</span> <span class='ocrx_word' id='word_1_636' title='bbox 294 2377 349 2395; x_wconf 82' lang='grc' dir='ltr'><strong>των</strong></span> <span class='ocrx_word' id='word_1_637' title='bbox 365 2368 514 2404; x_wconf 74' lang='grc' dir='ltr'>κειμηλίων</span> <span class='ocrx_word' id='word_1_638' title='bbox 530 2367 563 2395; x_wconf 79' lang='grc' dir='ltr'><strong>Α.</strong></span> <span class='ocrx_word' id='word_1_639' title='bbox 634 2365 663 2404; x_wconf 83' lang='grc' dir='ltr'><strong>ἃ]</strong></span> <span class='ocrx_word' id='word_1_640' title='bbox 675 2365 753 2404; x_wconf 25' lang='grc' dir='ltr'><strong>ἃ-ὁμςι.</strong></span> 
     </span>
    </p>
   </div>
   <div class='ocr_carea' id='block_1_99' title="bbox 793 2364 1546 2401">
    <p class='ocr_par' dir='ltr' id='par_1_99' title="bbox 793 2364 1546 2401">
     <span class='ocr_line' id='line_1_99' title="bbox 793 2364 1546 2401; baseline 0 -9"><span class='ocrx_word' id='word_1_641' title='bbox 793 2364 1082 2401; x_wconf 79' lang='grc' dir='ltr'>³⁶αὺτοπαρακλήτους</span> <span class='ocrx_word' id='word_1_642' title='bbox 1097 2374 1149 2401; x_wconf 80' lang='lat' dir='ltr'><strong>ing.</strong></span> <span class='ocrx_word' id='word_1_643' title='bbox 1162 2367 1305 2394; x_wconf 85' lang='lat' dir='ltr'><strong>editorum.</strong></span> <span class='ocrx_word' id='word_1_644' title='bbox 1346 2366 1502 2393; x_wconf 80' lang='grc' dir='ltr'>³⁷ἅπεκάλει</span> <span class='ocrx_word' id='word_1_645' title='bbox 1516 2375 1546 2398; x_wconf 85' lang='grc' dir='ltr'><em>ς.</em></span> 
     </span>
    </p>
   </div>
   <div class='ocr_carea' id='block_1_100' title="bbox 1585 2365 1864 2401">
    <p class='ocr_par' dir='ltr' id='par_1_100' title="bbox 1585 2365 1864 2401">
     <span class='ocr_line' id='line_1_100' title="bbox 1585 2365 1864 2401; baseline 0 -9"><span class='ocrx_word' id='word_1_646' title='bbox 1585 2365 1607 2382; x_wconf 81' lang='grc'><strong>³⁸</strong></span> <span class='ocrx_word' id='word_1_647' title='bbox 1622 2365 1778 2401; x_wconf 71' lang='grc' dir='ltr'>ὡμοφόριον</span> <span class='ocrx_word' id='word_1_648' title='bbox 1790 2375 1822 2398; x_wconf 86' lang='grc' dir='ltr'><strong>ς.</strong></span> <span class='ocrx_word' id='word_1_649' title='bbox 1840 2367 1864 2382; x_wconf 78' lang='grc'><strong>³⁸</strong></span> 
     </span>
    </p>
   </div>
   <div class='ocr_carea' id='block_1_101' title="bbox 228 2399 1864 2440">
    <p class='ocr_par' dir='ltr' id='par_1_101' title="bbox 228 2399 1864 2440">
     <span class='ocr_line' id='line_1_101' title="bbox 228 2399 1864 2440; baseline -0.002 -10"><span class='ocrx_word' id='word_1_650' title='bbox 228 2404 311 2439; x_wconf 82' lang='grc' dir='ltr'>μόνας</span> <span class='ocrx_word' id='word_1_651' title='bbox 326 2399 495 2440; x_wconf 20' lang='grc' dir='ltr'>πρὸςγμόνας</span> <span class='ocrx_word' id='word_1_652' title='bbox 509 2411 540 2435; x_wconf 87' lang='grc' dir='ltr'><strong>ς.</strong></span> <span class='ocrx_word' id='word_1_653' title='bbox 578 2401 612 2440; x_wconf 62' lang='grc' dir='ltr'><strong>³⁹ξ</strong></span> <span class='ocrx_word' id='word_1_654' title='bbox 647 2399 773 2440; x_wconf 56' lang='grc' dir='ltr'>ἑκϐαλῲν</span> <span class='ocrx_word' id='word_1_655' title='bbox 789 2408 818 2431; x_wconf 84' lang='grc' dir='ltr'><strong>ς’.</strong></span> <span class='ocrx_word' id='word_1_656' title='bbox 857 2399 880 2416; x_wconf 73' lang='grc'>⁴⁰</span> <span class='ocrx_word' id='word_1_657' title='bbox 893 2400 958 2440; x_wconf 76' lang='grc' dir='ltr'><strong>ᾲπὸ]</strong></span> <span class='ocrx_word' id='word_1_658' title='bbox 974 2399 1086 2436; x_wconf 65' lang='lat' dir='ltr'><strong>praistat</strong></span> <span class='ocrx_word' id='word_1_659' title='bbox 1099 2399 1162 2428; x_wconf 74' lang='grc' dir='ltr'>ὑπό.</span> <span class='ocrx_word' id='word_1_660' title='bbox 1200 2402 1222 2418; x_wconf 65' lang='grc' dir='ltr'>δι</span> <span class='ocrx_word' id='word_1_661' title='bbox 1234 2401 1395 2438; x_wconf 76' lang='grc' dir='ltr'>προπέμψαι</span> <span class='ocrx_word' id='word_1_662' title='bbox 1408 2407 1467 2436; x_wconf 85' lang='lat' dir='ltr'><strong>post</strong></span> <span class='ocrx_word' id='word_1_663' title='bbox 1479 2401 1569 2428; x_wconf 81' lang='grc' dir='ltr'>αὐτῶν</span> <span class='ocrx_word' id='word_1_664' title='bbox 1583 2399 1658 2436; x_wconf 81' lang='lat' dir='ltr'><strong>ponii.</strong></span> <span class='ocrx_word' id='word_1_665' title='bbox 1672 2410 1702 2433; x_wconf 81' lang='grc' dir='ltr'><strong>ς.</strong></span> <span class='ocrx_word' id='word_1_666' title='bbox 1721 2399 1725 2400; x_wconf 57' lang='grc'><strong><em>⁷</em></strong></span> <span class='ocrx_word' id='word_1_667' title='bbox 1739 2401 1762 2416; x_wconf 72' lang='grc'><strong>⁸¹</strong></span> <span class='ocrx_word' id='word_1_668' title='bbox 1778 2401 1864 2436; x_wconf 72' lang='grc' dir='ltr'>ἠξίω-</span> 
     </span>
    </p>
   </div>
   <div class='ocr_carea' id='block_1_102' title="bbox 227 2436 931 2474">
    <p class='ocr_par' dir='ltr' id='par_1_102' title="bbox 227 2436 931 2474">
     <span class='ocr_line' id='line_1_102' title="bbox 227 2436 931 2474; baseline -0.004 -9"><span class='ocrx_word' id='word_1_669' title='bbox 227 2436 273 2465; x_wconf 73' lang='grc' dir='ltr'><strong>σεν</strong></span> <span class='ocrx_word' id='word_1_670' title='bbox 289 2449 320 2472; x_wconf 79' lang='grc' dir='ltr'><strong>ς.</strong></span> <span class='ocrx_word' id='word_1_671' title='bbox 349 2436 381 2455; x_wconf 72' lang='grc'><strong>’⁸³</strong></span> <span class='ocrx_word' id='word_1_672' title='bbox 400 2436 524 2474; x_wconf 79' lang='grc' dir='ltr'>Βερένιον</span> <span class='ocrx_word' id='word_1_673' title='bbox 540 2447 570 2470; x_wconf 87' lang='grc' dir='ltr'><strong><em>ς.</em></strong></span> <span class='ocrx_word' id='word_1_674' title='bbox 605 2437 628 2454; x_wconf 72' lang='grc'>⁸⁸</span> <span class='ocrx_word' id='word_1_675' title='bbox 642 2436 781 2463; x_wconf 81' lang='grc' dir='ltr'>ἀποκλείει</span> <span class='ocrx_word' id='word_1_676' title='bbox 795 2442 849 2470; x_wconf 75' lang='lat' dir='ltr'><strong>mg.</strong></span> <span class='ocrx_word' id='word_1_677' title='bbox 868 2436 931 2463; x_wconf 80' lang='lat' dir='ltr'><strong>edd.</strong></span> 
     </span>
    </p>
   </div>
   <div class='ocr_carea' id='block_1_103' title="bbox 983 2495 1102 2525">
    <p class='ocr_par' dir='ltr' id='par_1_103' title="bbox 983 2495 1102 2525">
     <span class='ocr_line' id='line_1_103' title="bbox 983 2495 1102 2525; baseline 0.025 -3"><span class='ocrx_word' id='word_1_678' title='bbox 983 2495 1102 2525; x_wconf 60' lang='lat' dir='ltr'><strong>NOTAE.</strong></span> 
     </span>
    </p>
   </div>
   <div class='ocr_carea' id='block_1_104' title="bbox 263 2541 1018 2580">
    <p class='ocr_par' dir='ltr' id='par_1_104' title="bbox 263 2541 1018 2580">
     <span class='ocr_line' id='line_1_104' title="bbox 263 2541 1018 2580; baseline -0.004 -8"><span class='ocrx_word' id='word_1_679' title='bbox 263 2544 320 2580; x_wconf 86' lang='lat' dir='ltr'><strong>(l6)</strong></span> <span class='ocrx_word' id='word_1_680' title='bbox 338 2544 376 2580; x_wconf 83' lang='lat' dir='ltr'><strong>De</strong></span> <span class='ocrx_word' id='word_1_681' title='bbox 400 2543 528 2580; x_wconf 18' lang='lat' dir='ltr'><strong>quorvide</strong></span> <span class='ocrx_word' id='word_1_682' title='bbox 552 2542 668 2580; x_wconf 66' lang='lat' dir='ltr'><strong>Niceph.</strong></span> <span class='ocrx_word' id='word_1_683' title='bbox 692 2541 825 2580; x_wconf 22' lang='lat' dir='ltr'><strong>libantur,</strong></span> <span class='ocrx_word' id='word_1_684' title='bbox 849 2548 909 2577; x_wconf 86' lang='lat' dir='ltr'><strong>cap.</strong></span> <span class='ocrx_word' id='word_1_685' title='bbox 923 2541 951 2574; x_wconf 85' lang='lat'><strong>9,</strong></span> <span class='ocrx_word' id='word_1_686' title='bbox 968 2542 1018 2569; x_wconf 84' lang='lat' dir='ltr'><strong>sub</strong></span> 
     </span>
    </p>
   </div>
   <div class='ocr_carea' id='block_1_105' title="bbox 227 2575 792 2613">
    <p class='ocr_par' dir='ltr' id='par_1_105' title="bbox 227 2575 792 2613">
     <span class='ocr_line' id='line_1_105' title="bbox 227 2575 792 2613; baseline -0.007 -6"><span class='ocrx_word' id='word_1_687' title='bbox 227 2575 275 2612; x_wconf 73' lang='lat' dir='ltr'><strong>ﬁn,</strong></span> <span class='ocrx_word' id='word_1_688' title='bbox 291 2575 318 2607; x_wconf 88' lang='lat' dir='ltr'><strong>et</strong></span> <span class='ocrx_word' id='word_1_689' title='bbox 333 2575 432 2613; x_wconf 51' lang='lat' dir='ltr'><strong>Georg.</strong></span> <span class='ocrx_word' id='word_1_690' title='bbox 447 2579 579 2613; x_wconf 52' lang='lat' dir='ltr'><strong>Alexaltd.</strong></span> <span class='ocrx_word' id='word_1_691' title='bbox 596 2576 659 2604; x_wconf 79' lang='lat' dir='ltr'><strong>intr.</strong></span> <span class='ocrx_word' id='word_1_692' title='bbox 673 2576 734 2613; x_wconf 78' lang='lat' dir='ltr'><strong>eod.</strong></span> <span class='ocrx_word' id='word_1_693' title='bbox 748 2575 792 2604; x_wconf 82' lang='lat'><strong>96.</strong></span> 
     </span>
    </p>
   </div>
   <div class='ocr_carea' id='block_1_106' title="bbox 264 2611 1020 2650">
    <p class='ocr_par' dir='ltr' id='par_1_106' title="bbox 264 2611 1020 2650">
     <span class='ocr_line' id='line_1_106' title="bbox 264 2611 1020 2650; baseline -0.005 -8"><span class='ocrx_word' id='word_1_694' title='bbox 264 2611 320 2650; x_wconf 84' lang='grc'>(17)</span> <span class='ocrx_word' id='word_1_695' title='bbox 340 2611 464 2650; x_wconf 65' lang='grc' dir='ltr'>Δεκαῖιοὶ,</span> <span class='ocrx_word' id='word_1_696' title='bbox 479 2612 512 2650; x_wconf 88' lang='lat' dir='ltr'><strong>S._</strong></span> <span class='ocrx_word' id='word_1_697' title='bbox 524 2612 656 2647; x_wconf 87' lang='lat' dir='ltr'><strong>Epiphan.</strong></span> <span class='ocrx_word' id='word_1_698' title='bbox 678 2611 770 2650; x_wconf 68' lang='lat' dir='ltr'><strong>lib._tti</strong></span> <span class='ocrx_word' id='word_1_699' title='bbox 785 2616 908 2650; x_wconf 77' lang='lat' dir='ltr'><strong>extremo</strong></span> <span class='ocrx_word' id='word_1_700' title='bbox 925 2616 1020 2638; x_wconf 83' lang='lat' dir='ltr'><strong>contra</strong></span> 
     </span>
    </p>
   </div>
   <div class='ocr_carea' id='block_1_107' title="bbox 229 2646 1022 2684">
    <p class='ocr_par' dir='ltr' id='par_1_107' title="bbox 229 2646 1022 2684">
     <span class='ocr_line' id='line_1_107' title="bbox 229 2646 1022 2684; baseline -0.008 -6"><span class='ocrx_word' id='word_1_701' title='bbox 229 2646 325 2678; x_wconf 64' lang='lat' dir='ltr'><strong>haeres.</strong></span> <span class='ocrx_word' id='word_1_702' title='bbox 343 2651 375 2682; x_wconf 89' lang='lat' dir='ltr'><strong>l&#39;.,</strong></span> <span class='ocrx_word' id='word_1_703' title='bbox 391 2650 416 2675; x_wconf 79' lang='lat' dir='ltr'><strong>oi</strong></span> <span class='ocrx_word' id='word_1_704' title='bbox 430 2649 466 2684; x_wconf 77' lang='grc' dir='ltr'>τὰ</span> <span class='ocrx_word' id='word_1_705' title='bbox 481 2646 596 2684; x_wconf 70' lang='grc' dir='ltr'>σώματα</span> <span class='ocrx_word' id='word_1_706' title='bbox 610 2646 834 2684; x_wconf 73' lang='grc' dir='ltr'>περιστέλλοντες</span> <span class='ocrx_word' id='word_1_707' title='bbox 847 2647 902 2684; x_wconf 53' lang='grc' dir='ltr'>τιῆν</span> <span class='ocrx_word' id='word_1_708' title='bbox 918 2655 1022 2684; x_wconf 56' lang='grc' dir='ltr'>κοιμωτ-</span> 
     </span>
    </p>
   </div>
   <div class='ocr_carea' id='block_1_108' title="bbox 231 2681 1028 2720">
    <p class='ocr_par' dir='ltr' id='par_1_108' title="bbox 231 2681 1028 2720">
     <span class='ocr_line' id='line_1_108' title="bbox 231 2681 1028 2720; baseline -0.006 -8"><span class='ocrx_word' id='word_1_709' title='bbox 231 2686 331 2720; x_wconf 76' lang='grc' dir='ltr'>μένων.</span> <span class='ocrx_word' id='word_1_710' title='bbox 363 2685 393 2712; x_wconf 59' lang='grc' dir='ltr'><strong>ιιι</strong></span> <span class='ocrx_word' id='word_1_711' title='bbox 421 2681 581 2714; x_wconf 50' lang='grc' dir='ltr'>Νονο1ζ69,</span> <span class='ocrx_word' id='word_1_712' title='bbox 608 2681 655 2720; x_wconf 73' lang='lat' dir='ltr'><strong>qui</strong></span> <span class='ocrx_word' id='word_1_713' title='bbox 679 2689 746 2720; x_wconf 73' lang='lat' dir='ltr'><strong>cum</strong></span> <span class='ocrx_word' id='word_1_714' title='bbox 776 2681 944 2720; x_wconf 63' lang='grc' dir='ltr'>ακολοιξθοις,</span> <span class='ocrx_word' id='word_1_715' title='bbox 975 2681 1028 2720; x_wconf 56' lang='grc' dir='ltr'><strong>και</strong></span> 
     </span>
    </p>
   </div>
   <div class='ocr_carea' id='block_1_109' title="bbox 229 2716 1022 2756">
    <p class='ocr_par' dir='ltr' id='par_1_109' title="bbox 229 2716 1022 2756">
     <span class='ocr_line' id='line_1_109' title="bbox 229 2716 1022 2756; baseline -0.005 -10"><span class='ocrx_word' id='word_1_716' title='bbox 229 2716 403 2756; x_wconf 71' lang='grc' dir='ltr'>ἆσκητρίαις,</span> <span class='ocrx_word' id='word_1_717' title='bbox 423 2719 641 2756; x_wconf 24' lang='grc' dir='ltr'>καὶλκανονικαίς</span> <span class='ocrx_word' id='word_1_718' title='bbox 652 2717 788 2752; x_wconf 84' lang='grc' dir='ltr'>κάμνουσι</span> <span class='ocrx_word' id='word_1_719' title='bbox 817 2716 883 2753; x_wconf 72' lang='grc' dir='ltr'>περὶ</span> <span class='ocrx_word' id='word_1_720' title='bbox 903 2717 952 2750; x_wconf 85' lang='grc' dir='ltr'>τὴν</span> <span class='ocrx_word' id='word_1_721' title='bbox 967 2716 1022 2742; x_wconf 87' lang='grc' dir='ltr'>τῶν</span> 
     </span>
    </p>
   </div>
   <div class='ocr_carea' id='block_1_110' title="bbox 229 2754 505 2790">
    <p class='ocr_par' dir='ltr' id='par_1_110' title="bbox 229 2754 505 2790">
     <span class='ocr_line' id='line_1_110' title="bbox 229 2754 505 2790; baseline -0.004 -8"><span class='ocrx_word' id='word_1_722' title='bbox 229 2754 364 2790; x_wconf 73' lang='grc' dir='ltr'>λειψάνων</span> <span class='ocrx_word' id='word_1_723' title='bbox 374 2754 505 2790; x_wconf 76' lang='grc' dir='ltr'>ἐκφοράν.</span> 
     </span>
    </p>
   </div>
   <div class='ocr_carea' id='block_1_111' title="bbox 265 2787 1020 2826">
    <p class='ocr_par' dir='ltr' id='par_1_111' title="bbox 265 2787 1020 2826">
     <span class='ocr_line' id='line_1_111' title="bbox 265 2787 1020 2826; baseline -0.004 -8"><span class='ocrx_word' id='word_1_724' title='bbox 265 2787 322 2826; x_wconf 78' lang='grc'>(18)</span> <span class='ocrx_word' id='word_1_725' title='bbox 351 2787 800 2826; x_wconf 10' lang='lat' dir='ltr'><strong>OlympiadematquepNicetam,</strong></span> <span class='ocrx_word' id='word_1_726' title='bbox 816 2791 843 2816; x_wconf 88' lang='lat' dir='ltr'><strong>et</strong></span> <span class='ocrx_word' id='word_1_727' title='bbox 863 2788 928 2816; x_wconf 86' lang='lat' dir='ltr'><strong>alias</strong></span> <span class='ocrx_word' id='word_1_728' title='bbox 941 2788 1020 2816; x_wconf 83' lang='lat' dir='ltr'><strong>beato</strong></span> 
     </span>
    </p>
   </div>
   <div class='ocr_carea' id='block_1_112' title="bbox 230 2824 682 2859">
    <p class='ocr_par' dir='ltr' id='par_1_112' title="bbox 230 2824 682 2859">
     <span class='ocr_line' id='line_1_112' title="bbox 230 2824 682 2859; baseline -0.007 -6"><span class='ocrx_word' id='word_1_729' title='bbox 230 2824 328 2853; x_wconf 71' lang='lat' dir='ltr'><strong>Joamii</strong></span> <span class='ocrx_word' id='word_1_730' title='bbox 343 2824 529 2853; x_wconf 82' lang='lat' dir='ltr'><strong>ministrantes</strong></span> <span class='ocrx_word' id='word_1_731' title='bbox 546 2824 682 2859; x_wconf 75' lang='lat' dir='ltr'><strong>intelligit.</strong></span> 
     </span>
    </p>
   </div>
   <div class='ocr_carea' id='block_1_113' title="bbox 268 2860 690 2897">
    <p class='ocr_par' dir='ltr' id='par_1_113' title="bbox 268 2860 690 2897">
     <span class='ocr_line' id='line_1_113' title="bbox 268 2860 690 2897; baseline -0.005 -9"><span class='ocrx_word' id='word_1_732' title='bbox 268 2861 325 2897; x_wconf 81' lang='lat' dir='ltr'><strong>(l9)</strong></span> <span class='ocrx_word' id='word_1_733' title='bbox 344 2861 411 2890; x_wconf 85' lang='lat' dir='ltr'><strong>Vide</strong></span> <span class='ocrx_word' id='word_1_734' title='bbox 423 2860 566 2889; x_wconf 85' lang='lat' dir='ltr'><strong>Socratem</strong></span> <span class='ocrx_word' id='word_1_735' title='bbox 584 2860 631 2888; x_wconf 90' lang='lat' dir='ltr'><strong>lib.</strong></span> <span class='ocrx_word' id='word_1_736' title='bbox 647 2866 690 2887; x_wconf 80' lang='lat' dir='ltr'><strong>ru.</strong></span> 
     </span>
    </p>
   </div>
   <div class='ocr_carea' id='block_1_114' title="bbox 1107 2541 1868 2578">
    <p class='ocr_par' dir='ltr' id='par_1_114' title="bbox 1107 2541 1868 2578">
     <span class='ocr_line' id='line_1_114' title="bbox 1107 2541 1868 2578; baseline 0 -9"><span class='ocrx_word' id='word_1_737' title='bbox 1107 2542 1163 2578; x_wconf 72' lang='grc'>(20)</span> <span class='ocrx_word' id='word_1_738' title='bbox 1191 2543 1259 2574; x_wconf 71' lang='lat' dir='ltr'><strong>Teir,</strong></span> <span class='ocrx_word' id='word_1_739' title='bbox 1275 2542 1450 2574; x_wconf 80' lang='grc' dir='ltr'>κοινωνικοὺς</span> <span class='ocrx_word' id='word_1_740' title='bbox 1473 2542 1522 2576; x_wconf 85' lang='grc' dir='ltr'><strong>τῆς</strong></span> <span class='ocrx_word' id='word_1_741' title='bbox 1538 2541 1714 2578; x_wconf 61' lang='grc' dir='ltr'>οἰκουμένης,</span> <span class='ocrx_word' id='word_1_742' title='bbox 1734 2548 1868 2578; x_wconf 72' lang='lat' dir='ltr'><strong>quasse-</strong></span> 
     </span>
    </p>
   </div>
   <div class='ocr_carea' id='block_1_115' title="bbox 1070 2576 1867 2613">
    <p class='ocr_par' dir='ltr' id='par_1_115' title="bbox 1070 2576 1867 2613">
     <span class='ocr_line' id='line_1_115' title="bbox 1070 2576 1867 2613; baseline -0.001 -8"><span class='ocrx_word' id='word_1_743' title='bbox 1070 2576 1181 2613; x_wconf 79' lang='lat' dir='ltr'><strong>quentis</strong></span> <span class='ocrx_word' id='word_1_744' title='bbox 1204 2577 1283 2605; x_wconf 86' lang='lat' dir='ltr'><strong>libelli</strong></span> <span class='ocrx_word' id='word_1_745' title='bbox 1303 2586 1327 2604; x_wconf 90' lang='lat' dir='ltr'><strong>c.</strong></span> <span class='ocrx_word' id='word_1_746' title='bbox 1346 2578 1390 2613; x_wconf 79' lang='grc'><strong>10,</strong></span> <span class='ocrx_word' id='word_1_747' title='bbox 1410 2577 1586 2613; x_wconf 78' lang='grc' dir='ltr'>κοινωνικούς</span> <span class='ocrx_word' id='word_1_748' title='bbox 1615 2577 1666 2613; x_wconf 81' lang='grc' dir='ltr'><strong>τῇς</strong></span> <span class='ocrx_word' id='word_1_749' title='bbox 1687 2576 1867 2611; x_wconf 78' lang='grc' dir='ltr'>Ἑκκλησίας,</span> 
     </span>
    </p>
   </div>
   <div class='ocr_carea' id='block_1_116' title="bbox 1072 2611 1869 2645">
    <p class='ocr_par' dir='ltr' id='par_1_116' title="bbox 1072 2611 1869 2645">
     <span class='ocr_line' id='line_1_116' title="bbox 1072 2611 1869 2645; baseline 0 -5"><span class='ocrx_word' id='word_1_750' title='bbox 1072 2611 1098 2640; x_wconf 64' lang='lat' dir='ltr'><strong>ill</strong></span> <span class='ocrx_word' id='word_1_751' title='bbox 1113 2618 1165 2644; x_wconf 80' lang='lat' dir='ltr'><strong>est,</strong></span> <span class='ocrx_word' id='word_1_752' title='bbox 1189 2612 1360 2644; x_wconf 81' lang='grc' dir='ltr'>καθολικοὺς,</span> <span class='ocrx_word' id='word_1_753' title='bbox 1381 2612 1498 2639; x_wconf 79' lang='lat' dir='ltr'><strong>lsaacius</strong></span> <span class='ocrx_word' id='word_1_754' title='bbox 1526 2616 1615 2639; x_wconf 82' lang='lat' dir='ltr'><strong>vocat.</strong></span> <span class='ocrx_word' id='word_1_755' title='bbox 1634 2611 1695 2639; x_wconf 82' lang='lat' dir='ltr'><strong>lllos</strong></span> <span class='ocrx_word' id='word_1_756' title='bbox 1710 2619 1807 2645; x_wconf 86' lang='lat' dir='ltr'><strong>nempe</strong></span> <span class='ocrx_word' id='word_1_757' title='bbox 1823 2614 1869 2640; x_wconf 84' lang='lat' dir='ltr'><strong>di-</strong></span> 
     </span>
    </p>
   </div>
   <div class='ocr_carea' id='block_1_117' title="bbox 1071 2647 1868 2683">
    <p class='ocr_par' dir='ltr' id='par_1_117' title="bbox 1071 2647 1868 2683">
     <span class='ocr_line' id='line_1_117' title="bbox 1071 2647 1868 2683; baseline -0.003 -8"><span class='ocrx_word' id='word_1_758' title='bbox 1071 2649 1109 2675; x_wconf 91' lang='lat' dir='ltr'><strong>cit</strong></span> <span class='ocrx_word' id='word_1_759' title='bbox 1123 2657 1138 2675; x_wconf 86' lang='lat' dir='ltr'><strong>a</strong></span> <span class='ocrx_word' id='word_1_760' title='bbox 1154 2647 1306 2683; x_wconf 85' lang='lat' dir='ltr'><strong>Theophila</strong></span> <span class='ocrx_word' id='word_1_761' title='bbox 1328 2648 1481 2683; x_wconf 74' lang='lat' dir='ltr'><strong>submissos</strong></span> <span class='ocrx_word' id='word_1_762' title='bbox 1499 2647 1647 2674; x_wconf 70' lang='lat' dir='ltr'><strong>Catholicae</strong></span> <span class='ocrx_word' id='word_1_763' title='bbox 1663 2647 1868 2683; x_wconf 75' lang='lat' dir='ltr'><strong>communionis</strong></span> 
     </span>
    </p>
   </div>
   <div class='ocr_carea' id='block_1_118' title="bbox 1073 2681 1867 2717">
    <p class='ocr_par' dir='ltr' id='par_1_118' title="bbox 1073 2681 1867 2717">
     <span class='ocr_line' id='line_1_118' title="bbox 1073 2681 1867 2717; baseline -0.001 -7"><span class='ocrx_word' id='word_1_764' title='bbox 1073 2681 1240 2715; x_wconf 50' lang='lat' dir='ltr'><strong>iuottachos,</strong></span> <span class='ocrx_word' id='word_1_765' title='bbox 1258 2683 1412 2717; x_wconf 76' lang='lat' dir='ltr'><strong>Lungurum</strong></span> <span class='ocrx_word' id='word_1_766' title='bbox 1441 2682 1569 2714; x_wconf 80' lang='lat' dir='ltr'><strong>fratrum,</strong></span> <span class='ocrx_word' id='word_1_767' title='bbox 1591 2683 1663 2709; x_wconf 88' lang='lat' dir='ltr'><strong>velut</strong></span> <span class='ocrx_word' id='word_1_768' title='bbox 1688 2681 1867 2717; x_wconf 75' lang='lat' dir='ltr'><strong>Origenista-</strong></span> 
     </span>
    </p>
   </div>
   <div class='ocr_carea' id='block_1_119' title="bbox 1076 2716 1865 2752">
    <p class='ocr_par' dir='ltr' id='par_1_119' title="bbox 1076 2716 1865 2752">
     <span class='ocr_line' id='line_1_119' title="bbox 1076 2716 1865 2752; baseline -0.001 -7"><span class='ocrx_word' id='word_1_769' title='bbox 1076 2726 1135 2745; x_wconf 92' lang='lat' dir='ltr'><strong>rum</strong></span> <span class='ocrx_word' id='word_1_770' title='bbox 1156 2716 1338 2746; x_wconf 62' lang='lat' dir='ltr'><strong>accusatores.</strong></span> <span class='ocrx_word' id='word_1_771' title='bbox 1360 2717 1470 2744; x_wconf 82' lang='lat' dir='ltr'><strong>Certum</strong></span> <span class='ocrx_word' id='word_1_772' title='bbox 1487 2717 1512 2744; x_wconf 86' lang='lat' dir='ltr'><strong>id</strong></span> <span class='ocrx_word' id='word_1_773' title='bbox 1526 2724 1558 2744; x_wconf 77' lang='lat' dir='ltr'><strong>ex</strong></span> <span class='ocrx_word' id='word_1_774' title='bbox 1572 2717 1705 2750; x_wconf 84' lang='lat' dir='ltr'><strong>Palladio,</strong></span> <span class='ocrx_word' id='word_1_775' title='bbox 1720 2721 1747 2744; x_wconf 87' lang='lat' dir='ltr'><strong>et</strong></span> <span class='ocrx_word' id='word_1_776' title='bbox 1763 2716 1865 2752; x_wconf 80' lang='lat' dir='ltr'><strong>Georg.</strong></span> 
     </span>
    </p>
   </div>
   <div class='ocr_carea' id='block_1_120' title="bbox 1076 2752 1422 2781">
    <p class='ocr_par' dir='ltr' id='par_1_120' title="bbox 1076 2752 1422 2781">
     <span class='ocr_line' id='line_1_120' title="bbox 1076 2752 1422 2781; baseline -0.006 -1"><span class='ocrx_word' id='word_1_777' title='bbox 1076 2753 1152 2781; x_wconf 75' lang='lat' dir='ltr'><strong>Alex.</strong></span> <span class='ocrx_word' id='word_1_778' title='bbox 1168 2753 1232 2780; x_wconf 85' lang='lat' dir='ltr'><strong>infr.</strong></span> <span class='ocrx_word' id='word_1_779' title='bbox 1249 2754 1312 2781; x_wconf 89' lang='lat' dir='ltr'><strong>cod.</strong></span> <span class='ocrx_word' id='word_1_780' title='bbox 1330 2752 1422 2779; x_wconf 78' lang='lat' dir='ltr'><strong>XCVI.</strong></span> 
     </span>
    </p>
   </div>
   <div class='ocr_carea' id='block_1_121' title="bbox 1112 2787 1492 2824">
    <p class='ocr_par' dir='ltr' id='par_1_121' title="bbox 1112 2787 1492 2824">
     <span class='ocr_line' id='line_1_121' title="bbox 1112 2787 1492 2824; baseline -0.003 -9"><span class='ocrx_word' id='word_1_781' title='bbox 1112 2788 1168 2824; x_wconf 54' lang='lat'><strong>(‘21)</strong></span> <span class='ocrx_word' id='word_1_782' title='bbox 1186 2789 1390 2824; x_wconf 68' lang='lat' dir='ltr'><strong>Derrhwensem</strong></span> <span class='ocrx_word' id='word_1_783' title='bbox 1406 2787 1492 2824; x_wconf 76' lang='lat' dir='ltr'><strong>episc.</strong></span> 
     </span>
    </p>
   </div>
   <div class='ocr_carea' id='block_1_122' title="bbox 1111 2821 1865 2887">
    <p class='ocr_par' dir='ltr' id='par_1_122' title="bbox 1111 2821 1865 2887">
     <span class='ocr_line' id='line_1_122' title="bbox 1111 2821 1865 2887; baseline -0.003 -37"><span class='ocrx_word' id='word_1_784' title='bbox 1111 2821 1294 2887; x_wconf 46' lang='lat' dir='ltr'><strong>gﬂigiéiausas</strong></span> <span class='ocrx_word' id='word_1_785' title='bbox 1317 2823 1397 2851; x_wconf 76' lang='lat' dir='ltr'><strong>affert</strong></span> <span class='ocrx_word' id='word_1_786' title='bbox 1421 2822 1521 2858; x_wconf 79' lang='lat' dir='ltr'><strong>Georg.</strong></span> <span class='ocrx_word' id='word_1_787' title='bbox 1540 2823 1678 2851; x_wconf 77' lang='lat' dir='ltr'><strong>Alexand.</strong></span> <span class='ocrx_word' id='word_1_788' title='bbox 1697 2823 1723 2850; x_wconf 85' lang='lat' dir='ltr'><strong>in</strong></span> <span class='ocrx_word' id='word_1_789' title='bbox 1741 2821 1796 2850; x_wconf 84' lang='lat' dir='ltr'><strong>vita</strong></span> <span class='ocrx_word' id='word_1_790' title='bbox 1812 2822 1865 2849; x_wconf 80' lang='lat' dir='ltr'><strong>inf.</strong></span> 
     </span>
    </p>
   </div>
   <div class='ocr_carea' id='block_1_123' title="bbox 1077 2867 1222 2887">
    <p class='ocr_par' dir='ltr' id='par_1_123' title="bbox 1077 2867 1222 2887">
     <span class='ocr_line' id='line_1_123' title="bbox 1077 2867 1222 2887; baseline -0.014 0"><span class='ocrx_word' id='word_1_791' title='bbox 1077 2867 1137 2887; x_wconf 69' lang='grc' dir='ltr'>σου.</span> <span class='ocrx_word' id='word_1_792' title='bbox 1156 2867 1222 2887; x_wconf 68' lang='grc' dir='ltr'>λιιι.</span> 
     </span>
    </p>
   </div>
  </div>
