1934 3089
239 136 287 170 111

802 141 934 171 I’IlOTll
954 141 1207 171 PATRIARCILE
1227 141 1282 171 CP.

1817 140 1869 172 112

238 202 297 223 sam
312 201 373 222 esse
390 193 520 222 furiarum
545 194 666 229 plenam.
697 195 827 228 Quintum
839 196 912 230 quod
929 197 955 223 in
977 197 1024 223 Ec-

1079 197 1213 232 ρωμένην·
1226 197 1363 231 πέμπτον,
1377 197 1418 224 δτι
1441 197 1577 232 καυχᾶται
1596 197 1639 223 ἐπ’
1662 196 1811 232 ἐκκλησίας
1844 198 1868 213 ⁵⁸

238 241 320 269 clesia
338 248 367 269 se
385 241 420 268 ita
434 242 518 276 jactet
535 250 542 269 :
562 242 688 275 Depereo,
701 242 804 269 insania
815 242 882 278 (50).
897 242 1007 269 Sextum
1019 262 1027 273 ,

239 287 391 322 oportuisse
414 287 489 314 illum
515 287 707 322 interpretari,
733 295 857 322 quaenam
875 287 928 315 illae
952 287 1028 314 furia:

238 337 328 360 essent
341 341 348 366 ;
365 337 392 360 et
406 333 470 367 quid
487 333 531 365 sit,
549 332 675 367 Depereo,
690 333 812 365 insanio;
825 333 873 361 has
889 334 960 360 enim
975 332 1027 359 Ec-

238 378 319 406 clesia
351 385 431 406 voces
457 378 573 412 ignorat.
603 378 773 413 Septimum,
794 379 865 413 quod
891 378 1026 406 licentiam

240 425 411 458 peccantibus
429 425 559 458 praebeat,
578 425 617 451 sic
632 425 732 452 docens
749 433 756 450 :
781 434 790 451 ι
806 424 835 452 Si
849 425 944 452 iterum
963 432 1027 460 pec-

238 470 321 502 casti,
352 470 483 505 pmniteat
498 470 595 497 iterum
621 479 628 497 :
661 475 689 497 et
721 471 827 505 quoties
854 471 1026 505 peccaveris,

238 516 298 543 veni
318 516 351 542 ad
369 523 428 548 tne,
444 523 492 551 ego
516 521 541 543 te
560 517 662 543 sanabo
680 516 749 552 (31).
763 526 773 542 ι
794 517 939 549 Octavum,
955 517 1026 551 quod

239 563 265 590 in
281 562 402 590 Ecclesia
419 563 519 590 docens
544 563 710 598 blasphetnet
721 582 729 595 ,
746 563 885 591 Christum
902 567 1025 590 orantem

238 609 299 636 ideo
337 615 460 636 nonesse
491 609 633 642 auditum,
659 610 730 644 quod
765 616 816 636 non
847 614 875 636 ut
902 614 1026 643 oportet,

238 659 352 682 orasset.
389 653 513 686 Nonum,
542 655 616 690 quod
640 656 672 681 ad
710 655 869 682 seditionem
900 654 1025 689 populum

239 699 466 733 concitaret(52),
502 700 584 726 etiam
612 699 742 727 adversus
776 700 920 735 synodum.
947 699 1027 727 Deci-

238 751 322 776 mum,
347 745 418 778 quod
443 752 476 770 ex
504 744 630 779 gentibus
654 745 805 779 quosdam,
828 744 874 779 qui
890 743 1024 771 Christia-

238 797 287 817 nos
312 789 390 816 valde
415 789 593 823 amisissent,
621 790 804 825 suscepisset.
830 795 857 817 et
883 790 909 817 in
932 789 1026 817 Eccle-

237 837 275 864 sia
301 836 423 869 haberet,
462 841 544 871 atque
569 836 806 872 defenderet(53).
833 835 1023 868 Undecimum,

1079 241 1176 275 λέγων·
1195 240 1277 276 Ἐρῶ,
1291 242 1446 276 μαίνομαι,
1469 241 1515 268 καὶ
1524 243 1547 258 ⁸³
1562 242 1601 268 ὅτι
1613 242 1714 277 ὀφείλει
1731 242 1869 278 ἑρμηνεῦ-

1081 295 1125 313 σαι
1140 287 1210 317 τινες
1222 287 1290 313 είσὶν
1306 286 1453 322 Ἐριννύες,
1471 287 1518 313 καὶ
1528 286 1555 312 τί
1571 287 1630 312 ἐστι
1640 286 1670 312 τὺ
1682 285 1868 321 λέγειν,Ἑρῶ,

1075 332 1218 366 μαίνομαι
1227 340 1235 348 ο
1246 333 1262 368 ὴ
1273 332 1326 368 γὰρ
1338 332 1488 368 Ἐκκλησία
1502 333 1551 359 οὐκ
1561 330 1615 359 οἶδε
1629 332 1716 359 ταῦτα
1724 341 1731 347 '
1744 333 1822 359 ἕκτον
1832 333 1869 365 ⁸⁵,

1079 379 1120 405 ὃτι
1131 378 1223 405 ἄδειαν
1233 379 1409 414 παρέχειτοίς
1421 379 1618 414 ἁμαρτάνουσι,
1627 379 1771 412 διδάσκων,
1781 389 1789 404 ι
1804 378 1871 406 Ἐὰν

1080 424 1161 451 πάλιν
1172 425 1298 461 ἁμάρτῃς
1310 426 1332 441 ⁵³
1342 445 1349 457 ,
1369 424 1449 452 πάλιν
1465 425 1641 460 μετανόησον,
1659 425 1707 451 καὶ
1723 425 1818 457 ὁσάκις
1835 425 1872 452 ἂν

1077 471 1218 508 ἁμάρτῃς,
1236 471 1297 497 ἐλθὲ
1314 471 1382 506 πρός
1397 480 1442 506 με,
1460 472 1507 498 καὶ
1527 471 1582 505 ἐγώ
1606 480 1636 497 σε
1655 471 1819 506 θεραπεύσω
1831 480 1840 488 ο
1859 481 1869 497 ι

1077 517 1191 552 ἕϐδομον
1207 517 1240 550 ⁵⁸,
1255 517 1296 543 ὅτι
1310 517 1465 552 βλασφημεῖ
1483 518 1526 543 ἐπ’
1555 517 1713 552 ἐκκλησίας,
1727 517 1814 551 λέγων
1827 518 1873 544 ὅτι

1076 563 1091 588 ὁ
1105 563 1128 579 ⁸⁷
1141 562 1256 599 Χριστδς
1273 563 1494 598 προσευξάμενος
1504 564 1553 589 οὐκ
1567 562 1742 598 εἰσηκούσθη,
1753 562 1814 588 ἐπεὶ
1830 562 1873 597 μὴ

1076 610 1190 642 δεόντως
1204 610 1386 646 προσηύξατο·
1396 609 1488 643 δγδοον
1499 608 1532 641 ⁸⁸,
1543 609 1583 635 ὅτι
1596 609 1652 639 τοῖς
1663 608 1737 640 λαοῖς
1749 607 1874 634 ὑποϐάλ-

1076 657 1117 683 λει
1144 656 1301 688 στασιάζειν
1318 656 1340 672 ⁵³
1356 656 1427 682 κατὰ
1442 654 1493 689 τῆς
1515 654 1625 681 συνόδου
1635 661 1642 668 ·
1656 652 1765 680 ἔννατον
1779 653 1813 685 ⁸ο,
1827 653 1872 679 ὅτι

1078 701 1212 737 Ἕλληνας
1238 701 1323 728 πολλὰ
1340 700 1414 727 κακὰ
1433 700 1490 731 τοῖς
1506 696 1679 734 Χριστιανοῑς
1693 698 1873 732 διαθεμένους

1076 747 1224 781 ὑπεδέξατο
1240 747 1288 774 καὶ
1301 748 1357 782 ἔχει
1378 748 1407 773 ἐν
1424 747 1456 781 τῇ
1476 745 1626 781 Ἐκκλησία
1643 744 1691 772 καὶ
1705 744 1873 780 προΐσταται

1075 794 1182 820 αὐτῶν·
1201 794 1313 820 δέκατον
1327 793 1369 820 ὃτι
1387 792 1523 819 ἐπιϐαίνει
1545 791 1700 826 ἀλλοτρίαις
1722 790 1874 825 ἐπαρχίαις

1075 840 1123 866 καὶ
1137 839 1286 875 χειροτονεῖ
1301 838 1466 869 ἐπισκόπους
1477 845 1483 853 ·
1498 837 1653 869 ἑνδέκατον,
1663 836 1703 863 ὅτι
1725 835 1832 871 ὑϐρίζει
1849 834 1874 851 ⁶¹

238 883 310 916 quod
338 883 453 910 aliorum
476 883 585 909 invadat
601 882 657 919 (54)
680 883 844 917 provincias,
867 882 1026 916 ordinetqne

1078 886 1139 916 τοὺς
1151 885 1316 916 ἐπισκόπους
1324 884 1372 911 καὶ
1386 883 1569 918 ὲκπιγγάτους
1585 882 1691 909 κελεύει
1702 881 1874 917 ἐκϐληθῆναι

239 929 339 955 ibidem
358 928 498 963 episcopos
513 928 579 964 (55).
611 929 816 961 Duodecimum,
835 928 905 962 quod
919 928 1026 963 episco-

238 981 286 1008 pos
299 973 396 1007 injuria
410 972 506 1001 alliciat
522 977 548 1000 et
563 973 742 1007 ὲκπιδγάτους
772 971 846 1008 (56),
872 972 952 999 domo
978 979 1025 999 sua

239 1019 403 1054 pellijubeat
414 1038 421 1046 .
437 1018 574 1047 Decimum
590 1021 715 1053 tertium,
730 1020 800 1053 quod
813 1019 926 1047 clericos
943 1019 1027 1046 inusi-

240 1064 302 1091 tatis
331 1063 438 1099 iujuriis
475 1065 700 1099 contumeliisque
729 1063 858 1091 aﬂecerit.
886 1063 1026 1091 Decimum

237 1113 381 1144 quartum,
397 1109 469 1144 quod
483 1109 600 1136 aliorum
617 1109 741 1144 deposita
771 1110 796 1136 vi
818 1109 950 1143 rapuerit.
975 1109 1027 1136 De-

236 1154 337 1182 cimum
369 1154 493 1189 quintum
504 1174 512 1186 ,
529 1154 600 1189 quod
617 1154 676 1181 sine
694 1158 827 1182 conventu
838 1173 846 1187 ,
874 1159 1026 1188 praeterque

237 1199 302 1226 cleri
330 1203 466 1229 mentem,
493 1200 611 1226 ordinet.
640 1199 780 1226 Decimum
805 1203 928 1231 sextum,
954 1199 1027 1233 quod

237 1245 294 1280 (37)
306 1244 478 1280 Origenistas
494 1245 629 1278 receperit
641 1253 648 1272 :
660 1243 953 1280 communicautcs(58)
963 1251 1028 1271 vero

237 1298 299 1317 caui
323 1290 444 1317 Ecclesia
471 1291 703 1323 monachus,etsi
729 1290 965 1318 commendatilias
982 1289 1025 1316 Iit-

238 1341 311 1364 teras
326 1335 459 1363 aﬂ‘crrent
471 1358 478 1369 ,
494 1336 521 1363 in
538 1344 676 1364 carcerem
697 1336 835 1370 conjectos
848 1343 900 1363 non
915 1336 1027 1363 dimise-

237 1381 292 1408 rit:
308 1381 373 1415 quin
389 1385 417 1408 et
434 1382 460 1408 in
475 1388 509 1409 eo
522 1382 670 1409 morientes
681 1402 688 1414 ,
710 1388 745 1408 ne
760 1381 885 1408 inviserit
898 1381 1026 1416 quidem.

237 1427 376 1455 Decinmm
388 1428 533 1462 septimum
546 1448 553 1461 ,
565 1428 636 1462 quod
651 1427 741 1455 aliena
754 1427 888 1462 mancipia
907 1427 1025 1454 nondum

237 1475 422 1507 manumissa,
442 1475 495 1501 imo
510 1479 538 1501 et
550 1477 695 1506 accusata,
712 1473 855 1508 episcopos
878 1473 1027 1500 ordinarit.

237 1520 377 1547 Decimum
402 1525 548 1552 octavum,
576 1520 651 1555 quod
678 1521 766 1556 ipsum
793 1519 866 1548 hunc
896 1518 1028 1547 lsaacium

237 1565 308 1593 male
324 1573 395 1601 saepe
411 1566 542 1593 multarit.

272 1612 375 1639 Harum
404 1614 610 1640 accusationum
637 1613 756 1648 primum
779 1618 878 1648 caput,
903 1615 975 1648 quod
1000 1614 1027 1642 id

238 1665 317 1686 antea
332 1659 373 1694 (ut
386 1659 528 1696 rebantur)
541 1661 722 1688 examinatum
738 1664 822 1694 esset,
836 1667 965 1689 excutere
978 1668 1027 1689 no-

238 1706 362 1741 luerunt;
392 1710 420 1733 at
449 1706 476 1734 in
501 1708 649 1734 secundum
686 1711 713 1734 et
739 1708 887 1742 septimum
913 1708 1027 1741 inquisi-

238 1758 305 1780 tum.
332 1752 394 1780 Mox
421 1754 533 1781 tertium
561 1762 670 1790 quoque
695 1755 906 1783 accusationisa
922 1755 1026 1783 Joanne

238 1801 352 1828 diacono
367 1800 445 1828 taetre
463 1805 543 1835 caput
556 1800 737 1829 examinatur.
754 1800 783 1827 ln
795 1808 828 1828 eo
842 1801 931 1835 capite
941 1801 1025 1828 Arsa-

239 1845 297 1873 rius
308 1845 527 1880 archipresbyter
538 1845 617 1879 (ὅθ’),
635 1846 681 1880 qui
695 1845 745 1880 ipsi
756 1845 951 1880 Chrysostomo
964 1853 1026 1872 suc-

238 1893 332 1924 cessit,
347 1897 374 1920 et
395 1891 502 1919 Atticus
515 1892 653 1928 presbyter
671 1892 742 1927 (59),
762 1892 854 1920 nescio
869 1899 923 1927 quo
946 1892 1027 1920 modo

239 1943 322 1966 testes
353 1937 478 1970 adhibiti,
501 1943 596 1965 contra
621 1938 729 1965 beatum
744 1937 968 1974 Chrysostomum
986 1942 1026 1965 te-

238 1984 397 2011 stimonium
418 1983 564 2017 dixerunt;
586 1988 657 2011 utet
682 1984 804 2018 Elpidius
824 1984 975 2020 presbyter.
990 1983 1027 2011 li-

237 2031 316 2062 dem,
332 2035 359 2057 et.
384 2037 445 2057 cum
468 2030 533 2064 ipsis
557 2030 640 2058 etiam
667 2030 783 2058 Aeacius
809 2031 969 2067 presbyter,
999 2030 1025 2058 in

237 2081 363 2110 quartum
387 2076 588 2104 criminationis
611 2081 691 2111 caput
717 2076 808 2105 testati
834 2081 914 2104 sunt.
945 2077 1024 2104 Post-

237 2129 317 2156 quam
334 2122 371 2149 ita
393 2130 509 2150 excussa
530 2122 606 2149 fuere
623 2123 698 2154 haec,
715 2123 836 2157 praedicti
861 2123 1024 2158 presbyteri,

1077 931 1126 966 τῆς
1140 931 1229 962 οῑκίας
1245 929 1341 956 αὑτοῦ·
1358 929 1519 962 δωδέκατον,
1535 930 1575 955 ὅτι
1586 928 1649 960 τοὺς
1664 927 1815 963 κληρικοὺς
1826 927 1874 960 ξέ-

1076 983 1136 1007 ναις
1151 975 1262 1010 ὕϐρεσιν
1276 974 1392 1010 ὑϐρίζει·
1402 974 1637 1009 τρισκαιδέκατον,
1649 973 1690 999 ὅτι
1704 971 1875 1008 παραθήκας

1077 1020 1222 1056 ἀλλοτρίας
1235 1021 1344 1055 ἥρπασε
1363 1020 1409 1056 βίᾳ
1419 1027 1426 1034 ·
1438 1018 1734 1055 τεσσαρεσκαιδέκατον
1750 1018 1791 1045 ὅτι
1805 1018 1874 1045 ἄνευ

1077 1067 1215 1101 συνεδρίου
1231 1068 1280 1093 καὶ
1304 1066 1381 1102 παρὰ
1400 1064 1512 1101 γνώμην
1529 1065 1575 1092 τοῦ
1597 1065 1698 1100 κλήρου
1726 1064 1798 1091 ποιεῖ
1821 1063 1875 1094 τὰς

1077 1114 1261 1149 χειροτονίας·
1283 1113 1537 1145 πεντεκαιδέκατον,
1551 1112 1592 1139 δτι
1615 1111 1678 1142 τοὺς
1696 1110 1746 1146 μὲν
1764 1110 1875 1146 Ὠριγε-

1076 1159 1203 1190 νειαστὰς
1213 1158 1331 1190 ἐδέξατο,
1344 1159 1407 1189 τοὺς
1421 1157 1449 1184 δὲ
1456 1157 1630 1188 κοινωνικοὺς
1644 1156 1694 1190 τῆς
1703 1154 1876 1190 Ἑκκλησίας

1079 1205 1148 1240 μετὰ
1159 1204 1330 1231 συστατικῶν
1345 1203 1471 1235 ἐλθόντας
1482 1203 1654 1238 γραμμάτων
1670 1202 1718 1229 καὶ
1731 1203 1760 1228 ὲν
1772 1201 1807 1236 τῇ
1820 1209 1876 1234 φυ-

1076 1252 1146 1286 λακῇ
1162 1251 1311 1286 ganeam;
1322 1251 1373 1277 οὐκ
1383 1249 1513 1282 ἐξείλετο,
1535 1249 1603 1276 ἀλλὰ
1619 1249 1666 1275 καὶ
1686 1247 1877 1278 ἀποθανόντας

1077 1298 1105 1324 ὲν
1119 1297 1188 1332 αὐτῇ
1199 1296 1253 1323 οὐδ’
1265 1296 1334 1328 ὅλως
1345 1296 1368 1312 ⁶²
1379 1295 1561 1330 ἐπεσκέψατο*
1574 1294 1764 1327 ἐξκαιδέκατον
1779 1292 1814 1326 ⁸³,
1830 1293 1876 1318 ὅτι

1076 1343 1187 1374 δούλους
1203 1341 1360 1377 ἀλλοτρίους
1377 1342 1461 1377 μήπω
1473 1340 1716 1376 ἐλευθερωθέντας,
1735 1338 1804 1366 ἀλλὰ.
1826 1339 1878 1365 καὶ

1077 1389 1307 1425 διαϐεϐλημένους
1320 1388 1526 1423 ἐχειροτόνησεν
1540 1386 1706 1417 ἐπισκόπους
1719 1392 1725 1399 '
1743 1384 1876 1410 ἑπτακαι-

1077 1436 1200 1468 δέκατον,
1211 1435 1252 1462 ὅτι
1265 1435 1345 1462 αὑτὸν
1358 1434 1453 1461 τοῦτον
1467 1433 1601 1461 Ἰσαάκιον
1613 1431 1698 1458 πολλὰ
1713 1430 1778 1467 παρ’
1790 1429 1878 1456 αὑτοῦ

1079 1482 1180 1517 συνέϐη
1195 1481 1366 1517 κακωθῆναι.

1118 1614 1228 1641 Τούτων
1242 1611 1289 1639 οὖν
1317 1611 1370 1639 τῶν
1383 1609 1556 1646 κατηγοριῶν
1575 1609 1605 1636 τὸ
1631 1608 1681 1644 μὲν
1698 1607 1806 1644 πρῶτον
1825 1607 1878 1635 an

1077 1659 1111 1694 δὴ
1133 1657 1343 1694 προεξετασθὲν,
1363 1657 1400 1688 ὡς
1417 1655 1551 1691 ἐνόμιζον,
1576 1654 1668 1681 οὺκέτι
1681 1653 1829 1689 ἐξητάσθη,
1846 1653 1878 1679 τὸ

1077 1706 1107 1734 δὲ
1120 1706 1246 1741 δεύτερον
1261 1703 1398 1740 ἐξητάσθη
1413 1702 1500 1730 καὶτὸ
1516 1702 1638 1737 ἕϐδομον.
1656 1698 1722 1727 Εἶτα
1736 1699 1877 1734 ἐξητάσθη

1079 1752 1159 1780 πάλιν
1176 1751 1206 1778 τὸ
1218 1751 1309 1786 τρίτον
1317 1749 1444 1784 ἔγκλημα
1455 1748 1508 1775 τῶν
1518 1747 1571 1774 ὑπὸ
1583 1746 1631 1773 τοῦ
1643 1745 1767 1772 διακόνου
1783 1743 1877 1771 Ἰωάν-

1078 1808 1125 1826 νου
1137 1798 1324 1825 ἐπιδοθέντων.
1348 1795 1392 1823 Ἐν
1404 1795 1491 1829 τούτῳ
1501 1793 1576 1829 δὲτῴ
1589 1791 1729 1827 κεφαλαίῳ
1743 1791 1790 1818 καὶ
1813 1791 1878 1826 ’Δρ-

1080 1846 1173 1877 σάκιος
1185 1845 1200 1871 ὁ
1210 1842 1501 1880 πρωτοπρεσϐύτερος,
1526 1842 1540 1867 ὁ
1553 1840 1635 1867 αὐτὸν
1649 1839 1695 1866 τὸν
1719 1838 1878 1874 Χρυσόπο-

1080 1900 1130 1926 μον
1146 1891 1350 1925 διαδεξάμενος,
1368 1889 1414 1916 καὶ
1436 1887 1558 1918 Ἀττικὸς
1582 1887 1597 1913 ὁ
1622 1885 1808 1921 πρεσϐύτερος
1823 1883 1876 1910 οὐκ

1079 1935 1126 1965 οἶδ’
1141 1939 1215 1968 ὅπως
1230 1937 1370 1972 μάρτυρες
1381 1935 1498 1970 ἔστησαν
1515 1934 1563 1961 καὶ
1579 1931 1626 1959 τοῦ
1636 1932 1714 1965 ἁγίου
1731 1938 1877 1965 κατεμαρ-

1078 1985 1200 2020 τύρησαν
1209 1992 1217 1999 ·
1232 1982 1281 2011 καὶ
1299 1982 1431 2012 Ἐλπίδιος
1445 1981 1473 2007 δὲ
1484 1981 1498 2007 ὁ
1508 1979 1703 2016 πρεσϐύτερος.
1721 1976 1767 2013 [60
1781 1976 1829 2012 R.]
1842 1976 1875 2002 Οἱ

1079 2030 1155 2057 αὐτοὶ
1180 2029 1209 2056 δὲ
1233 2026 1491 2063 κατεμαρτύρησαν,
1515 2024 1562 2051 καὶ
1596 2024 1645 2050 σὺν
1673 2023 1764 2053 αὐτοῖς
1789 2021 1839 2048 καὶ
1860 2022 1876 2047 ὁ

1079 2074 1265 2112 πρεσϐύτερος
1285 2073 1422 2105 Ἀκάκιος,
1447 2071 1494 2098 ἐπὶ
1517 2070 1556 2104 τῷ
1574 2069 1696 2104 τετάρτῳ
1720 2067 1872 2102 κεφαλαίῳ.

1079 2122 1188 2148 Τούτων
1202 2118 1248 2147 οὖν
1275 2118 1472 2152 ὲξετασθέντων
1490 2115 1565 2143 αὐτοί
1584 2124 1614 2142 τε
1630 2116 1654 2141 οὶ
1674 2112 1874 2149 προειρημένοι

237 2174 269 2195 ac
287 2172 384 2203 prmter
409 2175 456 2196 eos
469 2168 615 2196 Eudaemon
629 2173 656 2196 et
672 2167 835 2200 Onesimus,
861 2157 1025 2196 sententiam

1079 2167 1270 2203 πρεσϐύτεροι,
1282 2166 1329 2192 κα)⁴
1337 2163 1478 2198 Εὐδαίμων
1488 2162 1529 2189 ἔτι
1541 2161 1588 2188 καὶ⁴
1605 2161 1760 2196 Ὀνήσιμος,
1774 2157 1841 2194 ᾑτοί
1847 2167 1874 2184 ν-

913 2277 1031 2305 VARIIE
1060 2276 1267 2306 LECTIONES.

273 2336 296 2374 ξ’
308 2335 440 2374 ἐκκλησίᾳ
455 2345 492 2374 ς..Δ
505 2336 549 2374 _”_
561 2337 650 2374 xa‘v._A
666 2335 768 2374 :_Ex'cov
784 2344 814 2367 ς.
852 2335 971 2374 ’δμὲκτον
1018 2345 1030 2374 ιι
1041 2335 1157 2374 ἕϐδομον
1168 2344 1199 2368 ς.
1224 2334 1260 2374 ’⁸⁸
1270 2334 1430 2374 ἁμαρτᾴνῃς
1444 2342 1475 2366 ς.
1501 2333 1536 2374 ’⁵⁸
1546 2333 1660 2374 ἕϐδομον
1673 2333 1696 2359 Δ
1710 2330 1823 2374 εὸγδοεν
1830 2338 1871 2374 ἐς.

237 2370 314 2406 ἒτγότι
330 2372 355 2398 εἰ
371 2372 385 2398 ὁ
399 2370 433 2398 AI
470 2371 493 2387 ⁸⁸
504 2371 596 2406 ὃγδοον
610 2371 652 2398 A:
679 2371 833 2406 ἔννατονςν,
871 2371 894 2387 ⁸ο
917 2370 1072 2403 στασιάζειν
1102 2371 1149 2398 καὶ
1166 2370 1238 2406 κατὰ
1255 2378 1285 2402 ς.

238 2405 343 2441 ὑϐρίζει
358 2422 393 2426 —
405 2406 555 2434 δωδέκατον
567 2413 620 2432 υιιι.
633 2406 666 2434 Α.
704 2406 726 2421 θ’
741 2405 795 2431 οὐδ’
808 2405 876 2437 ὅλως
889 2406 926 2432 A:
940 2406 989 2432 οὐκ
1001 2412 1031 2438 ς.

1333 2363 1356 2385 δ⁰
1369 2363 1478 2396 ἔννατον
1495 2369 1517 2395 Α
1541 2376 1550 2396 :
1569 2363 1682 2396 δέκατον
1705 2363 1756 2399 ς.’
1788 2365 1809 2381 ⁶¹
1828 2366 1871 2391 ὅτι

1078 2406 1100 2422 ⁸³
1112 2405 1306 2432 ἑκκαιδέκατον
1320 2412 1352 2437 ς.

1022 2498 1134 2527 NOTAE.

274 2579 473 2617 (30)Qua:dan_r
483 2577 599 2611 exempl.
615 2577 672 2604 haec
687 2575 767 2604 verba
779 2575 909 2611 superiori
927 2583 986 2610 cap.
1001 2576 1028 2609 5,

239 2612 410 2644 continenter
432 2612 597 2646 adjungunt.

275 2645 559 2686 (51)SOCInl;llb.‘ll.
587 2654 646 2686 cap.
666 2646 804 2686 21,__Vide
823 2645 853 2672 Β.
878 2645 958 2673 Basil.
986 2645 1026 2672 Dc

237 2680 328 2722 pm‘nit.’
343 2689 371 2722 et
384 2684 413 2711 S.
428 2680 692 2722 Epiphaniumcontra
712 2680 810 2722 Nova}:

273 2719 330 2757 (52)
347 2716 549 2757 LegeNicepl‘i.
571 2717 607 2757 l_ib
622 2725 692 2757 xtu,_
703 2724 763 2751 cap.
776 2717 814 2757 ¹16
835 2721 862 2743 et
880 2716 920 2743 l7.

272 2752 330 2792 (55)
345 2752 509 2792 ffliiﬁézatoy
526 2754 554 2780 in
570 2753 663 2780 Grmco
686 2752 839 2792 legendorum.

344 2790 456 2826 Niceph.
482 2790 528 2826 lib.
543 2796 598 2826 3m
615 2808 622 2820 ,
637 2795 696 2826 cap.

283 2820 328 2862 55)
345 2827 400 2854 lloc
412 2820 481 2860 'cap.
500 2825 525 2851 in
542 2820 740 2862 liaron.Ainml.
759 2820 804 2862 lib.
827 2821 1006 2862 desideratur.

283 2856 327 2897 36)
343 2856 515 2897 Repraesénto
535 2859 754 2894 vocemignotam
769 2860 851 2899 atuue
864 2856 1022 2890 inauditam,

1079 2577 1100 2603 si
1123 2577 1185 2612 quis
1200 2577 1312 2605 forsitan
1328 2576 1431 2611 aliquid
1448 2583 1530 2612 exea
1546 2581 1621 2603 recte
1635 2575 1784 2610 cxsculpat.

1114 2610 1171 2647 (57)
1191 2611 1299 2646 Longos
1311 2610 1410 2639 fratres
1430 2610 1566 2647 intelligit.

1113 2645 1170 2682 (58)
1184 2647 1224 2674 Ad
1252 2645 1420 2674 aecusandos
1435 2645 1552 2682 Longos,
1568 2654 1581 2672 a
1596 2645 1718 2679 Theoph.
1735 2645 1871 2682 Conslan-

1078 2680 1165 2717 tiu‘op.
1193 2682 1303 2714 missus,
1332 2686 1419 2717 utﬂexr
1436 2680 1558 2717 Palladio
1577 2687 1694 2714 tonstat,
1719 2685 1747 2708 et
1768 2680 1867 2713 GeOrg.

1077 2716 1210 2744 Aletaud.
1227 2718 1275 2744 ini.
1289 2717 1349 2744 cod.
1361 2716 1454 2744 XCVI.

1112 2752 1177 2787 (ὅδ’)
1189 2752 1357 2815 ξίἓςρίιοτυδ
1376 2760 1436 2779 eum
1448 2752 1505 2780 suis
1517 2752 1637 2788 depingit
1653 2753 1800 2784 coloribus,
1819 2751 1866 2778 lib.

1112 2796 1135 2815 ll.
1154 2795 1184 2814 ca
1208 2809 1214 2815 .
1266 2808 1274 2815 .

1076 2794 1135 2817 XIII,
1154 2794 1214 2817 cap.
1228 2794 1274 2815 Ξδ.

1111 2794 1274 2858 ίιέθῗηίίίἓίίί
1290 2827 1365 2858 puto,
1394 2823 1437 2857 qui
1458 2823 1569 2852 Arsacio
1592 2823 1732 2855 successit,
1757 2821 1791 2850 de
1814 2828 1867 2856 quo

1074 2856 1188 2888 Niéeuh.
1203 2865 1278 2896 supr.
1290 2856 1320 2886 ᾖ.
1341 2858 1386 2885 29.
