1934 3089
80 178 124 210 H3

580 176 844 207 BIBLIOTHECA.
860 189 893 194 —
908 176 1016 207 CODD.
1036 177 1097 207 LX.
1119 176 1194 207 LXI.

1662 175 1717 210 1113

79 244 107 261 :o
119 233 279 268 ἐπιταχῦναι
294 235 327 268 τῇ
345 233 493 268 ἀποφάσει,
511 234 559 261 καὶ
572 234 741 269 πρῶτοςτῆς
757 231 866 259 συνόδου

923 232 1065 259 accelerari
1072 233 1252 266 postularunt.
1262 231 1356 268 Itaque
1368 233 1436 268 19b
1446 233 1540 268 synodi
1551 232 1606 269 (40)
1617 241 1716 268 [παιδος

79 278 177 309 Παῦλος
190 279 204 304 ὁ
218 278 386 313 Ἡρακλείας
395 278 511 313 ἠξίωσεν
527 279 650 310 ἅπαντας
667 279 868 314 ἀποφήνασθαι.

79 326 130 352 Καὶ
143 325 320 359 ἀπεφήναντο
331 325 382 360 τὴν
395 324 442 351 τοῦ
453 325 544 358 ἁγίου,
557 325 595 357 ὼς
610 325 703 358 ἔδοξαν
714 325 736 341 ⁸⁸
752 326 869 357 ἑαυτοῖς,

78 371 241 407 καθαίρεσιν,
258 371 414 406 ἀρξαμένου
431 371 477 407 [‘28
488 371 702 407 11.]Γυμνασίου
718 371 870 398 ἐπισκόπου

78 418 122 443 καὶ
139 417 354 453 τελευτήσαντος
370 418 503 453 Θεοφίλου
527 418 574 446 τοῦ
596 418 814 454 Ἀλεξανδρείας,
844 420 869 446 oi

78 463 172 495 πάντες
182 464 228 490 τὸν
248 464 367 500 ἀριθμὸν
382 465 585 501 τεσσαράκοντα
600 465 692 493 πέντε.
708 464 775 493 Εἶτα
786 466 870 501 ἐγρά‹

76 517 111 543 οη
122 508 160 543 τῷ
174 509 269 544 κλήρῳ
298 511 622 545 Κωνσταντινουπόλεως,
642 511 680 543 ὼς
704 511 785 547 δῆθεν
815 511 870 538 ἀπὸ

77 554 191 587 συνόδου,
208 555 335 591 περὶτῆς
349 556 395 582 τοῦ
408 557 487 591 ἁγίου
506 557 693 592 καθαιρέσεως
703 566 710 574 ·
730 557 867 593 ἀνηνέχθη

75 602 119 628 καὶ
132 603 188 634 rei;
205 603 365 637 βασιλεῦσιν
379 605 412 632 ⁸⁸.
437 605 622 641 Ἐπεδόθησαν
636 606 676 632 έτι
687 606 733 633 καὶ
752 605 869 633 λίόελλοι

75 650 153 683 τρεῖς,
180 650 258 684 παρὰ
269 650 423 684 Γεροντίου,
449 652 525 687 παρὰ
548 652 708 684 Φαυστίνου,
725 653 802 689 παρὰ
816 653 869 680 Εὐ-

76 695 232 729 τνωμονῖου,
248 695 274 722 οἳ
297 696 391 730 ἔλεγον
405 697 519 730 ἑαυτοὺς
544 698 643 730 ἀδίκως
667 698 720 725 ὑπὸ
744 699 867 726 Ἰωάννου

76 740 255 776 καθῃρῆσθαι.
278 742 402 776 Ἐγένετο
419 744 466 770 καὶ
480 743 636 780 ἀντιγραφή
657 744 784 780 βασιλικὴ
799 746 868 781 πρὸς

75 787 119 822 τὴν
137 787 262 814 σύνοδον·
278 790 307 815 ἐν
318 787 358 820 οἷς
376 791 422 816 καὶ
440 791 493 825 ﬁ“
504 791 644 827 δωδεκάτη
661 792 771 827 πρᾶξις.
795 793 826 819 ’11
838 793 867 819 δὲ

75 834 295 869 τρισκαιδεκάτη,
316 835 354 867 ὡς
371 836 475 872 ἐρρήθη
496 837 529 869 ⁸⁷,
548 836 605 873 ἔχει
625 837 659 864 τὰ
686 839 750 874 περὶ
783 838 867 874 Ἦρα-

75 878 177 914 κλείδην
187 880 235 906 τὸν
256 881 370 916 Ἐφέσου
387 883 546 911 ἐπίσκοπον.

445 962 471 977 ':'I

443 973 463 989 ἐς

229 1006 390 1041 Ἡροδότου
408 1010 554 1043 ἱστορικοί
575 1011 660 1046 λόγοι
679 1013 713 1039 0'.

107 1050 281 1087 Ἀνεγνὼσθη
313 1053 459 1089 Ἡροδότου
490 1055 638 1091 Ἰστοριῶν
652 1058 727 1092 λόγοι
743 1059 776 1092 θ’,
795 1060 867 1087 κατᾶ

73 1095 184 1131 ἀριθμὸν
195 1098 244 1124 καὶ
257 1098 419 1135 ἐπωνυμίαν
436 1101 492 1128 τῶν
502 1102 580 1129 ἐννέα
595 1104 721 1132 Μουσῶν.
745 1106 867 1141 Ἰωνικῆς

71 1142 96 1168 δὲ
111 1142 253 1171 διαλέκτου
273 1145 364 1172 κανὼν
392 1147 425 1173 ἂν
449 1145 526 1180 οὗτος
554 1149 577 1166 ⁸⁸
600 1150 655 1185 εἴη,
675 1151 713 1182 ὡς
741 1151 867 1188 Ἀττικῆς

72 1186 246 1222 θουκυδίδης.
264 1189 406 1226 Κέχρηται
421 1191 448 1218 δέ
461 1191 636 1228 μυθολογίαις
652 1195 699 1221 καὶ
725 1186 868 1232 παρεκϐά-

74 1240 127 1258 σεσι
139 1233 263 1266 πολλαῖς,
278 1235 313 1262 δι’
327 1232 364 1262 ὧν
383 1237 459 1273 αὐτῷ
475 1238 490 1273 ἠ
508 1239 579 1266 κατὰ
594 1239 714 1268 διάνοιαν
730 1242 867 1278 γλυκύτης

70 1277 184 1325 διαρρεῖ,
201 1279 226 1306 εί
242 1281 289 1306 καὶ
305 1281 373 1316 πρὸς
383 1283 432 1317 τὴν
446 1283 497 1318 τῆς
513 1284 633 1320 ίστορίας
647 1287 801 1322 κατάληψιν
821 1277 868 1325 καὶ¹

70 1324 114 1350 τὸν
127 1325 226 1352 οἰκεῖον
242 1327 328 1361 αὐτῆς
341 1328 388 1354 καὶ
403 1329 573 1364 κατάλληλον
582 1331 668 1358 τύπον
679 1333 766 1360 ἐνίοτε
781 1324 869 1362 ταῦτα

71 1369 219 1415 ἐπισκοτεῖ,
231 1372 282 1398 οὐκ
299 1371 449 1408 ἐθελούσης
465 1374 516 1409 τῆς
529 1375 658 1410 ἀληθείας
677 1377 772 1412 μύθοις
785 1379 870 1415 αὐτῆς

72 1414 261 1450 ἀμαυροῦσθαι
280 1416 330 1453 τὴν
346 1419 502 1454 ἀκρίϐειαν,
529 1421 590 1448 οὐδὲ
616 1421 698 1450 πλέον
721 1423 769 1450 τοῦ
783 1414 869 1460 προσ-

73 1460 183 1494 ήκοντος
199 1462 412 1491 ἀποπλανᾶσθαι
423 1467 483 1497 ταῖς
500 1467 714 1502 παρεκϐάσεων.

107 1508 240 1543 Ἀρχεται
251 1509 281 1536 δὲ
295 1512 343 1545 τῆς
356 1511 476 1547 ἱστορίας
490 1513 544 1540 ἀπὸ
555 1514 606 1548 τῆς
617 1514 709 1550 Κύρου
721 1515 870 1550 βασιλείας,

923 277 1023 305 Paulus
1037 277 1174 306 Heraclea:
1195 278 1354 313 cpiscopus,
1376 286 1470 306 omnes
1493 279 1655 306 sententiam
1671 280 1714 308 di—

922 332 986 352 cere
1013 324 1117 358 voluit,
1133 329 1321 360 statutumque
1337 329 1367 352 ut
1390 325 1455 359 ipsis
1470 325 1558 352 visum
1571 345 1579 357 ,
1603 325 1723 352 beatum-

921 370 1008 398 virum
1034 370 1098 398 sede
1119 370 1290 405 pellendum,
1313 370 1458 405 incipiente
1487 370 1635 406 Gymnasio
1656 371 1716 406 epi-

922 423 1015 450 scopo,
1033 421 1061 444 et
1076 416 1188 444 ﬁniente
1201 415 1354 450 Theophila
1367 416 1567 448 Alexandrino,
1597 423 1711 444 numero

921 468 1018 489 omnes
1044 461 1165 496 quinque
1190 466 1218 489 et
1241 461 1435 497 quadraginta.
1474 461 1539 489 Post
1566 461 1647 489 missa
1671 467 1716 489 est

922 508 954 535 ad
968 507 1070 535 elerum
1079 507 1421 542 Constantinopolitanum,
1429 513 1558 542 tanquam
1573 515 1589 535 e
1599 507 1712 543 synodo,

920 553 1035 587 epistola
1050 553 1084 580 de
1095 552 1280 589 Chrysostomi
1295 561 1310 581 e
1327 554 1426 581 throno
1443 553 1594 588 dejectione
1605 574 1612 581 .
1630 554 1712 582 Rela—

921 599 959 626 tio
981 606 1089 633 quoque
1114 599 1148 626 ad
1184 598 1361 633 imperatores
1385 598 1467 627 facta.
1499 599 1539 625 Ad
1569 599 1626 626 bace
1658 605 1715 627 tres

919 644 1002 672 oblati
1020 644 1117 677 libelli,
1135 652 1150 671 a
1173 644 1304 672 Gerontio
1329 643 1406 679 (41),
1428 644 1577 676 Faustino,
1606 644 1715 679 Eugno-

920 690 1029 722 monio,
1044 690 1090 724 qui
1114 697 1144 718 se
1162 689 1261 725 injuste
1280 697 1294 716 a
1317 689 1421 717 Joanne
1435 689 1593 725 episcopatu
1627 695 1715 717 motos

919 737 1111 771 querebantur.
1147 735 1342 771 lmperatorum
1367 735 1486 763 vicissim
1519 736 1553 762 ad
1581 735 1713 771 synodum

919 783 1031 811 missum
1051 787 1093 810 est
1107 782 1280 817 rescriptum.
1308 781 1397 816 Atque
1421 782 1447 808 in
1471 780 1513 808 his
1539 780 1595 808 fere
1612 781 1714 808 duode-

918 830 987 857 cima
1011 829 1083 857 actio
1109 828 1289 856 consumitur.
1317 827 1385 854 Nam
1420 827 1525 854 decima
1560 827 1657 858 tertia,
1685 830 1715 854 ut

919 876 1050 908 diximus,
1073 883 1104 903 ea
1132 875 1252 903 continet
1275 881 1336 909 qua:
1358 873 1392 901 ad
1417 873 1585 901 Heraclidem
1614 872 1713 908 Ephesi

918 921 1076 956 episcopum
1094 919 1280 954 pertinebant.

1281 966 1347 993 LX.

963 1012 1095 1040 Herodoti
1113 1012 1318 1039 Halirarnassei
1334 1011 1516 1039 Historiarum
1535 1011 1596 1037 libri
1613 1018 1652 1038 tx.

954 1058 1092 1092 Leguutur
1125 1057 1307 1085 Historiarum
1337 1057 1466 1084 Herodoti
1502 1057 1562 1084 libri
1603 1063 1711 1088 novem,

918 1112 1031 1132 numero
1050 1109 1075 1131 et
1091 1104 1202 1132 nomine
1227 1103 1339 1131 totidem
1367 1103 1513 1130 Musarum.
1540 1102 1589 1130 llic
1613 1101 1711 1129 Ionica:

918 1149 1024 1177 diulecti
1046 1157 1140 1177 norma
1165 1156 1228 1176 esse
1249 1149 1346 1183 queat},
1362 1153 1391 1176 ut
1407 1147 1502 1175 Atticm
1526 1146 1709 1182 Thucydides.

919 1196 1034 1223 Fabulas
1047 1195 1171 1228 ndbibet‘,
1188 1195 1352 1229 crebrasque
1365 1193 1548 1229 digressiones
1557 1211 1565 1224 ,
1579 1200 1628 1227 per
1641 1199 1710 1226 quas

919 1249 1015 1269 sensus
1039 1241 1090 1276 ipsi
1109 1246 1190 1275 atque
1214 1241 1357 1268 sementim
1383 1239 1496 1267 dulcedo
1519 1238 1596 1266 ﬂuit:
1622 1245 1708 1272 quan-

920 1295 999 1323 quam
1020 1295 1069 1321 pro
1095 1286 1217 1313 historia:
1245 1286 1337 1317 modo,
1373 1285 1536 1320 proprioque
1560 1283 1656 1318 ipsius,
1684 1287 1713 1310 et

896 1330 901 1333 ’
920 1333 1097 1361 conveniente
1111 1333 1272 1360 charactere
1284 1352 1292 1364 ,
1316 1332 1373 1359 haec
1387 1331 1444 1366 ipsa
1461 1330 1595 1357 interdum
1612 1329 1713 1357 obseu-

921 1381 1026 1407 ritatein
1055 1380 1173 1414 pariant,
1201 1382 1345 1406 recusante
1367 1378 1484 1406 veritate
1511 1376 1610 1404 fabulis
1636 1382 1712 1403 suam

921 1425 1058 1453 obfuscari
1082 1425 1298 1455 accurationem,
1323 1428 1369 1451 aut
1392 1423 1452 1458 plus
1467 1430 1545 1458 :equo
1561 1429 1576 1449 a
1598 1428 1629 1449 re
1649 1428 1713 1457 pro-

922 1472 1012 1507 posita
1039 1471 1200 1506 scriptorem
1228 1470 1342 1504 digredi.

960 1517 1123 1551 Auspicatnr
1149 1516 1290 1544 historiam
1309 1523 1324 1542 a
1341 1515 1406 1550 Cyri
1432 1515 1547 1550 imperio
1560 1536 1568 1548 ,
1595 1514 1640 1549 qui
1658 1513 1714 1548 pri-

72 1552 116 1579 τοῦ
131 1554 242 1589 πρώτου
257 1555 371 1591 Περσῶν
386 1556 606 1591 βασιλεύσαντος,
624 1560 684 1586 ὅθεν
699 1569 729 1586 τε
746 1560 797 1594 ἔφυ
824 1562 868 1589 καὶ

925 1571 983 1591 mus
999 1563 1142 1590 Persarum
1159 1569 1271 1597 regnum
1288 1562 1388 1594 tenuit,
1403 1562 1475 1588 umle
1490 1565 1585 1593 natus,
1596 1567 1713 1595 quomo-

74 1600 144 1632 ὅπως
168 1601 276 1637 ἐτράφη
292 1610 322 1628 τε
351 1602 399 1629 καὶ
422 1603 526 1639 ηὐξήθη
553 1605 600 1632 καὶ
621 1605 797 1634 ἐΰασίλευσε’
821 1609 870 1635 καὶ

74 1646 176 1673 κάτεισι
191 1647 275 1683 μέχρι
293 1647 344 1683 τῆς
362 1648 463 1684 Ξέρξου
487 1650 626 1685 βασιλείας
648 1652 695 1678 καὶ
719 1653 769 1688 τῆς
798 1654 870 1681 κατὰ

74 1691 125 1718 τῶν
150 1693 304 1727 Ἀθηναίων
322 1694 478 1726 ἐπελάσεως
495 1697 542 1723 καὶ
556 1696 606 1732 τῆς
630 1698 720 1733 φυγῆς
734 1699 783 1734 τῆς
798 1701 870 1727 ἐκεῖ·

75 1737 128 1764 θεν.
146 1738 284 1773 Τέταρτος
297 1740 325 1766 δέ
341 1741 415 1767 ἐστιν
432 1741 486 1768 ἀπὸ
501 1742 593 1778 Κύρου
609 1743 713 1780 Ξέρξης
723 1752 730 1759 ·
744 1745 870 1782 δεύτερος

75 1782 127 1827 γὰρ
142 1783 300 1819 Καμδὺσης
312 1786 359 1813 καὶ
379 1787 469 1823 τρίτος
488 1789 611 1823 Δαρεῖος.
636 1790 665 1816 '0
688 1791 743 1826 γὰρ
767 1793 868 1827 μεταξὺ

75 1826 189 1875 Σμέρδις
204 1829 227 1844 ⁶⁹
245 1831 259 1856 ὀ
274 1830 370 1865 Μάγος
395 1832 446 1859 οὐκ
462 1833 622 1869 ἀριθμεῖται
640 1835 757 1869 τούτοις,
769 1826 822 1864 ἐᾶτε
837 1839 869 1875 δὴ

75 1871 203 1919 τύραννος
214 1874 261 1901 καὶ
275 1876 306 1901 οὐ
321 1878 515 1912 προσήκουσαν
540 1880 616 1916 αύτῷ
634 1883 720 1918 ἀρχὴν
737 1883 804 1919 δόλῳ
823 1871 870 1911 καί

76 1918 164 1966 dicit?
181 1920 318 1950 ὑπελθών.
344 1924 457 1957 Δαρείου
472 1925 500 1952 δὲ
516 1926 638 1962 διάδοχος
651 1930 665 1955 ὁ
682 1929 739 1961 υίὸς
755 1918 869 1966 Ξέρξης,

75 1964 115 1997 ἐφ’
130 1963 188 2001 οὗὴ
206 1967 312 2002 ἱστορία
338 1969 499 2004 καταλήγει,
520 1971 580 1998 οὐδὲ
607 1973 687 2009 μέχρι
703 1963 798 2007 τέλους

76 2011 154 2038 αὐτοῦ
170 2013 342 2047 προελθοῦσα
356 2015 503 2050 βασιλείας,
519 2017 550 2044 '0
569 2018 598 2046 δὲ
620 2019 761 2055 Ἡρόδοτος
773 2022 803 2049 ἐν
819 2023 869 2049 αύ-

76 2059 129 2089 τοίς
144 2059 251 2092 τούτοις
262 2061 371 2095 ἤκμασε
387 2064 443 2094 τοῖς
459 2064 577 2098 χρόνοις,
601 2065 639 2097 ὠς
658 2066 733 2093 ἄλλοι
750 2076 780 2094 τε
793 2069 841 2094 καὶ
855 2068 869 2095 ὁ

77 2103 240 2140 Σικελιώτης
255 2107 386 2142 Διόδωρος
397 2108 509 2145 ἱστορεῖ.
525 2111 676 2145 Λέγεταιδὲ
687 2113 870 2148 ἀναγινωσκο-

78 2149 158 2185 μένης
172 2152 248 2187 αὐτῷ
261 2153 312 2187 τῆς
329 2154 449 2189 ἱστορίας
463 2157 561 2192 κομιδῇ
579 2158 637 2184 νέον
654 2158 718 2186 ὄντα
730 2161 806 2195 παρὰ
830 2161 869 2196 τῷ

78 2197 159 2231 πατρὶ
188 2197 354 2234 Θουκυδίδην
381 2200 498 2228 ἀκοῦσαι
522 2203 568 2230 καὶ
589 2203 740 2239 δακρῦσαι·
765 2205 812 2233 τὸν
840 2206 869 2233 δὲ

922 1610 1010 1644 doque
1033 1610 1166 1636 educatus
1192 1608 1327 1640 creverit,
1347 1612 1430 1642 atque
1457 1607 1590 1642 regnarit:
1613 1612 1640 1634 et
1651 1613 1713 1641 per-

922 1655 1001 1689 tingit
1023 1655 1056 1681 ad
1081 1662 1166 1689 usque
1181 1653 1279 1681 Xerxis
1294 1653 1454 1688 imperium,
1479 1652 1591 1687 ejusque
1616 1656 1712 1679 contra

921 1701 1100 1728 Athenienses
1114 1699 1312 1734 expeditionem
1332 1707 1364 1727 ac
1381 1698 1483 1733 fugam.
1512 1697 1633 1731 Quartus
1648 1703 1713 1724 vero

921 1755 936 1774 a
957 1747 1028 1782 Cyro
1054 1753 1101 1773 rex
1120 1745 1168 1773 fuit
1182 1745 1303 1773 Xerxes:
1330 1752 1392 1772 nam
1414 1744 1551 1772 secundus
1564 1743 1712 1778 Cambyses

921 1797 990 1824 erat,
1015 1798 1043 1819 et
1066 1793 1161 1819 tertius
1186 1791 1291 1819 Darius.
1320 1790 1372 1824 Qui
1397 1790 1469 1818 enim
1494 1789 1654 1824 interjeclus
1668 1793 1711 1816 est

921 1838 1043 1866 Smerdis
1065 1837 1177 1872 Magus,
1193 1838 1235 1864 his
1259 1845 1311 1864 non
1341 1840 1551 1868 annumeratur,
1583 1835 1655 1869 quod
1671 1839 1711 1869 ty-

922 1893 1025 1914 rannus
1041 1885 1143 1916 fuerit,
1168 1885 1273 1918 sibique
1298 1883 1410 1911 minime
1429 1882 1550 1910 debitum
1576 1888 1710 1917 regnum,

921 1931 982 1959 dolo
996 1930 1066 1958 malo
1078 1938 1109 1958 ac
1125 1930 1268 1957 fraudibus
1283 1929 1436 1963 occupavit.
1459 1928 1531 1955 Darii
1555 1933 1709 1957 succesSOr.

922 1977 1026 2004 Xerxes
1040 1977 1112 2004 ﬁlius
1145 1976 1205 2008 fuit,
1237 1976 1263 2002 in
1293 1981 1374 2009 quem
1394 1973 1507 2001 historia
1522 1972 1623 2000 desinit
1640 1971 1710 2007 (12).

921 2030 1010 2056 neque
1032 2022 1064 2049 ad
1087 2021 1163 2057 regni
1187 2022 1245 2054 ejus
1259 2020 1339 2048 tinem
1364 2027 1450 2054 usque
1467 2025 1621 2054 progressa,
1648 2017 1710 2052 quia

923 2067 965 2094 his
990 2067 1157 2102 temporibus
1188 2065 1341 2094 Herodotus
1369 2066 1427 2100 ipse
1454 2064 1563 2096 ﬂoruit,
1587 2068 1616 2091 ut
1639 2063 1710 2090 inter

920 2119 1034 2142 caeteros
1055 2118 1082 2141 et
1103 2113 1236 2140 Diodorus
1250 2111 1358 2139 Siculus
1373 2115 1498 2138 testatur.
1522 2109 1708 2144 Thucydidem

921 2160 978 2195 (45)
995 2159 1082 2186 ierunt
1098 2166 1158 2185 cum
1175 2158 1333 2185 adolescens
1346 2156 1491 2184 admodum
1514 2156 1584 2189 apud
1605 2158 1708 2189 patrem

921 2210 1025 2237 astans,
1044 2205 1116 2232 hunc
1134 2212 1210 2231 Suam
1237 2203 1385 2230 Historiam
1413 2202 1573 2229 recitantem
1589 2201 1707 2232 audiret,

82 2240 220 2276 Ἡρόδοτον
231 2244 423 2280 ἀποφήνασθαι
441 2255 450 2272 ι
468 2247 512 2279 Ὠς
527 2248 569 2283 εἴη
587 2249 601 2275 ὀ
616 2250 690 2282 παῖς,
704 2247 727 2278 ὦ
740 2251 865 2287 Ὄλουρε,

923 2251 1116 2286 illacrymasse,
1142 2249 1364 2283 Herodotumque
1386 2248 1420 2274 de
1450 2247 1495 2274 illo
1526 2247 1678 2282 subjecisse
1699 2256 1706 2274 :

78 2287 91 2313 ὁ
107 2288 163 2321 σὸς,
178 2289 306 2324 ὀργῶσαν
321 2290 391 2325 ἔχων
412 2291 462 2327 τὴν
481 2292 564 2327 φύσιν
579 2294 648 2328 πρὸς
664 2295 814 2331 μαθήματα
825 2316 832 2324 .
856 2307 865 2322 ι

452 2381 514 2409 EA’.

213 2426 362 2459 Αἰσχίνου
379 2427 464 2461 λόγοι
482 2431 517 2462 γ’,
535 2428 693 2457 ἐπιστολαί
705 2430 739 2458 θ’.

112 2469 284 2505 Ἀνεγνώσοη
292 2471 315 2486 ⁷ο
325 2471 453 2506 Αἰσχίνου
461 2473 486 2499 οἰ
497 2473 575 2507 τρεῖς
586 2475 684 2510 λόγοι,
698 2477 712 2503 ὸ
726 2477 807 2504 Κατὰ
819 2479 862 2505 Τι-

923 2306 932 2322 ι
951 2296 1035 2330 Quam
1050 2302 1091 2324 cst
1111 2301 1173 2323 tuus
1187 2295 1268 2328 ﬁlius,
1286 2294 1379 2327 Oture,
1404 2293 1513 2321 ardenti
1534 2293 1569 2321 ad
1600 2293 1708 2321 discen-

919 2343 982 2370 dum
1001 2342 1123 2376 ingenio!
1144 2351 1151 2367 I

1289 2385 1355 2413 LXI.

982 2433 1117 2460 disc/riuis
1131 2434 1263 2460 orationes
1279 2441 1308 2460 ιιι
1332 2436 1358 2459 ει
1380 2432 1496 2467 epistola
1515 2441 1542 2460 lx
1563 2433 1631 2468 (41).

951 2479 1021 2513 20a
1045 2478 1181 2515 chuntur
1200 2478 1341 2506 Aischiuis
1361 2478 1493 2505 orationes
1526 2484 1596 2511 tres,
1615 2484 1712 2506 contra

737 2533 853 2562 VARl/E
872 2535 1074 2563 LECTIONES.

115 2572 137 2611 ξδ
155 2573 245 2611 ἔδοξεν
257 2582 287 2606 ς.
345 2574 367 2591 ⁸⁵
379 2575 553 2611 βασιλεύουσι
566 2587 596 2611 ς.

81 2606 101 2621 ’θ
112 2607 322 2644 ἀνεγνώσθησαν
334 2619 365 2642 ς.

653 2580 705 2616 θοὴ
727 2587 786 2616 post
807 2582 852 2608 καί
868 2583 931 2608 add.
949 2582 982 2609 Α.

1039 2582 1060 2598 ⁸⁷
1078 2581 1179 2618 ἐρρέθη
1192 2590 1222 2613 ς.
1274 2581 1297 2596 ⁸⁵
1307 2577 1383 2612 οὗτος
1397 2581 1429 2607 ἄν
1448 2589 1478 2612 ς.
1533 2582 1554 2596 “9
1572 2581 1705 2616 Σμέρδης.

838 2656 953 2685 NOTAE.

117 2697 344 2737 (m)_Propterea,
357 2701 464 2737 opinor,
475 2702 546 2737 quod
556 2702 710 2737 patriarcha
719 2702 820 2730 soleret
836 2703 870 2730 ab

84 2729 217 2773 Heraclea:
233 2729 405 2773 metropoli“)
416 2729 570 2773 epirmanns
585 2729 782 2773 impositionem
797 2737 869 2764 acri—

85 2773 147 2798 ρει-ε
161 2769 227 2807 quia_
236 2769 402 2807 Byzantium
415 2769 440 2798 iri
463 2771 543 2807 hujus
557 2769 713 2807 episcopatu
729 2772 793 2799 olim
809 2773 870 2804 fuit,

87 2804 366 2841 auctoreCurOpalat.
386 2806 423 2834 De
435 2804 507 2841 ofﬁc.
525 2804 728 2841 Constantinop.

124 2837 177 2905 ρι)
196 2840 232 2866 De
245 2837 300 2874 quo
314 2839 427 2875 Niceph.
441 2837 485 2868 lib.
503 2850 564 2873 xm,
579 2849 603 2869 c.
621 2842 647 2873 9,
666 2837 753 2869 ini-tio.

138 2871 179 2905 12)
200 2874 224 2900 In
239 2882 328 2905 pugna
342 2876 375 2902 ad
395 2875 523 2905 Mvcnlen.
545 2883 572 2905 et
588 2877 658 2904 Sesti
673 2884 753 2905 ουυυι

200 2874 226 2912 In
239 2871 328 2912 pugna
342 2871 523 2912 adiMycnlen.
588 2871 658 2904 Sesti
673 2879 873 2912 oppugnatione

98 2908 227 2936 scribendi
240 2908 323 2937 tinctu
341 2908 429 2946 fecit,"
447 2912 534 2948 inquit
547 2908 625 2940 Diod.
640 2908 730 2940 libfxt
747 2908 872 2942 Bibliom.

928 2703 1097 2765 leg/fanum.
1115 2704 1140 2732 in
1160 2703 1271 2740 Thuch
1294 2709 1320 2732 ct
1336 2705 1508 2734 Marcellinus
1522 2706 1547 2732 iu
1560 2705 1620 2733 Vita
1633 2706 1705 2740 ejus-

921 2746 992 2766 ueni.

956 2773 1011 2809 (VM)
1024 2773 1070 2800 Est
1079 2779 1106 2801 et
1117 2774 1201 2801 altera
1209 2773 1350 2802 IEschinis
1357 2775 1415 2802 Vita
1428 2777 1477 2803 inl‘.
1488 2775 1548 2803 cod.
1564 2773 1703 2807 CCLXIV,

920 2815 951 2835 ex
961 2808 1094 2836 Plutarchi
1102 2809 1232 2844 opusculo
1241 2810 1450 2838 decemGrzeciaa
1461 2816 1603 2840 iratorum,
1612 2810 1634 2836 si
1645 2810 1703 2844 ejus

921 2844 1001 2879 modo
1013 2848 1063 2877 est,
1078 2851 1158 2878 quam
1183 2852 1244 2871 cum
1259 2844 1309 2872 hac
1325 2853 1485 2878 componere
1508 2844 1622 2879 pretium
1637 2852 1703 2878 ope-

922 2885 958 2905 rae
972 2878 1061 2905 fuerit.
1081 2878 1117 2905 De
1132 2879 1183 2915 hoc
1200 2879 1315 2915 aliisque
1334 2881 1449 2908 nominis
1467 2878 1588 2915 ejusdem
1602 2879 1703 2908 Suidas

927 2921 1032 2948 quoque
1050 2914 1193 2949 exscripsit
1209 2913 1311 2949 aliqua.
