1934 3089
197 184 247 217 115

730 182 864 212 ΡΗΟΤΙΙ
881 182 1136 212 ΡΑἸἪΙΛΗΕΗΕ
1157 183 1210 213 CP.

1783 175 1836 208 116

196 241 378 273 Timarchum,
407 247 467 275 quae
492 239 619 275 princeps
652 242 693 266 est
725 239 879 266 orationum
908 239 984 273 ejus,

1043 238 1164 274 ttu'pxov,
1183 239 1213 270 ὅς
1224 240 1281 265 ἐστι
1296 238 1342 264 καὶ
1361 237 1470 273 πρῶτος
1485 236 1541 263 τῶν
1554 235 1636 263 αὑτοῦ
1648 234 1746 269 λόγων,
1763 234 1811 261 καὶ
1824 235 1839 260 ὁ

194 292 222 316 et
236 287 328 314 Falsa:
350 287 498 322 legationis.
524 285 616 313 Tertia
640 293 706 313 vero
728 290 755 313 et
777 285 870 312 ultima
887 285 986 313 Contra

195 334 398 370 Ctesiphontem.
427 333 495 360 Tres
516 333 590 360 enim
614 333 746 360 duntaxat
767 331 902 367 legitimas
926 339 987 359 esse

195 381 278 408 hasce
291 380 381 406 ferunt
401 389 408 406 :
439 378 566 414 epistolas
579 386 642 406 vero
658 385 753 405 novem
768 377 837 412 (45).
850 377 987 410 Quamob-

197 434 255 454 rem
287 425 409 453 nonnulli
434 425 574 453 orationes
589 424 648 458 ejus
661 424 768 451 Gratias
791 424 986 456 nominarunt,

197 480 257 500 cum
271 472 306 499 oh
319 471 453 499 orationis
466 471 582 506 gratiam
596 475 651 498 tum
671 477 687 497 a
702 477 815 497 numero
832 469 986 503 Charitnm;

196 517 289 544 Musas
320 525 384 545 vero
412 516 541 552 epistolas
555 517 700 548 dixerunt,
716 523 730 543 a
754 523 866 543 numero
892 522 987 542 novem

195 562 345 591 Musarum.
361 562 560 590 Circttml‘ertur
577 567 604 589 et
625 562 683 596 ejus
701 561 752 588 alia
766 562 864 594 oratio,
880 561 989 588 Deliaco

196 609 239 636 lea:
266 608 413 644 inscripta;
431 616 510 643 quam
539 612 627 635 tamen
642 607 822 644 αἰθυίαις-»(46)
843 614 895 634 non
920 607 989 634 reci-

196 655 252 690 pit,
274 655 321 681 sed
340 654 373 681 ad
396 653 511 680 alterum
526 653 685 680 Eschinetn
705 653 898 680 Atheniensem
918 652 987 688 (47),

197 700 256 735 ejus
271 698 415 733 aequalem,
431 699 501 726 hanc
513 698 676 730 orationem,
695 703 724 725 ut
739 703 856 733 partum,
874 697 969 725 rel'ert.

233 744 378 772 IEschines
395 745 438 772 hic
450 752 520 772 unus
534 748 576 772 est
591 744 617 771 in
641 745 734 771 decem
747 743 860 771 Grtecite
872 743 990 771 oratori—

197 792 249 818 bus
265 800 272 817 τ
289 790 335 825 qui
352 794 496 817 accusatus
522 790 666 825 aliquando
679 797 694 816 a
715 789 896 816 Demosthene
919 788 990 816 male

198 836 280 864 obita:
312 835 463 871 legationis,
490 836 636 863 damnatus
662 835 724 862 ideo
755 841 809 862 non
834 839 887 867 est,
917 834 989 869 quod

199 881 330 914 Eubulus,
346 882 428 910 homo
436 882 585 916 popularis,
594 881 637 910 cui
649 880 834 908 subservierat
844 879 990 914 aliquando

198 927 355 962 Eschines,
382 928 589 956 Demosthenem
608 934 662 954 una
688 934 856 962 oppugnans,
885 931 989 953 tantum

199 973 331 1006 etl'ecerit,
349 979 378 1001 ut
394 978 539 1008 antequam
555 973 664 1001 dicendi
684 972 766 1000 ﬁnem
792 972 990 1000 Demosthenes

198 1018 319 1052 fecisset,
329 1019 434 1052 judices
446 1023 635 1054 exsurgerent.
651 1018 714 1046 Post
729 1025 794 1045 vero
810 1026 871 1046 cum
895 1025 989 1052 repre-

198 1064 339 1092 hendisset
360 1064 506 1092 Eschines
531 1064 670 1092 decretum
698 1063 766 1099 (48),
791 1071 824 1091 ac
844 1063 866 1091 si
892 1067 989 1091 contra

199 1112 285 1146 legem
300 1111 431 1146 scriptum
453 1116 537 1145 essu,
559 1111 631 1147 quod
653 1119 686 1140 ex
713 1111 903 1146 Ctesiphontis
925 1119 989 1138 sen-

199 1157 285 1185 tentia
298 1157 365 1192 (49),
388 1157 578 1185 Demosthenis
594 1158 666 1185 bono
682 1158 813 1192 scriptum
836 1157 944 1190 fuerat;
964 1162 991 1185 et

199 1203 312 1229 multam
332 1202 390 1238 ipse
417 1203 468 1230 sibi
495 1203 696 1236 praeﬁnivisset,
729 1203 754 1230 ni
783 1208 877 1230 contra
903 1203 989 1238 legem

199 1249 329 1283 scriptum
344 1255 403 1276 esse
416 1249 573 1277 ostenderet
592 1258 599 1276 :
615 1249 666 1277 hoc
681 1256 733 1276 non
746 1254 868 1282 ostenso,
885 1253 914 1276 ut
930 1256 991 1283 pro-

199 1295 323 1327 miserat,
342 1295 430 1329 patria
447 1295 539 1322 cessit.
555 1294 646 1328 Quare
660 1295 692 1321 ad
717 1294 904 1322 Alexandrum
931 1294 989 1330 (50)

199 1339 317 1375 Philippi
334 1339 418 1367 lilium
437 1340 464 1367 in
487 1339 553 1368 Asia
571 1340 777 1376 belligerantem
808 1341 901 1375 fugere
929 1341 991 1368 ani-

200 1393 275 1413 mum
289 1386 411 1419 induxit;
428 1386 558 1413 sustinuit
573 1391 675 1418 tamen,
697 1386 789 1413 audito
813 1385 872 1421 ejus
901 1386 988 1419 obitu,

200 1436 229 1460 et
245 1432 354 1466 cognito
371 1431 465 1466 plenos
481 1438 540 1459 esse
566 1431 707 1459 turbarum
735 1438 920 1460 successores.
949 1431 991 1459 Ad

200 1477 325 1505 Rhodum
354 1477 437 1512 igitur
456 1476 638 1512 adnavigavit,
655 1477 682 1504 in
698 1485 784 1512 eaque
810 1478 912 1505 diutius
934 1477 991 1504 hie—

201 1531 266 1551 nens
280 1523 378 1556 insula,
396 1531 496 1558 pueros
511 1523 611 1551 docuit.
630 1523 792 1551 Mirantibus
808 1531 872 1552 vero
883 1524 991 1551 audito-

201 1569 288 1601 ribus,
319 1569 550 1605 hazrentibusque,
580 1574 671 1597 tantus
698 1575 791 1598 orator
814 1578 874 1598 cum
907 1574 989 1604 esset,

200 1614 338 1648 quomodo
364 1621 378 1640 a
405 1612 587 1641 Demosthene
620 1614 707 1641 victus
735 1614 864 1642 cessisset
889 1623 925 1642 ει
949 1615 989 1648 Si,

201 1659 300 1694 inquit,
317 1659 431 1686 bestiam
448 1659 532 1693 ipsam
545 1658 772 1691 (Demosthenem
796 1660 925 1687 nimirum
951 1660 992 1688 fe-

201 1711 260 1732 ram
281 1704 431 1740 appellans)
461 1705 619 1738 audissetis,
652 1713 704 1732 non
731 1704 824 1739 utique
850 1705 991 1733 haesitare-

1039 285 1293 319 Παραπρεσϐείας.
1306 284 1396 319 τρίτος
1412 283 1441 310 δὲ
1460 284 1508 310 καὶ
1522 283 1543 299 ⁷¹
1560 282 1714 313 τελευταῖος
1727 281 1742 307 ὁ
1757 280 1839 308 Κατὰ

1038 330 1263 365 Κτησιφῶντος.
1280 330 1360 365 Τρεῖς
1377 329 1430 364 γὰρ
1445 329 1541 364 μόνους
1553 327 1636 355 αὑτοῦ
1652 335 1719 362 φασι
1735 327 1758 343 ⁷²
1771 335 1840 362 γνη-

1039 377 1114 408 σίους
1130 375 1211 410 εἶναι,
1222 376 1269 403 καὶ
1284 376 1361 402 ὲνυὲα
1369 375 1515 406 ἐπιστολάς
1526 383 1532 389 ·
1546 374 1586 401 διδ
1600 374 1663 405 τοὺς
1677 374 1727 410 μὲν
1741 373 1840 407 λόγους

1043 423 1127 450 αὑτοῦ
1139 432 1211 455 τινες
1226 423 1353 457 Χάριτας
1370 422 1516 457 ὠνόμασαν
1528 421 1574 448 διὰ
1591 429 1621 447 τε
1632 420 1663 446 τὸ
1680 419 1775 455 χαρίεν
1788 418 1838 446 τοῦ

1040 469 1118 504 λόγου
1134 469 1180 496 καὶ
1192 468 1236 495 τὸν
1250 468 1366 504 ἀριθμὸν
1380 468 1434 494 τῶν
1449 467 1588 502 Χαρίτων.
1601 466 1728 497 Μούσας
1742 465 1771 492 δὲ
1788 465 1840 496 τὰς

1040 515 1186 547 ἐπιστολὰς
1197 514 1240 551 Ῐϐί
1256 513 1303 550 R.]
1317 514 1362 540 διὰ
1373 514 1419 540 τὸν
1428 513 1545 549 ἀριθμὸν
1553 512 1607 539 τῶν
1622 511 1699 538 ὲννέα
1709 512 1837 538 Μουσῶν.

1040 563 1155 597 Φέρεται
1163 561 1190 588 δὲ
1204 560 1286 588 αὐτοῦ
1297 560 1344 587 καὶ
1355 559 1435 591 ἄλλος
1444 559 1534 593 λόγος,
1546 559 1561 584 ὁ
1575 557 1723 591 Δηλιακὸς
1732 558 1839 591 νόμος·

1041 608 1091 635 οὐκ
1111 607 1234 643 ἐγκρίνει
1250 606 1279 633 δὲ
1294 606 1375 633 αὑτὸν
1388 607 1402 632 ὸ
1428 604 1571 636 Καικίλιος
1587 604 1620 636 ⁷³,
1636 603 1693 630 ἀλλ’
1707 602 1840 638 Αἰσχίνην

1041 654 1120 682 ἄλλον
1140 653 1289 689 σύγχρονον
1312 652 1389 679 τοῦδε
1406 651 1550 686 Ἀθηναῖον
1560 649 1606 677 τὸν
1636 649 1744 684 πατέρα
1766 646 1840 676 εῖναι

1040 699 1089 726 τοῦ
1104 699 1184 734 λόγου
1199 698 1295 734 φησίν.

1078 741 1162 776 Οὗτος
1179 745 1193 771 ὁ
1208 743 1336 779 Αἰσχίνης
1352 740 1393 775 εἷς
1410 740 1445 778 ἦν
1459 741 1513 769 τῶν
1526 741 1593 768 δέκα
1611 740 1744 777 ρητόρων.
1760 739 1840 765 Κατ-

1041 791 1189 827 ηγορηθεὶς
1207 791 1236 817 δὲ
1270 789 1495 825 παραπρεσϐείας
1513 787 1566 815 ὑπὸ
1578 786 1770 822 Δημοσθένους
1786 785 1839 820 οὐχ

1042 838 1179 870 ἐάλω,ἆτε
1187 836 1219 872 δὴ
1234 835 1369 863 Εὐϐούλου
1383 834 1430 862 τοῦ
1447 833 1624 869 δημαγωγοῦ,
1634 829 1656 867 ᾧ
1669 831 1838 867 ὑπηρέτησε,

1043 882 1299 917 συναγωνισαμένου
1321 880 1396 915 αὐτῷ
1419 880 1492 907 κατὰ
1518 878 1658 914 Δηλιακὸς
1686 878 1714 904 ὲν
1732 877 1771 912 τῷ
1786 886 1842 903 παο

1007 917 1029 946 Β
1045 931 1214 967 ρασκευάσαι
1231 930 1294 961 τοὺς
1314 928 1445 960 δικαστὰς
1464 927 1612 963 ἀναστῆναι
1627 927 1667 954 ἔτι
1679 926 1726 953 τοῦ
1747 927 1839 960 Δημο-

1044 977 1154 1010 σθένους
1171 977 1309 1011 λέγοντος.
1325 976 1459 1011 ’Υστερον
1478 975 1506 1001 δὲ
1519 976 1715 1009 κατηγορήσας
1727 972 1774 1000 τοῦ
1787 972 1842 1006 ψη-

1044 1022 1178 1058 φίσματος
1192 1022 1230 1054 ὡς
1241 1021 1432 1058 παρανόμου,ὃ
1449 1020 1720 1054 κατὰΚτησιφῶντος
1735 1017 1840 1054 ἔγραψε

1042 1068 1228 1104 Δημοσθένης,
1254 1069 1301 1094 καὶ
1314 1068 1410 1103 ὁρίσας
1431 1067 1462 1093 τὸ
1477 1066 1629 1102 πρόστιμον
1642 1065 1688 1101 [29
1701 1064 1745 1100 IL]
1758 1064 1841 1096 αὐτὸς

1043 1114 1142 1150 ἑαυτῷ,
1160 1114 1207 1141 ὲὰν
1235 1113 1272 1149 μὴ
1287 1113 1361 1150 δείξῃ
1378 1113 1546 1149 παράνομον,
1575 1112 1613 1147 μὴ
1628 1111 1718 1144 δείξας
1730 1112 1753 1127 τ’
1766 1111 1804 1142 ὡς
1817 1111 1841 1127 ⁷⁵

1042 1161 1176 1195 ὑπέσχετο
1185 1159 1298 1192 ἐξέπεσε
1310 1159 1361 1194 τῆς
1376 1158 1515 1194 πατρίδος.
1526 1158 1582 1185 Καὶ
1595 1157 1664 1193 πρὸς
1681 1158 1730 1192 μὲν
1746 1156 1840 1189 Ἀλέξ-

1042 1206 1138 1242 ανδρον
1166 1206 1213 1232 τὸν
1225 1204 1359 1231 Φιλίππου
1378 1205 1407 1231 ὲν
1428 1204 1507 1239 Ἀσίᾳ
1522 1203 1706 1239 στρατεύοντα
1727 1202 1841 1236 φεύγειν

1041 1251 1173 1287 ὁρμηθεὶς
1186 1250 1331 1285 ἐπεσχέθη,
1347 1249 1393 1276 τὸν
1410 1249 1515 1277 ἐκείνου
1527 1249 1643 1276 θάνατον
1652 1248 1771 1279 ἀκούσας
1792 1248 1842 1274 καὶ

1044 1297 1160 1332 μεστοὺς
1178 1295 1301 1332 θορύϐων
1320 1295 1384 1327 τοὺς
1401 1295 1506 1322 ἐκείνου
1523 1294 1618 1330 μαθὼν
1635 1294 1783 1329 διαδόχους,
1799 1294 1841 1325 εἰς

1048 1343 1138 1370 Ῥόδον
1157 1343 1186 1369 δὲ
1199 1341 1318 1374 πλεύσας
1333 1342 1478 1376 κατέμεινε
1493 1341 1599 1376 χρόνον,
1615 1342 1643 1368 ὲν
1658 1338 1748 1375 ᾦτοὺς
1763 1341 1842 1373 νέους

1042 1389 1181 1416 ἐπαίδευε.
1193 1387 1396 1423 Θαυμαζόντων
1408 1387 1437 1414 δὲ
1453 1387 1508 1414 τῶν
1527 1387 1680 1423 ἀκροατῶν,
1707 1387 1754 1414 καὶ
1773 1387 1841 1413 ἀπο-

1042 1435 1163 1471 ρούντων
1185 1434 1261 1466 ὅπως
1274 1433 1411 1469 τοσαύτην
1426 1433 1495 1469 ἔχων
1515 1433 1631 1468 δύναμιν
1646 1433 1694 1459 τοῦ
1723 1433 1841 1469 γράφειν

1041 1481 1095 1508 ὑπὸ
1123 1480 1310 1517 Δημοσθένους
1333 1480 1449 1517 ἡττήθη,
1468 1479 1520 1515 ἔφη
1532 1488 1540 1496 ’
1557 1489 1566 1505 ι
1585 1480 1615 1506 Ei
1631 1479 1766 1514 ἠκούσατε
1792 1478 1840 1506 τοῦ

1042 1525 1139 1562 θηρίου
1157 1525 1262 1553 ἐκείνου
1288 1525 1395 1560 (θηρίον
1406 1524 1498 1551 καλῶν
1508 1525 1554 1550 τὸν
1572 1523 1774 1559 Δημοσθένην),
1789 1523 1842 1551 οὐκ

1045 1571 1078 1598 ἂν
1095 1571 1160 1607 ὑμῖν
1186 1571 1266 1598 τοῦτο
1278 1571 1410 1606 ἠπόρητο.
1425 1580 1433 1596 ι
1456 1570 1573 1605 Λέγεται
1589 1569 1617 1596 δὲ
1633 1566 1710 1601 οὗτος
1732 1569 1842 1604 πρῶτος

1045 1616 1135 1643 ἐκεῖσε
1163 1616 1302 1651 σχολάζων
1317 1617 1351 1643 τὰ
1372 1616 1521 1651 πλάσματα
1538 1616 1585 1643 καὶ
1613 1615 1664 1647 τὰς
1689 1615 1842 1650 λεγομένας

1047 1661 1162 1698 μελέτας
1173 1661 1319 1689 συνθεϊναι.
1338 1662 1466 1698 Γηράσας
1480 1662 1509 1688 δὲ
1522 1661 1575 1689 ἀπὸ
1588 1661 1679 1688 Ῥόδου
1695 1662 1735 1693 είς
1749 1661 1842 1696 Σάμον

1047 1709 1175 1744 μετέστη,
1191 1709 1272 1735 κάκεῖ
1291 1707 1414 1744 τελευτᾷ.
1431 1705 1486 1734 Ἦν
1505 1708 1534 1734 δὲ
1551 1707 1654 1743 πατρὸς
1670 1707 1718 1742 μὲν
1745 1707 1842 1743 Ἀτρο-

203 1749 316 1784 tis(5l).
341 1759 350 1777 ι
372 1749 470 1776 Fertur
492 1749 529 1777 ibi
547 1751 652 1784 primus
671 1755 699 1778 et
715 1751 849 1783 ﬁctiones,
867 1757 895 1778 et
924 1759 988 1786 quas

1048 1755 1147 1790 μήτου,
1177 1755 1281 1790 μητρὸς
1292 1755 1322 1782 δὲ
1346 1753 1517 1786 Γλαυκοθέας
1536 1754 1586 1788 τῆς
1605 1753 1715 1789 ἱερείας,
1732 1753 1841 1787 ἀσήμου

201 1795 292 1822 ferunt
304 1795 524 1828 declamationes,
537 1796 581 1823 illo
592 1796 617 1823 in
629 1797 684 1824 otio
697 1797 890 1832 composuisse.
904 1797 988 1825 Senex

1047 1801 1157 1835 γένους·
1173 1801 1306 1836 ἀδελφοὺς
1321 1800 1349 1827 δὲ
1363 1799 1420 1835 εἶχε
1435 1800 1491 1833 δύο⁷
1508 1799 1656 1835 1Αφόϐητον
1672 1799 1718 1827 καὶ
1728 1798 1842 1834 Φιλόχα-

202 1841 312 1868 denium
326 1848 342 1868 ο
358 1840 453 1869 Rhodo
472 1841 498 1868 in
517 1841 628 1869 Samum
645 1843 784 1877 migravit,
799 1842 918 1879 fatisque
929 1851 988 1872 con-

1047 1855 1100 1882 ριν.
1120 1847 1157 1874 Τὸ
1169 1847 1219 1882 μὲν
1233 1845 1279 1874 οὖν
1294 1847 1403 1882 πρῶτον
1414 1844 1636 1882 ἐτριταγωνίστει
1648 1845 1841 1881 μεγαλόφωνος

201 1890 298 1916 cessit.
316 1889 445 1916 Obscuris
461 1893 538 1916 natus
552 1894 594 1916 est
620 1889 796 1923 parentibus;
824 1895 902 1924 patre
930 1891 988 1925 qui-

1044 1892 1093 1926 ὣν,
1106 1892 1202 1919 ἔπειτα
1217 1892 1413 1927 ἐγραμμάτευε
1430 1892 1463 1929 τῇ
1493 1890 1587 1926 βουλῇ,
1607 1891 1654 1917 καὶ
1677 1890 1736 1918 κατ’
1749 1890 1841 1924 ὀλίγον

201 1933 263 1961 dem
279 1934 431 1967 Atrometo,
454 1940 541 1963 matre
566 1943 632 1963 vero
657 1935 825 1964 Glaucothea
861 1937 988 1964 sacerdo-

1044 1940 1089 1966 ἐπὶ
1102 1938 1134 1965 τὸ
1144 1939 1318 1974 δημαγωγεῖν
1330 1938 1460 1974 προῆλθε.
1476 1938 1533 1973 Τῆς
1547 1937 1575 1964 δὲ
1596 1937 1651 1964 τῶν
1663 1936 1840 1969 Φιλιππιζόν-

202 1983 228 2006 te
246 1979 312 2015 (52).
329 1978 439 2008 Fratres
461 1980 529 2008 duos
549 1981 654 2013 habuit.
673 1981 844 2017 Aphobetum
859 1988 886 2010 et
900 1983 988 2010 Philo-

1043 1992 1096 2011 των
1112 1984 1142 2012 ὲν
1163 1984 1290 2019 Ἂθήναις
1318 1983 1416 2019 μοίρας
1433 1981 1484 2018 ἦν·
1512 1983 1552 2010 διὸ
1567 1982 1615 2010 καὶ
1641 1982 1841 2010 διεπολιτεύετο

202 2025 308 2053 charin.
334 2026 424 2061 Initio,
442 2028 584 2055 tertiarum
599 2028 655 2063 (55)
681 2029 798 2063 partium
830 2029 988 2057 histrionem

1043 2032 1079 2065 Δη
1085 2030 1218 2065 μοσθένει.
1237 2029 1385 2057 Διακοῦσαι
1403 2029 1433 2056 δὲ
1447 2028 1527 2055 αὐτὸν
1541 2028 1686 2060 Πλάτωνος
1700 2028 1747 2054 καὶ
1760 2027 1839 2053 ’Λντ-

201 2073 255 2107 egit
272 2073 339 2108 (δε),
362 2078 391 2100 ut
408 2078 467 2101 erat
487 2075 589 2102 vocalis
607 2083 614 2102 :
635 2075 735 2103 deinde
753 2075 988 2114 tabelliosenatui

1043 2076 1140 2112 αλκίδᾳ
1158 2076 1226 2110 φασὶ
1257 2074 1437 2110 μαθητεῦσαι,
1457 2075 1505 2102 καὶ
1522 2073 1591 2101 εἶναι
1603 2074 1625 2091 ⁷⁸
1639 2083 1665 2101 τι
1679 2074 1726 2100 καὶ
1741 2072 1839 2100 ἐκατέ-

202 2117 270 2151 l‘uit;
295 2123 352 2153 post
369 2126 434 2147 vero
451 2128 503 2147 non
518 2120 562 2147 diu
583 2121 616 2148 ad
633 2121 830 2154 rempublicam
845 2128 875 2148 se
892 2126 988 2149 contu-

1047 2131 1093 2158 ρου
1106 2122 1205 2156 δεῖγμα
1222 2121 1266 2148 διὰ
1287 2121 1342 2147 τῶν
1360 2120 1486 2156 Αἰσχίνου
1503 2120 1591 2154 λόγων
1606 2121 1645 2152 ⁷⁷,
1671 2119 1701 2146 τὸ
1723 2117 1839 2154 μέγεθος

201 2162 233 2190 lit
257 2163 385 2199 :fuitque
414 2164 531 2192 Athenis
557 2165 657 2193 Atticis
682 2166 898 2201 Philippicarum
926 2174 988 2201 par-

1045 2167 1100 2194 τῶν
1114 2167 1254 2202 ὀνομάτων
1271 2167 1319 2193 καὶ
1330 2166 1378 2203 τῂν
1392 2167 1544 2202 σεμνότητα
1557 2166 1580 2182 ⁷⁸
1596 2165 1650 2192 τῶν
1660 2164 1837 2199 πλασμάτων.

203 2215 269 2243 tium
285 2212 443 2246 studiosus;
466 2220 518 2248 qua
532 2212 614 2240 etiam
633 2213 666 2240 de
678 2220 759 2241 causa
778 2221 793 2240 a
806 2212 988 2241 Demosthene

1047 2213 1185 2246 Διονύσιος
1200 2213 1230 2241 δέ
1246 2222 1312 2241 ποτε
1328 2214 1342 2240 ὁ
1357 2213 1487 2248 σοφιστὴς
1504 2211 1670 2249 ἑντυχὼντῷ
1684 2211 1754 2238 κατὰ
1769 2210 1839 2244 Τιμ-

830 2295 944 2322 VARIA‘]
965 2295 1170 2324 LECTIONES.

237 2341 258 2377 ’ξ
274 2340 302 2368 δὲ
315 2341 329 2368 ό
342 2341 388 2368 καὶ
400 2351 430 2374 ς.
469 2342 492 2358 ⁷³
506 2341 620 2377 φησὶνΑ.
659 2341 682 2357 ⁷³
693 2341 822 2377 Κικίλλος
839 2341 872 2368 A.
889 2342 1011 2374 Κικιλιος
1025 2351 1055 2375 ς’.
1084 2343 1106 2359 ⁷⁸
1115 2343 1196 2375 δείξει
1214 2353 1244 2375 ς.
1283 2344 1307 2359 ⁷³
1324 2343 1413 2376 δείξας
1428 2342 1455 2369 δὲ
1464 2342 1501 2373 ὡς
1515 2350 1546 2374 ς.
1583 2341 1607 2357 ⁷⁸
1623 2337 1694 2366 εἶναί
1705 2347 1732 2365 τι
1743 2338 1791 2365 καί
1802 2336 1835 2364 Δί

200 2373 235 2412 ἦν
246 2376 286 2403 ἔτι
303 2385 333 2409 ς.
371 2377 393 2393 ⁷⁷
405 2373 453 2403 διὰ
466 2373 521 2404 τῶν
534 2373 568 2396 ἱ·-
581 2376 667 2411 λόγων
681 2376 703 2404 A
715 2385 723 2403 :
739 2376 784 2404 τὸν
795 2392 829 2398 -
844 2376 923 2411 λόγον
935 2386 965 2410 ς.
1002 2373 1006 2374 ν
1019 2373 1042 2393 ⁷⁵
1059 2379 1075 2413 ἡ
1087 2373 1269 2414 σεμνότηξΛ.

957 2434 1073 2463 NOTAE.

1006 2485 1033 2515 D
1082 2484 1138 2518 (50)
1156 2484 1224 2511 Vide
1240 2484 1309 2510 Plut.
1325 2482 1447 2514 opuscnl.
1468 2481 1511 2518 (θ,
1528 2486 1600 2507 orat.
1616 2480 1643 2507 in
1657 2479 1759 2518 @sch.

249 2519 294 2551 46)
311 2519 391 2546 Forte
405 2519 540 2550 Camilius,
557 2518 634 2553 cujus
644 2518 768 2553 foratoris
781 2518 905 2546 meminit
920 2518 991 2546 Plut.

1083 2512 1138 2554 (5|)
1156 2519 1220 2546 Vide
1242 2519 1312 2546 Plin.
1329 2512 1432 2554 Ηίειυχ.
1466 2512 1513 2554 ut»;
1540 2523 1600 2554 vu_,__
1614 2523 1644 2554 .c.
1656 2515 1747 2554 .10;_et
1763 2512 1836 2554 Plin.

267 2555 304 2581 ita
317 2554 451 2581 Demosth.
464 2559 489 2581 et
503 2554 610 2588 Dionys.
627 2552 768 2580 "alicam.
787 2553 871 2585 Epist.
884 2553 917 2579 ad
929 2561 991 2588 pop.

1048 2548 1166 2581 Secutid.
1192 2555 1239 2581 lib.
1257 2562 1286 2588 ιι,
1300 2553 1381 2588 epist.
1400 2552 1427 2584 3,
1441 2556 1467 2580 et
1482 2551 1560 2578 Auct.
1572 2550 1637 2577 Vide
1649 2549 1745 2577 xEsch.
1763 2548 1836 2578 ἀνώ-

1046 2597 1257 2664 Ἱέρςια,
1267 2623 1329 2651 alibi
1340 2623 1494 2659 τελέστρια,
1507 2620 1583 2657 quasi
1600 2620 1751 2647 initiatrix:
1765 2620 1837 2654 apud

1049 2659 1140 2734 giliis)
1155 2693 1212 2721 Cic.
1228 2693 1363 2734 Divinain
1378 2692 1458 2734 Verr.
1478 2692 1517 2719 sic
1530 2691 1620 2734 reddit
1639 2691 1837 2734 tcbvi‘IlfthI-‘frto-

1047 2725 1200 2760 νιστοῧντα,
1217 2729 1262 2763 qui
1283 2729 1371 2756 rarius
1402 2728 1435 2754 ad
1457 2725 1835 2763 agendum_rcgrediebatnr,

1045 2772 1127 2799 quant
1144 2764 1188 2798 qui
1207 2760 1387 2791 secundarum
1403 2760 1486 2790 esset.
1507 2761 1579 2788 Idem
1599 2760 1749 2788 Tertiarius
1764 2767 1836 2794 quo-

1047 2807 1100 2834 quc
1113 2800 1203 2826 dictus
1219 2799 1327 2834 legitur.

1048 2829 1062 2895 ί
1080 2834 1136 2896 (ἵηί)
1148 2834 1224 2868 Quod
1238 2829 1262 2862 ei
1281 2832 1418 2862 Demosth.
1429 2831 1612 2867 exprobravit.
1623 2836 1694 2858 orat.
1712 2829 1750 2857 De
1763 2829 1837 2861 falsa

1057 2878 1103 2903 cya
1121 2890 1126 2896 .

237 2484 293 2581 2:5)
305 2483 382 2511 Nunc
399 2484 433 2511 12
448 2483 583 2516 leguntur.

249 2519 294 2551 46)
311 2519 391 2546 Forte
405 2519 540 2550 Camilius,
557 2526 583 2546 ct

267 2555 304 2581 ita
317 2554 451 2581 Demosth.
464 2559 489 2581 et
503 2554 583 2581 Dionu

202 2563 229 2581 In

202 2588 338 2617 Deliacam
356 2593 446 2616 autem
462 2590 532 2616 hanc
544 2591 625 2616 etiarn
635 2588 770 2615 Plutarch.
782 2588 906 2616 {Eschini
916 2588 993 2622 θωυ-

202 2624 274 2651 dicat
290 2624 337 2651 lib.
355 2624 392 2651 De
401 2625 566 2651 deocmorat.

237 2658 479 2721 (47)lsst)c_1"tlliicum
492 2662 687 2693 cognomento,
705 2660 738 2687 de
752 2667 806 2693 quo
820 2663 849 2686 et
868 2658 913 2685 hic
932 2665 991 2692 seq.

238 2703 264 2721 α.
283 2702 298 2721 e
347 2702 372 2720 lll
395 2714 402 2721 .

222 2702 264 2721 θα.
283 2699 310 2721 et
325 2699 402 2721 διιια.

203 2701 406 2764 Ρῦῗιί8ῗιιὲίὲίί
423 2729 492 2755 idem
513 2729 655 2763 ἀνώνυμος
683 2729 745 2756 vitae
770 2728 908 2764 jEst-hinis
923 2727 992 2764 scri-

202 2762 264 2798 ptor
278 2762 290 2791 :V
300 2764 362 2791 Ὅτι
379 2763 498 2798 ἠδυνήθη
512 2762 620 2799 κινῆσαι
645 2763 694 2799 τὴν
711 2763 877 2799 κατηγορίαν
891 2762 992 2789 Εὑὸού-

203 2799 249 2826 λου
261 2799 532 2834 συναγωνισαμένου,
546 2805 597 2826 etc.

239 2834 295 2869 (49)
311 2834 442 2868 Emendo,
458 2834 472 2860 ὃ
487 2835 556 2860 κατὰ
579 2833 762 2868 Κτησιφῶντα
777 2833 885 2869 ἐγράφη
900 2835 990 2868 Δημο-

203 2869 302 2929 ἓθένει,
317 2869 357 2908 νει
371 2869 482 2904 trajecta
494 2877 567 2902 voce,
580 2869 594 2895 ὅ
609 2868 988 2905 ὑπὲρΔημοσθένουςεγραψε

231 2912 359 2929 τησιτοων.

231 2912 359 2939 τησιφων.
