1934 3089
75 178 119 210 il?
630 174 895 205 BIBLIOTHECA.
911 175 1037 205 —COD.
1058 174 1152 205 LXII;

1659 167 1710 202 IIS

70 238 148 270 ἀρχου
159 233 298 270 λόγῳ,καὶ
313 233 363 268 τὴν
370 233 457 268 ἀρχὴν
468 232 603 266 ἀναγνοὺς
617 232 665 258 τοῦ
682 231 827 267 προοιμίου
835 232 868 265 ⁷⁸,

924 232 997 259 civili
1012 230 1191 259 contentione
1206 228 1345 256 dissensit.
1361 227 1483 255 Platonis
1495 234 1603 262 quoque
1628 228 1708 254 audi-

73 292 81 308 ι
95 281 196 309 οὐδένα
209 281 323 307 πώποτε
341 279 403 307 οὔτε
423 279 533 315 γραφὴν
549 279 725 314 γραψάμενος
752 279 815 305 οὔτε
837 279 866 304 ὲν

919 283 1016 310 torem,
1034 283 1061 305 et
1074 276 1242 304 Anatalcidze
1254 275 1311 310 (55)
1322 275 1484 309 discipulum
1498 274 1582 301 fuisse
1592 273 1687 301 ferunt
1701 282 1709 301 :

68 329 189 360 εὐθύναις
195 328 334 363 λυπήσας,
345 337 407 353 ι--ι
417 326 478 353 Ellis
487 326 600 358 πολλοὺς
608 326 731 361 ἐγράψω,
739 326 802 360 ἔφη.
812 325 868 352 εῐθε

924 328 947 351 et
964 327 1028 350 sunt
1051 323 1194 356 utriusque
1214 320 1251 348 rei
1270 320 1370 348 indicio
1384 320 1458 355 20b
1484 319 1624 347 Eschinis
1650 327 1714 346 ora-

71 376 180 407 πολλοὺς
195 374 349 409 ὲλύπησας,
358 373 402 400 ἵνα
416 373 523 405 πλείους
539 372 741 404 καταλελοιπὼς
754 371 870 406 ἐτύγχα-

69 430 108 452 νες
122 421 239 456 λόγουςέ
257 430 267 446 ι
287 419 376 451 οὕτως
401 419 473 454 ἥσθη
500 418 540 454 τῷ
554 418 710 454 χαρακτῆρι
729 417 776 444 τοῦ
792 418 872 453 ῥήτο-

72 475 121 501 ρος.

922 370 1020 401 tiones,
1042 377 1103 396 cttm
1131 369 1276 395 verborum
1306 367 1469 401 granditate,
1494 370 1550 393 tum
1579 366 1714 400 gravitate

924 415 1100 443 inventionis.
1129 414 1275 449 Dionysius
1310 420 1374 440 vero
1397 413 1519 447 sophista
1547 412 1616 448 (56),
1649 420 1710 439 cum

923 460 994 488 forte
1008 461 1034 488 in
1044 460 1102 495 ejus
1114 460 1277 491 orationem,
1290 466 1372 494 quam
1385 459 1516 486 adversus
1533 457 1713 485 Timarchum

71 512 172 545 habuit,
192 511 350 542 incidisset,
370 509 440 537 lecto
462 508 662 544 protemiiejus
686 509 739 536 hoc
768 508 911 543 principio,
934 515 943 532 ι
968 506 1097 540 Equidem
1113 505 1179 533 nulli
1209 512 1330 539 unqttam
1361 508 1408 531 aut
1442 504 1469 531 in
1503 503 1604 537 judicio
1637 503 1712 538 peri-

69 558 156 585 culum
168 558 272 589 creavi,
289 562 337 584 aut
357 557 383 584 in
397 556 549 584 rationibus
568 556 709 591 exigendis
727 556 857 583 molestus
877 554 926 586 fui,
944 563 954 580 ι
970 553 1072 581 dixisse
1083 552 1170 580 fertur
1185 561 1192 580 ι
1213 561 1223 578 ι
1239 551 1349 579 Utinam
1385 551 1477 579 multis
1508 558 1578 586 saepe
1606 551 1714 586 pericu-

69 604 119 630 Ium
136 611 283 636 creasses;
304 603 407 630 utinam
424 603 516 630 multis
533 603 664 630 molestus
687 601 797 633 fuisses,
824 606 855 629 ut
874 601 975 628 multas
991 600 1018 627 id
1047 606 1134 635 genus
1159 599 1298 625 orationes
1324 597 1404 624 nobis
1437 597 1593 632 reliquisses
1608 597 1681 632 (57)!
1699 605 1709 622 ι

68 651 141 678 Adeo
158 656 202 679 est
219 651 339 678 oratoris
353 650 435 685 hujus
452 651 613 678 charactere
629 649 795 677 delectatus.

101 699 179 725 Ἔστι
196 698 227 724 δὲ
239 699 255 724 ὀ
270 697 350 732 λόγος
369 697 443 733 αὐτῷ
457 697 553 733 ὥσπερ
585 697 725 732 αὐτοφυὴς
750 697 797 724 καὶ
816 697 865 725 αὺ-

69 744 216 779 «meam.
231 746 263 770 οὐ
279 743 407 770 τοσοῦτον
423 743 512 776 διδοὺς
526 744 576 778 τὴν
588 744 688 780 τέχνην
703 743 866 778 ἀποθαυμά-

69 789 123 820 ζειν
135 788 159 804 ⁸⁸
179 787 228 814 τοῦ
242 787 342 823 ἀνδρὸς
356 788 417 814 ὅσον
431 788 481 823 τὴν
493 788 576 822 φύσιν
586 796 593 803 ·
619 789 732 823 καὶγὰρ
747 788 798 815 ὃσα
813 788 868 815 δει-

69 836 176 870 νότητος
194 834 298 868 ἔχεται,
320 833 411 860 ταῦτα
426 834 500 860 ἐστιν
513 834 604 869 εὑρεῖν
620 834 696 868 παρά
712 835 770 865 τοῖς
778 833 867 868 λόγοις

950 698 998 725 Est
1011 695 1072 732 ejus
1079 696 1167 724 oratio
1178 699 1304 730 tanquam
1312 699 1409 729 sponte
1424 699 1486 721 nata
1502 697 1530 721 et
1542 697 1713 727 extempora-

915 750 1045 778 nea;non
1057 747 1158 770 tantam
1174 742 1252 772 artis.
1268 745 1397 776 quantam
1409 740 1510 775 ingenii
1526 739 1611 774 ipsius
1623 738 1710 766 admi-

918 788 1053 815 rationem
1069 787 1219 815 concilans.
1241 785 1347 814 Etenim
1371 793 1432 812 cum
1450 785 1563 821 grandia
1578 785 1668 812 omnia
1687 785 1715 812 in

916 834 975 869 ejus
988 833 1161 861 orationibus
1179 833 1309 867 reperias,
1325 838 1381 859 tum
1397 839 1458 866 quze
1478 832 1596 859 maxime
1609 836 1712 859 natura:

70 880 159 912 αὑτοῦ,
172 880 221 906 καὶ
234 880 252 906 ἃ
263 879 375 915 φύσεως
389 879 490 914 μᾶλλόν
510 880 568 906 ἐστι
594 879 740 915 δείγματα.
757 879 826 915 Περί
837 888 866 906 τε

924 879 1103 914 praestantiam
1129 878 1285 906 ostendant.
1311 877 1339 904 In
1369 876 1480 904 vocibus
1502 876 1574 903 enim
1598 877 1713 911 simplex

69 926 120 960 γὰρ
135 927 187 961 τὴν
199 925 351 960 ὀνομασίαν
371 925 446 951 ἐστὶν
475 925 580 960 ἀφελὴς
595 925 643 951 καὶ
660 924 792 960 εὔσημος,
819 925 869 951 καὶ

71 971 131 1004 περὶ
143 970 194 1006 τὴν
203 970 259 997 τῶν
271 970 360 1004 λόγων
371 970 496 997 σύνθεσιν
512 970 573 998 οὔτε
585 970 657 1004 ἄγαν
664 971 758 1003 ἄτονος
773 970 848 998 ὥσπε
853 980 869 1007 ρ

76 1016 249 1051 Ἰσοκράτης,
278 1015 342 1042 οὔτε
371 1016 554 1051 πεπιεσμένος
576 1017 623 1044 καὶ
654 1017 869 1052 συνεσφιγμένος

70 1062 161 1098 ὥσπερ
178 1063 193 1089 ὁ
207 1062 326 1094 Λυσίας·
341 1061 476 1098 πνεύματι
486 1063 515 1090 δὲ
537 1063 584 1090 καὶ
601 1063 672 1098 τόνῳ
685 1063 762 1090 οὐδὲν
776 1065 868 1099 Δημο-

72 1108 180 1140 σθένους
194 1109 351 1136 ἀπολείπει.
368 1109 423 1143 Σχή
429 1116 494 1144 ματι
517 1108 546 1135 δὲ
557 1109 692 1144 κέχρηται
703 1109 824 1141 διανοίας
838 1117 869 1136 τε

71 1156 115 1181 καὶ.
129 1154 241 1188 λέξεως,
256 1154 287 1181 οὐ
301 1154 370 1190 πρὸς
387 1155 417 1181 τὸ
443 1154 532 1181 δοκεῖν
550 1163 577 1181 τι
595 1156 645 1181 σὺν
668 1155 751 1190 τέχνῃ
767 1155 869 1189 λέγειν,

71 1202 137 1228 ἀλλὰ
176 1202 245 1237 πρὸς
282 1201 314 1228 τὸ
341 1201 557 1235 ἀναγκαιότατον
587 1203 645 1233 τοῖς
679 1202 870 1237 ὑποκειμένοις

71 1248 226 1283 πράγμασι.
246 1248 292 1274 Διὸ
312 1248 360 1274 καὶ
375 1247 554 1283 ἀπάνουργός
571 1256 631 1279 πως
660 1248 675 1275 ὁ
695 1248 774 1282 λόγος
800 1245 869 1275 εἶναι

70 1294 152 1326 δοκεῖ,
168 1294 216 1320 καὶ
229 1293 267 1325 ὡς
278 1293 328 1325 τὰς
347 1294 376 1320 ὲν
389 1293 488 1329 πλήθει
501 1293 646 1330 ῥητορείας
661 1294 709 1321 καὶ
721 1294 784 1325 τοὺς
796 1295 869 1321 ίδιω-

71 1341 164 1370 τικοὺς
177 1339 275 1373 λόγους
291 1340 313 1355 ⁸¹
332 1339 451 1374 μάλιστα
471 1339 622 1375 ἐμπρέπων
633 1347 641 1355 ·
657 1340 706 1367 καὶ
735 1340 790 1375 γὰρ
809 1340 870 1367 οὐδὲ

72 1384 285 1419 ἐπιχειρήμασιν
312 1384 373 1411 οὐδὲ
403 1384 580 1420 ἐνθυμήμασι
612 1384 728 1420 συνεχής
753 1393 796 1417 τις
822 1385 870 1411 καὶ

72 1431 130 1458 λίαν
149 1430 196 1466 [64
223 1430 269 1466 R.|
287 1430 512 1466 ἐκϐεϐιασμένος.
538 1431 590 1458 Τδν
619 1431 712 1466 μέντοι
735 1431 870 1458 Λυσανίου

72 1476 203 1511 Αἰσχίνην
216 1476 292 1503 ἄλλοι
308 1485 338 1502 τε
359 1476 406 1502 καὶ
415 1476 546 1512 Φρύνιχος
573 1476 687 1512 μᾶλλον,
707 1476 737 1503 ὃν
751 1478 798 1503 καὶ
812 1477 871 1503 Σω-

73 1523 203 1558 κρατικὸν
225 1521 369 1556 καλοῦσιν,
386 1523 426 1555 είς
439 1522 505 1554 τοὺς
528 1522 656 1557 ἀρίστους
672 1523 805 1558 ἐγκρίνει,
820 1531 871 1549 κα-

919 929 947 953 et
963 924 1108 958 candidus,
1126 924 1217 952 clarus
1236 927 1377 955 lamen,et
1401 924 1428 949 in
1461 923 1615 950 orationum
1640 930 1715 950 com-

918 971 1065 1006 positione.
1106 977 1194 1004 neque
1222 969 1300 996 valde
1326 968 1470 1003 languidus
1511 972 1540 995 ut
1568 967 1714 999 Isocrates,

919 1025 1007 1053 neque
1042 1021 1200 1044 contractus
1224 1020 1252 1043 et
1286 1015 1416 1042 astrictus
1444 1019 1474 1041 ut
1496 1013 1594 1049 Lysias
1617 1022 1625 1041 :
1654 1014 1715 1049 ipso

919 1064 1030 1099 insuper
1053 1063 1151 1098 spiritu
1179 1070 1212 1090 ac
1239 1061 1416 1089 contentione
1441 1060 1509 1088 nihil
1533 1059 1715 1088 Demosthene

919 1111 1045 1139 inferior.
1070 1110 1262 1138 Scltematibus
1276 1114 1409 1144 praeterea
1429 1116 1490 1136 cum
1504 1108 1712 1138 sententiarum.

919 1161 976 1183 tum
990 1156 1133 1183 verborum
1151 1155 1188 1182 ita
1206 1163 1271 1182 usus
1288 1159 1340 1186 est,
1352 1161 1405 1181 non
1424 1158 1477 1180 tam
1496 1157 1525 1180 ut
1542 1158 1613 1185 arte,
1630 1161 1712 1188 quam

921 1210 969 1237 pro
986 1201 1116 1235 subjectae
1136 1201 1173 1228 rei
1189 1209 1221 1228 ac
1249 1200 1350 1236 negotii
1368 1200 1544 1231 necessitate,
1562 1198 1655 1226 dicere
1673 1198 1714 1226 vi-

920 1250 1026 1278 deatur.
1046 1249 1230 1282 Quamobrem
1262 1253 1290 1275 et
1309 1247 1423 1282 simplex
1446 1250 1528 1280 atque
1547 1245 1714 1273 inelaborata

919 1296 978 1331 ejus
999 1300 1111 1330 apparet
1130 1294 1222 1327 dictio,
1242 1300 1274 1321 ac
1289 1293 1371 1321 veluti
1392 1291 1515 1328 papulari
1540 1290 1669 1323 orationi.
1687 1298 1714 1319 et

919 1340 1026 1375 privato
1054 1339 1173 1366 sermoni
1195 1338 1313 1365 maxime
1349 1338 1524 1365 conveniens.
1555 1336 1615 1363 Nun
1641 1337 1714 1364 enim

919 1383 962 1411 vel
983 1383 1010 1410 in
1027 1382 1298 1414 ratiocinationibus,
1314 1381 1356 1408 vel
1371 1382 1397 1408 in
1415 1381 1627 1416 enthymematis
1646 1380 1715 1406 mul-

922 1434 977 1462 tus,
994 1429 1163 1464 nimiumque
1181 1434 1304 1456 coactus.
1318 1428 1455 1456 Caeterum
1473 1426 1632 1454 AE'scltinem
1646 1426 1714 1460 (58),

920 1474 1048 1515 Lysanim
1093 1475 1190 1507 lilium,
1235 1481 1316 1509 quem
1356 1480 1384 1501 et
1423 1473 1593 1500 Socraticum
1630 1473 1715 1499 nnmi-

921 1525 998 1554 nant,
1015 1529 1076 1548 cum
1094 1521 1138 1548 alii
1153 1521 1255 1555 plures,
1274 1525 1329 1546 tum
1345 1519 1516 1554 Phrynichus
1527 1518 1584 1554 (59)
1603 1518 1716 1552 potissi-

74 1569 135 1596 νήνα
166 1569 237 1604 μετά
256 1577 291 1604 γε
316 1568 381 1600 τοὺς
407 1567 532 1604 πρώτους
555 1569 679 1596 Ἄττικοῦ
706 1568 785 1603 λόγου
811 1569 868 1600 τοὺς

928 1575 1012 1599 πιιιηι,
1034 1566 1059 1593 iu
1074 1566 1185 1600 optimis
1213 1565 1379 1596 oratoribus,
1407 1569 1437 1591 ut
1463 1564 1584 1599 regulam
1607 1563 1715 1595 statuit,

74 1615 178 1643 ἐκείνου
192 1614 413 1650 ἀποφαινόμενος
424 1614 520 1649 λόγους
534 1615 570 1642 ⁸⁸.

77 1748 271 1784 Πραξαγόρου
282 1748 444 1788 Ἀίζηναιου
459 1748 516 1788 τῆς
528 1748 671 1788 κατὰ-τῲ·
682 1748 783 1788 Mer”
796 1749 874 1776 Κων-

228 1784 394 1811 σταντῖνον
411 1784 544 1818 Ιστοριας
559 1784 666 1816 ,βιϐλιά
677 1784 720 1816 β’.

110 1831 157 1867 [50
175 1830 222 1867 Η]
241 1829 416 1865 ’Δνεγνώσθη
429 1830 611 1866 Πραξαγόρου
626 1831 649 1847 ⁸³
663 1830 710 1858 τοῦ
724 1831 873 1867 Ἀθηναίου

78 1876 125 1911 τῆς
137 1876 219 1903 Κατὰ
229 1876 770 1911 τὸνΜέτανΚωνσταντῖνονὶστορὶας
783 1877 874 1912 βιϐλία

78 1923 132 1951 δύο.
148 1923 193 1951 Ἐν
213 1920 254 1954 οἷς
268 1922 361 1956 λόγοις
385 1921 512 1955 διέξεισιν
530 1922 572 1949 ὅτι
585 1922 599 1948 ὁ
624 1922 715 1958 πατὴρ
729 1923 874 1949 Κωνσταν-

80 1969 149 1995 τίνου
163 1969 356 2000 Κωνστάντιος
378 1967 526 2004 Βρετανίας
551 1968 711 1995 ἐϐασίλευσε
731 1969 765 2001 ⁸⁸,
785 1969 873 2002 Μαξι-

82 2016 153 2050 μῖνος
165 2015 193 2042 δὲ
210 2015 262 2050 τῆς
279 2014 391 2050 Ῥώμης
408 2015 516 2050 καὶτῆς
529 2015 612 2051 ἄλλης
631 2015 746 2047 Ἰταλίας
761 2015 809 2042 καὶ
829 2016 874 2042 Σι-

82 2060 181 2092 κελίας.
194 2061 210 2087 ὁ
220 2061 250 2088 δὲ
275 2060 370 2096 ἕτερος
382 2061 536 2095 Μαξιμῖνος
551 2063 601 2096 τῆς
616 2069 647 2087 τε
677 2061 804 2091 Ἑλλάδος
826 2062 874 2089 καὶ

81 2106 129 2140 τῆς
147 2107 223 2133 κάτω
245 2107 339 2138 Ἀσίας·
355 2107 404 2134 κα)¹
432 2107 558 2143 Θρᾴκης*
585 2107 775 2143 Διοκλητιανδς
802 2108 842 2140 δὲ,
860 2109 874 2135 ὁ

81 2153 127 2178 καὶ
140 2153 193 2178 τῶν
208 2151 298 2179 ἄλλων
313 2152 513 2188 πρεσϐύτατος,
539 2153 590 2188 τῆς
602 2161 633 2179 τε
658 2153 785 2186 Βιθυνίας
804 2152 874 2190 ἦρχε

81 2197 126 2223 καὶ
139 2198 185 2232 τῆς
205 2197 338 2233 Ἀραϐίας
353 2198 401 2225 καὶ
413 2199 463 2234 τῆς
475 2198 579 2232 Λιϐύης
593 2199 639 2225 καὶ
655 2199 704 2234 τῆς
721 2199 872 2234 Αἰγύπτου,

82 2244 144 2279 ὅσην
156 2245 169 2271 ὁ
186 2244 283 2276 Νεῖλος
298 2244 485 2280 ἐπερχόμενος
497 2244 585 2280 ἄρδει.
602 2245 654 2272 Τὸν
668 2244 714 2272 οὖν
727 2246 872 2272 Κωνσταν-

82 2291 149 2317 τίνον
159 2291 173 2317 ὁ
187 2292 281 2326 πατὴρ
295 2290 400 2325 πέμπει
423 2290 499 2325 παρὰ
515 2291 539 2307 ⁸⁵
554 2291 748 2326 Διοκλητιανδν
772 2292 812 2324 είς
827 2293 874 2319 Νι-

83 2336 226 2371 κομήδειαν
243 2336 502 2372 παιδευθησόμενον.
516 2335 616 2371 Παρὼν
633 2336 673 2368 δὲ,
690 2337 767 2372 φησὶ,
784 2338 873 2371 Μαξι-

85 2381 156 2414 μῖνος
170 2381 247 2416 ὁτῆς
270 2382 346 2408 κάτω
371 2381 463 2413 Ἀσίας
492 2381 641 2416 βασιλεύων
664 2382 704 2413 είς
726 2381 872 2414 ἐπιϐουλὰς

924 1612 1041 1648 ejusque
1057 1611 1197 1639 orationes
1222 1616 1282 1646 post
1309 1610 1392 1638 Attici
1420 1609 1554 1638 sermonis
1580 1610 1716 1645 principes

924 1658 1050 1686 collocat.

1284 1703 1364 1732 LXII.

963 1751 1127 1786 Praxagora’
1142 1750 1310 1778 Atheniensis
1324 1751 1358 1777 de
1377 1751 1453 1778 rebus
1467 1750 1636 1778 Constantini
1655 1750 1715 1778 Ma-

1259 1786 1304 1821 gnt'
1318 1786 1379 1813 libri
1392 1793 1422 1814 ll.

961 1833 1035 1860 Lecti
1057 1837 1121 1860 sunt
1138 1832 1303 1866 Praxagorae
1318 1831 1495 1860 Atheniensis
1508 1833 1545 1860 De
1555 1834 1634 1867 gestis
1647 1832 1716 1860 Con-

924 1882 1034 1909 clanlini
1055 1879 1147 1915 Magni
1162 1880 1334 1907 historiarum
1349 1879 1418 1907 libro
1434 1880 1487 1907 duo
1505 1889 1511 1907 :
1532 1881 1632 1914 quibus
1651 1887 1716 1907 nar-

925 1931 968 1953 rat
981 1925 1156 1954 Coustautini
1187 1930 1293 1960 patrem
1307 1925 1500 1954 Constantium
1523 1925 1670 1952 Britannia:
1689 1930 1717 1951 et

926 1971 1062 2006 Hispania:
1075 1971 1130 2006 (60)
1150 1971 1318 2006 imperasse;
1335 1971 1512 1998 Maximinum
1538 1971 1631 1998 Rom:e
1646 1971 1715 2007 (61),

924 2021 951 2045 et
968 2020 1073 2044 ca‘terze
1091 2016 1184 2047 Italiae,
1200 2021 1281 2052 atque
1310 2016 1412 2044 Siciliae
1428 2024 1542 2052 regnum
1575 2017 1693 2043 tenuisse
1707 2025 1714 2043 :

924 2063 1040 2090 alterum
1056 2069 1120 2089 vero
1137 2061 1314 2089 Maximinum
1340 2061 1486 2093 Graeciam,
1515 2061 1714 2091 Macedoniam,

928 2109 1117 2142 minoremque
1132 2108 1240 2140 Asiam,
1253 2115 1285 2135 ac
1303 2107 1451 2135 Thraciam
1468 2114 1615 2142 occupasse
1631 2115 1637 2133 :
1653 2107 1716 2133 Dio-

925 2153 1070 2181 cletiauttm
1083 2157 1185 2185 autem,
1202 2153 1249 2188 qui
1275 2157 1389 2180 caeteros
1405 2157 1484 2179 aetate
1505 2152 1638 2184 anteibat,
1666 2151 1712 2178 Bi-

927 2199 1050 2235 thyniam
1085 2199 1232 2232 habuisse;
1263 2199 1394 2226 Arabiam
1423 2199 1499 2231 item,
1528 2203 1555 2225 et
1584 2197 1715 2229 Africam,

926 2250 1008 2280 atque
1023 2245 1132 2280 {Egypti
1150 2252 1259 2272 omnem
1273 2253 1349 2272 oram
1363 2252 1444 2280 quam
1465 2243 1541 2271 Nihts
1559 2243 1646 2270 alluit.
1663 2242 1715 2277 Igi-

927 2295 970 2318 tur
983 2291 1193 2318 Constantinum
1210 2295 1288 2325 pater
1305 2290 1338 2317 ad
1363 2289 1564 2317 Diocletianum
1589 2289 1717 2316 Nicome-

926 2336 998 2363 diam
1013 2336 1192 2362 erudiendum
1210 2335 1295 2363 misit.
1314 2334 1416 2361 Aderat
1432 2339 1486 2361 lum
1503 2333 1574 2361 forte
1589 2333 1716 2361 Maximi-

932 2389 984 2409 nus
995 2381 1053 2414 ille,
1069 2382 1116 2416 qui
1133 2381 1255 2409 inferiori
1269 2381 1342 2408 Asia:
1356 2380 1541 2415 imperitabat,
1559 2384 1586 2407 et
1603 2380 1716 2407 insidias

83 2425 191 2462 ὥρμησε
215 2427 264 2454 τοῦ
293 2427 366 2459 νέου,
390 2427 439 2454 καὶ
466 2427 535 2463 πρὸς
556 2427 646 2463 μάχην
668 2427 755 2454 λέοντι
781 2427 868 2463 ἀγρίῳ

924 2427 1091 2455 adolescenti
1114 2428 1226 2456 tendere
1239 2427 1358 2454 animum
1380 2427 1523 2459 inducens,
1541 2427 1573 2453 ad
1597 2434 1715 2461 pugnam

719 2483 836 2512 νΑῐιιιΕ
854 2484 1058 2514 LECTIONES.

118 2531 140 2575 ξ’
155 2533 301 2575 τερορξμίου
315 2532 352 2575 di;
369 2531 466 2575 ρξδένα
476 2531 878 2575 -γραιζιάμενοςιῶφοηνιρῦῖε
895 2543 932 2575 ς..
964 2535 987 2551 ⁸⁰
1003 2535 1143 2575 ἀποραυμ.
1160 2534 1210 2570 τὴν
1224 2533 1321 2575 τέχνην
1336 2543 1366 2575 ς.
1403 2533 1425 2575 ’ξ
1441 2534 1501 2564 ταῖς
1512 2546 1547 2573 —-_
1560 2532 1714 2575 ῥητορείαις

84 2567 127 2593 καὶ
139 2568 196 2598 τοῖς
211 2567 355 2597 ἰδιωτικοῖς
372 2566 462 2600 λόγοις
474 2576 505 2599 ς.

85 2635 106 2652 ’³
116 2635 191 2673 ποιρᾶ
201 2637 225 2664 Δ
238 2645 245 2662 :
259 2636 328 2671 πρός
345 2645 376 2669 ς.

558 2567 581 2605 ξ¹
601 2573 664 2605 post
677 2567 774 2605 λόγους
794 2567 839 2605 illa
852 2569 893 2595 ὅτι
909 2570 933 2605 οἱ
948 2567 1121 2605 μαργαρῖταί
1138 2585 1174 2590 -—
1187 2567 1310 2605 πολίἶέν
1324 2570 1357 2604 τῇ
1373 2569 1471 2605 χρήσει
1485 2567 1669 2605 ponit/Agna}
1685 2576 1712 2601 ῃ.

83 2601 132 2641 ξᾷα
147 2602 283 2641 leguntur.
304 2636 311 2641 ι
330 2601 354 2616 ³⁸
378 2601 567 2638 Πραξαγόρου]
591 2601 768 2638 πραξαγόρου
785 2602 833 2629 τοῦ
850 2601 1024 2641 πραξαγόρου
1042 2601 1072 2633 Et.
1125 2605 1148 2621 ⁸⁵
1166 2604 1331 2641 Βρεττανίας
1344 2601 1411 2630 ἡδο
1439 2603 1509 2629 Σικι]

1125 2605 1148 2621 ⁸⁵
1166 2604 1331 2641 Βρεττανίας
1345 2602 1411 2630 ’καὶ
1439 2603 1562 2637 Σικιὶᾴας
1578 2602 1656 2629 ὲδασ.
1682 2612 1712 2634 ς.

847 2681 869 2708 Ν
872 2682 953 2711 O’I‘JE
958 2705 964 2711 .

121 2728 178 2764 (55)
195 2727 246 2756 Iul'.
263 2729 325 2756 cod.
343 2727 472 2755 CCLXIV
492 2732 521 2755 et
547 2728 573 2755 in
593 2728 744 2764 Plutarchi
772 2728 869 2756 Decem

86 2765 233 2791 oratoribus
247 2763 440 2791 Leodamantis
452 2763 559 2791 auditor
572 2763 681 2791 dicitur.
699 2765 789 2792 Suidae
807 2771 870 2792 vero

87 2798 273 2826 Alcidamantis
284 2798 394 2826 Eleaue.

121 2833 175 2868 (56)
190 2833 274 2867 Cujus
287 2833 467 2869 vitaujiliabu
479 2833 549 2869 apud
566 2833 656 2861 Laert.
671 2833 718 2861 I‘b.
735 2842 765 2861 tt.

131 2869 253 2904 57)1η1“ι·.
271 2869 332 2896 cod.
349 2867 462 2895 CLV‘lll.

133 2904 172 2938 58)
188 2903 271 2938 Cujus
290 2905 375 2931 vitatu
388 2904 470 2931 habes
485 2905 554 2939 apud
570 2904 660 2932 Laert.
682 2905 728 2932 lib.
744 2913 772 2932 ll.

960 2733 1016 2767 (59)
1034 2732 1081 2759 Inl'.
1101 2733 1160 2760 cod.
1175 2731 1288 2759 CLVIII.

959 2768 1016 2802 (60)
1037 2767 1156 2804 Ἰϐηρίας
1187 2768 1237 2794 hoc
1263 2767 1322 2794 loco
1337 2773 1387 2802 pro
1401 2767 1526 2798 Σικελίας
1558 2766 1712 2801 legendum.

922 2802 1043 2830 historiae
1058 2802 1178 2830 monent.

957 2838 1013 2872 (6|)
1029 2837 1233 2869 Maximianum.
1248 2837 1424 2866 Maximinum
1442 2841 1469 2864 et
1483 2835 1614 2864 Licinium
1628 2836 1712 2871 impp.

918 2873 1025 2902 videtur
1039 2872 1218 2901 coal‘undere.
