  <div class='ocr_page' id='page_1' title='image "/cluster/home/n/w/nwhite01/storage/ocr_20150623/103/njp.32101010943882/105.png"; bbox 0 0 1934 3089; ppageno 0'>
   <div class='ocr_carea' id='block_1_1' title="bbox 203 159 254 192">
    <p class='ocr_par' dir='ltr' id='par_1_1' title="bbox 203 159 254 192">
     <span class='ocr_line' id='line_1_1' title="bbox 203 159 254 192; baseline 0.02 -1"><span class='ocrx_word' id='word_1_1' title='bbox 203 159 254 192; x_wconf 82' lang='grc'><strong>119</strong></span> 
     </span>
    </p>
   </div>
   <div class='ocr_carea' id='block_1_2' title="bbox 754 158 1239 190">
    <p class='ocr_par' dir='ltr' id='par_1_2' title="bbox 754 158 1239 190">
     <span class='ocr_line' id='line_1_2' title="bbox 754 158 1239 190; baseline 0 0"><span class='ocrx_word' id='word_1_2' title='bbox 754 159 888 190; x_wconf 82' lang='grc' dir='ltr'><strong>ΡΗΟΤΙΙ</strong></span> <span class='ocrx_word' id='word_1_3' title='bbox 907 158 1163 189; x_wconf 71' lang='lat' dir='ltr'><strong>PATRIABClLE</strong></span> <span class='ocrx_word' id='word_1_4' title='bbox 1183 160 1239 190; x_wconf 75' lang='grc' dir='ltr'><strong>ΟΡ.</strong></span> 
     </span>
    </p>
   </div>
   <div class='ocr_carea' id='block_1_3' title="bbox 1781 160 1834 192">
    <p class='ocr_par' dir='ltr' id='par_1_3' title="bbox 1781 160 1834 192">
     <span class='ocr_line' id='line_1_3' title="bbox 1781 160 1834 192; baseline 0.019 -1"><span class='ocrx_word' id='word_1_5' title='bbox 1781 160 1834 192; x_wconf 65' lang='grc'><strong>120</strong></span> 
     </span>
    </p>
   </div>
   <div class='ocr_carea' id='block_1_4' title="bbox 200 214 986 254">
    <p class='ocr_par' dir='ltr' id='par_1_4' title="bbox 200 215 985 251">
     <span class='ocr_line' id='line_1_4' title="bbox 200 215 985 251; baseline -0.001 -8"><span class='ocrx_word' id='word_1_6' title='bbox 200 225 260 245; x_wconf 82' lang='lat' dir='ltr'><strong>cum</strong></span> <span class='ocrx_word' id='word_1_7' title='bbox 279 217 348 251; x_wconf 75' lang='lat' dir='ltr'><strong>21a</strong></span> <span class='ocrx_word' id='word_1_8' title='bbox 379 215 437 243; x_wconf 80' lang='lat' dir='ltr'><strong>fero</strong></span> <span class='ocrx_word' id='word_1_9' title='bbox 470 215 547 244; x_wconf 82' lang='lat' dir='ltr'><strong>leone</strong></span> <span class='ocrx_word' id='word_1_10' title='bbox 572 215 717 242; x_wconf 70' lang='lat' dir='ltr'><strong>ineunilam</strong></span> <span class='ocrx_word' id='word_1_11' title='bbox 743 215 908 249; x_wconf 70' lang='lat' dir='ltr'><strong>composuit.</strong></span> <span class='ocrx_word' id='word_1_12' title='bbox 938 215 985 243; x_wconf 87' lang='lat' dir='ltr'><strong>Ille</strong></span> 
     </span>
    </p>
   </div>
   <div class='ocr_carea' id='block_1_5' title="bbox 1040 214 1836 254">
    <p class='ocr_par' dir='ltr' id='par_1_5' title="bbox 1040 215 1836 254">
     <span class='ocr_line' id='line_1_5' title="bbox 1040 215 1836 254; baseline 0.005 -13"><span class='ocrx_word' id='word_1_13' title='bbox 1040 215 1183 250; x_wconf 75' lang='grc' dir='ltr'><strong>καθίστησι</strong></span> <span class='ocrx_word' id='word_1_14' title='bbox 1196 215 1242 242; x_wconf 79' lang='grc' dir='ltr'><strong>τὸν</strong></span> <span class='ocrx_word' id='word_1_15' title='bbox 1256 215 1379 242; x_wconf 79' lang='grc' dir='ltr'><strong>νεανίαν⁹</strong></span> <span class='ocrx_word' id='word_1_16' title='bbox 1396 217 1409 243; x_wconf 78' lang='grc' dir='ltr'><strong>ὁ</strong></span> <span class='ocrx_word' id='word_1_17' title='bbox 1419 216 1448 244; x_wconf 81' lang='grc' dir='ltr'>δὲ</span> <span class='ocrx_word' id='word_1_18' title='bbox 1462 216 1492 243; x_wconf 74' lang='grc' dir='ltr'><strong>τὸ</strong></span> <span class='ocrx_word' id='word_1_19' title='bbox 1504 216 1554 251; x_wconf 72' lang='grc' dir='ltr'>μὲν</span> <span class='ocrx_word' id='word_1_20' title='bbox 1568 216 1663 252; x_wconf 88' lang='grc' dir='ltr'>θηρίον</span> <span class='ocrx_word' id='word_1_21' title='bbox 1691 219 1836 254; x_wconf 80' lang='grc' dir='ltr'>κρατήσας</span> 
     </span>
    </p>
   </div>
   <div class='ocr_carea' id='block_1_6' title="bbox 203 263 986 298">
    <p class='ocr_par' dir='ltr' id='par_1_6' title="bbox 203 263 986 298">
     <span class='ocr_line' id='line_1_6' title="bbox 203 263 986 298; baseline 0.005 -10"><span class='ocrx_word' id='word_1_22' title='bbox 203 269 265 290; x_wconf 72' lang='lat' dir='ltr'><strong>vero</strong></span> <span class='ocrx_word' id='word_1_23' title='bbox 282 263 368 290; x_wconf 84' lang='lat' dir='ltr'><strong>feram</strong></span> <span class='ocrx_word' id='word_1_24' title='bbox 385 268 527 296; x_wconf 86' lang='lat' dir='ltr'><strong>superans.</strong></span> <span class='ocrx_word' id='word_1_25' title='bbox 544 263 653 295; x_wconf 87' lang='lat' dir='ltr'><strong>occidit,</strong></span> <span class='ocrx_word' id='word_1_26' title='bbox 683 263 914 298; x_wconf 82' lang='lat' dir='ltr'><strong>deprehensisque</strong></span> <span class='ocrx_word' id='word_1_27' title='bbox 943 265 986 293; x_wconf 89' lang='lat' dir='ltr'><strong>iu-</strong></span> 
     </span>
    </p>
   </div>
   <div class='ocr_carea' id='block_1_7' title="bbox 200 309 985 344">
    <p class='ocr_par' dir='ltr' id='par_1_7' title="bbox 200 309 985 344">
     <span class='ocr_line' id='line_1_7' title="bbox 200 309 985 344; baseline 0.001 -7"><span class='ocrx_word' id='word_1_28' title='bbox 200 309 288 341; x_wconf 79' lang='lat' dir='ltr'><strong>sidiis.</strong></span> <span class='ocrx_word' id='word_1_29' title='bbox 305 311 338 336; x_wconf 88' lang='lat' dir='ltr'><strong>ad</strong></span> <span class='ocrx_word' id='word_1_30' title='bbox 361 313 464 342; x_wconf 76' lang='lat' dir='ltr'><strong>patrem</strong></span> <span class='ocrx_word' id='word_1_31' title='bbox 479 309 602 344; x_wconf 89' lang='lat' dir='ltr'><strong>confugit</strong></span> <span class='ocrx_word' id='word_1_32' title='bbox 618 319 625 337; x_wconf 89' lang='lat'>:</span> <span class='ocrx_word' id='word_1_33' title='bbox 642 317 696 344; x_wconf 92' lang='lat' dir='ltr'><strong>quo</strong></span> <span class='ocrx_word' id='word_1_34' title='bbox 716 311 770 337; x_wconf 86' lang='lat' dir='ltr'><strong>vita</strong></span> <span class='ocrx_word' id='word_1_35' title='bbox 789 310 870 339; x_wconf 84' lang='lat' dir='ltr'><strong>simul</strong></span> <span class='ocrx_word' id='word_1_36' title='bbox 888 315 915 338; x_wconf 89' lang='lat' dir='ltr'><strong>et</strong></span> <span class='ocrx_word' id='word_1_37' title='bbox 933 311 985 338; x_wconf 86' lang='lat' dir='ltr'><strong>im-</strong></span> 
     </span>
    </p>
   </div>
   <div class='ocr_carea' id='block_1_8' title="bbox 199 356 751 393">
    <p class='ocr_par' dir='ltr' id='par_1_8' title="bbox 199 356 751 393">
     <span class='ocr_line' id='line_1_8' title="bbox 199 356 751 393; baseline 0.004 -10"><span class='ocrx_word' id='word_1_38' title='bbox 199 357 277 391; x_wconf 69' lang='lat' dir='ltr'><strong>perio</strong></span> <span class='ocrx_word' id='word_1_39' title='bbox 293 356 394 389; x_wconf 76' lang='lat' dir='ltr'><strong>functo,</strong></span> <span class='ocrx_word' id='word_1_40' title='bbox 414 364 461 390; x_wconf 73' lang='lat' dir='ltr'><strong>reg</strong></span> <span class='ocrx_word' id='word_1_41' title='bbox 473 364 525 384; x_wconf 69' lang='lat' dir='ltr'><strong>&#39;um</strong></span> <span class='ocrx_word' id='word_1_42' title='bbox 545 357 617 385; x_wconf 85' lang='lat' dir='ltr'><strong>filius</strong></span> <span class='ocrx_word' id='word_1_43' title='bbox 634 358 751 393; x_wconf 86' lang='lat' dir='ltr'><strong>excepit.</strong></span> 
     </span>
    </p>
   </div>
   <div class='ocr_carea' id='block_1_9' title="bbox 235 403 988 440">
    <p class='ocr_par' dir='ltr' id='par_1_9' title="bbox 235 403 988 440">
     <span class='ocr_line' id='line_1_9' title="bbox 235 403 988 440; baseline 0.005 -10"><span class='ocrx_word' id='word_1_44' title='bbox 235 403 273 430; x_wconf 86' lang='lat' dir='ltr'><strong>Eo</strong></span> <span class='ocrx_word' id='word_1_45' title='bbox 286 403 396 437; x_wconf 81' lang='lat' dir='ltr'><strong>potitus,</strong></span> <span class='ocrx_word' id='word_1_46' title='bbox 415 403 507 432; x_wconf 86' lang='lat' dir='ltr'><strong>Gallos</strong></span> <span class='ocrx_word' id='word_1_47' title='bbox 531 409 558 432; x_wconf 88' lang='lat' dir='ltr'><strong>et</strong></span> <span class='ocrx_word' id='word_1_48' title='bbox 574 404 735 438; x_wconf 86' lang='lat' dir='ltr'><strong>Germanos,</strong></span> <span class='ocrx_word' id='word_1_49' title='bbox 751 410 845 440; x_wconf 78' lang='lat' dir='ltr'><strong>gentes</strong></span> <span class='ocrx_word' id='word_1_50' title='bbox 859 406 988 434; x_wconf 82' lang='lat' dir='ltr'><strong>ﬁnitimas</strong></span> 
     </span>
    </p>
   </div>
   <div class='ocr_carea' id='block_1_10' title="bbox 200 451 986 489">
    <p class='ocr_par' dir='ltr' id='par_1_10' title="bbox 200 451 986 489">
     <span class='ocr_line' id='line_1_10' title="bbox 200 451 986 489; baseline 0.005 -12"><span class='ocrx_word' id='word_1_51' title='bbox 200 457 232 478; x_wconf 82' lang='lat' dir='ltr'><strong>ac</strong></span> <span class='ocrx_word' id='word_1_52' title='bbox 246 451 389 483; x_wconf 84' lang='lat' dir='ltr'><strong>barbaras,</strong></span> <span class='ocrx_word' id='word_1_53' title='bbox 416 451 442 478; x_wconf 92' lang='lat' dir='ltr'><strong>in</strong></span> <span class='ocrx_word' id='word_1_54' title='bbox 464 455 626 486; x_wconf 87' lang='lat' dir='ltr'><strong>potestatem</strong></span> <span class='ocrx_word' id='word_1_55' title='bbox 645 453 760 486; x_wconf 70' lang='lat' dir='ltr'><strong>redegit.</strong></span> <span class='ocrx_word' id='word_1_56' title='bbox 785 453 899 489; x_wconf 80' lang='lat' dir='ltr'><strong>Cognito</strong></span> <span class='ocrx_word' id='word_1_57' title='bbox 925 454 986 481; x_wconf 87' lang='lat' dir='ltr'><strong>dein</strong></span> 
     </span>
    </p>
   </div>
   <div class='ocr_carea' id='block_1_11' title="bbox 199 497 988 533">
    <p class='ocr_par' dir='ltr' id='par_1_11' title="bbox 199 497 988 533">
     <span class='ocr_line' id='line_1_11' title="bbox 199 497 988 533; baseline 0.003 -9"><span class='ocrx_word' id='word_1_58' title='bbox 199 497 364 532; x_wconf 82' lang='lat' dir='ltr'><strong>impotenter</strong></span> <span class='ocrx_word' id='word_1_59' title='bbox 381 505 413 525; x_wconf 86' lang='lat' dir='ltr'><strong>ac</strong></span> <span class='ocrx_word' id='word_1_60' title='bbox 427 498 568 532; x_wconf 85' lang='lat' dir='ltr'><strong>tyrannice</strong></span> <span class='ocrx_word' id='word_1_61' title='bbox 583 498 702 526; x_wconf 84' lang='lat' dir='ltr'><strong>subditis</strong></span> <span class='ocrx_word' id='word_1_62' title='bbox 716 499 852 533; x_wconf 81' lang='lat' dir='ltr'><strong>imperare</strong></span> <span class='ocrx_word' id='word_1_63' title='bbox 870 499 988 527; x_wconf 79' lang='lat' dir='ltr'><strong>Maxen—</strong></span> 
     </span>
    </p>
   </div>
   <div class='ocr_carea' id='block_1_12' title="bbox 199 543 986 582">
    <p class='ocr_par' dir='ltr' id='par_1_12' title="bbox 199 543 986 582">
     <span class='ocr_line' id='line_1_12' title="bbox 199 543 986 582; baseline 0.004 -11"><span class='ocrx_word' id='word_1_64' title='bbox 199 545 265 571; x_wconf 82' lang='lat' dir='ltr'><strong>tium</strong></span> <span class='ocrx_word' id='word_1_65' title='bbox 293 545 355 578; x_wconf 84' lang='lat' dir='ltr'><strong>(hic</strong></span> <span class='ocrx_word' id='word_1_66' title='bbox 371 549 431 578; x_wconf 88' lang='lat' dir='ltr'><strong>post</strong></span> <span class='ocrx_word' id='word_1_67' title='bbox 453 543 629 572; x_wconf 78' lang='lat' dir='ltr'><strong>Maximinum</strong></span> <span class='ocrx_word' id='word_1_68' title='bbox 648 545 743 573; x_wconf 69' lang='lat' dir='ltr'><strong>Romae</strong></span> <span class='ocrx_word' id='word_1_69' title='bbox 766 546 986 582; x_wconf 74' lang='lat' dir='ltr'><strong>dominabatur).</strong></span> 
     </span>
    </p>
   </div>
   <div class='ocr_carea' id='block_1_13' title="bbox 200 589 989 626">
    <p class='ocr_par' dir='ltr' id='par_1_13' title="bbox 200 589 989 626">
     <span class='ocr_line' id='line_1_13' title="bbox 200 589 989 626; baseline 0.003 -10"><span class='ocrx_word' id='word_1_70' title='bbox 200 589 402 623; x_wconf 74' lang='lat' dir='ltr'><strong>expeditionem</strong></span> <span class='ocrx_word' id='word_1_71' title='bbox 417 590 548 618; x_wconf 83' lang='lat' dir='ltr'><strong>adversus</strong></span> <span class='ocrx_word' id='word_1_72' title='bbox 558 597 619 618; x_wconf 91' lang='lat' dir='ltr'><strong>eum</strong></span> <span class='ocrx_word' id='word_1_73' title='bbox 638 591 767 624; x_wconf 80' lang='lat' dir='ltr'><strong>suscepit,</strong></span> <span class='ocrx_word' id='word_1_74' title='bbox 785 598 879 625; x_wconf 62' lang='lat' dir='ltr'><strong>poenas</strong></span> <span class='ocrx_word' id='word_1_75' title='bbox 897 595 989 626; x_wconf 87' lang='lat' dir='ltr'><strong>tyran-</strong></span> 
     </span>
    </p>
   </div>
   <div class='ocr_carea' id='block_1_14' title="bbox 201 635 987 670">
    <p class='ocr_par' dir='ltr' id='par_1_14' title="bbox 201 635 987 670">
     <span class='ocr_line' id='line_1_14' title="bbox 201 635 987 670; baseline 0.004 -9"><span class='ocrx_word' id='word_1_76' title='bbox 201 635 273 662; x_wconf 86' lang='lat' dir='ltr'><strong>nidis</strong></span> <span class='ocrx_word' id='word_1_77' title='bbox 289 635 315 662; x_wconf 92' lang='lat' dir='ltr'><strong>in</strong></span> <span class='ocrx_word' id='word_1_78' title='bbox 340 635 465 663; x_wconf 86' lang='lat' dir='ltr'><strong>subditos</strong></span> <span class='ocrx_word' id='word_1_79' title='bbox 479 640 638 664; x_wconf 79' lang='lat' dir='ltr'><strong>exacturus.</strong></span> <span class='ocrx_word' id='word_1_80' title='bbox 657 635 717 663; x_wconf 81' lang='lat' dir='ltr'><strong>Mox</strong></span> <span class='ocrx_word' id='word_1_81' title='bbox 743 636 835 669; x_wconf 77' lang='lat' dir='ltr'><strong>praaiio</strong></span> <span class='ocrx_word' id='word_1_82' title='bbox 853 637 987 670; x_wconf 84' lang='lat' dir='ltr'><strong>superior.</strong></span> 
     </span>
    </p>
   </div>
   <div class='ocr_carea' id='block_1_15' title="bbox 199 680 988 717">
    <p class='ocr_par' dir='ltr' id='par_1_15' title="bbox 199 680 988 717">
     <span class='ocr_line' id='line_1_15' title="bbox 199 680 988 717; baseline 0.004 -10"><span class='ocrx_word' id='word_1_83' title='bbox 199 681 226 708; x_wconf 91' lang='lat' dir='ltr'><strong>in</strong></span> <span class='ocrx_word' id='word_1_84' title='bbox 253 680 343 714; x_wconf 79' lang='lat' dir='ltr'><strong>fugam</strong></span> <span class='ocrx_word' id='word_1_85' title='bbox 360 686 506 717; x_wconf 87' lang='lat' dir='ltr'><strong>tyrannum</strong></span> <span class='ocrx_word' id='word_1_86' title='bbox 532 682 680 710; x_wconf 87' lang='lat' dir='ltr'><strong>convertit.</strong></span> <span class='ocrx_word' id='word_1_87' title='bbox 712 682 760 710; x_wconf 88' lang='lat' dir='ltr'><strong>Ille</strong></span> <span class='ocrx_word' id='word_1_88' title='bbox 786 690 850 710; x_wconf 85' lang='lat' dir='ltr'><strong>vero</strong></span> <span class='ocrx_word' id='word_1_89' title='bbox 869 683 988 716; x_wconf 75' lang='lat' dir='ltr'><strong>fugiens,</strong></span> 
     </span>
    </p>
   </div>
   <div class='ocr_carea' id='block_1_16' title="bbox 199 727 989 765">
    <p class='ocr_par' dir='ltr' id='par_1_16' title="bbox 199 727 989 765">
     <span class='ocr_line' id='line_1_16' title="bbox 199 727 989 765; baseline 0.003 -12"><span class='ocrx_word' id='word_1_90' title='bbox 199 734 279 762; x_wconf 87' lang='lat' dir='ltr'><strong>quem</strong></span> <span class='ocrx_word' id='word_1_91' title='bbox 307 727 433 754; x_wconf 83' lang='lat' dir='ltr'><strong>hostibus</strong></span> <span class='ocrx_word' id='word_1_92' title='bbox 458 735 507 761; x_wconf 85' lang='lat' dir='ltr'><strong>per</strong></span> <span class='ocrx_word' id='word_1_93' title='bbox 533 727 624 765; x_wconf 87' lang='lat' dir='ltr'><strong>dolum</strong></span> <span class='ocrx_word' id='word_1_94' title='bbox 652 727 790 755; x_wconf 84' lang='lat' dir='ltr'><strong>interitum</strong></span> <span class='ocrx_word' id='word_1_95' title='bbox 819 728 989 756; x_wconf 82' lang='lat' dir='ltr'><strong>machinatus</strong></span> 
     </span>
    </p>
   </div>
   <div class='ocr_carea' id='block_1_17' title="bbox 198 773 988 809">
    <p class='ocr_par' dir='ltr' id='par_1_17' title="bbox 198 773 988 809">
     <span class='ocr_line' id='line_1_17' title="bbox 198 773 988 809; baseline 0.001 -8"><span class='ocrx_word' id='word_1_96' title='bbox 198 779 250 804; x_wconf 86' lang='lat' dir='ltr'><strong>cst.</strong></span> <span class='ocrx_word' id='word_1_97' title='bbox 265 773 323 806; x_wconf 85' lang='lat' dir='ltr'><strong>ipse</strong></span> <span class='ocrx_word' id='word_1_98' title='bbox 341 773 451 807; x_wconf 87' lang='lat' dir='ltr'><strong>reperit.</strong></span> <span class='ocrx_word' id='word_1_99' title='bbox 467 774 492 800; x_wconf 92' lang='lat' dir='ltr'><strong>in</strong></span> <span class='ocrx_word' id='word_1_100' title='bbox 509 774 625 805; x_wconf 78' lang='lat' dir='ltr'><strong>foveam,</strong></span> <span class='ocrx_word' id='word_1_101' title='bbox 641 781 721 808; x_wconf 86' lang='lat' dir='ltr'><strong>quam</strong></span> <span class='ocrx_word' id='word_1_102' title='bbox 751 774 812 801; x_wconf 89' lang='lat' dir='ltr'><strong>aliis</strong></span> <span class='ocrx_word' id='word_1_103' title='bbox 835 779 988 809; x_wconf 85' lang='lat' dir='ltr'><strong>paraverat,</strong></span> 
     </span>
    </p>
   </div>
   <div class='ocr_carea' id='block_1_18' title="bbox 199 818 987 853">
    <p class='ocr_par' dir='ltr' id='par_1_18' title="bbox 199 818 987 853">
     <span class='ocr_line' id='line_1_18' title="bbox 199 818 987 853; baseline 0.001 -8"><span class='ocrx_word' id='word_1_104' title='bbox 199 818 315 846; x_wconf 84' lang='lat' dir='ltr'><strong>delatus.</strong></span> <span class='ocrx_word' id='word_1_105' title='bbox 338 819 423 852; x_wconf 74' lang='lat' dir='ltr'><strong>llnius</strong></span> <span class='ocrx_word' id='word_1_106' title='bbox 438 824 519 852; x_wconf 84' lang='lat' dir='ltr'><strong>caput</strong></span> <span class='ocrx_word' id='word_1_107' title='bbox 535 819 650 846; x_wconf 81' lang='lat' dir='ltr'><strong>Romani</strong></span> <span class='ocrx_word' id='word_1_108' title='bbox 669 826 683 845; x_wconf 87' lang='lat' dir='ltr'><strong>a</strong></span> <span class='ocrx_word' id='word_1_109' title='bbox 699 826 811 853; x_wconf 89' lang='lat' dir='ltr'><strong>corpore</strong></span> <span class='ocrx_word' id='word_1_110' title='bbox 840 825 987 852; x_wconf 81' lang='lat' dir='ltr'><strong>resectum,</strong></span> 
     </span>
    </p>
   </div>
   <div class='ocr_carea' id='block_1_19' title="bbox 199 863 1027 912">
    <p class='ocr_par' dir='ltr' id='par_1_19' title="bbox 199 863 1027 912">
     <span class='ocr_line' id='line_1_19' title="bbox 199 863 1027 912; baseline 0.004 -22"><span class='ocrx_word' id='word_1_111' title='bbox 199 863 337 899; x_wconf 57' lang='lat' dir='ltr'><strong>hastaeque</strong></span> <span class='ocrx_word' id='word_1_112' title='bbox 364 864 532 899; x_wconf 87' lang='lat' dir='ltr'><strong>impositum,</strong></span> <span class='ocrx_word' id='word_1_113' title='bbox 562 872 611 898; x_wconf 88' lang='lat' dir='ltr'><strong>per</strong></span> <span class='ocrx_word' id='word_1_114' title='bbox 642 865 736 892; x_wconf 84' lang='lat' dir='ltr'><strong>urbem</strong></span> <span class='ocrx_word' id='word_1_115' title='bbox 768 866 934 909; x_wconf 71' lang='lat' dir='ltr'><strong>gestabant:</strong></span> <span class='ocrx_word' id='word_1_116' title='bbox 961 870 1027 912; x_wconf 75' lang='lat' dir='ltr'><strong>etB</strong></span> 
     </span>
    </p>
   </div>
   <div class='ocr_carea' id='block_1_20' title="bbox 199 910 987 941">
    <p class='ocr_par' dir='ltr' id='par_1_20' title="bbox 199 910 987 941">
     <span class='ocr_line' id='line_1_20' title="bbox 199 910 987 941; baseline 0.004 -4"><span class='ocrx_word' id='word_1_117' title='bbox 199 911 296 938; x_wconf 89' lang='lat' dir='ltr'><strong>victori</strong></span> <span class='ocrx_word' id='word_1_118' title='bbox 320 910 501 939; x_wconf 84' lang='lat' dir='ltr'><strong>Constantino</strong></span> <span class='ocrx_word' id='word_1_119' title='bbox 529 911 644 940; x_wconf 87' lang='lat' dir='ltr'><strong>libentes</strong></span> <span class='ocrx_word' id='word_1_120' title='bbox 664 919 694 940; x_wconf 82' lang='lat' dir='ltr'><strong>se</strong></span> <span class='ocrx_word' id='word_1_121' title='bbox 712 920 743 940; x_wconf 90' lang='lat' dir='ltr'><strong>ac</strong></span> <span class='ocrx_word' id='word_1_122' title='bbox 758 912 879 941; x_wconf 85' lang='lat' dir='ltr'><strong>volentes</strong></span> <span class='ocrx_word' id='word_1_123' title='bbox 905 913 987 941; x_wconf 89' lang='lat' dir='ltr'><strong>etiam</strong></span> 
     </span>
    </p>
   </div>
   <div class='ocr_carea' id='block_1_21' title="bbox 200 956 674 992">
    <p class='ocr_par' dir='ltr' id='par_1_21' title="bbox 200 956 674 992">
     <span class='ocr_line' id='line_1_21' title="bbox 200 956 674 992; baseline 0.008 -9"><span class='ocrx_word' id='word_1_124' title='bbox 200 956 281 992; x_wconf 89' lang='lat' dir='ltr'><strong>hujus</strong></span> <span class='ocrx_word' id='word_1_125' title='bbox 297 958 371 992; x_wconf 82' lang='lat' dir='ltr'><strong>regni</strong></span> <span class='ocrx_word' id='word_1_126' title='bbox 388 958 483 986; x_wconf 66' lang='lat' dir='ltr'><strong>incolae</strong></span> <span class='ocrx_word' id='word_1_127' title='bbox 501 958 674 987; x_wconf 89' lang='lat' dir='ltr'><strong>dediderunt.</strong></span> 
     </span>
    </p>
   </div>
   <div class='ocr_carea' id='block_1_22' title="bbox 235 1049 990 1086">
    <p class='ocr_par' dir='ltr' id='par_1_22' title="bbox 235 1049 990 1086">
     <span class='ocr_line' id='line_1_22' title="bbox 235 1049 990 1086; baseline 0.009 -10"><span class='ocrx_word' id='word_1_128' title='bbox 235 1049 335 1076; x_wconf 76' lang='lat' dir='ltr'><strong>Audito</strong></span> <span class='ocrx_word' id='word_1_129' title='bbox 365 1057 473 1077; x_wconf 85' lang='lat' dir='ltr'><strong>rursum</strong></span> <span class='ocrx_word' id='word_1_130' title='bbox 501 1050 635 1078; x_wconf 84' lang='lat' dir='ltr'><strong>Licinium</strong></span> <span class='ocrx_word' id='word_1_131' title='bbox 660 1059 768 1086; x_wconf 86' lang='lat' dir='ltr'><strong>quoque</strong></span> <span class='ocrx_word' id='word_1_132' title='bbox 791 1054 937 1082; x_wconf 82' lang='lat' dir='ltr'><strong>crudeliter</strong></span> <span class='ocrx_word' id='word_1_133' title='bbox 961 1059 990 1083; x_wconf 86' lang='lat' dir='ltr'><strong>et</strong></span> 
     </span>
    </p>
   </div>
   <div class='ocr_carea' id='block_1_23' title="bbox 200 1095 988 1134">
    <p class='ocr_par' dir='ltr' id='par_1_23' title="bbox 200 1095 988 1134">
     <span class='ocr_line' id='line_1_23' title="bbox 200 1095 988 1134; baseline 0.009 -12"><span class='ocrx_word' id='word_1_134' title='bbox 200 1095 348 1123; x_wconf 84' lang='lat' dir='ltr'><strong>inhumane</strong></span> <span class='ocrx_word' id='word_1_135' title='bbox 368 1096 424 1124; x_wconf 87' lang='lat' dir='ltr'><strong>suis</strong></span> <span class='ocrx_word' id='word_1_136' title='bbox 437 1096 525 1129; x_wconf 86' lang='lat' dir='ltr'><strong>abuti,</strong></span> <span class='ocrx_word' id='word_1_137' title='bbox 543 1098 585 1125; x_wconf 86' lang='lat' dir='ltr'><strong>cui</strong></span> <span class='ocrx_word' id='word_1_138' title='bbox 605 1106 669 1132; x_wconf 85' lang='lat' dir='ltr'><strong>pars</strong></span> <span class='ocrx_word' id='word_1_139' title='bbox 682 1099 725 1126; x_wconf 84' lang='lat' dir='ltr'><strong>illa</strong></span> <span class='ocrx_word' id='word_1_140' title='bbox 744 1100 851 1134; x_wconf 84' lang='lat' dir='ltr'><strong>imperii</strong></span> <span class='ocrx_word' id='word_1_141' title='bbox 867 1100 988 1129; x_wconf 85' lang='lat' dir='ltr'><strong>obvene-</strong></span> 
     </span>
    </p>
   </div>
   <div class='ocr_carea' id='block_1_24' title="bbox 199 1142 988 1181">
    <p class='ocr_par' dir='ltr' id='par_1_24' title="bbox 199 1142 988 1181">
     <span class='ocr_line' id='line_1_24' title="bbox 199 1142 988 1181; baseline 0.008 -13"><span class='ocrx_word' id='word_1_142' title='bbox 199 1146 251 1174; x_wconf 81' lang='lat' dir='ltr'><strong>rat.</strong></span> <span class='ocrx_word' id='word_1_143' title='bbox 267 1150 350 1177; x_wconf 87' lang='lat' dir='ltr'><strong>quam</strong></span> <span class='ocrx_word' id='word_1_144' title='bbox 362 1142 528 1171; x_wconf 88' lang='lat' dir='ltr'><strong>Maximinus</strong></span> <span class='ocrx_word' id='word_1_145' title='bbox 551 1143 592 1179; x_wconf 88' lang='lat' dir='ltr'><strong>(is</strong></span> <span class='ocrx_word' id='word_1_146' title='bbox 609 1145 655 1179; x_wconf 88' lang='lat' dir='ltr'><strong>qui</strong></span> <span class='ocrx_word' id='word_1_147' title='bbox 669 1145 851 1174; x_wconf 82' lang='lat' dir='ltr'><strong>Constantino</strong></span> <span class='ocrx_word' id='word_1_148' title='bbox 864 1154 913 1181; x_wconf 79' lang='lat' dir='ltr'><strong>per</strong></span> <span class='ocrx_word' id='word_1_149' title='bbox 930 1148 988 1175; x_wconf 85' lang='lat' dir='ltr'><strong>leo-</strong></span> 
     </span>
    </p>
   </div>
   <div class='ocr_carea' id='block_1_25' title="bbox 199 1188 990 1226">
    <p class='ocr_par' dir='ltr' id='par_1_25' title="bbox 199 1188 990 1226">
     <span class='ocr_line' id='line_1_25' title="bbox 199 1188 990 1226; baseline 0.009 -12"><span class='ocrx_word' id='word_1_150' title='bbox 199 1195 259 1214; x_wconf 88' lang='lat' dir='ltr'><strong>nem</strong></span> <span class='ocrx_word' id='word_1_151' title='bbox 276 1188 389 1215; x_wconf 80' lang='lat' dir='ltr'><strong>insidias</strong></span> <span class='ocrx_word' id='word_1_152' title='bbox 408 1190 563 1222; x_wconf 79' lang='lat' dir='ltr'><strong>struxerat)</strong></span> <span class='ocrx_word' id='word_1_153' title='bbox 585 1194 718 1221; x_wconf 85' lang='lat' dir='ltr'><strong>tennerat,</strong></span> <span class='ocrx_word' id='word_1_154' title='bbox 732 1196 904 1226; x_wconf 89' lang='lat' dir='ltr'><strong>mortemque</strong></span> <span class='ocrx_word' id='word_1_155' title='bbox 915 1193 990 1221; x_wconf 85' lang='lat' dir='ltr'><strong>obie-</strong></span> 
     </span>
    </p>
   </div>
   <div class='ocr_carea' id='block_1_26' title="bbox 198 1234 987 1274">
    <p class='ocr_par' dir='ltr' id='par_1_26' title="bbox 198 1234 987 1274">
     <span class='ocr_line' id='line_1_26' title="bbox 198 1234 987 1274; baseline 0.009 -14"><span class='ocrx_word' id='word_1_156' title='bbox 198 1239 240 1261; x_wconf 89' lang='lat' dir='ltr'><strong>rat</strong></span> <span class='ocrx_word' id='word_1_157' title='bbox 259 1243 265 1260; x_wconf 90' lang='lat'><strong>:</strong></span> <span class='ocrx_word' id='word_1_158' title='bbox 282 1242 335 1260; x_wconf 88' lang='lat' dir='ltr'><strong>non</strong></span> <span class='ocrx_word' id='word_1_159' title='bbox 362 1234 451 1262; x_wconf 86' lang='lat' dir='ltr'><strong>ferens</strong></span> <span class='ocrx_word' id='word_1_160' title='bbox 479 1235 679 1263; x_wconf 83' lang='lat' dir='ltr'><strong>intolerandam</strong></span> <span class='ocrx_word' id='word_1_161' title='bbox 706 1238 813 1265; x_wconf 83' lang='lat' dir='ltr'><strong>civibus</strong></span> <span class='ocrx_word' id='word_1_162' title='bbox 829 1239 883 1265; x_wconf 90' lang='lat' dir='ltr'><strong>vim</strong></span> <span class='ocrx_word' id='word_1_163' title='bbox 903 1244 987 1274; x_wconf 85' lang='lat' dir='ltr'><strong>atque</strong></span> 
     </span>
    </p>
   </div>
   <div class='ocr_carea' id='block_1_27' title="bbox 199 1277 987 1320">
    <p class='ocr_par' dir='ltr' id='par_1_27' title="bbox 199 1277 987 1320">
     <span class='ocr_line' id='line_1_27' title="bbox 199 1277 987 1320; baseline 0.011 -16"><span class='ocrx_word' id='word_1_164' title='bbox 199 1277 332 1310; x_wconf 82' lang='lat' dir='ltr'><strong>injurianr</strong></span> <span class='ocrx_word' id='word_1_165' title='bbox 342 1279 448 1312; x_wconf 79' lang='lat' dir='ltr'><strong>inferri,</strong></span> <span class='ocrx_word' id='word_1_166' title='bbox 474 1281 568 1314; x_wconf 85' lang='lat' dir='ltr'><strong>copias</strong></span> <span class='ocrx_word' id='word_1_167' title='bbox 585 1281 648 1308; x_wconf 82' lang='lat' dir='ltr'><strong>item</strong></span> <span class='ocrx_word' id='word_1_168' title='bbox 664 1287 759 1310; x_wconf 89' lang='lat' dir='ltr'><strong>contra</strong></span> <span class='ocrx_word' id='word_1_169' title='bbox 784 1284 857 1312; x_wconf 91' lang='lat' dir='ltr'><strong>hunc</strong></span> <span class='ocrx_word' id='word_1_170' title='bbox 883 1286 987 1320; x_wconf 74' lang='lat' dir='ltr'><strong>eduxit,</strong></span> 
     </span>
    </p>
   </div>
   <div class='ocr_carea' id='block_1_28' title="bbox 199 1325 987 1365">
    <p class='ocr_par' dir='ltr' id='par_1_28' title="bbox 199 1325 987 1365">
     <span class='ocr_line' id='line_1_28' title="bbox 199 1325 987 1365; baseline 0.013 -16"><span class='ocrx_word' id='word_1_171' title='bbox 199 1331 253 1355; x_wconf 86' lang='lat' dir='ltr'><strong>quo</strong></span> <span class='ocrx_word' id='word_1_172' title='bbox 286 1325 457 1359; x_wconf 84' lang='lat' dir='ltr'><strong>tyrannidem</strong></span> <span class='ocrx_word' id='word_1_173' title='bbox 490 1325 612 1359; x_wconf 69' lang='lat' dir='ltr'><strong>legitimo</strong></span> <span class='ocrx_word' id='word_1_174' title='bbox 640 1333 823 1357; x_wconf 86' lang='lat' dir='ltr'><strong>commutaret</strong></span> <span class='ocrx_word' id='word_1_175' title='bbox 861 1330 987 1365; x_wconf 89' lang='lat' dir='ltr'><strong>imperio.</strong></span> 
     </span>
    </p>
   </div>
   <div class='ocr_carea' id='block_1_29' title="bbox 198 1368 987 1408">
    <p class='ocr_par' dir='ltr' id='par_1_29' title="bbox 198 1368 987 1408">
     <span class='ocr_line' id='line_1_29' title="bbox 198 1368 987 1408; baseline 0.01 -13"><span class='ocrx_word' id='word_1_176' title='bbox 198 1368 321 1397; x_wconf 87' lang='lat' dir='ltr'><strong>Licinius</strong></span> <span class='ocrx_word' id='word_1_177' title='bbox 339 1376 415 1402; x_wconf 86' lang='lat' dir='ltr'><strong>vero,</strong></span> <span class='ocrx_word' id='word_1_178' title='bbox 445 1370 582 1398; x_wconf 83' lang='lat' dir='ltr'><strong>intellecta</strong></span> <span class='ocrx_word' id='word_1_179' title='bbox 602 1371 628 1399; x_wconf 92' lang='lat' dir='ltr'><strong>in</strong></span> <span class='ocrx_word' id='word_1_180' title='bbox 654 1379 684 1399; x_wconf 88' lang='lat' dir='ltr'><strong>se</strong></span> <span class='ocrx_word' id='word_1_181' title='bbox 705 1373 889 1408; x_wconf 76' lang='lat' dir='ltr'><strong>expeditione,</strong></span> <span class='ocrx_word' id='word_1_182' title='bbox 915 1381 987 1404; x_wconf 87' lang='lat' dir='ltr'><strong>metu</strong></span> 
     </span>
    </p>
   </div>
   <div class='ocr_carea' id='block_1_30' title="bbox 199 1415 989 1456">
    <p class='ocr_par' dir='ltr' id='par_1_30' title="bbox 199 1415 989 1456">
     <span class='ocr_line' id='line_1_30' title="bbox 199 1415 989 1456; baseline 0.01 -15"><span class='ocrx_word' id='word_1_183' title='bbox 199 1415 348 1449; x_wconf 84' lang='lat' dir='ltr'><strong>perculsus,</strong></span> <span class='ocrx_word' id='word_1_184' title='bbox 393 1416 592 1444; x_wconf 86' lang='lat' dir='ltr'><strong>immanitatem</strong></span> <span class='ocrx_word' id='word_1_185' title='bbox 631 1418 720 1450; x_wconf 84' lang='lat' dir='ltr'><strong>texit.</strong></span> <span class='ocrx_word' id='word_1_186' title='bbox 756 1419 989 1456; x_wconf 83' lang='lat' dir='ltr'><strong>humanitatisque</strong></span> 
     </span>
    </p>
   </div>
   <div class='ocr_carea' id='block_1_31' title="bbox 198 1461 990 1507">
    <p class='ocr_par' dir='ltr' id='par_1_31' title="bbox 198 1461 990 1507">
     <span class='ocr_line' id='line_1_31' title="bbox 198 1461 990 1507; baseline 0.009 -18"><span class='ocrx_word' id='word_1_187' title='bbox 198 1461 316 1493; x_wconf 81' lang='lat' dir='ltr'><strong>speciem</strong></span> <span class='ocrx_word' id='word_1_188' title='bbox 334 1461 491 1495; x_wconf 83' lang='lat' dir='ltr'><strong>praeferens,</strong></span> <span class='ocrx_word' id='word_1_189' title='bbox 517 1463 694 1497; x_wconf 86' lang='lat' dir='ltr'><strong>jureiurando</strong></span> <span class='ocrx_word' id='word_1_190' title='bbox 714 1465 796 1492; x_wconf 86' lang='lat' dir='ltr'><strong>etiam</strong></span> <span class='ocrx_word' id='word_1_191' title='bbox 815 1473 844 1494; x_wconf 85' lang='lat' dir='ltr'><strong>se</strong></span> <span class='ocrx_word' id='word_1_192' title='bbox 870 1467 990 1507; x_wconf 61' lang='grc' dir='ltr'>φεμ-ἰη-</span> 
     </span>
    </p>
   </div>
   <div class='ocr_carea' id='block_1_32' title="bbox 198 1507 988 1549">
    <p class='ocr_par' dir='ltr' id='par_1_32' title="bbox 198 1507 988 1549">
     <span class='ocr_line' id='line_1_32' title="bbox 198 1507 988 1549; baseline 0.011 -15"><span class='ocrx_word' id='word_1_193' title='bbox 198 1507 249 1538; x_wconf 78' lang='lat' dir='ltr'><strong>xit,</strong></span> <span class='ocrx_word' id='word_1_194' title='bbox 268 1508 431 1536; x_wconf 88' lang='lat' dir='ltr'><strong>clementem</strong></span> <span class='ocrx_word' id='word_1_195' title='bbox 448 1509 576 1544; x_wconf 85' lang='lat' dir='ltr'><strong>deinceps</strong></span> <span class='ocrx_word' id='word_1_196' title='bbox 594 1510 712 1539; x_wconf 88' lang='lat' dir='ltr'><strong>subditis</strong></span> <span class='ocrx_word' id='word_1_197' title='bbox 725 1511 858 1546; x_wconf 82' lang='lat' dir='ltr'><strong>futurum,</strong></span> <span class='ocrx_word' id='word_1_198' title='bbox 873 1521 988 1549; x_wconf 77' lang='lat' dir='ltr'><strong>quaeque</strong></span> 
     </span>
    </p>
   </div>
   <div class='ocr_carea' id='block_1_33' title="bbox 1037 261 1836 298">
    <p class='ocr_par' dir='ltr' id='par_1_33' title="bbox 1037 261 1836 298">
     <span class='ocr_line' id='line_1_33' title="bbox 1037 261 1836 298; baseline 0.005 -11"><span class='ocrx_word' id='word_1_199' title='bbox 1037 261 1136 293; x_wconf 85' lang='grc' dir='ltr'>ἀνεῖλε,</span> <span class='ocrx_word' id='word_1_200' title='bbox 1148 261 1198 296; x_wconf 84' lang='grc' dir='ltr'>τῆς</span> <span class='ocrx_word' id='word_1_201' title='bbox 1213 262 1241 288; x_wconf 78' lang='grc' dir='ltr'>δὲ</span> <span class='ocrx_word' id='word_1_202' title='bbox 1253 261 1399 296; x_wconf 77' lang='grc' dir='ltr'>ἐπιϐουλῆς</span> <span class='ocrx_word' id='word_1_203' title='bbox 1412 262 1573 297; x_wconf 78' lang='grc' dir='ltr'>αἰσθόμενος</span> <span class='ocrx_word' id='word_1_204' title='bbox 1585 262 1681 298; x_wconf 84' lang='grc' dir='ltr'>φεύγει</span> <span class='ocrx_word' id='word_1_205' title='bbox 1697 263 1766 298; x_wconf 86' lang='grc' dir='ltr'>πρὸς</span> <span class='ocrx_word' id='word_1_206' title='bbox 1789 264 1836 291; x_wconf 67' lang='grc' dir='ltr'>τὴν</span> 
     </span>
    </p>
   </div>
   <div class='ocr_carea' id='block_1_34' title="bbox 1039 304 1834 345">
    <p class='ocr_par' dir='ltr' id='par_1_34' title="bbox 1039 304 1834 345">
     <span class='ocr_line' id='line_1_34' title="bbox 1039 304 1834 345; baseline 0.004 -11"><span class='ocrx_word' id='word_1_207' title='bbox 1039 308 1154 342; x_wconf 84' lang='grc' dir='ltr'>πατέρα.</span> <span class='ocrx_word' id='word_1_208' title='bbox 1169 304 1208 335; x_wconf 65' lang='lat' dir='ltr'><strong>UB</strong></span> <span class='ocrx_word' id='word_1_209' title='bbox 1224 308 1269 334; x_wconf 83' lang='grc' dir='ltr'><strong>τὸν</strong></span> <span class='ocrx_word' id='word_1_210' title='bbox 1283 307 1340 338; x_wconf 83' lang='grc' dir='ltr'>βίον</span> <span class='ocrx_word' id='word_1_211' title='bbox 1357 307 1480 340; x_wconf 82' lang='grc' dir='ltr'>λιπόντος</span> <span class='ocrx_word' id='word_1_212' title='bbox 1506 309 1521 335; x_wconf 83' lang='grc' dir='ltr'>ὁ</span> <span class='ocrx_word' id='word_1_213' title='bbox 1537 310 1604 341; x_wconf 79' lang='grc' dir='ltr'>παῖς</span> <span class='ocrx_word' id='word_1_214' title='bbox 1616 309 1758 345; x_wconf 80' lang='grc' dir='ltr'>ἐκδέχεται</span> <span class='ocrx_word' id='word_1_215' title='bbox 1783 309 1834 345; x_wconf 65' lang='grc' dir='ltr'>τὴν</span> 
     </span>
    </p>
   </div>
   <div class='ocr_carea' id='block_1_35' title="bbox 1038 353 1745 394">
    <p class='ocr_par' dir='ltr' id='par_1_35' title="bbox 1038 353 1745 394">
     <span class='ocr_line' id='line_1_35' title="bbox 1038 353 1745 394; baseline 0.008 -14"><span class='ocrx_word' id='word_1_216' title='bbox 1038 353 1190 388; x_wconf 87' lang='grc' dir='ltr'>βασιλείαν.</span> <span class='ocrx_word' id='word_1_217' title='bbox 1734 383 1745 394; x_wconf 30' lang='grc' dir='ltr'><strong>λ</strong></span> 
     </span>
    </p>
   </div>
   <div class='ocr_carea' id='block_1_36' title="bbox 1074 400 1834 438">
    <p class='ocr_par' dir='ltr' id='par_1_36' title="bbox 1074 400 1834 438">
     <span class='ocr_line' id='line_1_36' title="bbox 1074 400 1834 438; baseline 0.003 -11"><span class='ocrx_word' id='word_1_218' title='bbox 1074 401 1182 435; x_wconf 81' lang='grc' dir='ltr'>Ταύτης</span> <span class='ocrx_word' id='word_1_219' title='bbox 1203 401 1232 428; x_wconf 77' lang='grc' dir='ltr'>δὲ</span> <span class='ocrx_word' id='word_1_220' title='bbox 1248 400 1346 432; x_wconf 75' lang='grc' dir='ltr'>ἐπιϐὰς</span> <span class='ocrx_word' id='word_1_221' title='bbox 1370 401 1490 433; x_wconf 82' lang='grc' dir='ltr'>Κελτοὺς</span> <span class='ocrx_word' id='word_1_222' title='bbox 1514 402 1561 428; x_wconf 76' lang='grc' dir='ltr'>καὶ</span> <span class='ocrx_word' id='word_1_223' title='bbox 1580 402 1749 437; x_wconf 77' lang='grc' dir='ltr'>Γερμανοὺς,</span> <span class='ocrx_word' id='word_1_224' title='bbox 1767 402 1834 438; x_wconf 71' lang='grc' dir='ltr'>ἔθνη</span> 
     </span>
    </p>
   </div>
   <div class='ocr_carea' id='block_1_37' title="bbox 1038 446 1830 483">
    <p class='ocr_par' dir='ltr' id='par_1_37' title="bbox 1038 446 1830 483">
     <span class='ocr_line' id='line_1_37' title="bbox 1038 446 1830 483; baseline 0.003 -10"><span class='ocrx_word' id='word_1_225' title='bbox 1038 447 1173 482; x_wconf 80' lang='grc' dir='ltr'><strong>πρόσοικα</strong></span> <span class='ocrx_word' id='word_1_226' title='bbox 1194 447 1241 474; x_wconf 80' lang='grc' dir='ltr'>καὶ</span> <span class='ocrx_word' id='word_1_227' title='bbox 1258 446 1383 482; x_wconf 77' lang='grc' dir='ltr'>βάρΰαρα</span> <span class='ocrx_word' id='word_1_228' title='bbox 1394 468 1402 479; x_wconf 84' lang='grc'><strong>,</strong></span> <span class='ocrx_word' id='word_1_229' title='bbox 1419 448 1781 483; x_wconf 75' lang='grc' dir='ltr'>κατεστρέψατο.Ἀσελγῶς</span> <span class='ocrx_word' id='word_1_230' title='bbox 1799 450 1830 476; x_wconf 75' lang='grc' dir='ltr'>δὲ</span> 
     </span>
    </p>
   </div>
   <div class='ocr_carea' id='block_1_38' title="bbox 1038 492 1836 529">
    <p class='ocr_par' dir='ltr' id='par_1_38' title="bbox 1038 492 1836 529">
     <span class='ocr_line' id='line_1_38' title="bbox 1038 492 1836 529; baseline 0.001 -10"><span class='ocrx_word' id='word_1_231' title='bbox 1038 493 1086 519; x_wconf 76' lang='grc' dir='ltr'>καὶ</span> <span class='ocrx_word' id='word_1_232' title='bbox 1100 492 1206 528; x_wconf 83' lang='grc' dir='ltr'>βαρέως</span> <span class='ocrx_word' id='word_1_233' title='bbox 1228 492 1282 519; x_wconf 86' lang='grc' dir='ltr'><strong>τῶν</strong></span> <span class='ocrx_word' id='word_1_234' title='bbox 1296 492 1424 528; x_wconf 79' lang='grc' dir='ltr'><strong>ὑπηκόων</strong></span> <span class='ocrx_word' id='word_1_235' title='bbox 1447 492 1543 528; x_wconf 78' lang='grc' dir='ltr'>ἄρχειν</span> <span class='ocrx_word' id='word_1_236' title='bbox 1563 493 1715 527; x_wconf 81' lang='grc' dir='ltr'>Μαξέντιον</span> <span class='ocrx_word' id='word_1_237' title='bbox 1737 494 1836 529; x_wconf 81' lang='grc' dir='ltr'>μαθὼν</span> 
     </span>
    </p>
   </div>
   <div class='ocr_carea' id='block_1_39' title="bbox 1040 535 1835 576">
    <p class='ocr_par' dir='ltr' id='par_1_39' title="bbox 1040 535 1835 576">
     <span class='ocr_line' id='line_1_39' title="bbox 1040 535 1835 576; baseline 0.001 -11"><span class='ocrx_word' id='word_1_238' title='bbox 1040 535 1128 574; x_wconf 74' lang='grc' dir='ltr'>(οὗτος</span> <span class='ocrx_word' id='word_1_239' title='bbox 1152 539 1174 566; x_wconf 82' lang='grc' dir='ltr'>δ’</span> <span class='ocrx_word' id='word_1_240' title='bbox 1205 538 1249 575; x_wconf 80' lang='grc' dir='ltr'><strong>ἄρ’</strong></span> <span class='ocrx_word' id='word_1_241' title='bbox 1280 536 1313 574; x_wconf 79' lang='grc' dir='ltr'>ἦν</span> <span class='ocrx_word' id='word_1_242' title='bbox 1349 538 1419 574; x_wconf 72' lang='grc' dir='ltr'>μετὰ</span> <span class='ocrx_word' id='word_1_243' title='bbox 1442 539 1598 574; x_wconf 74' lang='grc' dir='ltr'>Μαξιμϊνον</span> <span class='ocrx_word' id='word_1_244' title='bbox 1610 539 1665 566; x_wconf 76' lang='grc' dir='ltr'><strong>τῶν</strong></span> <span class='ocrx_word' id='word_1_245' title='bbox 1687 540 1716 567; x_wconf 77' lang='grc' dir='ltr'>ἐν</span> <span class='ocrx_word' id='word_1_246' title='bbox 1739 539 1835 576; x_wconf 84' lang='grc' dir='ltr'><strong>Ῥώμῃ</strong></span> 
     </span>
    </p>
   </div>
   <div class='ocr_carea' id='block_1_40' title="bbox 1039 585 1836 621">
    <p class='ocr_par' dir='ltr' id='par_1_40' title="bbox 1039 585 1836 621">
     <span class='ocr_line' id='line_1_40' title="bbox 1039 585 1836 621; baseline 0 -9"><span class='ocrx_word' id='word_1_247' title='bbox 1039 585 1178 618; x_wconf 83' lang='grc' dir='ltr'>καταστὰς</span> <span class='ocrx_word' id='word_1_248' title='bbox 1188 585 1305 621; x_wconf 85' lang='grc' dir='ltr'>κύριος),</span> <span class='ocrx_word' id='word_1_249' title='bbox 1319 585 1499 620; x_wconf 74' lang='grc' dir='ltr'><strong>ἐστράτευσεν</strong></span> <span class='ocrx_word' id='word_1_250' title='bbox 1513 585 1557 612; x_wconf 77' lang='grc' dir='ltr'><strong>ἐπ’</strong></span> <span class='ocrx_word' id='word_1_251' title='bbox 1582 585 1674 616; x_wconf 75' lang='grc' dir='ltr'>αὐτὸν,</span> <span class='ocrx_word' id='word_1_252' title='bbox 1692 586 1769 618; x_wconf 80' lang='grc' dir='ltr'>δίκας</span> <span class='ocrx_word' id='word_1_253' title='bbox 1783 586 1836 620; x_wconf 80' lang='grc' dir='ltr'>τῆς</span> 
     </span>
    </p>
   </div>
   <div class='ocr_carea' id='block_1_41' title="bbox 1040 631 1835 667">
    <p class='ocr_par' dir='ltr' id='par_1_41' title="bbox 1040 631 1835 667">
     <span class='ocr_line' id='line_1_41' title="bbox 1040 631 1835 667; baseline 0.001 -9"><span class='ocrx_word' id='word_1_254' title='bbox 1040 632 1081 663; x_wconf 76' lang='grc' dir='ltr'>εἰς</span> <span class='ocrx_word' id='word_1_255' title='bbox 1096 632 1161 664; x_wconf 79' lang='grc' dir='ltr'>τοὺς</span> <span class='ocrx_word' id='word_1_256' title='bbox 1187 631 1354 666; x_wconf 83' lang='grc' dir='ltr'><strong>ἀρχομένους</strong></span> <span class='ocrx_word' id='word_1_257' title='bbox 1370 631 1545 666; x_wconf 72' lang='grc' dir='ltr'>παρανομίας</span> <span class='ocrx_word' id='word_1_258' title='bbox 1562 632 1760 667; x_wconf 78' lang='grc' dir='ltr'>πραττόμενος.</span> <span class='ocrx_word' id='word_1_259' title='bbox 1776 632 1835 659; x_wconf 78' lang='grc' dir='ltr'><strong>Καὶ</strong></span> 
     </span>
    </p>
   </div>
   <div class='ocr_carea' id='block_1_42' title="bbox 1041 677 1836 714">
    <p class='ocr_par' dir='ltr' id='par_1_42' title="bbox 1041 677 1836 714">
     <span class='ocr_line' id='line_1_42' title="bbox 1041 677 1836 714; baseline 0.001 -10"><span class='ocrx_word' id='word_1_260' title='bbox 1041 677 1115 713; x_wconf 79' lang='grc' dir='ltr'>μάχῃ</span> <span class='ocrx_word' id='word_1_261' title='bbox 1140 678 1256 713; x_wconf 75' lang='grc' dir='ltr'>νικήσας</span> <span class='ocrx_word' id='word_1_262' title='bbox 1272 678 1300 709; x_wconf 85' lang='grc' dir='ltr'>ὲς</span> <span class='ocrx_word' id='word_1_263' title='bbox 1313 677 1403 712; x_wconf 78' lang='grc' dir='ltr'>φυγὴν</span> <span class='ocrx_word' id='word_1_264' title='bbox 1418 677 1527 713; x_wconf 76' lang='grc' dir='ltr'>ἔτρεψε.</span> <span class='ocrx_word' id='word_1_265' title='bbox 1542 678 1654 713; x_wconf 85' lang='grc' dir='ltr'>Φεύγων</span> <span class='ocrx_word' id='word_1_266' title='bbox 1674 678 1713 710; x_wconf 72' lang='grc' dir='ltr'>ἑὲ,</span> <span class='ocrx_word' id='word_1_267' title='bbox 1727 679 1760 714; x_wconf 85' lang='grc' dir='ltr'>ἢν</span> <span class='ocrx_word' id='word_1_268' title='bbox 1776 680 1836 712; x_wconf 75' lang='grc' dir='ltr'>τοῖς</span> 
     </span>
    </p>
   </div>
   <div class='ocr_carea' id='block_1_43' title="bbox 1040 724 1833 760">
    <p class='ocr_par' dir='ltr' id='par_1_43' title="bbox 1040 724 1833 760">
     <span class='ocr_line' id='line_1_43' title="bbox 1040 724 1833 760; baseline 0.001 -10"><span class='ocrx_word' id='word_1_269' title='bbox 1040 724 1179 758; x_wconf 87' lang='grc' dir='ltr'>πολεμίοις</span> <span class='ocrx_word' id='word_1_270' title='bbox 1193 724 1275 755; x_wconf 77' lang='grc' dir='ltr'>αὐτὸς</span> <span class='ocrx_word' id='word_1_271' title='bbox 1297 724 1437 755; x_wconf 73' lang='grc' dir='ltr'><strong>ἀπωλείας</strong></span> <span class='ocrx_word' id='word_1_272' title='bbox 1452 724 1628 759; x_wconf 76' lang='grc' dir='ltr'>ὲδολορῤάφει</span> <span class='ocrx_word' id='word_1_273' title='bbox 1656 725 1780 760; x_wconf 79' lang='grc' dir='ltr'>μηχανὴν</span> <span class='ocrx_word' id='word_1_274' title='bbox 1796 726 1833 758; x_wconf 73' lang='grc' dir='ltr'><strong>⁸ο,</strong></span> 
     </span>
    </p>
   </div>
   <div class='ocr_carea' id='block_1_44' title="bbox 1039 769 1835 808">
    <p class='ocr_par' dir='ltr' id='par_1_44' title="bbox 1039 769 1835 808">
     <span class='ocr_line' id='line_1_44' title="bbox 1039 769 1835 808; baseline 0.003 -11"><span class='ocrx_word' id='word_1_275' title='bbox 1039 770 1142 805; x_wconf 81' lang='grc' dir='ltr'>ταύτην</span> <span class='ocrx_word' id='word_1_276' title='bbox 1164 770 1264 806; x_wconf 86' lang='grc' dir='ltr'>ε’ύρατο</span> <span class='ocrx_word' id='word_1_277' title='bbox 1278 770 1327 796; x_wconf 74' lang='grc' dir='ltr'>τοῦ</span> <span class='ocrx_word' id='word_1_278' title='bbox 1349 769 1407 805; x_wconf 87' lang='grc' dir='ltr'>βίου</span> <span class='ocrx_word' id='word_1_279' title='bbox 1423 771 1627 806; x_wconf 77' lang='grc' dir='ltr'>καταστροφὴν,</span> <span class='ocrx_word' id='word_1_280' title='bbox 1644 772 1677 808; x_wconf 83' lang='grc' dir='ltr'>τῇ</span> <span class='ocrx_word' id='word_1_281' title='bbox 1700 773 1765 807; x_wconf 84' lang='grc' dir='ltr'>παρ’</span> <span class='ocrx_word' id='word_1_282' title='bbox 1782 773 1835 799; x_wconf 87' lang='grc' dir='ltr'><strong>αὖ-</strong></span> 
     </span>
    </p>
   </div>
   <div class='ocr_carea' id='block_1_45' title="bbox 1040 816 1836 852">
    <p class='ocr_par' dir='ltr' id='par_1_45' title="bbox 1040 816 1836 852">
     <span class='ocr_line' id='line_1_45' title="bbox 1040 816 1836 852; baseline 0.001 -9"><span class='ocrx_word' id='word_1_283' title='bbox 1040 816 1087 843; x_wconf 80' lang='grc' dir='ltr'><strong>τοῦ</strong></span> <span class='ocrx_word' id='word_1_284' title='bbox 1103 816 1359 852; x_wconf 78' lang='grc' dir='ltr'><strong>κατασκευασθείσῃ</strong></span> <span class='ocrx_word' id='word_1_285' title='bbox 1374 816 1487 851; x_wconf 82' lang='grc' dir='ltr'>διώρυγι</span> <span class='ocrx_word' id='word_1_286' title='bbox 1513 816 1681 851; x_wconf 84' lang='grc' dir='ltr'>περιπεσών.</span> <span class='ocrx_word' id='word_1_287' title='bbox 1697 817 1753 852; x_wconf 82' lang='grc' dir='ltr'>Τὴν</span> <span class='ocrx_word' id='word_1_288' title='bbox 1772 818 1836 852; x_wconf 86' lang='grc' dir='ltr'>μέν-</span> 
     </span>
    </p>
   </div>
   <div class='ocr_carea' id='block_1_46' title="bbox 1039 861 1835 897">
    <p class='ocr_par' dir='ltr' id='par_1_46' title="bbox 1039 861 1835 897">
     <span class='ocr_line' id='line_1_46' title="bbox 1039 861 1835 897; baseline 0.001 -9"><span class='ocrx_word' id='word_1_289' title='bbox 1039 870 1081 888; x_wconf 83' lang='grc' dir='ltr'><strong>τοι</strong></span> <span class='ocrx_word' id='word_1_290' title='bbox 1093 861 1188 889; x_wconf 84' lang='grc' dir='ltr'>τούτου</span> <span class='ocrx_word' id='word_1_291' title='bbox 1217 861 1340 896; x_wconf 81' lang='grc' dir='ltr'>κεφαλήν</span> <span class='ocrx_word' id='word_1_292' title='bbox 1358 869 1433 893; x_wconf 85' lang='grc' dir='ltr'>τινες</span> <span class='ocrx_word' id='word_1_293' title='bbox 1449 861 1503 888; x_wconf 84' lang='grc' dir='ltr'><strong>τῶν</strong></span> <span class='ocrx_word' id='word_1_294' title='bbox 1526 861 1670 896; x_wconf 88' lang='grc' dir='ltr'>Ῥωμαίων</span> <span class='ocrx_word' id='word_1_295' title='bbox 1681 862 1835 897; x_wconf 80' lang='grc' dir='ltr'>ἀποτεμόν-</span> 
     </span>
    </p>
   </div>
   <div class='ocr_carea' id='block_1_47' title="bbox 1040 906 1834 943">
    <p class='ocr_par' dir='ltr' id='par_1_47' title="bbox 1040 906 1834 943">
     <span class='ocr_line' id='line_1_47' title="bbox 1040 906 1834 943; baseline 0.001 -10"><span class='ocrx_word' id='word_1_296' title='bbox 1040 915 1084 938; x_wconf 85' lang='grc' dir='ltr'><strong>τες</strong></span> <span class='ocrx_word' id='word_1_297' title='bbox 1107 907 1154 933; x_wconf 62' lang='grc' dir='ltr'><strong>καὶ¹</strong></span> <span class='ocrx_word' id='word_1_298' title='bbox 1174 906 1245 942; x_wconf 77' lang='grc' dir='ltr'>ξύλῳ</span> <span class='ocrx_word' id='word_1_299' title='bbox 1263 907 1432 942; x_wconf 83' lang='grc' dir='ltr'>ἁρτὴσαντες</span> <span class='ocrx_word' id='word_1_300' title='bbox 1448 906 1497 942; x_wconf 78' lang='grc' dir='ltr'>τὴν</span> <span class='ocrx_word' id='word_1_301' title='bbox 1528 906 1606 933; x_wconf 85' lang='grc' dir='ltr'>πόλιν</span> <span class='ocrx_word' id='word_1_302' title='bbox 1628 908 1834 943; x_wconf 78' lang='grc' dir='ltr'>περιεπόλευρν.</span> 
     </span>
    </p>
   </div>
   <div class='ocr_carea' id='block_1_48' title="bbox 1039 952 1835 990">
    <p class='ocr_par' dir='ltr' id='par_1_48' title="bbox 1039 952 1835 990">
     <span class='ocr_line' id='line_1_48' title="bbox 1039 952 1835 990; baseline 0.001 -10"><span class='ocrx_word' id='word_1_303' title='bbox 1039 954 1238 988; x_wconf 84' lang='grc' dir='ltr'>Κωνσταντίνῳ</span> <span class='ocrx_word' id='word_1_304' title='bbox 1259 953 1348 980; x_wconf 77' lang='grc' dir='ltr'>δὲκαὶ</span> <span class='ocrx_word' id='word_1_305' title='bbox 1368 953 1446 988; x_wconf 83' lang='grc' dir='ltr'>ἧδεή</span> <span class='ocrx_word' id='word_1_306' title='bbox 1468 952 1594 988; x_wconf 85' lang='grc' dir='ltr'>βασιλεία</span> <span class='ocrx_word' id='word_1_307' title='bbox 1615 953 1763 990; x_wconf 81' lang='grc' dir='ltr'>προθύμως</span> <span class='ocrx_word' id='word_1_308' title='bbox 1784 954 1835 982; x_wconf 87' lang='grc' dir='ltr'>καὶ</span> 
     </span>
    </p>
   </div>
   <div class='ocr_carea' id='block_1_49' title="bbox 1040 999 1416 1035">
    <p class='ocr_par' dir='ltr' id='par_1_49' title="bbox 1040 999 1416 1035">
     <span class='ocr_line' id='line_1_49' title="bbox 1040 999 1416 1035; baseline 0.003 -9"><span class='ocrx_word' id='word_1_309' title='bbox 1040 1000 1175 1035; x_wconf 88' lang='grc' dir='ltr'>χαίρουσα</span> <span class='ocrx_word' id='word_1_310' title='bbox 1191 999 1416 1035; x_wconf 82' lang='grc' dir='ltr'>προσεχώρησεν.</span> 
     </span>
    </p>
   </div>
   <div class='ocr_carea' id='block_1_50' title="bbox 1083 1045 1834 1082">
    <p class='ocr_par' dir='ltr' id='par_1_50' title="bbox 1083 1045 1834 1082">
     <span class='ocr_line' id='line_1_50' title="bbox 1083 1045 1834 1082; baseline 0.001 -10"><span class='ocrx_word' id='word_1_311' title='bbox 1083 1045 1160 1072; x_wconf 73' lang='grc' dir='ltr'>Ἐπεὶ</span> <span class='ocrx_word' id='word_1_312' title='bbox 1173 1046 1201 1072; x_wconf 85' lang='grc' dir='ltr'>δὲ</span> <span class='ocrx_word' id='word_1_313' title='bbox 1216 1045 1264 1073; x_wconf 77' lang='grc' dir='ltr'>καὶ</span> <span class='ocrx_word' id='word_1_314' title='bbox 1276 1045 1396 1073; x_wconf 77' lang='grc' dir='ltr'>Λικίνιον</span> <span class='ocrx_word' id='word_1_315' title='bbox 1412 1046 1496 1081; x_wconf 80' lang='grc' dir='ltr'>ὠμῶς</span> <span class='ocrx_word' id='word_1_316' title='bbox 1507 1047 1554 1074; x_wconf 64' lang='grc' dir='ltr'>καὶ</span> <span class='ocrx_word' id='word_1_317' title='bbox 1569 1046 1762 1082; x_wconf 77' lang='grc' dir='ltr'>ἀπανθρώπως</span> <span class='ocrx_word' id='word_1_318' title='bbox 1775 1049 1834 1079; x_wconf 84' lang='grc' dir='ltr'>τοῖς</span> 
     </span>
    </p>
   </div>
   <div class='ocr_carea' id='block_1_51' title="bbox 1039 1090 1834 1130">
    <p class='ocr_par' dir='ltr' id='par_1_51' title="bbox 1039 1090 1834 1130">
     <span class='ocr_line' id='line_1_51' title="bbox 1039 1090 1834 1130; baseline 0.001 -11"><span class='ocrx_word' id='word_1_319' title='bbox 1039 1093 1171 1128; x_wconf 79' lang='grc' dir='ltr'>ὑπηκόοις</span> <span class='ocrx_word' id='word_1_320' title='bbox 1193 1094 1418 1128; x_wconf 85' lang='grc' dir='ltr'>ἀποκεχρημένον</span> <span class='ocrx_word' id='word_1_321' title='bbox 1439 1094 1605 1120; x_wconf 79' lang='grc' dir='ltr'>ἐπυνθάνετο</span> <span class='ocrx_word' id='word_1_322' title='bbox 1628 1090 1722 1130; x_wconf 71' lang='grc' dir='ltr'>(οὗτος</span> <span class='ocrx_word' id='word_1_323' title='bbox 1735 1094 1763 1121; x_wconf 85' lang='grc' dir='ltr'>δὲ</span> <span class='ocrx_word' id='word_1_324' title='bbox 1780 1094 1834 1129; x_wconf 72' lang='grc' dir='ltr'>τῆς</span> 
     </span>
    </p>
   </div>
   <div class='ocr_carea' id='block_1_52' title="bbox 1041 1138 1832 1176">
    <p class='ocr_par' dir='ltr' id='par_1_52' title="bbox 1041 1138 1832 1176">
     <span class='ocr_line' id='line_1_52' title="bbox 1041 1138 1832 1176; baseline -0.001 -9"><span class='ocrx_word' id='word_1_325' title='bbox 1041 1141 1138 1175; x_wconf 86' lang='grc' dir='ltr'>μοίρας</span> <span class='ocrx_word' id='word_1_326' title='bbox 1149 1140 1256 1176; x_wconf 74' lang='grc' dir='ltr'>ἐκείνης</span> <span class='ocrx_word' id='word_1_327' title='bbox 1272 1140 1455 1172; x_wconf 74' lang='grc' dir='ltr'>ἐϐασίλευσεν,</span> <span class='ocrx_word' id='word_1_328' title='bbox 1466 1138 1499 1176; x_wconf 83' lang='grc' dir='ltr'>ἦς</span> <span class='ocrx_word' id='word_1_329' title='bbox 1516 1141 1690 1176; x_wconf 81' lang='grc' dir='ltr'>Μαξιμῖνοςὸ</span> <span class='ocrx_word' id='word_1_330' title='bbox 1704 1141 1754 1175; x_wconf 70' lang='grc' dir='ltr'><strong>τὴν</strong></span> <span class='ocrx_word' id='word_1_331' title='bbox 1769 1141 1832 1166; x_wconf 72' lang='grc' dir='ltr'>ἑπι-</span> 
     </span>
    </p>
   </div>
   <div class='ocr_carea' id='block_1_53' title="bbox 1040 1186 1832 1223">
    <p class='ocr_par' dir='ltr' id='par_1_53' title="bbox 1040 1186 1832 1223">
     <span class='ocr_line' id='line_1_53' title="bbox 1040 1186 1832 1223; baseline 0.001 -10"><span class='ocrx_word' id='word_1_332' title='bbox 1040 1187 1136 1223; x_wconf 76' lang='grc' dir='ltr'>6ουλὴν</span> <span class='ocrx_word' id='word_1_333' title='bbox 1161 1187 1358 1222; x_wconf 85' lang='grc' dir='ltr'>Κωνσταντίνῳ</span> <span class='ocrx_word' id='word_1_334' title='bbox 1380 1187 1424 1214; x_wconf 76' lang='grc' dir='ltr'><strong>διὰ</strong></span> <span class='ocrx_word' id='word_1_335' title='bbox 1447 1187 1494 1214; x_wconf 79' lang='grc' dir='ltr'>τοῦ</span> <span class='ocrx_word' id='word_1_336' title='bbox 1515 1187 1624 1218; x_wconf 81' lang='grc' dir='ltr'>λέοντος</span> <span class='ocrx_word' id='word_1_337' title='bbox 1639 1186 1832 1223; x_wconf 80' lang='grc' dir='ltr'>προσενεγκὼν</span> 
     </span>
    </p>
   </div>
   <div class='ocr_carea' id='block_1_54' title="bbox 1039 1233 1832 1269">
    <p class='ocr_par' dir='ltr' id='par_1_54' title="bbox 1039 1233 1832 1269">
     <span class='ocr_line' id='line_1_54' title="bbox 1039 1233 1832 1269; baseline 0.001 -9"><span class='ocrx_word' id='word_1_338' title='bbox 1039 1234 1193 1267; x_wconf 77' lang='grc' dir='ltr'>ἐπεστάτει,</span> <span class='ocrx_word' id='word_1_339' title='bbox 1215 1233 1297 1261; x_wconf 79' lang='grc' dir='ltr'>αὑτοῦ</span> <span class='ocrx_word' id='word_1_340' title='bbox 1319 1234 1365 1260; x_wconf 66' lang='grc' dir='ltr'><strong>τὸν</strong></span> <span class='ocrx_word' id='word_1_341' title='bbox 1387 1234 1444 1269; x_wconf 85' lang='grc' dir='ltr'>βίον</span> <span class='ocrx_word' id='word_1_342' title='bbox 1465 1234 1619 1269; x_wconf 83' lang='grc' dir='ltr'>λιπόντος),</span> <span class='ocrx_word' id='word_1_343' title='bbox 1639 1235 1688 1261; x_wconf 79' lang='grc' dir='ltr'><strong>οὐκ</strong></span> <span class='ocrx_word' id='word_1_344' title='bbox 1711 1234 1832 1268; x_wconf 75' lang='grc' dir='ltr'>ἐνεγκὼν</span> 
     </span>
    </p>
   </div>
   <div class='ocr_carea' id='block_1_55' title="bbox 1038 1279 1830 1317">
    <p class='ocr_par' dir='ltr' id='par_1_55' title="bbox 1038 1279 1830 1317">
     <span class='ocr_line' id='line_1_55' title="bbox 1038 1279 1830 1317; baseline 0.004 -12"><span class='ocrx_word' id='word_1_345' title='bbox 1038 1279 1182 1314; x_wconf 87' lang='grc' dir='ltr'>ὁμοφύλων</span> <span class='ocrx_word' id='word_1_346' title='bbox 1211 1279 1290 1316; x_wconf 79' lang='grc' dir='ltr'>ὓϐριν</span> <span class='ocrx_word' id='word_1_347' title='bbox 1311 1281 1447 1316; x_wconf 80' lang='grc' dir='ltr'>ἀφόρητον</span> <span class='ocrx_word' id='word_1_348' title='bbox 1470 1282 1632 1317; x_wconf 77' lang='grc' dir='ltr'>ἐστράτευεν</span> <span class='ocrx_word' id='word_1_349' title='bbox 1658 1283 1701 1308; x_wconf 73' lang='grc' dir='ltr'><strong>ἐπ’</strong></span> <span class='ocrx_word' id='word_1_350' title='bbox 1730 1282 1830 1315; x_wconf 77' lang='grc' dir='ltr'>αὑτὸν,</span> 
     </span>
    </p>
   </div>
   <div class='ocr_carea' id='block_1_56' title="bbox 1038 1327 1832 1363">
    <p class='ocr_par' dir='ltr' id='par_1_56' title="bbox 1038 1327 1832 1363">
     <span class='ocr_line' id='line_1_56' title="bbox 1038 1327 1832 1363; baseline 0.003 -11"><span class='ocrx_word' id='word_1_351' title='bbox 1038 1328 1088 1359; x_wconf 81' lang='grc' dir='ltr'>τῆς</span> <span class='ocrx_word' id='word_1_352' title='bbox 1103 1327 1260 1361; x_wconf 83' lang='grc' dir='ltr'>τυραννίδος</span> <span class='ocrx_word' id='word_1_353' title='bbox 1279 1327 1359 1354; x_wconf 72' lang='grc' dir='ltr'>αὑτὸν</span> <span class='ocrx_word' id='word_1_354' title='bbox 1373 1328 1413 1359; x_wconf 85' lang='grc' dir='ltr'><strong>είς</strong></span> <span class='ocrx_word' id='word_1_355' title='bbox 1429 1328 1458 1354; x_wconf 69' lang='grc' dir='ltr'><strong>τὸ</strong></span> <span class='ocrx_word' id='word_1_356' title='bbox 1475 1327 1624 1361; x_wconf 82' lang='grc' dir='ltr'>βασιλικῶς</span> <span class='ocrx_word' id='word_1_357' title='bbox 1639 1329 1732 1363; x_wconf 84' lang='grc' dir='ltr'>ἄρχειν</span> <span class='ocrx_word' id='word_1_358' title='bbox 1747 1337 1832 1362; x_wconf 77' lang='grc' dir='ltr'>μεταο</span> 
     </span>
    </p>
   </div>
   <div class='ocr_carea' id='block_1_57' title="bbox 1040 1371 1832 1408">
    <p class='ocr_par' dir='ltr' id='par_1_57' title="bbox 1040 1371 1832 1408">
     <span class='ocr_line' id='line_1_57' title="bbox 1040 1371 1832 1408; baseline 0.003 -11"><span class='ocrx_word' id='word_1_359' title='bbox 1040 1371 1205 1406; x_wconf 83' lang='grc' dir='ltr'>στησόμενος</span> <span class='ocrx_word' id='word_1_360' title='bbox 1211 1371 1244 1399; x_wconf 79' lang='grc'><strong>⁸⁷.</strong></span> <span class='ocrx_word' id='word_1_361' title='bbox 1253 1371 1371 1403; x_wconf 79' lang='grc' dir='ltr'>Λικίνιος</span> <span class='ocrx_word' id='word_1_362' title='bbox 1382 1372 1410 1398; x_wconf 84' lang='grc' dir='ltr'>δὲ</span> <span class='ocrx_word' id='word_1_363' title='bbox 1425 1372 1474 1407; x_wconf 86' lang='grc' dir='ltr'>τὴν</span> <span class='ocrx_word' id='word_1_364' title='bbox 1485 1372 1530 1399; x_wconf 84' lang='grc' dir='ltr'>τοῦ</span> <span class='ocrx_word' id='word_1_365' title='bbox 1547 1372 1679 1406; x_wconf 78' lang='grc' dir='ltr'>βασιλέως</span> <span class='ocrx_word' id='word_1_366' title='bbox 1693 1374 1832 1408; x_wconf 77' lang='grc' dir='ltr'>ἐπιστρα-</span> 
     </span>
    </p>
   </div>
   <div class='ocr_carea' id='block_1_58' title="bbox 1038 1417 1834 1453">
    <p class='ocr_par' dir='ltr' id='par_1_58' title="bbox 1038 1417 1834 1453">
     <span class='ocr_line' id='line_1_58' title="bbox 1038 1417 1834 1453; baseline 0 -9"><span class='ocrx_word' id='word_1_367' title='bbox 1038 1417 1113 1444; x_wconf 80' lang='grc' dir='ltr'>τείαν</span> <span class='ocrx_word' id='word_1_368' title='bbox 1129 1417 1253 1448; x_wconf 81' lang='grc' dir='ltr'>ἀκούσας</span> <span class='ocrx_word' id='word_1_369' title='bbox 1278 1417 1324 1444; x_wconf 72' lang='grc' dir='ltr'>καὶ</span> <span class='ocrx_word' id='word_1_370' title='bbox 1349 1417 1450 1451; x_wconf 77' lang='grc' dir='ltr'>δείσας,</span> <span class='ocrx_word' id='word_1_371' title='bbox 1464 1417 1581 1453; x_wconf 70' lang='grc' dir='ltr'>ἔκρυπτε</span> <span class='ocrx_word' id='word_1_372' title='bbox 1598 1427 1627 1444; x_wconf 86' lang='grc' dir='ltr'><strong>τε</strong></span> <span class='ocrx_word' id='word_1_373' title='bbox 1642 1418 1692 1453; x_wconf 87' lang='grc' dir='ltr'>τὴν</span> <span class='ocrx_word' id='word_1_374' title='bbox 1701 1418 1834 1453; x_wconf 82' lang='grc' dir='ltr'>ὡμότητα</span> 
     </span>
    </p>
   </div>
   <div class='ocr_carea' id='block_1_59' title="bbox 1039 1463 1834 1499">
    <p class='ocr_par' dir='ltr' id='par_1_59' title="bbox 1039 1463 1834 1499">
     <span class='ocr_line' id='line_1_59' title="bbox 1039 1463 1834 1499; baseline 0.003 -10"><span class='ocrx_word' id='word_1_375' title='bbox 1039 1463 1245 1498; x_wconf 70' lang='grc' dir='ltr'>φιλανθρωπίας</span> <span class='ocrx_word' id='word_1_376' title='bbox 1260 1463 1292 1479; x_wconf 79' lang='grc'><strong>⁸⁷·</strong></span> <span class='ocrx_word' id='word_1_377' title='bbox 1319 1464 1505 1499; x_wconf 83' lang='grc' dir='ltr'>προσχήματι,</span> <span class='ocrx_word' id='word_1_378' title='bbox 1521 1464 1567 1490; x_wconf 79' lang='grc' dir='ltr'>καὶ</span> <span class='ocrx_word' id='word_1_379' title='bbox 1577 1464 1674 1499; x_wconf 79' lang='grc' dir='ltr'>ὅρκους</span> <span class='ocrx_word' id='word_1_380' title='bbox 1691 1464 1834 1491; x_wconf 79' lang='grc' dir='ltr'>ὑπέτεινεν</span> 
     </span>
    </p>
   </div>
   <div class='ocr_carea' id='block_1_60' title="bbox 1039 1508 1834 1543">
    <p class='ocr_par' dir='ltr' id='par_1_60' title="bbox 1039 1508 1834 1543">
     <span class='ocr_line' id='line_1_60' title="bbox 1039 1508 1834 1543; baseline 0 -8"><span class='ocrx_word' id='word_1_381' title='bbox 1039 1508 1141 1542; x_wconf 81' lang='grc' dir='ltr'>ἀγαθόν</span> <span class='ocrx_word' id='word_1_382' title='bbox 1164 1516 1194 1534; x_wconf 84' lang='grc' dir='ltr'><strong>τε</strong></span> <span class='ocrx_word' id='word_1_383' title='bbox 1218 1508 1313 1534; x_wconf 68' lang='grc' dir='ltr'>ἑαυτὸν</span> <span class='ocrx_word' id='word_1_384' title='bbox 1332 1510 1388 1540; x_wconf 85' lang='grc' dir='ltr'>τοϊς</span> <span class='ocrx_word' id='word_1_385' title='bbox 1409 1508 1462 1535; x_wconf 78' lang='grc' dir='ltr'>ὑπὸ</span> <span class='ocrx_word' id='word_1_386' title='bbox 1476 1509 1556 1543; x_wconf 84' lang='grc' dir='ltr'>χεῖρα</span> <span class='ocrx_word' id='word_1_387' title='bbox 1577 1508 1768 1543; x_wconf 78' lang='grc' dir='ltr'>παρασχέσθαι</span> <span class='ocrx_word' id='word_1_388' title='bbox 1783 1509 1834 1536; x_wconf 68' lang='grc' dir='ltr'>καὶ</span> 
     </span>
    </p>
   </div>
   <div class='ocr_carea' id='block_1_61' title="bbox 199 1551 986 1593">
    <p class='ocr_par' dir='ltr' id='par_1_61' title="bbox 199 1553 986 1593">
     <span class='ocr_line' id='line_1_61' title="bbox 199 1553 986 1593; baseline 0.009 -13"><span class='ocrx_word' id='word_1_389' title='bbox 199 1553 301 1580; x_wconf 71' lang='lat' dir='ltr'><strong>foedere</strong></span> <span class='ocrx_word' id='word_1_390' title='bbox 317 1553 371 1581; x_wconf 87' lang='lat' dir='ltr'><strong>icto</strong></span> <span class='ocrx_word' id='word_1_391' title='bbox 385 1554 563 1589; x_wconf 85' lang='lat' dir='ltr'><strong>promisisset,</strong></span> <span class='ocrx_word' id='word_1_392' title='bbox 583 1556 688 1591; x_wconf 73' lang='lat' dir='ltr'><strong>integre</strong></span> <span class='ocrx_word' id='word_1_393' title='bbox 697 1563 879 1586; x_wconf 86' lang='lat' dir='ltr'><strong>servaturum.</strong></span> <span class='ocrx_word' id='word_1_394' title='bbox 894 1559 986 1593; x_wconf 84' lang='lat' dir='ltr'><strong>Quam</strong></span> 
     </span>
    </p>
   </div>
   <div class='ocr_carea' id='block_1_62' title="bbox 1040 1551 1834 1593">
    <p class='ocr_par' dir='ltr' id='par_1_62' title="bbox 1046 1553 1834 1589">
     <span class='ocr_line' id='line_1_62' title="bbox 1046 1553 1834 1589; baseline 0.001 -9"><span class='ocrx_word' id='word_1_395' title='bbox 1046 1554 1078 1587; x_wconf 80' lang='grc' dir='ltr'>ἃς</span> <span class='ocrx_word' id='word_1_396' title='bbox 1095 1554 1173 1580; x_wconf 75' lang='grc' dir='ltr'>ἔθετο</span> <span class='ocrx_word' id='word_1_397' title='bbox 1189 1553 1306 1586; x_wconf 78' lang='grc' dir='ltr'>σπονδὰς</span> <span class='ocrx_word' id='word_1_398' title='bbox 1323 1555 1465 1589; x_wconf 77' lang='grc' dir='ltr'>συντηρεῖν</span> <span class='ocrx_word' id='word_1_399' title='bbox 1488 1554 1695 1588; x_wconf 77' lang='grc' dir='ltr'>ὰπαραΰάτους.</span> <span class='ocrx_word' id='word_1_400' title='bbox 1711 1555 1757 1581; x_wconf 84' lang='grc' dir='ltr'>Διὺ</span> <span class='ocrx_word' id='word_1_401' title='bbox 1769 1555 1834 1582; x_wconf 84' lang='grc' dir='ltr'>τότε</span> 
     </span>
    </p>
   </div>
   <div class='ocr_carea' id='block_1_63' title="bbox 198 1599 987 1635">
    <p class='ocr_par' dir='ltr' id='par_1_63' title="bbox 198 1599 987 1635">
     <span class='ocr_line' id='line_1_63' title="bbox 198 1599 987 1635; baseline 0.009 -10"><span class='ocrx_word' id='word_1_402' title='bbox 198 1599 292 1626; x_wconf 88' lang='lat' dir='ltr'><strong>obrem</strong></span> <span class='ocrx_word' id='word_1_403' title='bbox 325 1600 393 1627; x_wconf 86' lang='lat' dir='ltr'><strong>bello</strong></span> <span class='ocrx_word' id='word_1_404' title='bbox 423 1601 647 1635; x_wconf 88' lang='lat' dir='ltr'><strong>tuncimpcrator</strong></span> <span class='ocrx_word' id='word_1_405' title='bbox 663 1603 804 1630; x_wconf 81' lang='lat' dir='ltr'><strong>abstinuit.</strong></span> <span class='ocrx_word' id='word_1_406' title='bbox 821 1603 886 1630; x_wconf 85' lang='lat' dir='ltr'><strong>Post</strong></span> <span class='ocrx_word' id='word_1_407' title='bbox 899 1609 987 1632; x_wconf 89' lang='lat' dir='ltr'><strong>tamen</strong></span> 
     </span>
    </p>
   </div>
   <div class='ocr_carea' id='block_1_64' title="bbox 200 1645 987 1684">
    <p class='ocr_par' dir='ltr' id='par_1_64' title="bbox 200 1645 987 1684">
     <span class='ocr_line' id='line_1_64' title="bbox 200 1645 987 1684; baseline 0.009 -13"><span class='ocrx_word' id='word_1_408' title='bbox 200 1645 247 1680; x_wconf 91' lang='lat' dir='ltr'><strong>(ut</strong></span> <span class='ocrx_word' id='word_1_409' title='bbox 264 1646 460 1679; x_wconf 82' lang='lat' dir='ltr'><strong>conquiescere</strong></span> <span class='ocrx_word' id='word_1_410' title='bbox 479 1647 640 1680; x_wconf 83' lang='lat' dir='ltr'><strong>improbitas</strong></span> <span class='ocrx_word' id='word_1_411' title='bbox 666 1648 778 1684; x_wconf 88' lang='lat' dir='ltr'><strong>nequit)</strong></span> <span class='ocrx_word' id='word_1_412' title='bbox 798 1649 890 1676; x_wconf 81' lang='lat' dir='ltr'><strong>violati</strong></span> <span class='ocrx_word' id='word_1_413' title='bbox 904 1650 987 1682; x_wconf 88' lang='lat' dir='ltr'><strong>juris-</strong></span> 
     </span>
    </p>
   </div>
   <div class='ocr_carea' id='block_1_65' title="bbox 195 1691 988 1729">
    <p class='ocr_par' dir='ltr' id='par_1_65' title="bbox 195 1691 988 1729">
     <span class='ocr_line' id='line_1_65' title="bbox 195 1691 988 1729; baseline 0.008 -12"><span class='ocrx_word' id='word_1_414' title='bbox 195 1691 307 1724; x_wconf 81' lang='lat' dir='ltr'><strong>jurandi</strong></span> <span class='ocrx_word' id='word_1_415' title='bbox 324 1699 412 1724; x_wconf 89' lang='lat' dir='ltr'><strong>reum,</strong></span> <span class='ocrx_word' id='word_1_416' title='bbox 439 1697 520 1727; x_wconf 89' lang='lat' dir='ltr'><strong>atque</strong></span> <span class='ocrx_word' id='word_1_417' title='bbox 548 1692 574 1719; x_wconf 89' lang='lat' dir='ltr'><strong>in</strong></span> <span class='ocrx_word' id='word_1_418' title='bbox 602 1701 684 1720; x_wconf 88' lang='lat' dir='ltr'><strong>omne</strong></span> <span class='ocrx_word' id='word_1_419' title='bbox 710 1693 872 1729; x_wconf 87' lang='lat' dir='ltr'><strong>flagitiorum</strong></span> <span class='ocrx_word' id='word_1_420' title='bbox 902 1702 988 1728; x_wconf 71' lang='lat' dir='ltr'><strong>genus</strong></span> 
     </span>
    </p>
   </div>
   <div class='ocr_carea' id='block_1_66' title="bbox 199 1737 988 1774">
    <p class='ocr_par' dir='ltr' id='par_1_66' title="bbox 199 1737 988 1774">
     <span class='ocr_line' id='line_1_66' title="bbox 199 1737 988 1774; baseline 0.004 -9"><span class='ocrx_word' id='word_1_421' title='bbox 199 1737 350 1772; x_wconf 84' lang='lat' dir='ltr'><strong>delapsum,</strong></span> <span class='ocrx_word' id='word_1_422' title='bbox 367 1738 524 1773; x_wconf 79' lang='lat' dir='ltr'><strong>ingentibus</strong></span> <span class='ocrx_word' id='word_1_423' title='bbox 547 1738 648 1773; x_wconf 70' lang='lat' dir='ltr'><strong>prmliis</strong></span> <span class='ocrx_word' id='word_1_424' title='bbox 666 1747 839 1774; x_wconf 74' lang='lat' dir='ltr'><strong>oppugnatis,</strong></span> <span class='ocrx_word' id='word_1_425' title='bbox 858 1739 988 1768; x_wconf 87' lang='lat' dir='ltr'><strong>Nicome-</strong></span> 
     </span>
    </p>
   </div>
   <div class='ocr_carea' id='block_1_67' title="bbox 200 1783 986 1820">
    <p class='ocr_par' dir='ltr' id='par_1_67' title="bbox 200 1783 986 1820">
     <span class='ocr_line' id='line_1_67' title="bbox 200 1783 986 1820; baseline 0.005 -10"><span class='ocrx_word' id='word_1_426' title='bbox 200 1783 252 1811; x_wconf 83' lang='lat' dir='ltr'><strong>diae</strong></span> <span class='ocrx_word' id='word_1_427' title='bbox 275 1784 420 1816; x_wconf 89' lang='lat' dir='ltr'><strong>inclusum,</strong></span> <span class='ocrx_word' id='word_1_428' title='bbox 444 1784 562 1812; x_wconf 84' lang='lat' dir='ltr'><strong>obsedit.</strong></span> <span class='ocrx_word' id='word_1_429' title='bbox 581 1784 651 1811; x_wconf 90' lang='lat' dir='ltr'><strong>Hinc</strong></span> <span class='ocrx_word' id='word_1_430' title='bbox 675 1785 806 1820; x_wconf 86' lang='lat' dir='ltr'><strong>supplicis</strong></span> <span class='ocrx_word' id='word_1_431' title='bbox 832 1786 925 1813; x_wconf 86' lang='lat' dir='ltr'><strong>habitu</strong></span> <span class='ocrx_word' id='word_1_432' title='bbox 954 1787 986 1814; x_wconf 83' lang='lat' dir='ltr'><strong>ad</strong></span> 
     </span>
    </p>
   </div>
   <div class='ocr_carea' id='block_1_68' title="bbox 200 1829 985 1866">
    <p class='ocr_par' dir='ltr' id='par_1_68' title="bbox 200 1829 985 1866">
     <span class='ocr_line' id='line_1_68' title="bbox 200 1829 985 1866; baseline 0.005 -10"><span class='ocrx_word' id='word_1_433' title='bbox 200 1829 411 1857; x_wconf 88' lang='lat' dir='ltr'><strong>Constantinum</strong></span> <span class='ocrx_word' id='word_1_434' title='bbox 439 1829 563 1865; x_wconf 75' lang='lat' dir='ltr'><strong>fugienti,</strong></span> <span class='ocrx_word' id='word_1_435' title='bbox 589 1831 747 1863; x_wconf 84' lang='lat' dir='ltr'><strong>ademptum</strong></span> <span class='ocrx_word' id='word_1_436' title='bbox 769 1831 913 1866; x_wconf 75' lang='lat' dir='ltr'><strong>imperium</strong></span> <span class='ocrx_word' id='word_1_437' title='bbox 933 1838 985 1865; x_wconf 89' lang='lat' dir='ltr'><strong>est,</strong></span> 
     </span>
    </p>
   </div>
   <div class='ocr_carea' id='block_1_69' title="bbox 198 1875 989 1914">
    <p class='ocr_par' dir='ltr' id='par_1_69' title="bbox 198 1875 989 1914">
     <span class='ocr_line' id='line_1_69' title="bbox 198 1875 989 1914; baseline 0.005 -11"><span class='ocrx_word' id='word_1_438' title='bbox 198 1876 420 1904; x_wconf 60' lang='lat' dir='ltr'><strong>“Constantino</strong></span> <span class='ocrx_word' id='word_1_439' title='bbox 439 1875 538 1911; x_wconf 77' lang='lat' dir='ltr'><strong>Magno</strong></span> <span class='ocrx_word' id='word_1_440' title='bbox 551 1876 692 1904; x_wconf 80' lang='lat' dir='ltr'><strong>traditum.</strong></span> <span class='ocrx_word' id='word_1_441' title='bbox 714 1876 772 1909; x_wconf 83' lang='lat' dir='ltr'><strong>Sic,</strong></span> <span class='ocrx_word' id='word_1_442' title='bbox 792 1879 908 1912; x_wconf 82' lang='lat' dir='ltr'><strong>quaesito</strong></span> <span class='ocrx_word' id='word_1_443' title='bbox 932 1880 989 1914; x_wconf 90' lang='lat' dir='ltr'><strong>pri-</strong></span> 
     </span>
    </p>
   </div>
   <div class='ocr_carea' id='block_1_70' title="bbox 198 1922 987 1958">
    <p class='ocr_par' dir='ltr' id='par_1_70' title="bbox 198 1922 987 1958">
     <span class='ocr_line' id='line_1_70' title="bbox 198 1922 987 1958; baseline 0.006 -10"><span class='ocrx_word' id='word_1_444' title='bbox 198 1923 260 1949; x_wconf 88' lang='lat' dir='ltr'><strong>dem</strong></span> <span class='ocrx_word' id='word_1_445' title='bbox 274 1922 356 1958; x_wconf 73' lang='lat' dir='ltr'><strong>digno</strong></span> <span class='ocrx_word' id='word_1_446' title='bbox 380 1923 556 1957; x_wconf 85' lang='lat' dir='ltr'><strong>imperatore,</strong></span> <span class='ocrx_word' id='word_1_447' title='bbox 575 1922 626 1950; x_wconf 87' lang='lat' dir='ltr'><strong>sibi</strong></span> <span class='ocrx_word' id='word_1_448' title='bbox 654 1924 761 1951; x_wconf 86' lang='lat' dir='ltr'><strong>tandem</strong></span> <span class='ocrx_word' id='word_1_449' title='bbox 779 1924 824 1952; x_wconf 89' lang='lat' dir='ltr'><strong>ille</strong></span> <span class='ocrx_word' id='word_1_450' title='bbox 843 1925 899 1958; x_wconf 91' lang='lat' dir='ltr'><strong>jam</strong></span> <span class='ocrx_word' id='word_1_451' title='bbox 917 1926 987 1953; x_wconf 90' lang='lat' dir='ltr'><strong>dicta</strong></span> 
     </span>
    </p>
   </div>
   <div class='ocr_carea' id='block_1_71' title="bbox 198 1967 987 2006">
    <p class='ocr_par' dir='ltr' id='par_1_71' title="bbox 198 1967 987 2006">
     <span class='ocr_line' id='line_1_71' title="bbox 198 1967 987 2006; baseline 0.005 -12"><span class='ocrx_word' id='word_1_452' title='bbox 198 1968 312 2002; x_wconf 86' lang='lat' dir='ltr'><strong>imperia</strong></span> <span class='ocrx_word' id='word_1_453' title='bbox 333 1968 423 1995; x_wconf 88' lang='lat' dir='ltr'><strong>omnia</strong></span> <span class='ocrx_word' id='word_1_454' title='bbox 439 1968 600 1996; x_wconf 84' lang='lat' dir='ltr'><strong>vindicavit.</strong></span> <span class='ocrx_word' id='word_1_455' title='bbox 631 1967 754 1996; x_wconf 87' lang='lat' dir='ltr'><strong>Patrium</strong></span> <span class='ocrx_word' id='word_1_456' title='bbox 780 1970 852 1997; x_wconf 89' lang='lat' dir='ltr'><strong>enim</strong></span> <span class='ocrx_word' id='word_1_457' title='bbox 874 1978 987 2006; x_wconf 80' lang='lat' dir='ltr'><strong>regnum</strong></span> 
     </span>
    </p>
   </div>
   <div class='ocr_carea' id='block_1_72' title="bbox 197 2014 988 2049">
    <p class='ocr_par' dir='ltr' id='par_1_72' title="bbox 197 2014 988 2049">
     <span class='ocr_line' id='line_1_72' title="bbox 197 2014 988 2049; baseline 0.005 -8"><span class='ocrx_word' id='word_1_458' title='bbox 197 2014 365 2041; x_wconf 69' lang='lat' dir='ltr'><strong>hmreditatis</strong></span> <span class='ocrx_word' id='word_1_459' title='bbox 391 2014 452 2047; x_wconf 91' lang='lat' dir='ltr'><strong>jure</strong></span> <span class='ocrx_word' id='word_1_460' title='bbox 475 2015 553 2047; x_wconf 83' lang='lat' dir='ltr'><strong>adiit,</strong></span> <span class='ocrx_word' id='word_1_461' title='bbox 582 2015 734 2043; x_wconf 82' lang='lat' dir='ltr'><strong>Romanum</strong></span> <span class='ocrx_word' id='word_1_462' title='bbox 763 2016 857 2049; x_wconf 87' lang='lat' dir='ltr'><strong>etiam,</strong></span> <span class='ocrx_word' id='word_1_463' title='bbox 892 2024 988 2045; x_wconf 86' lang='lat' dir='ltr'><strong>everso</strong></span> 
     </span>
    </p>
   </div>
   <div class='ocr_carea' id='block_1_73' title="bbox 196 2059 987 2096">
    <p class='ocr_par' dir='ltr' id='par_1_73' title="bbox 196 2059 987 2096">
     <span class='ocr_line' id='line_1_73' title="bbox 196 2059 987 2096; baseline 0.005 -10"><span class='ocrx_word' id='word_1_464' title='bbox 196 2059 344 2087; x_wconf 83' lang='lat' dir='ltr'><strong>Maximino</strong></span> <span class='ocrx_word' id='word_1_465' title='bbox 377 2060 453 2095; x_wconf 75' lang='lat'><strong>(62),</strong></span> <span class='ocrx_word' id='word_1_466' title='bbox 482 2060 593 2088; x_wconf 60' lang='lat' dir='ltr'><strong>Graeciae</strong></span> <span class='ocrx_word' id='word_1_467' title='bbox 620 2069 727 2096; x_wconf 89' lang='lat' dir='ltr'><strong>quoque</strong></span> <span class='ocrx_word' id='word_1_468' title='bbox 755 2069 787 2089; x_wconf 88' lang='lat' dir='ltr'><strong>ac</strong></span> <span class='ocrx_word' id='word_1_469' title='bbox 812 2061 987 2096; x_wconf 60' lang='lat' dir='ltr'><strong>Macedoniae,</strong></span> 
     </span>
    </p>
   </div>
   <div class='ocr_carea' id='block_1_74' title="bbox 196 2106 986 2140">
    <p class='ocr_par' dir='ltr' id='par_1_74' title="bbox 196 2106 986 2140">
     <span class='ocr_line' id='line_1_74' title="bbox 196 2106 986 2140; baseline 0.005 -8"><span class='ocrx_word' id='word_1_470' title='bbox 196 2106 364 2140; x_wconf 87' lang='lat' dir='ltr'><strong>minorisque</strong></span> <span class='ocrx_word' id='word_1_471' title='bbox 374 2106 456 2136; x_wconf 68' lang='lat' dir='ltr'><strong>Asiae.</strong></span> <span class='ocrx_word' id='word_1_472' title='bbox 472 2110 565 2140; x_wconf 79' lang='lat' dir='ltr'><strong>exuto,</strong></span> <span class='ocrx_word' id='word_1_473' title='bbox 586 2112 613 2133; x_wconf 92' lang='lat' dir='ltr'><strong>ut</strong></span> <span class='ocrx_word' id='word_1_474' title='bbox 629 2107 757 2140; x_wconf 80' lang='lat' dir='ltr'><strong>diximus,</strong></span> <span class='ocrx_word' id='word_1_475' title='bbox 770 2115 855 2140; x_wconf 76' lang='lat' dir='ltr'><strong>regno</strong></span> <span class='ocrx_word' id='word_1_476' title='bbox 871 2108 986 2136; x_wconf 86' lang='lat' dir='ltr'><strong>Licinio.</strong></span> 
     </span>
    </p>
   </div>
   <div class='ocr_carea' id='block_1_75' title="bbox 196 2150 987 2185">
    <p class='ocr_par' dir='ltr' id='par_1_75' title="bbox 196 2150 987 2185">
     <span class='ocr_line' id='line_1_75' title="bbox 196 2150 987 2185; baseline 0.003 -7"><span class='ocrx_word' id='word_1_477' title='bbox 196 2150 389 2178; x_wconf 80' lang='lat' dir='ltr'><strong>Verumtamen</strong></span> <span class='ocrx_word' id='word_1_478' title='bbox 417 2155 445 2177; x_wconf 90' lang='lat' dir='ltr'><strong>et</strong></span> <span class='ocrx_word' id='word_1_479' title='bbox 470 2150 583 2178; x_wconf 87' lang='lat' dir='ltr'><strong>alterius</strong></span> <span class='ocrx_word' id='word_1_480' title='bbox 608 2151 705 2185; x_wconf 88' lang='lat' dir='ltr'><strong>partis,</strong></span> <span class='ocrx_word' id='word_1_481' title='bbox 731 2152 774 2180; x_wconf 90' lang='lat' dir='ltr'><strong>cui</strong></span> <span class='ocrx_word' id='word_1_482' title='bbox 803 2152 987 2180; x_wconf 86' lang='lat' dir='ltr'><strong>Diocletianus</strong></span> 
     </span>
    </p>
   </div>
   <div class='ocr_carea' id='block_1_76' title="bbox 195 2195 985 2231">
    <p class='ocr_par' dir='ltr' id='par_1_76' title="bbox 195 2195 985 2231">
     <span class='ocr_line' id='line_1_76' title="bbox 195 2195 985 2231; baseline 0.003 -7"><span class='ocrx_word' id='word_1_483' title='bbox 195 2196 354 2231; x_wconf 58' lang='lat' dir='ltr'><strong>praefuerat,</strong></span> <span class='ocrx_word' id='word_1_484' title='bbox 384 2195 527 2230; x_wconf 87' lang='lat' dir='ltr'><strong>imperium</strong></span> <span class='ocrx_word' id='word_1_485' title='bbox 556 2197 606 2224; x_wconf 90' lang='lat' dir='ltr'><strong>sibi</strong></span> <span class='ocrx_word' id='word_1_486' title='bbox 638 2196 773 2231; x_wconf 73' lang='lat' dir='ltr'><strong>adiunxit.</strong></span> <span class='ocrx_word' id='word_1_487' title='bbox 808 2197 874 2225; x_wconf 84' lang='lat' dir='ltr'><strong>Nam</strong></span> <span class='ocrx_word' id='word_1_488' title='bbox 904 2198 985 2226; x_wconf 86' lang='lat' dir='ltr'><strong>etiam</strong></span> 
     </span>
    </p>
   </div>
   <div class='ocr_carea' id='block_1_77' title="bbox 195 2242 983 2278">
    <p class='ocr_par' dir='ltr' id='par_1_77' title="bbox 195 2242 983 2278">
     <span class='ocr_line' id='line_1_77' title="bbox 195 2242 983 2278; baseline 0.003 -9"><span class='ocrx_word' id='word_1_489' title='bbox 195 2242 266 2270; x_wconf 85' lang='lat' dir='ltr'><strong>hanc</strong></span> <span class='ocrx_word' id='word_1_490' title='bbox 282 2242 356 2277; x_wconf 66' lang='lat' dir='ltr'><strong>alb</strong></span> <span class='ocrx_word' id='word_1_491' title='bbox 380 2242 442 2269; x_wconf 88' lang='lat' dir='ltr'><strong>belli</strong></span> <span class='ocrx_word' id='word_1_492' title='bbox 456 2242 518 2277; x_wconf 87' lang='lat' dir='ltr'><strong>jure</strong></span> <span class='ocrx_word' id='word_1_493' title='bbox 532 2242 678 2270; x_wconf 79' lang='lat' dir='ltr'><strong>Maximino</strong></span> <span class='ocrx_word' id='word_1_494' title='bbox 695 2243 849 2278; x_wconf 83' lang='lat' dir='ltr'><strong>ademptam</strong></span> <span class='ocrx_word' id='word_1_495' title='bbox 865 2245 983 2278; x_wconf 75' lang='lat' dir='ltr'><strong>tenebat,</strong></span> 
     </span>
    </p>
   </div>
   <div class='ocr_carea' id='block_1_78' title="bbox 196 2287 985 2321">
    <p class='ocr_par' dir='ltr' id='par_1_78' title="bbox 196 2287 985 2321">
     <span class='ocr_line' id='line_1_78' title="bbox 196 2287 985 2321; baseline 0.004 -7"><span class='ocrx_word' id='word_1_496' title='bbox 196 2289 240 2321; x_wconf 85' lang='lat' dir='ltr'><strong>qui</strong></span> <span class='ocrx_word' id='word_1_497' title='bbox 258 2287 425 2315; x_wconf 89' lang='lat' dir='ltr'><strong>Diocletiano</strong></span> <span class='ocrx_word' id='word_1_498' title='bbox 441 2293 622 2319; x_wconf 81' lang='lat' dir='ltr'><strong>successerat.</strong></span> <span class='ocrx_word' id='word_1_499' title='bbox 649 2288 780 2316; x_wconf 88' lang='lat' dir='ltr'><strong>Licinius.</strong></span> <span class='ocrx_word' id='word_1_500' title='bbox 812 2288 906 2316; x_wconf 84' lang='lat' dir='ltr'><strong>Victor</strong></span> <span class='ocrx_word' id='word_1_501' title='bbox 935 2290 985 2317; x_wconf 88' lang='lat' dir='ltr'><strong>ita-</strong></span> 
     </span>
    </p>
   </div>
   <div class='ocr_carea' id='block_1_79' title="bbox 195 2334 979 2368">
    <p class='ocr_par' dir='ltr' id='par_1_79' title="bbox 195 2334 979 2368">
     <span class='ocr_line' id='line_1_79' title="bbox 195 2334 979 2368; baseline 0.003 -9"><span class='ocrx_word' id='word_1_502' title='bbox 195 2341 258 2368; x_wconf 79' lang='lat' dir='ltr'><strong>que,</strong></span> <span class='ocrx_word' id='word_1_503' title='bbox 272 2337 300 2360; x_wconf 82' lang='lat' dir='ltr'><strong>et</strong></span> <span class='ocrx_word' id='word_1_504' title='bbox 317 2341 398 2360; x_wconf 90' lang='lat' dir='ltr'><strong>unum</strong></span> <span class='ocrx_word' id='word_1_505' title='bbox 415 2340 448 2361; x_wconf 81' lang='lat' dir='ltr'><strong>ex</strong></span> <span class='ocrx_word' id='word_1_506' title='bbox 466 2334 592 2362; x_wconf 83' lang='lat' dir='ltr'><strong>omnibus</strong></span> <span class='ocrx_word' id='word_1_507' title='bbox 605 2334 748 2368; x_wconf 85' lang='lat' dir='ltr'><strong>imperium</strong></span> <span class='ocrx_word' id='word_1_508' title='bbox 768 2334 899 2367; x_wconf 84' lang='lat' dir='ltr'><strong>conflans,</strong></span> <span class='ocrx_word' id='word_1_509' title='bbox 916 2343 979 2362; x_wconf 79' lang='lat' dir='ltr'><strong>mox</strong></span> 
     </span>
    </p>
   </div>
   <div class='ocr_carea' id='block_1_80' title="bbox 195 2379 986 2414">
    <p class='ocr_par' dir='ltr' id='par_1_80' title="bbox 195 2379 986 2414">
     <span class='ocr_line' id='line_1_80' title="bbox 195 2379 986 2414; baseline 0 -8"><span class='ocrx_word' id='word_1_510' title='bbox 195 2380 354 2414; x_wconf 83' lang='lat' dir='ltr'><strong>Byzantium</strong></span> <span class='ocrx_word' id='word_1_511' title='bbox 376 2380 565 2414; x_wconf 85' lang='lat' dir='ltr'><strong>cognominem</strong></span> <span class='ocrx_word' id='word_1_512' title='bbox 581 2379 632 2407; x_wconf 87' lang='lat' dir='ltr'><strong>sibi</strong></span> <span class='ocrx_word' id='word_1_513' title='bbox 650 2379 787 2407; x_wconf 83' lang='lat' dir='ltr'><strong>civitatem</strong></span> <span class='ocrx_word' id='word_1_514' title='bbox 801 2379 873 2407; x_wconf 83' lang='lat' dir='ltr'><strong>fecit.</strong></span> <span class='ocrx_word' id='word_1_515' title='bbox 892 2379 986 2406; x_wconf 78' lang='lat' dir='ltr'><strong>Refert</strong></span> 
     </span>
    </p>
   </div>
   <div class='ocr_carea' id='block_1_81' title="bbox 195 2424 985 2460">
    <p class='ocr_par' dir='ltr' id='par_1_81' title="bbox 195 2424 985 2460">
     <span class='ocr_line' id='line_1_81' title="bbox 195 2424 985 2460; baseline 0.003 -10"><span class='ocrx_word' id='word_1_516' title='bbox 195 2430 284 2454; x_wconf 87' lang='lat' dir='ltr'><strong>autem</strong></span> <span class='ocrx_word' id='word_1_517' title='bbox 300 2424 480 2460; x_wconf 80' lang='lat' dir='ltr'><strong>Praxagoras.</strong></span> <span class='ocrx_word' id='word_1_518' title='bbox 499 2425 605 2453; x_wconf 82' lang='lat' dir='ltr'><strong>tametsi</strong></span> <span class='ocrx_word' id='word_1_519' title='bbox 633 2426 754 2460; x_wconf 77' lang='lat' dir='ltr'><strong>gentium</strong></span> <span class='ocrx_word' id='word_1_520' title='bbox 782 2429 864 2453; x_wconf 69' lang='lat' dir='ltr'><strong>secta:</strong></span> <span class='ocrx_word' id='word_1_521' title='bbox 892 2425 985 2452; x_wconf 67' lang='lat' dir='ltr'><strong>adhae-</strong></span> 
     </span>
    </p>
   </div>
   <div class='ocr_carea' id='block_1_82' title="bbox 196 2470 986 2506">
    <p class='ocr_par' dir='ltr' id='par_1_82' title="bbox 196 2470 986 2506">
     <span class='ocr_line' id='line_1_82' title="bbox 196 2470 986 2506; baseline 0.003 -10"><span class='ocrx_word' id='word_1_522' title='bbox 196 2478 267 2501; x_wconf 76' lang='lat' dir='ltr'><strong>rcus,</strong></span> <span class='ocrx_word' id='word_1_523' title='bbox 285 2471 357 2497; x_wconf 89' lang='lat' dir='ltr'><strong>omni</strong></span> <span class='ocrx_word' id='word_1_524' title='bbox 375 2471 505 2498; x_wconf 89' lang='lat' dir='ltr'><strong>virtutum</strong></span> <span class='ocrx_word' id='word_1_525' title='bbox 517 2475 597 2505; x_wconf 88' lang='lat' dir='ltr'><strong>atque</strong></span> <span class='ocrx_word' id='word_1_526' title='bbox 613 2470 763 2498; x_wconf 87' lang='lat' dir='ltr'><strong>honestatis</strong></span> <span class='ocrx_word' id='word_1_527' title='bbox 776 2478 888 2506; x_wconf 78' lang='lat' dir='ltr'><strong>genere,</strong></span> <span class='ocrx_word' id='word_1_528' title='bbox 899 2471 986 2498; x_wconf 91' lang='lat' dir='ltr'><strong>omni-</strong></span> 
     </span>
    </p>
   </div>
   <div class='ocr_carea' id='block_1_83' title="bbox 194 2516 986 2551">
    <p class='ocr_par' dir='ltr' id='par_1_83' title="bbox 194 2516 986 2551">
     <span class='ocr_line' id='line_1_83' title="bbox 194 2516 986 2551; baseline 0 -8"><span class='ocrx_word' id='word_1_529' title='bbox 194 2523 247 2551; x_wconf 85' lang='lat' dir='ltr'><strong>qnc</strong></span> <span class='ocrx_word' id='word_1_530' title='bbox 261 2517 328 2544; x_wconf 84' lang='lat' dir='ltr'><strong>adeo</strong></span> <span class='ocrx_word' id='word_1_531' title='bbox 342 2516 480 2549; x_wconf 79' lang='lat' dir='ltr'><strong>felicitate,</strong></span> <span class='ocrx_word' id='word_1_532' title='bbox 495 2523 590 2544; x_wconf 79' lang='lat' dir='ltr'><strong>omnes</strong></span> <span class='ocrx_word' id='word_1_533' title='bbox 600 2516 712 2544; x_wconf 90' lang='lat' dir='ltr'><strong>omnino</strong></span> <span class='ocrx_word' id='word_1_534' title='bbox 727 2517 773 2551; x_wconf 88' lang='lat' dir='ltr'><strong>qui</strong></span> <span class='ocrx_word' id='word_1_535' title='bbox 789 2517 986 2545; x_wconf 79' lang='lat' dir='ltr'><strong>antecesserint</strong></span> 
     </span>
    </p>
   </div>
   <div class='ocr_carea' id='block_1_84' title="bbox 195 2563 980 2598">
    <p class='ocr_par' dir='ltr' id='par_1_84' title="bbox 195 2563 980 2598">
     <span class='ocr_line' id='line_1_84' title="bbox 195 2563 980 2598; baseline 0.001 -8"><span class='ocrx_word' id='word_1_536' title='bbox 195 2563 391 2598; x_wconf 87' lang='lat' dir='ltr'><strong>imperatores,</strong></span> <span class='ocrx_word' id='word_1_537' title='bbox 423 2563 501 2591; x_wconf 83' lang='lat' dir='ltr'><strong>facile</strong></span> <span class='ocrx_word' id='word_1_538' title='bbox 536 2563 699 2591; x_wconf 88' lang='lat' dir='ltr'><strong>obscurasse</strong></span> <span class='ocrx_word' id='word_1_539' title='bbox 729 2563 938 2591; x_wconf 87' lang='lat' dir='ltr'><strong>Constantinum</strong></span> <span class='ocrx_word' id='word_1_540' title='bbox 972 2571 980 2591; x_wconf 91' lang='lat'><strong>:</strong></span> 
     </span>
    </p>
   </div>
   <div class='ocr_carea' id='block_1_85' title="bbox 195 2608 983 2644">
    <p class='ocr_par' dir='ltr' id='par_1_85' title="bbox 195 2608 983 2644">
     <span class='ocr_line' id='line_1_85' title="bbox 195 2608 983 2644; baseline 0.001 -9"><span class='ocrx_word' id='word_1_541' title='bbox 195 2608 292 2643; x_wconf 87' lang='lat' dir='ltr'><strong>quibus</strong></span> <span class='ocrx_word' id='word_1_542' title='bbox 313 2614 341 2636; x_wconf 91' lang='lat' dir='ltr'><strong>et</strong></span> <span class='ocrx_word' id='word_1_543' title='bbox 357 2610 409 2636; x_wconf 89' lang='lat' dir='ltr'><strong>duo</strong></span> <span class='ocrx_word' id='word_1_544' title='bbox 425 2609 509 2644; x_wconf 86' lang='lat' dir='ltr'><strong>ipsius</strong></span> <span class='ocrx_word' id='word_1_545' title='bbox 524 2609 701 2636; x_wconf 79' lang='lat' dir='ltr'><strong>Historiarum</strong></span> <span class='ocrx_word' id='word_1_546' title='bbox 716 2609 776 2637; x_wconf 88' lang='lat' dir='ltr'><strong>libri</strong></span> <span class='ocrx_word' id='word_1_547' title='bbox 793 2609 983 2637; x_wconf 84' lang='lat' dir='ltr'><strong>terminantur.</strong></span> 
     </span>
    </p>
   </div>
   <div class='ocr_carea' id='block_1_86' title="bbox 1041 1599 1833 1636">
    <p class='ocr_par' dir='ltr' id='par_1_86' title="bbox 1041 1599 1833 1636">
     <span class='ocr_line' id='line_1_86' title="bbox 1041 1599 1833 1636; baseline 0.004 -11"><span class='ocrx_word' id='word_1_548' title='bbox 1041 1599 1091 1634; x_wconf 80' lang='grc' dir='ltr'>μὲν</span> <span class='ocrx_word' id='word_1_549' title='bbox 1110 1600 1124 1625; x_wconf 80' lang='grc' dir='ltr'>ὀ</span> <span class='ocrx_word' id='word_1_550' title='bbox 1142 1599 1268 1634; x_wconf 76' lang='grc' dir='ltr'>βασιλεὺς</span> <span class='ocrx_word' id='word_1_551' title='bbox 1293 1599 1400 1634; x_wconf 81' lang='grc' dir='ltr'>ἀπέστη</span> <span class='ocrx_word' id='word_1_552' title='bbox 1419 1599 1467 1626; x_wconf 80' lang='grc' dir='ltr'><strong>τοῦ</strong></span> <span class='ocrx_word' id='word_1_553' title='bbox 1487 1600 1618 1635; x_wconf 78' lang='grc' dir='ltr'>πολεμεῖν</span> <span class='ocrx_word' id='word_1_554' title='bbox 1633 1608 1641 1616; x_wconf 91' lang='grc'><strong>·</strong></span> <span class='ocrx_word' id='word_1_555' title='bbox 1661 1599 1774 1636; x_wconf 73' lang='grc' dir='ltr'>ὕστερον</span> <span class='ocrx_word' id='word_1_556' title='bbox 1790 1601 1833 1632; x_wconf 81' lang='grc' dir='ltr'>δὲ,</span> 
     </span>
    </p>
   </div>
   <div class='ocr_carea' id='block_1_87' title="bbox 1039 1644 1835 1681">
    <p class='ocr_par' dir='ltr' id='par_1_87' title="bbox 1039 1644 1835 1681">
     <span class='ocr_line' id='line_1_87' title="bbox 1039 1644 1835 1681; baseline 0.004 -11"><span class='ocrx_word' id='word_1_557' title='bbox 1039 1644 1101 1671; x_wconf 67' lang='grc' dir='ltr'>ἐπεὶ</span> <span class='ocrx_word' id='word_1_558' title='bbox 1115 1644 1198 1671; x_wconf 86' lang='grc' dir='ltr'>κακία</span> <span class='ocrx_word' id='word_1_559' title='bbox 1217 1645 1332 1680; x_wconf 72' lang='grc' dir='ltr'>ἠρεμεῖν</span> <span class='ocrx_word' id='word_1_560' title='bbox 1345 1644 1394 1679; x_wconf 85' lang='grc' dir='ltr'>οὐχ</span> <span class='ocrx_word' id='word_1_561' title='bbox 1408 1645 1452 1671; x_wconf 81' lang='grc' dir='ltr'><strong>οία</strong></span> <span class='ocrx_word' id='word_1_562' title='bbox 1466 1644 1496 1671; x_wconf 83' lang='grc' dir='ltr'><strong>τέ</strong></span> <span class='ocrx_word' id='word_1_563' title='bbox 1519 1645 1588 1677; x_wconf 77' lang='grc' dir='ltr'>ἐστι,</span> <span class='ocrx_word' id='word_1_564' title='bbox 1604 1646 1652 1671; x_wconf 80' lang='grc' dir='ltr'><strong>καὶ</strong></span> <span class='ocrx_word' id='word_1_565' title='bbox 1663 1645 1717 1672; x_wconf 86' lang='grc' dir='ltr'>τῶν</span> <span class='ocrx_word' id='word_1_566' title='bbox 1741 1647 1835 1681; x_wconf 78' lang='grc' dir='ltr'>ὅρκων</span> 
     </span>
    </p>
   </div>
   <div class='ocr_carea' id='block_1_88' title="bbox 1038 1690 1833 1726">
    <p class='ocr_par' dir='ltr' id='par_1_88' title="bbox 1038 1690 1833 1726">
     <span class='ocr_line' id='line_1_88' title="bbox 1038 1690 1833 1726; baseline 0.004 -10"><span class='ocrx_word' id='word_1_567' title='bbox 1038 1690 1203 1726; x_wconf 75' lang='grc' dir='ltr'>ὴφειδηκότα</span> <span class='ocrx_word' id='word_1_568' title='bbox 1222 1690 1269 1717; x_wconf 74' lang='grc' dir='ltr'>καὶ</span> <span class='ocrx_word' id='word_1_569' title='bbox 1290 1691 1319 1722; x_wconf 86' lang='grc' dir='ltr'>ὲς</span> <span class='ocrx_word' id='word_1_570' title='bbox 1339 1691 1393 1717; x_wconf 81' lang='grc' dir='ltr'><strong>πᾶν</strong></span> <span class='ocrx_word' id='word_1_571' title='bbox 1406 1691 1557 1726; x_wconf 80' lang='grc' dir='ltr'>κακότητος</span> <span class='ocrx_word' id='word_1_572' title='bbox 1580 1690 1729 1726; x_wconf 77' lang='grc' dir='ltr'>ὲληλακότα</span> <span class='ocrx_word' id='word_1_573' title='bbox 1743 1701 1833 1719; x_wconf 88' lang='grc' dir='ltr'>κατα-</span> 
     </span>
    </p>
   </div>
   <div class='ocr_carea' id='block_1_89' title="bbox 1039 1737 1834 1774">
    <p class='ocr_par' dir='ltr' id='par_1_89' title="bbox 1039 1737 1834 1774">
     <span class='ocr_line' id='line_1_89' title="bbox 1039 1737 1834 1774; baseline 0 -10"><span class='ocrx_word' id='word_1_574' title='bbox 1039 1737 1196 1772; x_wconf 81' lang='grc' dir='ltr'>πολεμήσας</span> <span class='ocrx_word' id='word_1_575' title='bbox 1221 1737 1321 1772; x_wconf 84' lang='grc' dir='ltr'>μάχαις</span> <span class='ocrx_word' id='word_1_576' title='bbox 1345 1738 1493 1771; x_wconf 76' lang='grc' dir='ltr'>καρτεραῖς</span> <span class='ocrx_word' id='word_1_577' title='bbox 1511 1737 1594 1772; x_wconf 63' lang='grc' dir='ltr'>υκαὶ</span> <span class='ocrx_word' id='word_1_578' title='bbox 1609 1739 1638 1764; x_wconf 79' lang='grc' dir='ltr'>ὲν</span> <span class='ocrx_word' id='word_1_579' title='bbox 1659 1739 1691 1773; x_wconf 84' lang='grc' dir='ltr'>τῇ</span> <span class='ocrx_word' id='word_1_580' title='bbox 1706 1737 1834 1774; x_wconf 89' lang='grc' dir='ltr'>Νικομη-</span> 
     </span>
    </p>
   </div>
   <div class='ocr_carea' id='block_1_90' title="bbox 1038 1783 1833 1818">
    <p class='ocr_par' dir='ltr' id='par_1_90' title="bbox 1038 1783 1833 1818">
     <span class='ocr_line' id='line_1_90' title="bbox 1038 1783 1833 1818; baseline 0 -8"><span class='ocrx_word' id='word_1_581' title='bbox 1038 1783 1097 1818; x_wconf 73' lang='grc' dir='ltr'>δείᾳ</span> <span class='ocrx_word' id='word_1_582' title='bbox 1131 1783 1294 1817; x_wconf 86' lang='grc' dir='ltr'>συγκλείσας</span> <span class='ocrx_word' id='word_1_583' title='bbox 1324 1783 1488 1817; x_wconf 74' lang='grc' dir='ltr'>ἐπολιόρκει.</span> <span class='ocrx_word' id='word_1_584' title='bbox 1518 1783 1654 1810; x_wconf 76' lang='grc' dir='ltr'>Κάκεῖθεν</span> <span class='ocrx_word' id='word_1_585' title='bbox 1679 1784 1708 1809; x_wconf 81' lang='grc' dir='ltr'>ὲν</span> <span class='ocrx_word' id='word_1_586' title='bbox 1740 1783 1833 1810; x_wconf 79' lang='grc' dir='ltr'>ἱκέτου</span> 
     </span>
    </p>
   </div>
   <div class='ocr_carea' id='block_1_91' title="bbox 1039 1827 1833 1864">
    <p class='ocr_par' dir='ltr' id='par_1_91' title="bbox 1039 1827 1833 1864">
     <span class='ocr_line' id='line_1_91' title="bbox 1039 1827 1833 1864; baseline -0.003 -9"><span class='ocrx_word' id='word_1_587' title='bbox 1039 1828 1108 1864; x_wconf 78' lang='grc' dir='ltr'>πρὸς</span> <span class='ocrx_word' id='word_1_588' title='bbox 1126 1827 1236 1863; x_wconf 77' lang='grc' dir='ltr'>βασιλέα</span> <span class='ocrx_word' id='word_1_589' title='bbox 1252 1828 1444 1862; x_wconf 84' lang='grc' dir='ltr'>καταφυγόντα</span> <span class='ocrx_word' id='word_1_590' title='bbox 1463 1827 1585 1862; x_wconf 79' lang='grc' dir='ltr'>σχήματι</span> <span class='ocrx_word' id='word_1_591' title='bbox 1601 1827 1747 1854; x_wconf 83' lang='grc' dir='ltr'>κατέλιπεν</span> <span class='ocrx_word' id='word_1_592' title='bbox 1765 1827 1787 1843; x_wconf 78' lang='grc'><strong>³⁸</strong></span> <span class='ocrx_word' id='word_1_593' title='bbox 1814 1829 1833 1864; x_wconf 75' lang='grc' dir='ltr'><strong>ἡ</strong></span> 
     </span>
    </p>
   </div>
   <div class='ocr_carea' id='block_1_92' title="bbox 1040 1873 1834 1910">
    <p class='ocr_par' dir='ltr' id='par_1_92' title="bbox 1040 1873 1834 1910">
     <span class='ocr_line' id='line_1_92' title="bbox 1040 1873 1834 1910; baseline -0.003 -9"><span class='ocrx_word' id='word_1_594' title='bbox 1040 1874 1173 1910; x_wconf 83' lang='grc' dir='ltr'>βασιλεία,</span> <span class='ocrx_word' id='word_1_595' title='bbox 1192 1874 1240 1901; x_wconf 76' lang='grc' dir='ltr'>καὶ</span> <span class='ocrx_word' id='word_1_596' title='bbox 1259 1874 1359 1907; x_wconf 74' lang='grc' dir='ltr'>συνέϐη</span> <span class='ocrx_word' id='word_1_597' title='bbox 1372 1874 1418 1900; x_wconf 77' lang='grc' dir='ltr'><strong>τὸν</strong></span> <span class='ocrx_word' id='word_1_598' title='bbox 1439 1873 1534 1907; x_wconf 88' lang='grc' dir='ltr'>Μέγαν</span> <span class='ocrx_word' id='word_1_599' title='bbox 1550 1873 1765 1904; x_wconf 85' lang='grc' dir='ltr'>Κωνσταντϊνον,</span> <span class='ocrx_word' id='word_1_600' title='bbox 1780 1873 1834 1907; x_wconf 80' lang='grc' dir='ltr'><strong>τῆς</strong></span> 
     </span>
    </p>
   </div>
   <div class='ocr_carea' id='block_1_93' title="bbox 1041 1918 1834 1955">
    <p class='ocr_par' dir='ltr' id='par_1_93' title="bbox 1041 1918 1834 1955">
     <span class='ocr_line' id='line_1_93' title="bbox 1041 1918 1834 1955; baseline -0.003 -9"><span class='ocrx_word' id='word_1_601' title='bbox 1041 1919 1162 1955; x_wconf 83' lang='grc' dir='ltr'>μεγάλης</span> <span class='ocrx_word' id='word_1_602' title='bbox 1177 1919 1263 1954; x_wconf 79' lang='grc' dir='ltr'>ἀρχῆς</span> <span class='ocrx_word' id='word_1_603' title='bbox 1276 1919 1322 1945; x_wconf 61' lang='grc' dir='ltr'><strong>τὶν</strong></span> <span class='ocrx_word' id='word_1_604' title='bbox 1334 1918 1409 1952; x_wconf 77' lang='grc' dir='ltr'>ἄξιον</span> <span class='ocrx_word' id='word_1_605' title='bbox 1417 1918 1609 1954; x_wconf 57' lang='grc' dir='ltr'>ἐπιζητούσης,</span> <span class='ocrx_word' id='word_1_606' title='bbox 1623 1919 1663 1950; x_wconf 88' lang='grc' dir='ltr'><strong>είς</strong></span> <span class='ocrx_word' id='word_1_607' title='bbox 1674 1918 1770 1946; x_wconf 72' lang='grc' dir='ltr'>ἑαυτὸν</span> <span class='ocrx_word' id='word_1_608' title='bbox 1781 1918 1834 1951; x_wconf 74' lang='grc' dir='ltr'>τὰς</span> 
     </span>
    </p>
   </div>
   <div class='ocr_carea' id='block_1_94' title="bbox 1039 1964 1832 2000">
    <p class='ocr_par' dir='ltr' id='par_1_94' title="bbox 1039 1964 1832 2000">
     <span class='ocr_line' id='line_1_94' title="bbox 1039 1964 1832 2000; baseline -0.003 -8"><span class='ocrx_word' id='word_1_609' title='bbox 1039 1965 1188 2000; x_wconf 83' lang='grc' dir='ltr'>είρημένας</span> <span class='ocrx_word' id='word_1_610' title='bbox 1209 1964 1344 2000; x_wconf 84' lang='grc' dir='ltr'>βασιλείας</span> <span class='ocrx_word' id='word_1_611' title='bbox 1359 1964 1574 1991; x_wconf 76' lang='grc' dir='ltr'>ἐπισπάσασθαι·</span> <span class='ocrx_word' id='word_1_612' title='bbox 1586 1965 1634 1999; x_wconf 85' lang='grc' dir='ltr'>τῆς</span> <span class='ocrx_word' id='word_1_613' title='bbox 1650 1973 1679 1991; x_wconf 89' lang='grc' dir='ltr'><strong>τε</strong></span> <span class='ocrx_word' id='word_1_614' title='bbox 1701 1965 1755 2000; x_wconf 75' lang='grc' dir='ltr'>γὰρ</span> <span class='ocrx_word' id='word_1_615' title='bbox 1776 1973 1832 1990; x_wconf 83' lang='grc' dir='ltr'>πα-</span> 
     </span>
    </p>
   </div>
   <div class='ocr_carea' id='block_1_95' title="bbox 1038 2011 1832 2047">
    <p class='ocr_par' dir='ltr' id='par_1_95' title="bbox 1038 2011 1832 2047">
     <span class='ocr_line' id='line_1_95' title="bbox 1038 2011 1832 2047; baseline 0 -9"><span class='ocrx_word' id='word_1_616' title='bbox 1038 2011 1130 2047; x_wconf 83' lang='grc' dir='ltr'>τρῴας</span> <span class='ocrx_word' id='word_1_617' title='bbox 1137 2011 1307 2046; x_wconf 75' lang='grc' dir='ltr'>κληρονόμος</span> <span class='ocrx_word' id='word_1_618' title='bbox 1322 2011 1441 2045; x_wconf 75' lang='grc' dir='ltr'>ἐγένετο,</span> <span class='ocrx_word' id='word_1_619' title='bbox 1458 2011 1505 2038; x_wconf 65' lang='grc' dir='ltr'><strong>καὶ</strong></span> <span class='ocrx_word' id='word_1_620' title='bbox 1522 2011 1571 2045; x_wconf 82' lang='grc' dir='ltr'>τῆς</span> <span class='ocrx_word' id='word_1_621' title='bbox 1582 2011 1727 2046; x_wconf 87' lang='grc' dir='ltr'>Ῥωμαίων</span> <span class='ocrx_word' id='word_1_622' title='bbox 1743 2021 1832 2039; x_wconf 80' lang='grc' dir='ltr'>κατα-</span> 
     </span>
    </p>
   </div>
   <div class='ocr_carea' id='block_1_96' title="bbox 1038 2056 1830 2094">
    <p class='ocr_par' dir='ltr' id='par_1_96' title="bbox 1038 2056 1830 2094">
     <span class='ocr_line' id='line_1_96' title="bbox 1038 2056 1830 2094; baseline 0.004 -12"><span class='ocrx_word' id='word_1_623' title='bbox 1038 2056 1120 2088; x_wconf 80' lang='grc' dir='ltr'>λύσας</span> <span class='ocrx_word' id='word_1_624' title='bbox 1131 2056 1292 2090; x_wconf 82' lang='grc' dir='ltr'>Μαξιμϊνον,</span> <span class='ocrx_word' id='word_1_625' title='bbox 1301 2056 1426 2087; x_wconf 84' lang='grc' dir='ltr'>Ἑλλάδος</span> <span class='ocrx_word' id='word_1_626' title='bbox 1451 2065 1481 2082; x_wconf 87' lang='grc' dir='ltr'><strong>τε</strong></span> <span class='ocrx_word' id='word_1_627' title='bbox 1493 2057 1539 2083; x_wconf 76' lang='grc' dir='ltr'>καὶ</span> <span class='ocrx_word' id='word_1_628' title='bbox 1550 2057 1719 2089; x_wconf 84' lang='grc' dir='ltr'>Μακεδονίας</span> <span class='ocrx_word' id='word_1_629' title='bbox 1728 2057 1773 2093; x_wconf 80' lang='grc'><strong>[65</strong></span> <span class='ocrx_word' id='word_1_630' title='bbox 1782 2057 1830 2094; x_wconf 77' lang='lat' dir='ltr'><strong>R.]</strong></span> 
     </span>
    </p>
   </div>
   <div class='ocr_carea' id='block_1_97' title="bbox 1039 2102 1830 2140">
    <p class='ocr_par' dir='ltr' id='par_1_97' title="bbox 1039 2102 1830 2140">
     <span class='ocr_line' id='line_1_97' title="bbox 1039 2102 1830 2140; baseline 0.003 -11"><span class='ocrx_word' id='word_1_631' title='bbox 1039 2104 1085 2130; x_wconf 76' lang='grc' dir='ltr'>καὶ</span> <span class='ocrx_word' id='word_1_632' title='bbox 1103 2103 1153 2137; x_wconf 83' lang='grc' dir='ltr'>τῆς</span> <span class='ocrx_word' id='word_1_633' title='bbox 1169 2103 1246 2130; x_wconf 81' lang='grc' dir='ltr'>κάτω</span> <span class='ocrx_word' id='word_1_634' title='bbox 1270 2102 1363 2135; x_wconf 86' lang='grc' dir='ltr'>Ἀσίας</span> <span class='ocrx_word' id='word_1_635' title='bbox 1377 2103 1538 2138; x_wconf 79' lang='grc' dir='ltr'>παραλύσας</span> <span class='ocrx_word' id='word_1_636' title='bbox 1556 2104 1605 2138; x_wconf 80' lang='grc' dir='ltr'>τῆς</span> <span class='ocrx_word' id='word_1_637' title='bbox 1618 2104 1705 2139; x_wconf 77' lang='grc' dir='ltr'>ἀρχῆς</span> <span class='ocrx_word' id='word_1_638' title='bbox 1719 2104 1766 2131; x_wconf 78' lang='grc' dir='ltr'>τὸν</span> <span class='ocrx_word' id='word_1_639' title='bbox 1779 2106 1812 2140; x_wconf 73' lang='grc' dir='ltr'><strong>ρη</strong></span> <span class='ocrx_word' id='word_1_640' title='bbox 1823 2120 1830 2124; x_wconf 91' lang='grc'><strong>-</strong></span> 
     </span>
    </p>
   </div>
   <div class='ocr_carea' id='block_1_98' title="bbox 1039 2148 1829 2186">
    <p class='ocr_par' dir='ltr' id='par_1_98' title="bbox 1039 2148 1829 2186">
     <span class='ocr_line' id='line_1_98' title="bbox 1039 2148 1829 2186; baseline 0.003 -11"><span class='ocrx_word' id='word_1_641' title='bbox 1039 2148 1119 2175; x_wconf 86' lang='grc' dir='ltr'>θέντα</span> <span class='ocrx_word' id='word_1_642' title='bbox 1136 2148 1266 2176; x_wconf 87' lang='grc' dir='ltr'>Λικίνιον.</span> <span class='ocrx_word' id='word_1_643' title='bbox 1287 2148 1324 2175; x_wconf 79' lang='grc' dir='ltr'><strong>Οὐ</strong></span> <span class='ocrx_word' id='word_1_644' title='bbox 1344 2149 1397 2184; x_wconf 77' lang='grc' dir='ltr'>μὴν</span> <span class='ocrx_word' id='word_1_645' title='bbox 1411 2149 1479 2175; x_wconf 82' lang='grc' dir='ltr'>ἀλλὰ</span> <span class='ocrx_word' id='word_1_646' title='bbox 1496 2150 1541 2175; x_wconf 76' lang='grc' dir='ltr'>καὶ</span> <span class='ocrx_word' id='word_1_647' title='bbox 1555 2149 1605 2184; x_wconf 79' lang='grc' dir='ltr'>τῆς</span> <span class='ocrx_word' id='word_1_648' title='bbox 1619 2150 1703 2186; x_wconf 82' lang='grc' dir='ltr'>ἄλλης</span> <span class='ocrx_word' id='word_1_649' title='bbox 1715 2150 1829 2185; x_wconf 84' lang='grc' dir='ltr'>μοίρας,</span> 
     </span>
    </p>
   </div>
   <div class='ocr_carea' id='block_1_99' title="bbox 1038 2192 1830 2233">
    <p class='ocr_par' dir='ltr' id='par_1_99' title="bbox 1038 2192 1830 2233">
     <span class='ocr_line' id='line_1_99' title="bbox 1038 2192 1830 2233; baseline 0.004 -12"><span class='ocrx_word' id='word_1_650' title='bbox 1038 2192 1071 2230; x_wconf 76' lang='grc' dir='ltr'>ἦς</span> <span class='ocrx_word' id='word_1_651' title='bbox 1087 2193 1156 2230; x_wconf 80' lang='grc' dir='ltr'>ἦρχε</span> <span class='ocrx_word' id='word_1_652' title='bbox 1165 2195 1365 2231; x_wconf 78' lang='grc' dir='ltr'>Διοκλητιανδς,</span> <span class='ocrx_word' id='word_1_653' title='bbox 1382 2196 1462 2227; x_wconf 81' lang='grc' dir='ltr'>αὐτὸς</span> <span class='ocrx_word' id='word_1_654' title='bbox 1476 2196 1500 2213; x_wconf 75' lang='grc' dir='ltr'><strong>⁸ο</strong></span> <span class='ocrx_word' id='word_1_655' title='bbox 1517 2196 1665 2231; x_wconf 73' lang='grc' dir='ltr'>ἀνεδήσατο</span> <span class='ocrx_word' id='word_1_656' title='bbox 1683 2197 1724 2232; x_wconf 78' lang='grc'><strong>[51</strong></span> <span class='ocrx_word' id='word_1_657' title='bbox 1742 2196 1787 2233; x_wconf 85' lang='grc' dir='ltr'><strong>ΙΙ.]</strong></span> <span class='ocrx_word' id='word_1_658' title='bbox 1799 2198 1830 2224; x_wconf 79' lang='grc' dir='ltr'><strong>τὸ</strong></span> 
     </span>
    </p>
   </div>
   <div class='ocr_carea' id='block_1_100' title="bbox 1038 2241 1828 2277">
    <p class='ocr_par' dir='ltr' id='par_1_100' title="bbox 1038 2241 1828 2277">
     <span class='ocr_line' id='line_1_100' title="bbox 1038 2241 1828 2277; baseline 0.004 -10"><span class='ocrx_word' id='word_1_659' title='bbox 1038 2241 1138 2276; x_wconf 72' lang='grc' dir='ltr'>κράτος</span> <span class='ocrx_word' id='word_1_660' title='bbox 1153 2250 1159 2256; x_wconf 92' lang='grc'><strong>·</strong></span> <span class='ocrx_word' id='word_1_661' title='bbox 1172 2242 1186 2268; x_wconf 83' lang='grc' dir='ltr'>ὁ</span> <span class='ocrx_word' id='word_1_662' title='bbox 1197 2241 1251 2275; x_wconf 83' lang='grc' dir='ltr'><strong>γὰρ</strong></span> <span class='ocrx_word' id='word_1_663' title='bbox 1265 2241 1384 2273; x_wconf 82' lang='grc' dir='ltr'>Λικίνιος</span> <span class='ocrx_word' id='word_1_664' title='bbox 1396 2242 1444 2268; x_wconf 82' lang='grc' dir='ltr'>καὶ</span> <span class='ocrx_word' id='word_1_665' title='bbox 1454 2242 1557 2276; x_wconf 78' lang='grc' dir='ltr'>ταύτην</span> <span class='ocrx_word' id='word_1_666' title='bbox 1570 2241 1643 2277; x_wconf 75' lang='grc' dir='ltr'>εἶχεν</span> <span class='ocrx_word' id='word_1_667' title='bbox 1656 2243 1701 2277; x_wconf 77' lang='grc' dir='ltr'><strong>ὑφ’</strong></span> <span class='ocrx_word' id='word_1_668' title='bbox 1714 2243 1809 2270; x_wconf 76' lang='grc' dir='ltr'>ἑαυτὸν</span> <span class='ocrx_word' id='word_1_669' title='bbox 1819 2263 1828 2276; x_wconf 86' lang='grc'><strong>,</strong></span> 
     </span>
    </p>
   </div>
   <div class='ocr_carea' id='block_1_101' title="bbox 1038 2285 1830 2322">
    <p class='ocr_par' dir='ltr' id='par_1_101' title="bbox 1038 2285 1830 2322">
     <span class='ocr_line' id='line_1_101' title="bbox 1038 2285 1830 2322; baseline 0.003 -10"><span class='ocrx_word' id='word_1_670' title='bbox 1038 2285 1192 2321; x_wconf 80' lang='grc' dir='ltr'>Μαξιμίνου</span> <span class='ocrx_word' id='word_1_671' title='bbox 1208 2287 1230 2302; x_wconf 81' lang='grc'><strong>⁹¹</strong></span> <span class='ocrx_word' id='word_1_672' title='bbox 1246 2287 1368 2321; x_wconf 81' lang='grc' dir='ltr'>πολέμου</span> <span class='ocrx_word' id='word_1_673' title='bbox 1387 2287 1461 2322; x_wconf 76' lang='grc' dir='ltr'>νόμῳ</span> <span class='ocrx_word' id='word_1_674' title='bbox 1484 2287 1602 2322; x_wconf 78' lang='grc' dir='ltr'>ἀφελὼν,</span> <span class='ocrx_word' id='word_1_675' title='bbox 1618 2288 1647 2319; x_wconf 79' lang='grc' dir='ltr'>ὃς</span> <span class='ocrx_word' id='word_1_676' title='bbox 1669 2288 1830 2322; x_wconf 86' lang='grc' dir='ltr'>Διοκλητια-</span> 
     </span>
    </p>
   </div>
   <div class='ocr_carea' id='block_1_102' title="bbox 1036 2332 1830 2369">
    <p class='ocr_par' dir='ltr' id='par_1_102' title="bbox 1036 2332 1830 2369">
     <span class='ocr_line' id='line_1_102' title="bbox 1036 2332 1830 2369; baseline 0.001 -10"><span class='ocrx_word' id='word_1_677' title='bbox 1036 2332 1082 2359; x_wconf 82' lang='grc' dir='ltr'>νοῦ</span> <span class='ocrx_word' id='word_1_678' title='bbox 1098 2332 1217 2368; x_wconf 85' lang='grc' dir='ltr'>διάδοχος</span> <span class='ocrx_word' id='word_1_679' title='bbox 1232 2333 1364 2367; x_wconf 78' lang='grc' dir='ltr'>ἐγεγόνει.</span> <span class='ocrx_word' id='word_1_680' title='bbox 1379 2334 1590 2369; x_wconf 80' lang='grc' dir='ltr'>Κρατυνὰμενος</span> <span class='ocrx_word' id='word_1_681' title='bbox 1602 2335 1624 2350; x_wconf 83' lang='grc'><strong>⁰¹</strong></span> <span class='ocrx_word' id='word_1_682' title='bbox 1641 2332 1687 2360; x_wconf 82' lang='grc' dir='ltr'><strong>οὖν</strong></span> <span class='ocrx_word' id='word_1_683' title='bbox 1702 2335 1748 2360; x_wconf 72' lang='grc' dir='ltr'><strong>καὶ</strong></span> <span class='ocrx_word' id='word_1_684' title='bbox 1763 2334 1830 2369; x_wconf 86' lang='grc' dir='ltr'>μίαν</span> 
     </span>
    </p>
   </div>
   <div class='ocr_carea' id='block_1_103' title="bbox 1035 2379 1830 2415">
    <p class='ocr_par' dir='ltr' id='par_1_103' title="bbox 1035 2379 1830 2415">
     <span class='ocr_line' id='line_1_103' title="bbox 1035 2379 1830 2415; baseline 0.001 -9"><span class='ocrx_word' id='word_1_685' title='bbox 1035 2379 1126 2411; x_wconf 82' lang='grc' dir='ltr'>δείξας</span> <span class='ocrx_word' id='word_1_686' title='bbox 1143 2379 1192 2414; x_wconf 84' lang='grc' dir='ltr'>τὴν</span> <span class='ocrx_word' id='word_1_687' title='bbox 1211 2380 1357 2415; x_wconf 84' lang='grc' dir='ltr'>σύμπασαν</span> <span class='ocrx_word' id='word_1_688' title='bbox 1372 2380 1520 2415; x_wconf 84' lang='grc' dir='ltr'>βασιλείαν,</span> <span class='ocrx_word' id='word_1_689' title='bbox 1536 2381 1622 2413; x_wconf 81' lang='grc' dir='ltr'>κτίζει</span> <span class='ocrx_word' id='word_1_690' title='bbox 1640 2381 1670 2407; x_wconf 82' lang='grc' dir='ltr'><strong>τὺ</strong></span> <span class='ocrx_word' id='word_1_691' title='bbox 1683 2381 1830 2413; x_wconf 77' lang='grc' dir='ltr'>Βυζάντιον</span> 
     </span>
    </p>
   </div>
   <div class='ocr_carea' id='block_1_104' title="bbox 1038 2424 1828 2461">
    <p class='ocr_par' dir='ltr' id='par_1_104' title="bbox 1038 2424 1828 2461">
     <span class='ocr_line' id='line_1_104' title="bbox 1038 2424 1828 2461; baseline 0 -9"><span class='ocrx_word' id='word_1_692' title='bbox 1038 2425 1182 2461; x_wconf 76' lang='grc' dir='ltr'>ἐπώνυμον</span> <span class='ocrx_word' id='word_1_693' title='bbox 1209 2425 1307 2461; x_wconf 78' lang='grc' dir='ltr'>ἑαυτῷ.</span> <span class='ocrx_word' id='word_1_694' title='bbox 1327 2427 1411 2460; x_wconf 69' lang='grc' dir='ltr'>Φησὶν</span> <span class='ocrx_word' id='word_1_695' title='bbox 1437 2424 1483 2453; x_wconf 78' lang='grc' dir='ltr'>οὖν</span> <span class='ocrx_word' id='word_1_696' title='bbox 1499 2427 1513 2452; x_wconf 80' lang='grc' dir='ltr'>ὁ</span> <span class='ocrx_word' id='word_1_697' title='bbox 1534 2426 1724 2461; x_wconf 74' lang='grc' dir='ltr'>Πραξαγόρας,</span> <span class='ocrx_word' id='word_1_698' title='bbox 1739 2425 1828 2452; x_wconf 81' lang='grc' dir='ltr'>καίτοι</span> 
     </span>
    </p>
   </div>
   <div class='ocr_carea' id='block_1_105' title="bbox 1039 2470 1830 2506">
    <p class='ocr_par' dir='ltr' id='par_1_105' title="bbox 1039 2470 1830 2506">
     <span class='ocr_line' id='line_1_105' title="bbox 1039 2470 1830 2506; baseline -0.001 -10"><span class='ocrx_word' id='word_1_699' title='bbox 1039 2471 1088 2506; x_wconf 83' lang='grc' dir='ltr'>τὴν</span> <span class='ocrx_word' id='word_1_700' title='bbox 1102 2471 1252 2506; x_wconf 84' lang='grc' dir='ltr'>Θρησκείαν</span> <span class='ocrx_word' id='word_1_701' title='bbox 1264 2471 1362 2506; x_wconf 83' lang='grc' dir='ltr'>Ἕλλην</span> <span class='ocrx_word' id='word_1_702' title='bbox 1378 2471 1424 2504; x_wconf 83' lang='grc' dir='ltr'>ὢν,</span> <span class='ocrx_word' id='word_1_703' title='bbox 1441 2472 1480 2498; x_wconf 76' lang='grc' dir='ltr'>ὅτι</span> <span class='ocrx_word' id='word_1_704' title='bbox 1494 2471 1567 2505; x_wconf 82' lang='grc' dir='ltr'>πάσῃ</span> <span class='ocrx_word' id='word_1_705' title='bbox 1586 2472 1670 2505; x_wconf 82' lang='grc' dir='ltr'>ἀρετῇ</span> <span class='ocrx_word' id='word_1_706' title='bbox 1688 2470 1736 2496; x_wconf 70' lang='grc' dir='ltr'><strong>καὶ</strong></span> <span class='ocrx_word' id='word_1_707' title='bbox 1748 2470 1830 2496; x_wconf 84' lang='grc' dir='ltr'>καλο-</span> 
     </span>
    </p>
   </div>
   <div class='ocr_carea' id='block_1_106' title="bbox 1039 2516 1830 2552">
    <p class='ocr_par' dir='ltr' id='par_1_106' title="bbox 1039 2516 1830 2552">
     <span class='ocr_line' id='line_1_106' title="bbox 1039 2516 1830 2552; baseline -0.001 -9"><span class='ocrx_word' id='word_1_708' title='bbox 1039 2517 1159 2552; x_wconf 84' lang='grc' dir='ltr'>καγαθίᾳ</span> <span class='ocrx_word' id='word_1_709' title='bbox 1175 2517 1221 2544; x_wconf 75' lang='grc' dir='ltr'>καὶ</span> <span class='ocrx_word' id='word_1_710' title='bbox 1232 2517 1314 2544; x_wconf 83' lang='grc' dir='ltr'>παντὶ</span> <span class='ocrx_word' id='word_1_711' title='bbox 1330 2517 1498 2552; x_wconf 85' lang='grc' dir='ltr'>εὐτυχήματι</span> <span class='ocrx_word' id='word_1_712' title='bbox 1518 2517 1623 2548; x_wconf 71' lang='grc' dir='ltr'>πάντας</span> <span class='ocrx_word' id='word_1_713' title='bbox 1636 2517 1699 2547; x_wconf 70' lang='grc' dir='ltr'>τοὺς</span> <span class='ocrx_word' id='word_1_714' title='bbox 1714 2517 1766 2550; x_wconf 78' lang='grc' dir='ltr'><strong>πρὸ</strong></span> <span class='ocrx_word' id='word_1_715' title='bbox 1781 2516 1830 2542; x_wconf 84' lang='grc' dir='ltr'>αύ-</span> 
     </span>
    </p>
   </div>
   <div class='ocr_carea' id='block_1_107' title="bbox 1038 2562 1829 2598">
    <p class='ocr_par' dir='ltr' id='par_1_107' title="bbox 1038 2562 1829 2598">
     <span class='ocr_line' id='line_1_107' title="bbox 1038 2562 1829 2598; baseline -0.001 -9"><span class='ocrx_word' id='word_1_716' title='bbox 1038 2562 1085 2589; x_wconf 83' lang='grc' dir='ltr'>τοῦ</span> <span class='ocrx_word' id='word_1_717' title='bbox 1129 2563 1357 2598; x_wconf 75' lang='grc' dir='ltr'>βεϐασιλευκότας</span> <span class='ocrx_word' id='word_1_718' title='bbox 1400 2564 1414 2589; x_wconf 83' lang='grc' dir='ltr'>ὁ</span> <span class='ocrx_word' id='word_1_719' title='bbox 1456 2563 1580 2597; x_wconf 83' lang='grc' dir='ltr'>βασιλεὺς</span> <span class='ocrx_word' id='word_1_720' title='bbox 1622 2563 1829 2594; x_wconf 83' lang='grc' dir='ltr'>Κωνσταντίνος</span> 
     </span>
    </p>
   </div>
   <div class='ocr_carea' id='block_1_108' title="bbox 1038 2607 1827 2644">
    <p class='ocr_par' dir='ltr' id='par_1_108' title="bbox 1038 2607 1827 2644">
     <span class='ocr_line' id='line_1_108' title="bbox 1038 2607 1827 2644; baseline 0.001 -10"><span class='ocrx_word' id='word_1_721' title='bbox 1038 2608 1226 2643; x_wconf 79' lang='grc' dir='ltr'>ἀπεκρύψατο.</span> <span class='ocrx_word' id='word_1_722' title='bbox 1247 2609 1291 2636; x_wconf 84' lang='grc' dir='ltr'><strong>Ἐν</strong></span> <span class='ocrx_word' id='word_1_723' title='bbox 1309 2607 1348 2640; x_wconf 72' lang='grc' dir='ltr'>οἷς</span> <span class='ocrx_word' id='word_1_724' title='bbox 1361 2609 1442 2636; x_wconf 81' lang='grc' dir='ltr'>αὐτοῦ</span> <span class='ocrx_word' id='word_1_725' title='bbox 1458 2609 1506 2636; x_wconf 73' lang='grc' dir='ltr'>καὶ</span> <span class='ocrx_word' id='word_1_726' title='bbox 1525 2610 1549 2636; x_wconf 83' lang='lat' dir='ltr'><strong>oi.</strong></span> <span class='ocrx_word' id='word_1_727' title='bbox 1563 2608 1610 2635; x_wconf 87' lang='grc' dir='ltr'><strong>δύο</strong></span> <span class='ocrx_word' id='word_1_728' title='bbox 1625 2607 1827 2644; x_wconf 75' lang='grc' dir='ltr'>συμπεραιοῦν-</span> 
     </span>
    </p>
   </div>
   <div class='ocr_carea' id='block_1_109' title="bbox 1037 2654 1180 2688">
    <p class='ocr_par' dir='ltr' id='par_1_109' title="bbox 1037 2654 1180 2688">
     <span class='ocr_line' id='line_1_109' title="bbox 1037 2654 1180 2688; baseline 0.007 -7"><span class='ocrx_word' id='word_1_729' title='bbox 1037 2663 1083 2681; x_wconf 84' lang='grc' dir='ltr'><strong>ται</strong></span> <span class='ocrx_word' id='word_1_730' title='bbox 1095 2654 1180 2688; x_wconf 84' lang='grc' dir='ltr'>λόγοι.</span> 
     </span>
    </p>
   </div>
   <div class='ocr_carea' id='block_1_110' title="bbox 845 2708 1189 2739">
    <p class='ocr_par' dir='ltr' id='par_1_110' title="bbox 845 2708 1189 2739">
     <span class='ocr_line' id='line_1_110' title="bbox 845 2708 1189 2739; baseline 0.012 -4"><span class='ocrx_word' id='word_1_731' title='bbox 845 2708 963 2737; x_wconf 69' lang='grc' dir='ltr'><strong>νΑῐίΙᾹΞ</strong></span> <span class='ocrx_word' id='word_1_732' title='bbox 985 2710 1189 2739; x_wconf 81' lang='lat' dir='ltr'><strong>LECTIONES.</strong></span> 
     </span>
    </p>
   </div>
   <div class='ocr_carea' id='block_1_111' title="bbox 231 2754 1825 2794">
    <p class='ocr_par' dir='ltr' id='par_1_111' title="bbox 231 2754 1825 2794">
     <span class='ocr_line' id='line_1_111' title="bbox 231 2754 1825 2794; baseline 0.001 -13"><span class='ocrx_word' id='word_1_733' title='bbox 231 2755 254 2771; x_wconf 79' lang='grc'>⁵⁸</span> <span class='ocrx_word' id='word_1_734' title='bbox 272 2755 328 2794; x_wconf 57' lang='grc' dir='ltr'>τρίς</span> <span class='ocrx_word' id='word_1_735' title='bbox 339 2755 401 2794; x_wconf 45' lang='grc' dir='ltr'>πολε</span> <span class='ocrx_word' id='word_1_736' title='bbox 414 2769 446 2774; x_wconf 85' lang='grc'><strong>--</strong></span> <span class='ocrx_word' id='word_1_737' title='bbox 459 2755 585 2794; x_wconf 68' lang='grc' dir='ltr'>μηχανὴν</span> <span class='ocrx_word' id='word_1_738' title='bbox 595 2755 617 2780; x_wconf 78' lang='grc' dir='ltr'>Α</span> <span class='ocrx_word' id='word_1_739' title='bbox 628 2762 640 2794; x_wconf 43' lang='lat' dir='ltr'><strong>:n</strong></span> <span class='ocrx_word' id='word_1_740' title='bbox 647 2754 727 2794; x_wconf 69' lang='grc' dir='ltr'>αὐτὸς</span> <span class='ocrx_word' id='word_1_741' title='bbox 742 2755 797 2786; x_wconf 82' lang='grc' dir='ltr'>τοῖς</span> <span class='ocrx_word' id='word_1_742' title='bbox 810 2756 949 2794; x_wconf 62' lang='grc' dir='ltr'>πολεμίοις</span> <span class='ocrx_word' id='word_1_743' title='bbox 962 2756 1136 2794; x_wconf 72' lang='grc' dir='ltr'>ὲδολορῤάφει</span> <span class='ocrx_word' id='word_1_744' title='bbox 1150 2757 1273 2794; x_wconf 84' lang='grc' dir='ltr'>μηχανὴν</span> <span class='ocrx_word' id='word_1_745' title='bbox 1287 2758 1336 2794; x_wconf 85' lang='grc' dir='ltr'>τῆς</span> <span class='ocrx_word' id='word_1_746' title='bbox 1352 2758 1490 2794; x_wconf 77' lang='grc' dir='ltr'>ἀπωλείας</span> <span class='ocrx_word' id='word_1_747' title='bbox 1507 2766 1537 2790; x_wconf 79' lang='grc' dir='ltr'>ς.</span> <span class='ocrx_word' id='word_1_748' title='bbox 1554 2793 1559 2794; x_wconf 20' lang='lat'><em>7</em></span> <span class='ocrx_word' id='word_1_749' title='bbox 1572 2757 1600 2794; x_wconf 24' lang='lat' dir='ltr'><strong>A&quot;</strong></span> <span class='ocrx_word' id='word_1_750' title='bbox 1615 2756 1825 2794; x_wconf 65' lang='grc' dir='ltr'>μεταστησᾴμε-</span> 
     </span>
    </p>
   </div>
   <div class='ocr_carea' id='block_1_112' title="bbox 196 2788 1828 2827">
    <p class='ocr_par' dir='ltr' id='par_1_112' title="bbox 196 2788 1828 2827">
     <span class='ocr_line' id='line_1_112' title="bbox 196 2788 1828 2827; baseline 0.001 -11"><span class='ocrx_word' id='word_1_751' title='bbox 196 2798 250 2827; x_wconf 58' lang='grc' dir='ltr'>νος.</span> <span class='ocrx_word' id='word_1_752' title='bbox 289 2789 325 2827; x_wconf 71' lang='lat'><strong>&#39;_7&#39;</strong></span> <span class='ocrx_word' id='word_1_753' title='bbox 342 2788 472 2827; x_wconf 75' lang='grc' dir='ltr'>ὠμότητα</span> <span class='ocrx_word' id='word_1_754' title='bbox 488 2788 533 2827; x_wconf 46' lang='grc' dir='ltr'><strong>καί</strong></span> <span class='ocrx_word' id='word_1_755' title='bbox 546 2788 751 2827; x_wconf 65' lang='grc' dir='ltr'>φιλανθρωπίας</span> <span class='ocrx_word' id='word_1_756' title='bbox 770 2799 802 2827; x_wconf 68' lang='grc' dir='ltr'>ς.</span> <span class='ocrx_word' id='word_1_757' title='bbox 841 2791 865 2806; x_wconf 70' lang='grc'>⁸³</span> <span class='ocrx_word' id='word_1_758' title='bbox 879 2788 1026 2827; x_wconf 73' lang='grc' dir='ltr'>κρατεραῖς</span> <span class='ocrx_word' id='word_1_759' title='bbox 1098 2788 1133 2812; x_wconf 68' lang='grc'><strong>’⁸⁵</strong></span> <span class='ocrx_word' id='word_1_760' title='bbox 1149 2788 1356 2826; x_wconf 39' lang='lat' dir='ltr'><strong>Stoic-adﬂat}.</strong></span> <span class='ocrx_word' id='word_1_761' title='bbox 1395 2794 1418 2810; x_wconf 63' lang='lat'><strong>9°</strong></span> <span class='ocrx_word' id='word_1_762' title='bbox 1434 2788 1590 2825; x_wconf 21' lang='grc' dir='ltr'>αύτνὺςεὼι.</span> <span class='ocrx_word' id='word_1_763' title='bbox 1615 2788 1654 2820; x_wconf 69' lang='grc' dir='ltr'><strong>Ἀ.</strong></span> <span class='ocrx_word' id='word_1_764' title='bbox 1692 2792 1714 2808; x_wconf 86' lang='grc'><strong>⁹¹</strong></span> <span class='ocrx_word' id='word_1_765' title='bbox 1731 2788 1828 2823; x_wconf 58' lang='lat' dir='ltr'><strong>Mdg;-</strong></span> 
     </span>
    </p>
   </div>
   <div class='ocr_carea' id='block_1_113' title="bbox 957 2857 1070 2886">
    <p class='ocr_par' dir='ltr' id='par_1_113' title="bbox 957 2857 1070 2886">
     <span class='ocr_line' id='line_1_113' title="bbox 957 2857 1070 2886; baseline 0.009 -1"><span class='ocrx_word' id='word_1_766' title='bbox 957 2857 1070 2886; x_wconf 66' lang='lat' dir='ltr'><strong>NUTE.</strong></span> 
     </span>
    </p>
   </div>
   <div class='ocr_carea' id='block_1_114' title="bbox 198 2824 794 2858">
    <p class='ocr_par' dir='ltr' id='par_1_114' title="bbox 198 2824 794 2858">
     <span class='ocr_line' id='line_1_114' title="bbox 198 2824 794 2858; baseline 0 -6"><span class='ocrx_word' id='word_1_767' title='bbox 198 2826 273 2858; x_wconf 77' lang='grc' dir='ltr'>μῖνον</span> <span class='ocrx_word' id='word_1_768' title='bbox 288 2825 473 2853; x_wconf 70' lang='lat' dir='ltr'><strong>Casaubonus.</strong></span> <span class='ocrx_word' id='word_1_769' title='bbox 512 2825 534 2840; x_wconf 72' lang='grc' dir='ltr'>θ’</span> <span class='ocrx_word' id='word_1_770' title='bbox 549 2824 750 2858; x_wconf 77' lang='grc' dir='ltr'>κρατυνάμενος</span> <span class='ocrx_word' id='word_1_771' title='bbox 762 2825 794 2852; x_wconf 76' lang='grc' dir='ltr'><strong>Α.</strong></span> 
     </span>
    </p>
   </div>
   <div class='ocr_carea' id='block_1_115' title="bbox 227 2907 874 2943">
    <p class='ocr_par' dir='ltr' id='par_1_115' title="bbox 227 2907 874 2943">
     <span class='ocr_line' id='line_1_115' title="bbox 227 2907 874 2943; baseline -0.002 -8"><span class='ocrx_word' id='word_1_772' title='bbox 227 2907 281 2943; x_wconf 71' lang='grc' dir='ltr'><strong>(ῐὶῖὶ)</strong></span> <span class='ocrx_word' id='word_1_773' title='bbox 299 2907 353 2936; x_wconf 88' lang='lat' dir='ltr'><strong>lmo</strong></span> <span class='ocrx_word' id='word_1_774' title='bbox 372 2915 461 2936; x_wconf 72' lang='lat' dir='ltr'><strong>verius</strong></span> <span class='ocrx_word' id='word_1_775' title='bbox 472 2908 617 2941; x_wconf 77' lang='lat' dir='ltr'><strong>Maxentio,</strong></span> <span class='ocrx_word' id='word_1_776' title='bbox 629 2916 660 2936; x_wconf 84' lang='lat' dir='ltr'><strong>cx</strong></span> <span class='ocrx_word' id='word_1_777' title='bbox 678 2907 797 2936; x_wconf 62' lang='lat' dir='ltr'><strong>historia:</strong></span> <span class='ocrx_word' id='word_1_778' title='bbox 813 2907 874 2935; x_wconf 76' lang='lat' dir='ltr'><strong>ﬁde.</strong></span> 
     </span>
    </p>
   </div>
  </div>
