1934 3089
44 176 83 209 ῙΞΙ

603 176 867 207 BIBIJOTHECA.
885 175 1012 206 -COD.
1031 174 1140 205 LXIII.

1629 172 1681 205 122

72 231 148 262 Ἔτος
169 230 201 257 δὲ
218 229 270 265 τῆς
285 230 395 266 ἡλικίας
417 227 469 265 ἦγε
493 230 622 266 δεύτερον
645 231 692 258 καὶ
711 231 834 258 εἰκοστὸν

921 230 1017 257 Annos
1033 234 1114 257 natus
1123 228 1260 256 eratduos
1274 227 1419 255 admodum
1429 232 1456 255 ct
1470 227 1565 262 viginti
1578 226 1680 254 Praxa-

43 275 226 311 Πραξαγόρας,
239 276 278 308 ὡς
292 276 373 308 αὐτός
389 285 483 312 φησιν,
497 277 541 303 ὅτε
563 276 650 303 ταῦτα.
666 277 832 312 συνέγραφε.

43 322 227 357 Συνεγράψατο
239 322 268 349 δὲ
291 323 306 349 ὁ
323 323 404 354 αὐτὸς
418 323 465 349 καὶ
479 323 561 358 ἕτερα
585 323 676 358 βιϐλία
692 323 740 350 δύο
764 323 832 358 Περὶ

43 368 241 402 τῶγἉθήνῃσι
246 368 514 402 βασιλευσάντων,
523 369 582 401 ἔτος
593 370 836 397 ἀνύωνὲννεακαι-

43 413 157 440 δέκατον.
183 413 320 446 Συνέταξξ
338 414 367 440 δὲ
392 414 440 440 καὶ
460 414 543 449 ἕτερα
559 414 649 448 βιϐλία
667 414 697 446 ἒξ
715 415 768 447 Εις
780 414 836 441 τὸν

43 458 96 485 τῶν
103 459 290 486 Μακεδόνων
299 459 435 492 βασιλέα
449 460 658 494 Ἀλέξανδρον,
672 460 834 496 τριακοστὸν

44 505 145 539 πρῶτον
158 505 281 532 ἐλαύνων
300 506 433 534 ἐνιαυτόν.
455 506 533 533 Ἐστι
549 506 578 533 δὲ
597 506 646 542 τὴν
669 506 772 542 φράσιν
785 515 835 533 σα-

44 552 90 585 φὴς
112 552 159 578 καὶ
183 552 262 586 ἡδὺς,
281 551 372 585 ὀλίγον
395 552 423 578 δὲ
451 551 499 578 τοῦ
523 552 630 584 δέοντος
654 553 833 588 ἀτονώτερος.

43 597 175 632 Κέχρηται
190 598 220 624 δὲ
240 597 346 633 Ἰωνικῇ
360 597 383 614 ’⁸
397 597 542 633 διαλέκτῳ.

411 643 474 672 ΞΓ.

115 691 287 724 Προκοπίου
297 690 427 724 ῥήτορος
445 690 583 724 ἱστορικὰ
595 690 702 723 βιϐλία
711 689 748 725 η’.

79 734 250 771 ’Δνεγνώσῦη
264 736 419 771 Προκοπίου
433 736 479 764 τοῦ
496 737 611 772 ῥήτορος
631 735 796 770 Ἰστορικάν
805 737 835 763 ὲν

44 781 150 816 βιδλὶοις
165 781 249 809 ὀκτώ.
271 782 384 817 Ἱστορεῖ
400 783 428 809 δὲ
446 782 480 809 τὰ
496 783 543 809 ἐπὶ
565 783 756 810 Ίουστινιανοῦ
771 791 834 810 συν-

43 827 180 862 ενεχθέντα
195 829 265 863 πρὸς
279 837 309 855 τε
321 829 428 864 Πέρσας
449 828 599 864 Ῥωμαίοις
613 830 660 856 καὶ
677 830 745 865 πρὸς
767 830 835 857 Βαν-

43 872 133 907 δήλους
149 873 174 889 ’⁸
199 873 247 900 καὶ
272 873 431 905 Γότθους,ᾶ.
455 873 614 910 Βελισάριος
635 874 658 890 ’⁸
672 875 834 910 στρατηγῶν

43 918 202 954 διεπράξατο
234 919 364 954 μάλιστα’
389 916 412 953 ᾧ

46 965 126 990 συνὼν
139 963 191 1000 τὴν
217 964 339 1000 ἱστορίαν
358 963 389 997 ἐξ
408 961 446 991 ὧν
461 963 521 999 δψει
535 964 688 1000 παρείληφε
699 966 836 1000 συνεγρά-

44 1009 118 1037 tino.

81 1056 125 1082 Ἐν
135 1055 186 1090 μὲν
194 1053 242 1082 οὖν
253 1056 292 1092 τῷ
305 1055 407 1091 πρώτῳ
418 1055 512 1090 βιϐλίῳ
523 1055 651 1089 διέξεισιν
661 1056 698 1088 ὡς
708 1056 839 1089 ἀποδιοὺς

51 1100 214 1135 Ἀρκάδωςὸ
239 1101 386 1135 Ῥωμαίων
408 1101 535 1136 βασιλεὺς
554 1102 689 1137 Θεοδοσίῳ
704 1102 744 1138 τῷ
764 1102 840 1129 παιδὶ

51 1145 212 1181 ’ῐσδιγέρδην
226 1147 271 1173 τὸν
287 1147 310 1162 ’⁸
326 1147 441 1184 Περσῶν
454 1148 567 1182 βασιλέα
581 1148 719 1183 κηδεμόνα
732 1149 842 1175 κατέλι-

47 1200 91 1218 πεν
105 1193 134 1219 ὲν
155 1194 217 1224 ταῖς
231 1193 376 1229 διαθήκαις
388 1203 395 1210 ·
411 1195 425 1222 ὁ
440 1195 468 1221 δὲ
497 1195 600 1227 ταύτας
621 1195 768 1229 δεξάμενος
791 1197 841 1222 ἐπ-

47 1239 190 1273 ιτράπευσε
200 1240 249 1267 τοῦ
261 1241 357 1272 παιδὸς
369 1241 516 1277 σωφρόνως
530 1242 578 1268 καὶ
588 1242 722 1278 Θεοδοσίῳ
733 1242 782 1278 τὴν
791 1243 841 1278 βα-

48 1284 146 1311 σιλείαν
162 1285 322 1313 διεσώσατο.
339 1284 406 1313 Εἶτα
416 1287 598 1323 Οὐαραράνης
610 1287 655 1313 τὸν
677 1287 843 1323 Ἰσδιγέρδην

47 1330 244 1365 τελευτήσαντα
277 1331 471 1368 διαδεξάμενος
499 1334 682 1368 ἐστράτευσεν
705 1334 753 1361 ἐπὶ
773 1334 843 1360 Ῥω-

49 1378 155 1411 μαίους·
172 1379 329 1406 Ἀνατολίου
343 1379 372 1405 δὲ
387 1379 434 1406 τοῦ
451 1379 501 1414 τῆς
520 1379 608 1414 Ἑῴας
623 1379 778 1415 στρατηγοῦ
789 1388 844 1406 παι

50 1423 78 1457 ρὰ
103 1424 248 1450 Θεοδοσίου
273 1425 314 1456 εἰς
337 1424 445 1460 Πέρσας
461 1425 509 1452 ἐπὶ
534 1425 668 1461 πρεσϐείᾳ
701 1425 844 1456 σταλέντος

49 1470 225 1506 Οὔαραράνης
240 1471 255 1496 ὁ
270 1471 384 1506 Περσῶν
400 1470 528 1505 βασιλεὺς
538 1471 588 1506 τὴν
605 1471 755 1506 πρεσϐείαν
767 1470 845 1503 δεξά-

51 1525 125 1550 μενος
147 1517 302 1553 ὑπέστρεψε
330 1517 446 1548 σπονδὰς
466 1517 590 1552 θέμενος.
610 1514 678 1544 Εἶτα
694 1517 816 1553 Περόζης
829 1518 844 1543 ὁ

449 920 498 946 καὶ
521 902 565 946 τὰ,
583 902 671 946 πολλὰ
744 902 836 955 ῥητωρ
853 902 873 930 Β

886 283 978 311 goras,
995 280 1025 302 ut
1045 275 1078 303 de
1100 282 1130 302 se
1154 274 1214 309 ipse
1235 278 1361 306 testatur,
1379 280 1441 300 cum
1460 275 1517 300 haec
1537 280 1678 300 commen-

887 326 1003 350 taretur.
1030 321 1187 356 Scripserat
1215 326 1243 348 et
1263 320 1340 347 libris
1376 319 1482 346 duobus
1506 319 1544 346 De
1576 319 1681 354 regibus

886 367 1063 400 Athenarum,
1078 375 1184 394 annum
1201 374 1287 402 agens
1302 366 1550 394 undevicesimum.
1565 366 1683 400 Compo-

886 414 941 441 suit
955 421 1062 449 quoque
1083 413 1265 441 Historiarum
1282 413 1367 440 libros
1379 420 1424 440 sex
1445 412 1481 439 De
1507 412 1583 439 rebus
1602 412 1681 447 gesti:

886 460 1030 488 Alexandri
1049 459 1140 495 Magni
1165 460 1234 494 regis
1264 458 1452 490 Macedonum,
1478 458 1566 492 primo
1583 463 1610 485 et
1627 458 1682 485 tri—

887 505 990 532 cesimo
1011 506 1099 532 aetatis
1115 513 1198 531 anno.
1222 504 1315 540 Stylus
1337 504 1376 531 illi
1393 508 1504 537 apertus
1527 508 1570 530 est
1591 503 1681 537 acju~

887 552 1012 584 cundus;
1037 551 1159 578 nonnihil
1187 556 1276 578 tamen
1297 557 1376 584 aequo
1400 549 1568 583 languidior.
1593 549 1681 577 Ionica

886 606 953 627 vero
966 603 994 626 et
1007 599 1066 633 ipse
1087 606 1154 624 usus
1168 601 1210 624 est
1227 597 1356 624 dialecto.

1242 642 1335 671 LXIII.

975 689 1100 725 Procopii
1118 690 1230 717 rhetoris
1247 690 1430 717 Historiarum
1447 689 1510 717 libri
1532 698 1591 718 \‘lll.

920 737 1059 772 chuutur
1090 736 1214 770 Procopii
1253 735 1322 771 (62⁸)
1349 736 1470 764 rhetoris
1500 735 1684 764 Historiarum

885 783 948 811 libri
973 788 1046 811 octo.
1064 782 1164 810 Narrat
1183 790 1245 817 qua:
1267 783 1319 810 sub
1339 782 1494 810 Iustiniano
1519 783 1685 818 imperatore

885 827 1003 855 Romani
1021 835 1083 856 cum
1100 827 1202 861 Persis,
1215 827 1347 856 Vandalis
1358 835 1389 855 ac
1400 826 1510 855 Gotthis
1523 835 1680 863 gesserunt,

887 875 969 901 ductu
1001 874 1173 909 potissimum
1200 873 1344 907 Bclisarii,
1379 873 1442 901 belli
1472 873 1645 907 imperatoris
1675 883 1682 901 :

889 928 949 948 cum
963 928 1017 955 quo
1030 921 1122 947 rhetor
1133 919 1189 956 (65)
1207 920 1251 948 hic
1265 921 1309 947 ditt
1325 920 1494 954 multumque
1506 920 1684 947 familiariter

888 970 1024 996 versatus.
1047 972 1107 1000 quae
1128 965 1216 992 oculis
1240 969 1424 1000 spectaverat,
1449 965 1587 992 memoriae
1607 973 1684 992 utan—

889 1010 976 1038 davit.

926 1056 1018 1084 Primo
1047 1057 1139 1092 itaque
1168 1057 1238 1085 libro
1269 1058 1363 1085 isthmc
1394 1063 1603 1086 commemorat.
1631 1059 1686 1085 Ar-

891 1103 987 1131 cadius
1028 1103 1213 1131 Romanorum
1258 1105 1425 1139 imperator,
1460 1105 1516 1131 vita
1558 1106 1686 1137 functus,

892 1149 1048 1177 Theodosio
1067 1149 1123 1178 lilio
1140 1155 1257 1177 tutorem
1281 1150 1450 1185 lsdigerdam
1472 1158 1564 1185 regem
1590 1151 1688 1179 Persa-

894 1204 953 1223 rum
971 1198 1129 1225 tesmmenti
1148 1198 1249 1225 tabulis
1274 1199 1393 1233 reliquit.
1412 1199 1572 1232 Quibusille
1589 1200 1689 1228 tabulis

893 1244 1025 1278 acceptis,
1042 1252 1155 1279 puerum
1176 1244 1325 1271 liberaliter
1335 1245 1440 1277 eduxit,
1456 1252 1626 1280 regnumque
1651 1245 1689 1272 illi

894 1294 998 1318 sartum
1017 1295 1119 1317 tectum
1137 1290 1268 1318 servavit.
1283 1289 1349 1318 lude
1366 1290 1531 1323 Vararanes,
1546 1291 1687 1326 Isdigcrda

896 1341 1015 1368 mortuo,
1034 1337 1195 1370 succedens,
1214 1341 1310 1364 contra
1325 1336 1466 1364 Romanos
1480 1337 1579 1364 bellum
1595 1338 1689 1369 movit;

897 1390 991 1410 verum
1007 1382 1149 1414 Anatolio,
1173 1384 1243 1410 duce
1256 1382 1388 1414 Orientis.
1410 1383 1444 1410 ad
1460 1383 1561 1411 Persas
1579 1384 1604 1410 in
1619 1383 1691 1418 lega-

897 1428 997 1455 tionem
1017 1435 1032 1454 a
1056 1427 1211 1454 Theodosio
1233 1428 1336 1460 misso,
1361 1427 1515 1455 Vararancs
1545 1424 1690 1456 Persarum

898 1483 956 1506 rex,
969 1474 1105 1509 legatione
1126 1474 1230 1507 audita,
1246 1475 1354 1501 domum
1371 1475 1426 1502 icto
1441 1474 1544 1503 fmdere
1567 1475 1690 1504 revertit.

899 1522 963 1550 Post
978 1521 1036 1549 haec
1055 1521 1173 1548 Pcrozes
1190 1520 1338 1548 Persarum
1363 1529 1421 1553 rex,
1438 1521 1603 1556 Isdigerdam
1623 1521 1692 1549 alte-

50 1563 158 1598 Περσῶν
175 1564 315 1598 βασιλεὺς,
333 1563 502 1599 Ἰσδιγέρδην
511 1564 590 1591 ἄλλον
604 1563 649 1590 τὸν
666 1564 843 1599 Οὐαραράνου

901 1576 972 1600 rum,
983 1567 1131 1594 Val‘arana:
1147 1567 1242 1599 lilium,
1261 1567 1413 1601 excipiens,
1427 1567 1461 1594 iis
1476 1566 1581 1594 Hunnis
1592 1566 1691 1594 bellum

51 1610 127 1635 παῖδα
143 1609 349 1644 διαδεξάμενος,
371 1609 526 1645 ἐπολέμησε
541 1609 610 1645 πρὸς
625 1609 752 1641 Οὕννους,
769 1610 845 1641 ἑονος

51 1655 117 1681 οὓτω
129 1655 320 1689 καλουμένους
343 1655 517 1689 Ἐφθαλιτας,
534 1655 581 1686 οὓς
590 1655 638 1682 καὶ
657 1656 780 1687 Δευκοὺς
793 1663 845 1681 και

51 1700 121 1727 λοῠσι
136 1709 146 1716 ο
173 1701 266 1728 λευκοὶ
289 1701 345 1737 γάρ
358 1702 411 1728 εισι
425 1701 474 1728 καὶ
487 1702 538 1728 οὐκ
560 1701 679 1736 ἄμορφοι
696 1701 744 1728 τὰς
759 1701 845 1736 θέλεις,

52 1748 100 1775 058’
111 1749 203 1783 ὅμοιοι
218 1749 275 1779 τοῖς
294 1747 386 1779 ἄλλοις
397 1747 508 1779 Οῠννθις
523 1756 530 1763 ·
548 1747 610 1774 οὔτε
634 1747 688 1782 γὰρ
705 1747 846 1782 νομαδικοί

54 1796 118 1821 εἰσιν
130 1794 194 1821 οὔτε
216 1794 325 1829 ἄγριοι,
340 1793 409 1820 ἀλλὰ
426 1794 547 1830 πολιτείᾳ
560 1802 590 1820 τε
602 1793 711 1829 νομίμῳ
727 1793 846 1829 χρῶνται

55 1842 96 1867 καί
115 1841 170 1868 ὑπὸ
184 1841 261 1875 σφῶν
277 1840 391 1875 βασιλέα
405 1841 560 1867 τάττονται.
577 1839 774 1875 Προσοικοῢσιν
787 1839 847 1873 δὲ)⁷

56 1888 120 1922 πρὸς
147 1888 250 1923 βορρᾶν
272 1887 374 1922 ἄνεμον
402 1887 522 1922 Πέρσαις
539 1894 546 1901 ’
574 1887 614 1914 διὸ
635 1887 681 1913 καὶ
701 1886 848 1922 ὁροθεσίων

55 1935 132 1960 ἕνεκα
143 1935 188 1960 ἐπὶ
195 1934 260 1965 τοὺς
268 1933 430 1968 Ἐφθαλίτας
440 1933 562 1968 ιίερόζης
571 1933 761 1968 ἐστράτευσεν.
770 1932 850 1960 Ἀλλὰ

57 1981 85 2006 τδ
96 1981 144 2014 μὲν
170 1981 281 2015 πρῶτον
304 1979 469 2015 δυσχωρίαις
491 1979 649 2015 περιπεσὼν
664 1980 696 2006 ἐκ
721 1979 850 2015 προνοίας

58 2026 109 2051 τῶν
123 2025 305 2059 sesumam,
316 2025 438 2060 αἰσχρῶς
453 2026 500 2051 καὶ
517 2025 594 2060 μόλις
609 2025 724 2057 σπονδὰς
736 2025 850 2060 Θέμενος

59 2073 208 2107 ὑπέστρεψε
225 2081 232 2088 ·
249 2071 439 2107 προσεκύνησε
453 2072 507 2108 γὰρ
527 2071 575 2098 ἅτε
603 2071 697 2107 κύριον
709 2072 755 2098 τὸν
772 2072 852 2107 βασις

60 2118 105 2145 ἳέα
122 2118 175 2145 τῶν
196 2118 376 2153 Ὲςροαλιτῶν,
393 2118 440 2144 καὶ
454 2118 560 2153 μήποτε
575 2117 784 2153 ἐπιστρατεύειν
809 2117 851 2144 δι-

60 2165 224 2198 ομοσίμενος
244 2163 402 2198 ἀπηλλάγη.
431 2163 663 2198 Παρασπονδὴσας
682 2163 711 2189 δὲ
740 2163 854 2198 ὕστερον

63 2210 108 2235 καὶ
126 2210 147 2225 ’⁸
170 2209 392 2245 ἐπιστρατεύσας
419 2210 525 2241 ἀκλεῶς
537 2210 594 2245 ἅμα
602 2209 641 2245 τῷ
656 2209 854 2246 παντὶστρατῷ

64 2255 200 2292 διεφθάρη.
212 2257 331 2292 τάφροις
342 2257 398 2282 τισὶ
409 2257 457 2283 καὶ
468 2255 579 2292 διώρυξι
591 2258 613 2273 ’³
629 2256 787 2292 περιπεσὼν
813 2256 852 2283 δι-

64 2303 280 2336 εσκευασμένας,
305 2302 437 2336 τέταρτον
458 2302 486 2329 δὲ
499 2303 546 2329 καὶ
559 2302 681 2329 εἰκοστὸν
705 2302 756 2336 τῆς
772 2301 851 2337 βασι-

64 2346 134 2377 λείας
145 2347 226 2373 αὐτοῦ
252 2347 374 2374 ὲλαύνων
392 2347 516 2374 ἐνιαυτόν
531 2355 538 2362 ·
569 2347 597 2373 ὲν
609 2344 631 2379 ᾧ
644 2347 690 2373 καὶ
704 2347 751 2373 τδν
768 2347 852 2372 πολυ-

67 2389 190 2426 θρύλητον
202 2392 208 2407 ¹
223 2392 378 2427 μάργαρον,
390 2393 477 2427 ὅσπερ
490 2391 520 2424 ἐξ
532 2392 600 2424 ὼτὺς
608 2392 654 2419 τοῦ
667 2391 754 2425 δεξιοῦ
768 2391 852 2427 Περά-

69 2436 112 2466 ξοιι
124 2438 310 2473 ἀπεκρέμαντο,
323 2439 422 2474 συνέὸη
438 2439 632 2474 ἀφανισθῆναι.

102 2480 144 2516 [68
159 2483 204 2519 IL}
222 2493 232 2509 ι
245 2484 308 2510 Ὅτι
323 2484 348 2510 οἱ
363 2485 532 2518 μαργαρῖται
552 2484 598 2510 καὶ
608 2484 746 2519 μάργαροι
759 2484 853 2518 λέγον-

869 2241 892 2269 D

898 1614 998 1646 intulit,
1009 1614 1057 1648 qui
1074 1613 1236 1648 prtbalitze
1248 1613 1305 1648 (64)
1321 1618 1350 1641 et
1373 1613 1486 1641 Candidi
1498 1613 1691 1641 nominantur:

898 1664 961 1687 sunt
972 1659 1044 1686 enim
1061 1658 1115 1685 albi
1131 1658 1231 1685 coloris
1245 1667 1250 1684 :
1271 1663 1354 1692 utque
1368 1659 1476 1693 egregia
1493 1658 1594 1694 specie,
1612 1659 1653 1686 sic
1666 1663 1694 1686 et

899 1705 1007 1733 caneris
1020 1705 1124 1733 Hunuis
1144 1704 1298 1732 dissimiles.
1323 1704 1417 1739 Neque
1435 1704 1612 1732 Numidarum
1636 1704 1693 1740 (65)

900 1752 953 1779 ritu
966 1757 1111 1788 vagantur,
1130 1751 1172 1779 vel
1192 1756 1316 1786 agrestes
1331 1755 1394 1779 sunt
1407 1760 1414 1785 ;
1427 1752 1475 1779 sed
1494 1752 1603 1779 civilem
1619 1751 1692 1778 inter

900 1799 974 1833 ipsos
999 1799 1159 1826 societatem
1179 1797 1284 1832 legibus
1308 1801 1431 1829 tuentur,
1455 1797 1618 1832 regibusque
1636 1797 1694 1824 suis

900 1844 1093 1879 subjiciuntur.
1121 1843 1152 1871 lli
1170 1844 1202 1870 ad
1220 1843 1332 1871 boream
1353 1842 1449 1871 Persis
1469 1843 1579 1871 Ilnilimi
1600 1847 1689 1876 sunt;

901 1891 981 1925 22a
1009 1890 1187 1925 quamobrem
1224 1889 1307 1916 etiam
1336 1889 1431 1916 ﬁniunt
1463 1889 1695 1922 terminorumqua

903 1944 984 1963 causa
997 1938 1023 1962 in
1041 1935 1215 1970 prtbalitas
1230 1934 1349 1973 Perozes
1361 1935 1514 1973 exercitum
1533 1935 1628 1966 duxit;
1648 1934 1695 1960 sel

902 1983 1120 2018 prthalitarum
1135 1981 1254 2014 vafritie,
1270 1981 1304 2008 ad
1326 1981 1419 2015 iniqua
1442 1980 1559 2015 primum
1576 1979 1635 2007 loca
1647 1979 1696 2007 de-

903 2028 984 2060 latus,
1002 2026 1182 2062 ignominiose
1207 2030 1236 2053 et
1256 2025 1450 2063 vix.salutem
1475 2029 1581 2059 pactus,
1599 2024 1694 2052 rediit.

904 2075 1028 2102 Adoreus
1043 2073 1128 2106 enim,
1148 2077 1278 2108 tanquam
1296 2072 1449 2104 dominum,
1473 2071 1696 2107 prtbalitarum

904 2127 1008 2154 regem,
1022 2124 1049 2146 et
1063 2125 1200 2153 nunquam
1221 2121 1315 2152 postea
1332 2116 1432 2144 bellum
1449 2124 1480 2144 se
1499 2119 1637 2142 moturum
1652 2114 1698 2147 ju-

905 2166 1052 2201 rejurando
1085 2165 1271 2198 conﬁrmans,
1296 2163 1392 2191 evasit.
1417 2163 1509 2197 Rupto
1539 2167 1627 2189 tamen
1654 2161 1698 2188 ille

905 2217 1000 2248 postea
1018 2211 1130 2244 laedere,
1147 2211 1290 2244 doctisque
1306 2210 1404 2237 iterum
1420 2209 1517 2243 copiis,
1533 2207 1604 2235 Imdc
1615 2206 1698 2234 simul

906 2264 966 2283 cum
979 2255 1053 2282 omni
1074 2255 1197 2283 exercitu
1215 2255 1306 2289 periit,
1323 2254 1405 2282 fossis
1422 2253 1583 2288 quibusdam
1605 2259 1636 2278 ac
1653 2259 1700 2286 pu-

906 2302 957 2329 teis
974 2302 1008 2328 ab
1024 2302 1101 2329 boste
1119 2301 1282 2335 comparatis
1300 2301 1422 2333 haustas,
1443 2307 1503 2327 cum
1523 2302 1649 2334 quartum
1672 2303 1700 2325 ct

907 2348 1067 2375 vicesimum
1092 2351 1220 2382 regnaret
1238 2354 1338 2373 annum
1352 2355 1359 2379 ;
1381 2345 1489 2380 quando
1502 2350 1530 2372 et
1545 2344 1701 2372 celebratus

908 2393 953 2420 ille
968 2393 1042 2426 uniol
1058 2400 1137 2427 quem
1151 2392 1262 2419 dextera
1276 2392 1401 2426 gestabat
1413 2398 1490 2422 aure,
1510 2390 1600 2425 periit.

948 2489 956 2506 ι
976 2479 1127 2513 Margarittc
1145 2479 1213 2514 (66),
1234 2484 1261 2506 et
1287 2478 1417 2513 margari,
1437 2482 1464 2505 et
1482 2477 1646 2512 margaridze
1661 2476 1702 2503 di-

69 2535 112 2554 ται
125 2529 170 2555 καὶ
186 2530 365 2566 μαργαρίδαι.
381 2530 502 2565 Εὕρηται
515 2530 569 2565 γὰρ
593 2531 608 2556 ὁ
624 2530 765 2565 μάργαρος
780 2538 843 2564 παρέ

909 2532 1017 2553 cantur.
1037 2525 1177 2553 Invenitur
1193 2525 1268 2552 enim
1291 2524 1428 2558 Margatus
1443 2524 1488 2551 hic
1513 2523 1583 2559 apud
1600 2521 1701 2550 Proco-

689 2586 805 2613 VARI/E
823 2585 1025 2613 LECTIONES.

103 2633 125 2650 ”
136 2633 163 2660 δὲ
177 2634 224 2661 καὶ
244 2634 352 2667 Ἰωνικῇ
369 2642 400 2666 ς.
438 2633 461 2650 ’⁵
472 2633 617 2665 Βανδίλους
631 2633 663 2660 Α.
701 2634 724 2649 ⁸⁸
733 2632 910 2667 Βελισσάριος
924 2641 954 2665 ς.
971 2638 997 2660 ct
1014 2632 1059 2660 hic
1073 2635 1098 2660 et
1113 2630 1194 2658 infra.
1232 2629 1256 2646 °°
1272 2628 1329 2666 τὸν]
1340 2629 1395 2656 τῶν
1411 2629 1444 2656 Α.
1483 2629 1506 2645 ⁸⁷
1517 2627 1651 2663 δροοετῶν
1666 2627 1700 2654 Α.

73 2667 94 2683 ⁸⁸
108 2669 153 2695 καὶ
163 2678 217 2696 om.
235 2670 268 2697 A.
306 2671 329 2686 ”
340 2663 529 2705 διῶρύξεσιᾼ.
569 2669 578 2684 ¹
594 2663 813 2704 ττολυΘρύλλητον
830 2663 860 2700 gl

829 2712 945 2742 NOTAE.

109 2760 173 2795 (63‘)
185 2761 263 2789 Suid.
284 2761 393 2788 Illustrii
409 2765 616 2795 cognomentum
635 2761 672 2788 illi
690 2761 795 2794 tribuit,
808 2768 856 2796 pa-

78 2795 201 2831 triamque
214 2797 369 2824 staream
386 2795 522 2824 Palmslin.
534 2796 605 2831 Lege
621 2796 657 2831 ibi
672 2797 758 2830 plura.

110 2830 165 2865 (63y
177 2831 301 2859 Scribam
317 2831 402 2858 fuisse
423 2832 535 2859 Belisar.
553 2830 629 2859 testis
641 2830 719 2858 Suid.

110 2865 161 2900 (64)
178 2866 243 2893 Vide
255 2866 307 2893 inf.
320 2867 383 2894 cod.
403 2865 497 2894 LXIV.

111 2900 161 2937 ($5)
172 2901 306 2930 Nomades
322 2902 449 2930 dicuntur
461 2902 531 2930 I‘lin.
548 2901 593 2930 lib.
612 2909 637 2936 ν,
653 2909 713 2937 cap.
729 2902 755 2935 5,
768 2909 780 2928 a
794 2908 855 2936 pcr-

911 2758 1049 2787 mutandis
1069 2757 1184 2793 pabulis.

944 2794 1001 2830 (66)
1018 2788 1076 2830 Hoc
1087 2793 1223 2830 scltolion,
1240 2792 1328 2819 alieno
1344 2791 1403 2830 loco
1423 2792 1448 2820 in
1470 2789 1588 2830 exempl.
1604 2788 1700 2816 Graeco

911 2828 1011 2865 prioris
1027 2829 1155 2865 editionis
1169 2829 1344 2862 collocatum,
1361 2828 1414 2856 huc
1427 2831 1556 2861 tanquam
1572 2828 1600 2851 in
1617 2831 1698 2852 suam

909 2863 1002 2894 sedem
1016 2863 1190 2893 retraximus.
