1934 3089
222 162 274 195 123

224 221 297 254 pium
314 219 462 253 rhetorem,
477 220 600 254 aliosque
614 220 746 248 classicos
757 222 916 255 scriptores.
939 222 1010 249 Mar—
1024 223 1047 251 A

221 265 322 299 garida’.
339 270 380 293 est
392 265 461 300 apud
479 266 674 301 Praxagoram,
702 265 822 293 Ionicum
835 267 1007 301 scriptorem,

222 311 290 338 libro
303 312 421 338 secundo
435 311 615 338 Historiarum
626 312 717 339 devita
729 311 1009 348 CamianliniMagni,

221 361 249 384 et
266 357 334 384 alios
351 357 415 384 item
426 361 562 384 auctores.
575 356 730 392 Margarin
743 365 807 385 vero
819 358 947 392 frequens
957 363 1010 392 est,

221 407 249 429 et
262 410 276 429 a
291 402 383 430 multis
398 408 569 437 usurpatum.
588 412 598 429 ›

257 447 361 475 Dehinc
379 452 439 483 post
456 448 576 476 Perozen
594 448 728 481 Cabades,
745 448 875 476 minimus
891 454 957 476 natu
977 449 1012 476 ti-

222 493 286 525 lius,
316 501 429 527 regnum
460 494 577 528 excepit.
599 493 623 521 Is
648 494 808 522 violatarum
835 495 922 530 legum
950 503 1013 523 rcus

222 537 321 571 factus,
339 539 365 565 in
386 539 547 572 custodiam,
572 539 614 567 cui
638 539 739 567 Lethes
758 548 868 573 nomen,
888 541 922 567 ab
945 541 1013 575 ipsis

224 583 315 610 Persis
334 583 443 617 missus,
466 584 560 611 uxoris
581 585 691 612 tandem
712 585 806 612 fraude
826 585 956 620 dilapsus,
979 586 1013 614 ad

224 628 376 657 Euthalitas
396 629 520 664 confugit
535 639 542 658 :
559 638 675 666 quorum
693 638 754 658 cum
777 631 914 666 ingentem
930 632 1013 660 colle-

224 674 308 709 gisset
329 675 492 709 exercitum,
517 683 596 710 quem
617 676 644 703 in
670 675 769 704 Persas
789 677 876 708 duxit,
898 685 1012 712 regnum

224 719 284 746 sine
301 727 388 755 pugna
414 722 606 756 recuperavit:
625 725 652 749 et
672 721 768 749 Blasen
783 722 878 749 Perozi
900 720 1012 750 fratrem

221 764 276 798 jam
290 771 345 792 tum
356 773 404 801 pro
415 773 444 794 se
457 772 627 802 regnantem,
641 768 803 795 desertuma
818 763 874 796 suis
889 774 1014 803 captum-

223 817 287 845 que,
304 811 366 838 olco
383 812 498 840 ferventi
516 813 542 840 in
554 813 650 841 oculos
665 813 749 841 misso
766 814 819 848 (sic
834 814 906 841 enim
920 813 1012 842 Persis

224 856 348 884 solemne
370 858 423 889 est)
440 859 602 886 excrecavit.
632 859 698 892 Qute
727 859 840 894 insuper
866 859 1012 887 Pacurium

225 902 296 930 inter
320 903 464 932 Persarum
498 913 588 941 regem
622 910 650 933 et
672 905 793 934 Arsacen
821 906 1014 934 Armeniorum

224 949 408 984 contigerunt.
423 950 510 985 deque
530 959 670 986 magorum
683 952 801 980 consilio
815 951 931 981 Pacurio
948 961 1015 980 con-

226 1001 266 1023 tra
277 996 397 1024 Arsacen
413 997 486 1030 dato,
505 998 558 1026 uisi
574 997 697 1026 fabulosa
720 999 778 1026 haec
804 1002 880 1033 sunt,
904 999 1018 1035 scripsit

225 1046 332 1070 auctor.

261 1085 331 1114 Idem
347 1087 392 1114 ille
415 1087 540 1116 Cubades
555 1087 701 1116 Euthalitis
716 1089 817 1124 ingenti
843 1096 898 1117 aere
917 1090 1018 1118 obstri-

225 1138 296 1166 ctus,
311 1134 344 1160 al)
359 1135 508 1162 Anastasio
532 1134 629 1169 imper.
646 1135 789 1169 pecuniam
827 1140 949 1163 mutuam
971 1143 1018 1170 po-

226 1178 350 1207 stulavit.
366 1180 452 1212 Quam
476 1179 521 1206 ubi
541 1187 595 1207 non
620 1179 786 1214 impetravit,
811 1180 882 1207 nulla
904 1180 956 1207 alia
984 1182 1016 1208 de

226 1232 309 1252 causa
327 1225 466 1260 repentina
482 1226 640 1253 incursione
652 1226 748 1253 bonam
760 1225 897 1253 Armeniae
910 1232 1016 1261 partem

225 1271 356 1303 vastavit,
368 1271 549 1306 Amidamque
562 1271 682 1299 obsedit.
700 1272 769 1299 Dum
785 1279 850 1299 vero
861 1272 895 1299 ab
911 1280 954 1304 ea,
971 1280 1019 1308 po-

226 1317 326 1344 tiundte
342 1324 389 1351 spe
404 1317 515 1350 amissa,
531 1318 646 1349 recedit,
658 1309 760 1345 ftedum
779 1317 1017 1345 meretricularum

226 1363 411 1398 spectaculum
430 1362 560 1390 iterandm
586 1363 738 1391 obsidionis
760 1370 870 1391 causam
893 1364 1016 1399 przebnit.

226 1408 366 1444 Ira-igitur
380 1416 413 1436 ac
432 1408 525 1436 furore
542 1409 662 1443 percitus
677 1409 800 1437 Cabades
824 1410 851 1436 iu
875 1410 1018 1438 obsidione

228 1455 399 1490 perdurans,
425 1456 520 1482 urbem
547 1456 572 1482 vi
595 1447 751 1491 expugnat,
777 1455 907 1491 civesque
925 1464 1019 1484 servos

227 1509 289 1529 esse
305 1501 393 1537 jubet.
412 1501 510 1529 Postea
525 1506 616 1529 tamen
632 1501 775 1536 plerosque
792 1503 915 1538 captivos
933 1502 1019 1537 gratis

227 1548 338 1576 domum
356 1549 476 1580 remisit.
493 1556 562 1583 quos
579 1552 606 1576 et
616 1548 781 1576 Anastasius
793 1549 868 1577 omni
880 1553 922 1576 est
936 1549 1019 1577 bene-
1031 1555 1055 1588 α

227 1592 354 1620 volentia;
370 1599 471 1628 genere
484 1593 653 1629 complexus.

263 1638 379 1674 Cognito
403 1646 469 1667 vero
482 1639 609 1667 Amidam
633 1639 764 1673 obsideri,
781 1639 906 1676 ingentes
923 1641 1019 1669 admo-

228 1684 292 1712 dum
305 1685 436 1712 adversus
447 1684 546 1712 Persas
558 1685 718 1713 Anastasius
732 1686 785 1721 22
797 1686 811 1713 b
826 1687 920 1722 copias
931 1687 1017 1720 misit,

229 1730 331 1759 creatis
344 1730 457 1758 ducibus
474 1730 631 1759 Areobindo
656 1732 779 1760 Orientis
801 1733 880 1765 duce,
895 1733 940 1768 qui
956 1732 1020 1769 Oly-

230 1774 294 1808 brii,
308 1775 366 1808 ejus
379 1775 427 1809 qui
440 1775 520 1809 paulo
536 1780 599 1802 ante
613 1776 639 1803 in
659 1775 808 1804 Occidente
823 1777 1017 1812 imperaverat,

231 1827 314 1856 gener
327 1825 387 1848 erat
404 1820 517 1848 :Cclere
533 1821 596 1848 item
614 1822 756 1857 magistro,
778 1821 900 1850 Patricio
912 1830 1020 1857 quoque

231 1866 347 1902 Phryge,
365 1871 392 1894 et
414 1866 530 1902 Hypatio
546 1872 662 1902 cognato
688 1867 822 1902 patruele.
848 1868 888 1896 Ad
903 1873 1021 1903 quatuor

231 1916 320 1939 autem
343 1911 426 1940 hosce
451 1913 534 1941 duces
557 1917 734 1941 accesserunt
757 1918 785 1940 et
803 1913 944 1947 Justinus,
974 1915 1020 1949 qui

230 1958 367 1985 Anastasii
390 1957 533 1993 imperium
554 1958 672 1993 excepit,
696 1958 799 1993 aliique
820 1959 929 1994 plurimi
950 1961 1021 1988 bello

231 2008 392 2037 praestantes
405 2004 468 2031 viri.
481 2003 638 2040 Exercitum
658 2008 764 2032 tantum
781 2012 920 2040 nunquam
932 2013 947 2033 a
961 2006 1018 2034 Ro-

231 2036 320 2075 manis
342 2048 368 2075 in
392 2047 488 2076 Persas
508 2036 624 2076 missura
649 2048 751 2076 ferunt.
771 2050 805 2076 At
829 2050 893 2077 dum
916 2057 1021 2078 moram

230 2096 384 2122 cunctando
407 2099 530 2129 nectunt,
548 2100 624 2130 capta
640 2095 738 2123 civitas
752 2100 806 2128 est,
824 2103 912 2130 neque
934 2097 1016 2124 simul

231 2148 325 2167 omnes
345 2148 409 2168 cum
433 2140 554 2175 Cabade,
570 2147 697 2169 conserta
714 2149 806 2174 manu,
820 2142 1020 2177 conﬂixerunt;

231 2186 278 2213 sed
303 2186 417 2214 seorsim
439 2186 538 2221 singuli
562 2187 678 2222 turpiter
698 2187 776 2219 victi,
804 2188 898 2215 multis
911 2196 1020 2216 suorum

232 2232 403 2265 desideratis,
421 2232 617 2260 discesserunt.
634 2232 756 2261 Tandem
773 2237 875 2265 tamen,
891 2234 1021 2261 ductisad
1038 2226 1059 2253 Ῑ)

231 2277 355 2304 Amidam
372 2278 469 2313 copiis,
489 2277 582 2314 urbem
596 2277 753 2311 cinxerunt,
770 2278 870 2313 diuque
885 2279 1021 2307 haerentes

232 2322 358 2356 Romani,
372 2323 470 2351 Persas
485 2324 615 2357 inclusos,
631 2328 660 2352 et
679 2331 771 2352 rerum
789 2324 880 2359 inopia
894 2324 1023 2352 laboran-

232 2374 284 2403 tes,
296 2370 329 2397 ad
341 2375 443 2404 septem
459 2378 592 2398 annorum
605 2370 732 2398 inducias
749 2371 951 2404 compulerunt,
974 2378 1023 2398 au-

231 2416 353 2444 ctoribus
363 2415 457 2444 Celere
475 2416 598 2444 Romano
611 2422 638 2444 et
650 2416 793 2452 Aspevede
808 2416 902 2444 Persa.

267 2504 372 2532 Taurus
396 2505 508 2533 Cilicum
522 2514 599 2534 mons
613 2514 660 2541 per
676 2507 853 2542 Cappadocas
880 2507 996 2541 primum
1011 2515 1019 2541 ;

231 2554 259 2576 et
273 2550 418 2578 Armenios
432 2559 491 2578 sese
504 2553 636 2585 extendit,
653 2560 685 2580 ac
704 2557 817 2585 terrain,
832 2559 900 2587 quos
912 2557 1020 2584 vocant,

232 2594 506 2629 Persarmeniorum;
534 2597 632 2625 dehinc
653 2605 700 2632 per
719 2598 839 2625 Albanos
863 2598 1021 2632 porrigitur,

234 2644 261 2666 et
272 2639 372 2672 Iberos,
386 2645 414 2668 et
426 2649 600 2677 quascunque
615 2643 681 2670 alias
692 2644 733 2670 sui
750 2644 822 2677 juris
839 2648 943 2678 gentes,
962 2650 1022 2678 qua:

235 2685 327 2714 Persis
338 2686 411 2715 dicto
424 2689 575 2723 audientes,
587 2689 622 2717 iis
637 2689 663 2717 in
672 2689 738 2718 locis
754 2689 889 2718 habitant.
905 2689 1022 2718 Praeter-

782 165 915 195 PHOTII
933 165 1186 196 PATRIARCH/E
1206 165 1261 196 CP.

1060 229 1090 248 τε
1109 221 1254 257 Προκοπίῳ
1278 220 1317 256 τῷ
1339 221 1434 256 ῥήτορι
1447 220 1494 247 καὶ
1511 220 1601 252 ἄλλοις
1615 221 1626 236 ¹
1643 220 1792 255 ἀξιολόγοις
1805 241 1814 254 ,
1831 220 1866 248 τὸ

1060 266 1088 293 δὲ
1103 267 1267 302 μαργαρίδαι
1283 266 1360 301 παρά
1383 275 1412 292 τε
1435 267 1600 303 Πραξαγόρᾳ
1623 267 1755 299 ίωνίζοντι
1771 268 1800 294 ἐν
1827 268 1865 302 τῇ

1061 312 1130 345 Περὶ
1142 313 1198 338 νὺν
1208 311 1308 346 Μέγαν
1317 311 1547 338 Κωνσταντῗνον
1557 312 1799 348 δευτέρᾳΊο-τορίᾳ,
1813 314 1866 339 καὶ

1061 358 1127 393 παρ’
1149 357 1249 388 ἄλλοις,
1264 358 1296 383 Ul
1317 357 1346 384 δὲ
1367 358 1535 393 μαργαρῖται
1550 357 1665 392 σύνηθες
1677 357 1724 384 καὶ⁴
1745 357 1814 384 πολὺ
1834 358 1866 384 ἐν

1062 404 1094 438 τῇ
1113 403 1221 438 χρήσει.
1241 411 1250 428 ι

1099 447 1166 476 Εἶτα
1184 449 1254 484 μετά
1276 449 1400 484 Περόζην
1421 449 1435 475 ό
1449 448 1583 480 νεώτατος
1600 447 1648 484 [3‘2
1663 448 1709 485 IL]
1725 449 1783 481 υίὸς
1799 450 1867 476 Κα-

1063 494 1146 529 σάδης
1167 493 1204 525 ὡς
1219 493 1402 525 ἐϐασίλευσεν,
1423 494 1497 525 ὅπως
1510 502 1540 520 τε
1558 495 1568 509 ³
1590 493 1756 529 παρανομῶν
1773 495 1815 526 είς
1833 494 1867 520 τὸ

1062 538 1112 574 τῆς
1139 538 1233 574 Λήθης
1262 538 1394 574 φρούριον
1419 538 1465 564 ὑπ’
1489 538 1580 565 αὐτῶν
1598 538 1712 574 Περσῶν
1737 538 1866 574 ἐνετέθη,

1063 585 1138 616 ὅπως
1151 593 1180 611 τε
1193 583 1283 610 λαθὼν
1293 584 1337 610 διὰ
1352 584 1404 618 τῆς
1420 584 1550 618 γυναικὸς
1563 586 1603 617 είς
1618 585 1682 617 τοὺς
1697 585 1865 620 Ἑφθαλίτας

1064 627 1179 663 ἀπέδρα,
1195 627 1243 654 καὶ
1257 627 1330 659 ὅπως
1346 628 1436 654 ἐκεῖσε
1451 628 1586 664 κηδεύσας
1597 649 1605 661 ,
1621 630 1731 665 στρατῷ
1745 630 1864 665 μεγάλῳ

1070 673 1238 708 Ἐφθαλιτῶν
1252 674 1299 700 ἐπὶ
1316 674 1424 708 Πέρσας
1443 674 1553 707 ἐλάσας,
1570 675 1694 711 ἀμαχητὶ
1707 676 1758 711 τὴν
1770 676 1864 711 ἀρχὴν

1063 719 1242 755 ἀνεκτήσατο,
1257 720 1304 746 καὶ
1329 720 1428 747 Βλάσιν
1442 719 1453 735 ⁸
1467 720 1514 747 τὸν
1533 721 1653 756 Περόζου
1668 721 1782 756 ἀδελφὸν
1801 723 1863 749 ἀντ’

1063 766 1147 793 αὑτοῦ
1163 765 1361 801 βασιλεύσαντα
1375 766 1480 802 ἔρημον
1502 766 1594 794 λαϐὼν
1607 767 1661 793 τῶν
1677 768 1863 803 ἀμυνομένων

1063 812 1243 845 ἐξετύφλωσέ,
1253 812 1313 844 ζέον
1323 812 1412 839 ἔλαιον
1420 814 1476 844 τοῖς
1483 813 1633 848 ὀφθαλμοῖς
1638 814 1824 849 ἠνεῳγμένοις
1833 815 1863 831 ⁸⁸

1066 859 1200 893 ὲπεγχέας
1210 867 1218 874 ’
1232 858 1326 894 τρόπῳ
1337 858 1391 894 γὰρ
1404 859 1471 893 τῷδε
1484 859 1588 894 Πέρσαι
1601 859 1757 893 τυφλοῦσιν.
1769 860 1811 886 Τά
1830 869 1864 886 τε

1068 905 1132 939 περὶ
1146 904 1299 940 Πακουρίου
1314 904 1361 931 τοῦ
1380 904 1492 940 Περσῶν
1508 904 1641 939 βασιλέως
1652 905 1700 932 καὶ
1722 905 1863 941 ’Λρσάκου

1073 951 1222 986 Ἀρμενίων
1256 951 1307 985 τῆς
1336 959 1366 977 τε
1387 950 1442 977 τῶν
1467 951 1601 977 ὲπαοιδῶν
1620 951 1763 986 ὑποθήκης
1786 953 1863 978 κατὰ

1073 996 1208 1032 Ἀρσάκου
1227 997 1269 1031 τῷ
1289 997 1433 1032 Πακουρίῳ
1456 997 1654 1032 γεγενημένης,
1666 998 1690 1024 εί
1706 997 1743 1033 μὴ
1774 997 1864 1032 μῦθος

1067 1042 1155 1069 ταῦτα
1175 1042 1313 1070 συνέθετο.

1105 1087 1167 1114 Ὀτι
1181 1087 1310 1122 Καϐάδης
1322 1089 1336 1114 ὁ
1355 1087 1554 1123 προειρημένος
1577 1087 1667 1121 όφλων
1685 1086 1865 1121 Ἑφοαλίταις

1068 1135 1196 1169 χρήματα
1204 1134 1378 1161 ’Ᾱναστάσιον
1399 1134 1510 1169 βασιλέα
1522 1133 1611 1169 ᾐτεῖτό
1626 1134 1649 1159 οί
1665 1133 1796 1164 δανεῖσαι,
1812 1133 1862 1159 τοῦ

1068 1180 1096 1206 δὲ
1115 1179 1152 1214 μὴ
1171 1180 1260 1211 δόντος
1273 1180 1336 1206 ἄνευ
1358 1180 1440 1215 άλλης
1464 1180 1553 1211 αἰτίας
1575 1179 1672 1214 ἀθρόον
1695 1179 1781 1205 πολλὰ
1803 1179 1863 1213 τῆς

1075 1225 1221 1259 Ἀρμενίας
1244 1225 1398 1260 κατέδραμε
1412 1226 1459 1252 καὶ
1476 1225 1588 1260 Ἀμίδαν
1609 1224 1772 1259 ἐπολιόρκει,
1788 1224 1862 1250 ἀπο-

1070 1270 1155 1306 ρήσας
1168 1270 1196 1296 δὲ
1214 1269 1357 1305 ἀνεχώρει,
1369 1270 1554 1306 ἀναχωροῦντι
1567 1271 1596 1297 δὲ
1612 1271 1629 1306 ἡ
1647 1270 1701 1296 τῶν
1715 1269 1863 1304 ἑταιρίδων

1069 1316 1206 1350 γυναικῶν
1227 1316 1507 1352 αίσχροπραγμοσύνη
1531 1317 1604 1343 αἰτία
1615 1316 1665 1351 τῆς
1683 1315 1863 1351 ὑποστροφῆς

1069 1361 1198 1396 κατέστη,
1215 1362 1263 1388 καὶ
1280 1361 1464 1397 πολιορκήσας
1485 1362 1563 1397 θυμῷ
1587 1362 1635 1388 καὶ
1649 1362 1717 1397 ὀργῇ
1731 1361 1863 1396 Καὸἀδης

1068 1408 1119 1443 τήν
1129 1415 1159 1434 τε
1171 1407 1247 1434 πόλιν
1269 1407 1340 1434 κατὰ
1351 1407 1451 1442 κράτος
1471 1407 1533 1442 έσχε
1546 1407 1593 1434 καὶ
1610 1408 1673 1438 τοὺς
1686 1407 1715 1433 ὲν
1729 1407 1797 1442 αὐτῇ
1815 1407 1864 1442 ἠν-

1069 1453 1260 1489 δραποδίσατο.
1276 1453 1409 1488 ’Υστερον
1427 1452 1456 1479 δὲ
1472 1453 1586 1484 πολλοὺς
1603 1453 1656 1479 τῶν
1677 1452 1863 1488 αίχμαλώτων

1069 1499 1159 1533 ἀφῆκε
1178 1499 1296 1535 προῖκα,
1310 1498 1357 1531 οὓς
1378 1499 1423 1525 καί
1445 1499 1620 1531 Ἀναστάσιος
1642 1500 1670 1532 ὲς
1692 1500 1727 1526 τὰ
1742 1499 1863 1534 μάλιστα

1070 1545 1166 1580 ἔφιλοφ
1171 1545 1314 1581 ρονήσατο.

1105 1635 1167 1662 Ὀτι
1186 1634 1417 1670 πολιορκουμένην
1432 1634 1544 1669 Ἀμίδαν
1565 1634 1659 1669 μαθὼν
1686 1635 1865 1668 Ἀναστάσιος

1070 1680 1275 1716 στρατεύματος
1299 1679 1401 1715 πλῆθος
1428 1680 1487 1706 λίαν
1511 1680 1582 1706 κατά
1605 1680 1717 1715 Περσῶν
1744 1680 1863 1713 ἔστειλε,

1070 1726 1239 1762 στρατηγοὺς
1262 1726 1413 1761 ἐπιστήσας
1447 1725 1614 1762 ’Δρεόὸινδὸν
1648 1734 1679 1752 τε
1702 1727 1748 1752 τδν
1773 1726 1866 1761 Ἑῴας

1070 1771 1232 1808 στρατηγὸν,
1254 1771 1284 1802 ὃς
1297 1769 1332 1806 ἦν
1359 1770 1500 1806 Ὀλυὸρίου
1515 1771 1525 1787 ⁸
1552 1771 1685 1807 κηδεστὴς
1705 1771 1751 1798 τοῦ
1769 1772 1866 1808 μικρῷ

1070 1816 1188 1853 πρόσθεν
1202 1816 1252 1850 τῆς
1273 1816 1408 1851 Ἐσπέρας
1423 1815 1641 1850 βασιλεύσαντος,
1653 1816 1760 1852 Κέλερα
1770 1826 1799 1843 τε
1817 1819 1866 1844 τὸν

1072 1863 1233 1898 μάγιστρον,
1248 1862 1396 1897 Πατρίκιόν
1410 1871 1441 1888 τε
1461 1862 1507 1889 τὺν
1532 1863 1640 1898 Φρύγα,
1660 1863 1708 1889 καὶ
1732 1863 1865 1890 ’Υπάτιον

1069 1910 1116 1936 τὸν
1136 1909 1236 1936 οἰκεῖον
1247 1908 1413 1942 ἀδελφιδοῦν.
1425 1905 1505 1935 Οὗτοι
1516 1909 1565 1944 μὲν
1578 1906 1626 1936 οὖν
1639 1909 1789 1945 στρατηγοὶ
1799 1910 1865 1936 τέσ-

1072 1963 1166 1990 σαρες,
1191 1954 1274 1988 συνῆν
1287 1954 1316 1981 δὲ
1334 1954 1426 1986 αὐτοῖς
1445 1955 1492 1981 καὶ
1509 1955 1651 1987 Ἰουστῖνος
1665 1957 1679 1982 ὁ
1693 1956 1762 1991 μετὰ
1784 1956 1866 1982 Ἀνα-

1074 2000 1183 2028 στάσιον
1201 1999 1363 2035 βασιλεύσας
1380 2001 1402 2032 ⁶,
1420 2000 1495 2027 ἄλλοι
1512 2009 1541 2027 τε
1555 2001 1647 2028 πολλοὶ
1659 2002 1706 2028 καὶ
1718 2001 1815 2035 ἀγαθοὶ
1830 2002 1866 2028 τὰ

1073 2046 1210 2081 πολέμιιί·
1228 2045 1387 2081 στράτευμα
1404 2046 1458 2081 γὰρ
1470 2046 1592 2072 τοιοῦτον
1611 2045 1710 2072 οὔποτε
1725 2047 1771 2072 ἐπὶ
1792 2046 1865 2081 ΙΙέρ-

1073 2100 1122 2123 σας
1140 2091 1285 2125 Ῥωμαίοις
1309 2092 1375 2126 φασὶ
1389 2091 1528 2126 ξυστῆναι,
1550 2091 1608 2118 ἀλλ’
1621 2092 1830 2127 ὑστερησάντων
1846 2094 1863 2128 ἠ

1072 2138 1149 2169 πόλις
1178 2137 1260 2168 ἑάλω,
1289 2138 1336 2164 καὶ
1357 2138 1406 2172 οὺχ
1431 2137 1491 2172 ἅμα
1514 2137 1627 2173 Καὸάδῃ
1646 2138 1864 2173 πολεμήσαντες,

1072 2184 1140 2211 ἀλλὰ
1151 2183 1236 2219 χωρὶς
1251 2183 1377 2214 ἕκαστοι,
1397 2182 1506 2214 ἀκλεῶς
1529 2183 1734 2218 ἀπηλλάγησαν,
1751 2183 1866 2214 πολλοὺς

1072 2229 1127 2256 τῶν
1152 2228 1260 2256 οἰκείων
1291 2228 1483 2260 ἀποϐαλόντες.
1498 2228 1631 2264 Ὕστερον
1655 2229 1683 2255 δὲ
1702 2229 1730 2260 ὲς
1752 2229 1865 2263 Ἀμίδαν

1075 2275 1235 2310 ἀφικόμενοι
1249 2274 1425 2310 ἐπολιόρκουν
1439 2274 1488 2309 τὴν
1503 2274 1579 2301 πόλιν
1592 2282 1600 2291 ι
1618 2274 1865 2310 χρονοτριϐοὐντων

1075 2322 1113 2354 δὲ,
1127 2322 1152 2348 οῐ
1167 2321 1241 2353 ἐντὸς
1250 2321 1364 2356 Πέρσαι,
1373 2321 1423 2355 ήδη
1435 2320 1463 2347 δὲ
1478 2321 1525 2348 καὶ
1537 2321 1728 2356 ἀπορούμενοι,
1740 2321 1768 2351 ἐς
1785 2329 1867 2346 σπον-

1075 2367 1122 2400 δάς
1138 2367 1284 2402 Ῥωμαίοις
1299 2367 1386 2393 ἔτεσιν
1403 2367 1472 2393 ἑπτὰ
1491 2366 1643 2402 συνέδησαν
1656 2388 1663 2400 ,
1678 2366 1796 2402 Κέλερος
1815 2367 1866 2401 μὲν

1076 2413 1147 2448 ὑπὲρ
1167 2412 1320 2448 Ῥωμαίων,
1341 2412 1502 2439 Ἀσπευέδου
1522 2412 1550 2439 δὲ
1571 2413 1633 2439 ἀντὶ
1652 2412 1766 2448 Περσῶν
1778 2413 1864 2445 αὑτὰς

1076 2458 1278 2494 ποιησαμένων.

1111 2504 1172 2530 ’Ότι
1193 2503 1224 2530 τὸ
1239 2502 1359 2529 Κιλίκων
1375 2503 1385 2518 ⁷
1398 2502 1460 2538 ὅρος
1480 2503 1495 2529 ό
1508 2502 1614 2536 Ταῦρος
1635 2503 1746 2538 ἀμείϐει
1770 2502 1821 2537 μὲν
1833 2503 1867 2530 τὰ

1075 2550 1172 2586 πρῶτα
1181 2548 1380 2579 Καππαδόκας,
1393 2549 1439 2574 καὶ
1446 2548 1608 2583 Ἀρμενίους
1619 2548 1667 2574 καὶ
1675 2548 1731 2574 τῶν
1742 2548 1867 2583 Περσαρ-

1077 2595 1177 2631 μενίων
1198 2593 1248 2629 τὴν
1268 2593 1331 2628 γῆν,
1344 2591 1405 2620 εἶτα
1424 2593 1583 2625 Ἀλϐανοὺς,
1610 2593 1658 2620 καὶ⁴
1670 2592 1794 2628 Ἴϐηρας,
1820 2596 1868 2619 καὶ

1075 2641 1125 2668 ὅσα
1136 2640 1202 2667 ἄλλα
1217 2639 1352 2674 αὐτόνομα
1369 2638 1433 2674 ἔθνη
1447 2639 1496 2666 καὶ
1510 2639 1629 2674 Πέρσαις
1643 2640 1766 2674 κατήκοα
1779 2639 1866 2674 ταύτῃ

1075 2685 1380 2722 ᾠκηνται.’Υπερ6άντι
1393 2685 1422 2712 δὲ
1441 2685 1505 2717 τοὺς
1527 2684 1640 2720 Ἰϐήρων
1655 2685 1666 2701 ³
1688 2685 1768 2720 ὄρους
1782 2685 1868 2721 ἀτρα-

906 2781 1021 2810 VARle
1039 2779 1239 2809 LECTlONES.

271 2852 529 2895 ξροεῑάλλριςριιιη
587 2834 717 2895 omisi};
756 2852 766 2867 ³
782 2861 811 2895 τε
829 2852 867 2879 A:
884 2851 912 2878 δὲ
924 2860 953 2884 ς.
994 2851 1003 2866 ⁵
1014 2850 1115 2885 βλάσην
1131 2858 1162 2882 ς.
1200 2848 1220 2865 δ’
1240 2848 1426 2885 ἀνεῳγμένοις
1435 2857 1467 2882 ς.

238 2886 328 2919 σιλείις
340 2896 371 2920 ς.
409 2887 582 2919 ⁷ΚίλικοςΑ.
621 2889 632 2904 ⁸
649 2887 770 2923 Ὶόἠρους
788 2888 819 2914 A.

1520 2850 1532 2866 ⁸
1547 2847 1712 2883 Ὀλυμὸρίου
1722 2856 1751 2879 ς.
1791 2848 1801 2864 ⁸
1818 2847 1865 2883 βα-
