1934 3089
58 189 102 222 125
603 189 868 219 BIBLIOTH-ECA.
888 202 924 206 —
938 189 1021 220 COD.
1038 188 1152 218 LXIII.

1638 181 1690 214 126

56 245 100 276 ε-,ὁς
110 244 184 270 ἐστιν
198 243 229 270 ἐν
243 243 411 280 στενοχωρίᾳ
427 243 512 279 πολλῇ
537 243 584 270 ἐπὶ
607 244 732 275 σταδίους
747 245 845 279 πεντή-

898 252 991 280 gresso
1006 252 1071 272 vero
1090 243 1228 271 lberorltm
1252 240 1328 272 ﬁnes.
1344 239 1441 266 semita
1456 238 1580 273 quaedam
1595 246 1693 267 occur-

56 291 150 318 κοντα⁹
160 289 356 325 ἐξικνουμένη.
372 289 440 324 αὕτη
453 299 483 316 τε
494 291 511 326 ή
526 290 649 326 ἀτραπὸς
665 291 694 322 ἐς
709 290 847 325 ἀπότομόν

55 346 109 364 τινα
122 337 170 363 καὶ
183 337 254 368 ὅλως
268 337 370 363 ἄϐατον
384 336 496 372 τελευτᾷ
512 337 601 372 χῶρον
617 345 625 352 ·
641 337 726 367 δίοδος
738 337 791 373 γὰρ
803 337 849 363 οὑ-

55 382 126 416 esum
140 381 288 416 φαίνεται,
306 381 378 415 πλήν
403 390 434 416 γε
448 381 481 416 δὴ
493 382 535 408 ὅτι
563 381 659 416 ὥσπερ
677 382 738 408 τινὰ
756 390 848 417 χειρο-

55 427 159 462 ποίητον
174 427 275 453 πυλίδα
288 426 407 454 ἐνταῦθα
423 426 533 461 ἡφύσις
550 426 660 461 ἐξεῦρεν
679 447 686 458 ,
703 428 719 463 ἠ
732 427 847 454 Κασπία

54 474 81 499 ὲκ
101 471 146 508 [69
164 471 211 507 [1.]
236 472 355 498 παλαιοῦ
373 471 486 507 ἐκλήθη.
503 472 540 498 Τὸ
556 471 584 499 δέ
599 472 705 499 ὲνθένδε
721 472 800 499 πεδία
815 472 846 499 τέ

52 521 120 546 ἐστιν
136 519 280 554 ἱππήλατα
291 520 339 546 καὶ
356 520 459 546 ὑδάτων
472 519 579 546 πολλῶν
596 520 714 555 ἀτέχνως
728 520 846 554 ἔμπλεα,

52 566 94 592 καὶ
102 565 178 601 χώρα
187 565 275 600 πολλὴ
284 566 430 596 ίππόϐοτὸς
445 573 473 592 τε
482 565 528 601 [35
538 564 584 601 ΙΙ.]
593 565 641 592 καὶ
648 566 735 597 ἄλλως
743 566 827 592 ὑπτία
838 585 846 597 ,

53 608 79 638 οὗ
96 610 129 646 δὴ
144 611 178 637 τὰ
195 610 306 638 Οὖννων
321 611 387 646 ἔθνη
402 611 496 646 σχεδόν
512 620 539 638 τι
555 611 645 638 πάντα
658 611 765 647 ἵδρυται
783 611 847 648 ἄχρι

52 658 77 688 ἐς
86 657 136 692 τὴν
155 657 284 684 Μαιῶτιν
298 657 426 692 διήκοντα
452 656 562 692 λίμνην.
583 654 621 684 Οὖ
636 658 668 692 δὴ
681 658 715 693 ἢν
738 657 789 692 μέν
803 658 848 685 διὰ

52 704 96 737 τῆς
111 703 231 735 πυλίδος,
245 701 280 739 ἧς
300 703 364 739 ἄρτι
375 703 524 739 ἐμνήσθην,
542 703 618 730 ῐωσιν
634 703 663 734 ἐς
686 703 720 730 τὰ
734 703 848 738 Περσῶν

52 747 95 772 καὶ
115 746 261 780 Ῥωμαίων
285 746 351 782 ἤθη,
368 747 533 782 ἀκραιφνέσι
550 749 607 779 τοῖς
631 746 726 779 ἵπποις
740 747 826 774 ἵενται
838 755 845 762 ·

54 792 139 825 μόνοις
163 793 220 828 γὰρ
240 793 297 824 τοῖς
313 793 473 828 εἰρημένοις
496 794 668 829 πεντήκοντα
683 794 704 810 ¹⁰
730 794 848 825 σταδίοις

52 837 97 872 τῆς
125 838 283 873 δυσχωρίας
304 838 561 874 ταλαιπωροῦνται,
588 840 668 874 οἵπερ
686 840 716 871 ἐς
740 839 760 855 ¹¹
784 840 848 872 τοὺς

899 291 934 318 rit
954 289 1162 325 angustissima,
1185 287 1281 314 stadiis
1306 285 1362 312 fere
1386 284 1526 319 sexaginta
1553 284 1610 320 (67)
1628 293 1692 320 ριό‹

898 335 1001 368 ducta,
1022 342 1082 369 qua:
1118 334 1144 360 in
1189 333 1334 366 abruptum
1361 332 1504 365 quemdam
1530 331 1692 365 penitusque

900 381 1002 408 invium
1014 379 1118 407 desinit
1137 378 1226 406 locum
1241 386 1247 405 :
1264 376 1308 404 ubi
1324 383 1412 410 neque
1429 375 1562 402 transitus
1578 381 1693 410 apparet

899 425 980 457 ullus,
996 429 1178 459 praeterquam
1195 427 1274 457 porta
1284 427 1413 456 tanqnam
1427 428 1507 447 manu
1521 426 1690 454 constructa,

898 471 998 499 ibidem
1015 479 1031 498 a
1047 475 1145 497 natura
1167 469 1327 502 constituta,
1347 475 1407 502 qua:
1421 467 1519 502 Caspia
1543 467 1599 503 (68)
1619 468 1691 494 antis

899 519 991 554 quitus
1033 517 1116 545 dicta.
1141 516 1219 544 Ultra
1261 523 1322 543 eam
1364 519 1472 550 portam
1507 515 1596 549 campi
1627 519 1690 542 sunt

898 562 1252 600 equitationiaccommodi,
1272 566 1300 589 et
1314 561 1413 588 nativis
1431 561 1509 596 aquis
1530 560 1637 593 referti,
1657 569 1689 588 ac

899 610 974 646 regio
989 609 1072 637 multa
1095 609 1174 644 equis
1187 608 1341 644 pascendis,
1355 612 1383 634 et
1394 607 1473 642 plana
1487 616 1495 635 ε
1517 608 1562 634 ubi
1578 607 1693 634 llunno-

899 664 958 684 rum
973 656 1131 691 leregentes
1144 662 1239 682 omnes
1250 654 1385 686 habitant,
1398 661 1484 688 usque
1496 653 1529 680 ad
1542 653 1692 680 Maeotidem

898 702 1070 736 pertinentes
1103 701 1241 736 paludem.
1270 699 1301 727 lli
1326 700 1348 727 si
1368 701 1479 734 quando
1499 707 1546 734 per
1565 699 1693 734 Caspium

898 751 1004 782 portam
1024 746 1114 783 (cujus
1136 747 1215 773 modo
1240 745 1364 781 memini)
1383 745 1410 772 in
1430 745 1573 773 Persarum
1596 750 1624 772 et
1638 744 1690 772 Ro-

899 799 1042 820 manorum
1061 792 1200 828 regionem
1223 792 1356 824 tendunt,
1381 791 1494 826 integris
1511 791 1589 825 equis
1612 798 1693 826 quant

900 837 1094 865 incitatissimo
1124 844 1205 865 cursu
1228 836 1364 864 feruntur.
1387 835 1455 863 Nam
1487 836 1629 870 sexaginta
1650 835 1693 862 his

58 883 172 919 Ίϐηρίας
190 884 283 919 ὄρους,
297 883 393 919 ὥσπερ
403 884 520 920 ἐρρήθη,
531 885 671 920 διήκουσιν
681 891 690 899 ·
704 884 749 911 ἐπ’
764 885 845 916 ἄλλας

901 883 1045 915 duntaxat,
1061 890 1121 917 quae
1136 882 1265 915 diximus,
1283 881 1381 909 stadiis
1394 888 1454 909 cum
1469 881 1519 908 loci
1533 880 1694 908 ditﬁcullate

52 930 75 956 δέ
103 939 181 961 τινας
201 930 310 962 ἐξοδους
335 930 419 962 ἰόντες
443 931 518 966 πόνῳ
535 939 565 957 τε
584 930 675 966 πολλῷ
696 931 744 958 καὶ
770 931 846 966 μόλις

53 977 88 1007 είς
111 976 146 1002 τὰ
170 976 286 1011 Περσῶν
309 977 358 1004 καὶ
393 976 540 1012 Ῥωμαίων
563 976 616 1012 ἢθη
639 977 847 1012 παραγίνονται.

53 1022 137 1058 Ὅπερ
159 1023 257 1058 ἐπειδὴ
281 1024 296 1049 ὸ
319 1022 455 1050 Φιλίππου
481 1023 659 1059 Ἀλέξανδρος
685 1024 846 1059 κατενόησε,

54 1068 135 1100 πύλας
146 1077 177 1095 τε
195 1069 224 1096 ἐν
238 1069 321 1104 χώρῳ
336 1069 376 1104 τῷ
390 1069 531 1105 είρημένῳ
546 1071 712 1105 ἐτεκτήνατο
729 1071 777 1097 καὶ
795 1079 843 1104 φυ-

53 1113 196 1149 λακτήριον
210 1115 411 1149 κατεστήσατο.
427 1115 514 1141 Τοῦτο
542 1116 571 1141 ἐν
584 1116 645 1146 ταῖς
661 1115 844 1142 Ἀναστασίου

53 1160 165 1196 ἡμέραις
176 1159 371 1196 Ἀμϐαζοῦκης
391 1163 526 1196 κατεῖχεν,
536 1159 637 1192 Οὗννος
655 1161 705 1196 μὲν
716 1162 746 1188 τδ
763 1162 784 1177 ¹¹
799 1161 847 1196 γέ-

52 1213 102 1236 νος,
125 1205 274 1240 Ῥωμαίοις
294 1205 322 1231 δὲ
334 1205 381 1232 καὶ
401 1206 574 1241 Ἀναστασίῳ
590 1206 677 1240 φίλος,
693 1207 722 1238 ὃς
738 1207 786 1233 καὶ
802 1207 847 1233 ὲν-

51 1249 183 1285 εχείριζεν
196 1250 368 1286 Ἀναστασίῳ
379 1251 400 1266 ¹¹
410 1251 460 1283 τὰς
471 1251 569 1282 πύλας.
578 1251 607 1278 '0
620 1252 648 1278 δὲ
659 1252 710 1286 τῆς
724 1252 773 1287 μὲν
783 1261 849 1287 προ-

51 1296 148 1331 Θυμίας
171 1296 337 1332 ἀπεδέχετο,
359 1297 411 1324 οὐκ
431 1297 573 1332 ἀνεδέχετο
589 1297 618 1324 δὲ
641 1297 691 1333 τὴν
704 1298 845 1332 φροντίδα.

51 1342 176 1376 Καϐάδης
202 1342 231 1368 δέ
252 1342 464 1378 τελευτήσαντος
492 1342 686 1378 Ἀμϐαζούκου
717 1343 848 1370 ἐϐιάσατο

50 1388 109 1420 τοὺς
128 1387 228 1418 παῖδας
251 1389 300 1415 καὶ
318 1388 369 1420 τὰς
395 1387 483 1420 πύλας
497 1388 587 1423 ἔσχεν.
607 1389 783 1420 Ἀναστάσιος
806 1389 844 1422 δὲ,

50 1433 108 1460 ἐπεὶ
120 1433 151 1460 αἱ
163 1434 233 1469 πρὸς
250 1434 380 1469 Καϐἀδην
397 1433 522 1468 ἐγένοντο
539 1434 663 1467 σπονδαὶ,
682 1434 761 1461 πόλιν
779 1435 846 1461 ἐδεί-

52 1487 116 1514 ματο
130 1480 159 1506 ἐν
175 1480 269 1515 χωρίῳ
285 1481 380 1514 Δαρᾶς
394 1480 496 1515 ἐχυρὰν
514 1480 536 1496 ¹⁸
547 1480 661 1515 Περσῶν
674 1480 724 1507 οὐκ
737 1480 844 1508 ἐθελόν-

900 929 1109 960 conllictantnr,
1132 933 1265 964 quotquot
1285 928 1318 955 ad
1343 927 1438 956 lberize
1462 927 1529 954 ﬁnes
1549 931 1694 962 penetrare

898 975 996 1003 volunt
1011 984 1017 1002 :
1034 983 1095 1002 cum
1116 979 1206 1001 tamen
1226 981 1275 1008 per
1296 974 1366 1001 alios
1381 973 1512 1007 quosdam
1526 973 1616 1000 exitus
1629 980 1694 1007 pro-

899 1022 974 1054 fecti,
991 1028 1087 1055 magno
1101 1020 1196 1047 labore
1208 1027 1280 1054 aegre
1293 1019 1437 1053 aliquando
1453 1019 1478 1046 in
1497 1018 1643 1046 Persarum
1660 1025 1693 1045 ac

899 1067 1084 1094 Romanorum
1100 1073 1176 1093 oram
1195 1065 1366 1100 perveniant.
1385 1064 1463 1098 Quod
1477 1065 1521 1092 ubi
1537 1065 1693 1091 Alexander

898 1112 1014 1147 Philippi
1038 1112 1110 1139 ﬁlins
1132 1111 1345 1143 animadvertit,
1368 1115 1462 1146 portas
1482 1111 1508 1137 in
1532 1111 1606 1137 dicto
1631 1110 1693 1137 loco

899 1158 1098 1185 exaediﬁcavit:
1115 1156 1297 1191 praesidioque
1312 1156 1412 1184 ibidem
1431 1155 1539 1189 relicto,
1567 1155 1692 1182 munivit.

898 1203 926 1231 Id
943 1203 1140 1230 munimentum
1163 1202 1301 1229 Anastasii
1321 1202 1495 1237 imperatoris
1522 1201 1693 1236 temporibus

898 1249 1066 1276 Ambaluces
1091 1248 1198 1281 tenuit,
1217 1248 1298 1275 domo
1316 1247 1441 1281 Hunnus,
1464 1247 1648 1275 Romanorum
1666 1251 1694 1274 et

898 1295 1036 1322 Anastasii
1054 1295 1173 1327 amicus,
1189 1295 1233 1329 qui
1252 1299 1281 1322 et
1295 1299 1387 1330 portas
1401 1294 1460 1322 illas
1474 1294 1562 1321 eidem
1579 1294 1693 1328 principi

899 1341 1019 1369 tradidit.
1047 1341 1119 1376 23a
1134 1341 1183 1368 Ille
1200 1340 1419 1368 benevolentiam
1435 1340 1545 1375 quidem
1558 1339 1690 1374 suscepit,

900 1391 928 1414 at
942 1386 991 1414 loci
1004 1394 1096 1414 cnram
1111 1387 1248 1414 nonitem.
1262 1385 1355 1420 Itaque
1363 1385 1496 1419 Cabades,
1506 1390 1614 1412 mortuo
1629 1385 1694 1412 Am-

898 1432 1010 1465 hazuce,
1024 1432 1137 1466 dejectis
1148 1439 1196 1467 per
1210 1433 1264 1459 vim
1281 1433 1340 1466 eius
1351 1431 1454 1465 liberis,
1470 1437 1560 1466 portas
1575 1439 1694 1466 occupa-

897 1478 948 1505 vit.
961 1478 1132 1511 Anastasius,
1150 1478 1238 1512 pactis
1249 1484 1310 1505 cum
1327 1477 1434 1504 Cabade
1451 1477 1578 1510 induciis,
1599 1477 1693 1504 urbem

51 1533 110 1556 των,
127 1525 176 1552 καὶ
189 1526 289 1561 ἑτέραν
309 1525 388 1552 πόλιν
403 1527 432 1552 ἐν
448 1526 614 1561 ⁷Δρμενίοις,
632 1526 774 1559 ἐγγυτάτω
787 1526 842 1553 τῶν

898 1523 941 1561 [de
963 1532 1015 1552 suo
1039 1524 1175 1560 nomine,]
1197 1524 1288 1552 Persis
1302 1524 1526 1559 repugnantibus,
1550 1523 1695 1550 aediﬁcavit

51 1571 253 1607 Περσαρμςνίας
276 1572 370 1608 ὁρίων,
387 1573 449 1608 ’ήτις
468 1573 533 1607 πρὶν
558 1573 683 1599 ἐκαλεῖτο
701 1573 845 1600 Θεοδοσίου

50 1617 133 1650 πόλις,
143 1618 193 1645 an
204 1618 347 1645 Θεοδοσίου
364 1618 468 1650 πόλεως
479 1618 547 1654 αὐτῇ
559 1618 669 1654 ἀξίωμα
679 1619 741 1646 ἀντὶ
750 1618 846 1655 κώμης

51 1664 228 1699 περιθεμένου
233 1684 240 1690 .

83 1751 146 1777 Ὀτι
166 1750 348 1777 Ἀναστασίου
382 1751 605 1784 τελευτήσαντος,
627 1751 718 1777 καίτοι
738 1751 845 1778 πολλῶν

51 1796 132 1824 ὄντων
146 1797 202 1824 τῶν
214 1797 283 1832 πρὸς
292 1797 387 1830 γένους
396 1797 418 1812 ¹³
433 1796 517 1829 ἀξίων
525 1797 576 1831 τῆς
595 1796 748 1831 βασιλείας,
767 1796 838 1823 πάνυ

51 1852 101 1870 των
125 1844 228 1878 ταύτης
258 1844 475 1879 ἀπεληλαμένων
509 1844 653 1875 ’ίουσττνος
678 1843 728 1879 τὴν
756 1844 845 1879 ἀρχὴν

52 1889 192 1922 διεδέξατο.
213 1890 286 1925 Πρὸς
301 1890 331 1916 ὃν
351 1889 491 1924 Καϐάδης,
522 1890 630 1925 Χοσρὸῃ
651 1889 690 1924 τῷ
715 1889 844 1924 νεωτάτῳ

52 1937 122 1963 παιδὶ
136 1937 185 1971 τὴν
210 1937 350 1972 βασιλείαν
369 1937 474 1971 μέλλων
490 1936 621 1970 ἀσφαλῶς
637 1936 842 1969 καταλιπεῖνιθ,

52 1983 200 2017 γράμματα
223 1982 345 2017 ἔγραψεν
367 1982 557 2018 υίοποιηθῆναι
569 1981 645 2016 αὐτῷ
657 1982 704 2008 τὸν
715 1982 842 2017 Χοσρδην

53 2029 217 2062 αἰτούμενος.
245 2029 389 2059 Ἰουστῖνος
403 2028 431 2054 δὲ
445 2027 631 2063 περιχαρὴς⁵⁷
655 2027 765 2059 ἐδέξατο
794 2027 844 2063 τὴν

53 2074 166 2108 αἴτησιν,
181 2074 251 2100 ἀλλὰ
262 2082 294 2108 γε
309 2074 342 2109 δὴ
356 2074 402 2100 καὶ
424 2073 634 2105 Ἰουστινιανὸςὸ
648 2073 775 2107 ἀνεψιὸς,
793 2073 844 2108 ήδη

53 2120 167 2152 ἐπίδοξος
197 2120 236 2146 ὢν
266 2121 316 2155 τὴν
351 2120 490 2154 βασιλείαν
516 2119 680 2152 ἐκδέξασθαι
700 2119 731 2146 ’⁸.
763 2118 845 2145 Ἀλλὰ

55 2166 169 2200 Πρόκλου
178 2166 226 2192 τοῦ
237 2166 399 2200 κυαίστορος
413 2166 434 2182 ¹⁹
449 2166 510 2197 ταῖς
525 2165 694 2200 συμϐουλαῖς
707 2165 842 2201 μετέμελε

898 1572 924 1598 in
942 1571 1053 1606 regione
1070 1572 1155 1599 Daras
1171 1575 1199 1598 et
1218 1570 1316 1597 Anchu
1334 1578 1340 1597 :
1358 1570 1473 1597 alteram
1497 1570 1561 1597 item
1590 1569 1616 1596 in
1642 1568 1695 1596 Ar-

899 1617 1001 1649 menia,
1018 1617 1142 1651 proxime
1166 1615 1200 1643 ad
1224 1614 1422 1642 Persarmeniae
1444 1615 1522 1647 ﬁnes,
1537 1621 1597 1648 quae
1619 1613 1694 1649 prius

898 1662 1125 1697 Tlteodosiopolis
1140 1662 1224 1694 dicta,
1244 1661 1316 1696 quod
1335 1660 1504 1688 Theodosius
1526 1659 1591 1694 im_p.
1618 1659 1694 1686 urbis

897 1708 1059 1744 dignitatem
1075 1707 1186 1743 ignobili
1205 1708 1263 1734 vico
1282 1706 1462 1734 attribuisset.

932 1754 1078 1782 Anastasio
1105 1755 1160 1781 vita
1191 1753 1297 1786 functo,
1328 1752 1454 1788 quamvis
1481 1751 1556 1778 multi
1585 1750 1694 1786 generis

895 1800 1024 1828 claritate
1050 1799 1166 1835 imperio
1190 1799 1263 1835 digni
1293 1799 1492 1834 reperirentur,
1518 1797 1625 1825 caneris
1652 1804 1695 1824 re-

895 1845 999 1880 pulsam
1017 1846 1115 1880 passis,
1139 1845 1262 1872 Justinus
1285 1845 1406 1872 succedit
1422 1853 1430 1871 :
1444 1844 1477 1871 ad
1505 1851 1583 1878 quem
1607 1842 1694 1870 Caba-

896 1891 954 1923 des,
993 1897 1048 1925 quo
1092 1890 1146 1917 lilio
1178 1893 1242 1916 natu
1271 1890 1383 1916 minimo
1417 1888 1545 1915 Cltosroa:
1582 1894 1693 1922 regnum

895 1941 955 1963 tuto
985 1937 1160 1970 relinqueret,
1186 1936 1291 1962 litteras
1309 1935 1394 1966 dedit,
1418 1933 1540 1968 adoptari
1569 1933 1602 1959 ab
1635 1932 1694 1967 ipso

897 1983 1038 2010 Chosroen
1074 1982 1225 2016 postulans.
1275 1980 1398 2008 Justinus
1437 1978 1601 2013 postulantis
1644 1986 1693 2006 v0-

895 2035 949 2057 tnm
977 2030 1092 2057 libenter
1119 2029 1234 2063 accepit,
1269 2031 1348 2054 utet
1377 2025 1548 2054 Justinianus
1589 2024 1694 2052 sororis

895 2077 953 2111 ejus
969 2076 1049 2108 ﬁlius,
1063 2075 1108 2109 qni
1136 2075 1210 2109 regni
1232 2074 1319 2101 hzeres
1337 2073 1508 2108 sperabatur.
1529 2070 1582 2098 Sed
1605 2069 1694 2097 Procli

897 2121 1041 2156 quasloris
1061 2119 1182 2147 consiliis
1203 2119 1367 2146 sententiam
1393 2121 1542 2148 mutarunt,
1567 2123 1655 2150 neque
1678 2123 1693 2141 a

896 2166 1005 2194 Justino
1017 2165 1153 2193 Chosroes
1166 2170 1208 2192 est
1221 2166 1376 2199 adoptatus.
1396 2163 1512 2198 Legibus
1529 2162 1601 2189 enim
1623 2161 1694 2189 ﬁlios

54 2211 85 2236 τὰ
94 2212 217 2244 δόξαντα,
232 2213 280 2238 καὶ
296 2212 422 2246 Χοσρόης
438 2211 583 2245 ὲσποιητὸς
594 2211 652 2242 υίὸς
673 2211 809 2246 Ίουστίνῳ
819 2206 842 2227 ’δ

898 2213 1030 2239 bonorum
1066 2211 1151 2245 patris
1189 2216 1379 2240 successores,
1415 2215 1534 2242 suosque
1572 2207 1693 2234 haredes

55 2257 99 2283 σῦκ
121 2258 244 2291 ἐγένετο·
265 2258 312 2283 τὸν
340 2258 395 2291 γὰρ
413 2256 470 2283 υἱὸν
487 2256 590 2290 ἔφασκε
606 2256 656 2282 καὶ
671 2256 843 2292 κληρονόμον

56 2300 120 2329 εἶναι
143 2303 194 2337 τῆς
221 2302 354 2337 πατρῴας
387 2302 475 2337 ἀρχῆς
508 2302 635 2336 νόμιμον.
654 2302 717 2328 Ἐπὶ
732 2302 761 2328 δὲ
775 2302 840 2333 τοὺς

57 2349 116 2382 περὶ
127 2347 251 2383 Χοσρὸην
285 2348 380 2382 λόγους
397 2348 444 2374 καὶ
458 2347 507 2383 τὴν
522 2348 637 2383 εἰρήνην
657 2347 771 2382 Περσῶν
790 2347 841 2382 μὲν

58 2394 152 2430 Σεόσης
164 2395 179 2421 ὁ
196 2394 327 2429 Καϐάδην
343 2394 434 2426 σώσας
448 2394 534 2421 πάλαι
555 2394 602 2420 καὶ
619 2394 746 2428 Βεόδης⁹¹
763 2394 844 2420 ἐστά-

58 2440 146 2474 λησαν,
176 2441 322 2476 Ῥωμαίων
337 2441 366 2467 δὲ
387 2441 527 2475 Ῥουφῑνος
554 2441 601 2467 καὶ
623 2440 764 2472 Ὑπάτιος.
789 2439 845 2467 Καὶ

59 2485 150 2522 Ιῖῖὸδης
166 2488 217 2522 μὲν
231 2488 334 2522 Σεόσην
350 2487 468 2522 Πέρσαις
484 2487 650 2515 ὲνδιαϐαλὼν
666 2486 846 2522 ἀναιρεθῆναι

60 2534 196 2568 πεποίηκε,
216 2534 359 2568 Ῥουφῖνος
372 2533 402 2559 δὲ
422 2533 552 2559 ’Υπάτιον
566 2533 607 2564 είς
620 2532 732 2568 βασιλέα
751 2532 844 2559 διαϐα-

59 2577 107 2604 λὼν
125 2578 316 2612 παραλυθῆναι
332 2578 383 2612 τῆς
404 2579 491 2614 ἀρχῆς
518 2577 736 2613 παρεσκεύασεν.

897 2257 1029 2284 exsistere
1041 2257 1139 2283 aiebat.
1156 2255 1223 2282 Ili-nc
1237 2262 1286 2289 pro
1301 2254 1423 2281 Cltosroe
1434 2258 1462 2280 et
1476 2260 1552 2288 pace,
1569 2260 1583 2279 a
1601 2251 1693 2279 Persis

897 2304 1007 2335 Seoses,
1017 2302 1063 2337 qui
1074 2301 1202 2329 Cabaden
1215 2301 1318 2335 pridem
1328 2304 1462 2332 servarat,
1472 2304 1499 2326 et
1509 2298 1612 2326 Beodes
1621 2298 1676 2334 (69)
1684 2318 1692 2330 ,

898 2357 912 2376 a
929 2348 1059 2376 ltomanis
1075 2355 1139 2375 vero
1156 2347 1281 2378 lluﬁnus,
1296 2351 1323 2373 ct
1344 2346 1488 2382 Hypatius,
1503 2345 1582 2379 legati
1602 2344 1691 2371 missi.

898 2395 932 2422 Et
953 2395 1055 2423 Beodes
1070 2395 1179 2430 quidem
1204 2394 1315 2421 Seosetn
1332 2393 1401 2427 apud
1424 2392 1523 2419 Persas
1547 2390 1695 2418 calumnia-

899 2447 952 2473 tus,
966 2442 1019 2468 vita
1035 2441 1194 2476 privandum
1210 2439 1324 2467 curavit.
1337 2438 1453 2465 Ruﬁnus
1466 2445 1533 2465 vero
1545 2436 1691 2471 Hypatium

898 2488 969 2523 apud
999 2489 1191 2523 imperatorem
1223 2486 1423 2518 insimulando,
1454 2483 1614 2519 magistratu
1649 2483 1694 2510 de-

897 2535 974 2569 jecit.

673 2620 714 2647 VA
722 2620 790 2647 Rl/E
810 2620 1013 2648 LECTIONES.

91 2666 100 2681 ³
117 2667 288 2702 πεντήκοντα
302 2669 323 2694 A
341 2666 378 2699 :e
389 2675 419 2698 ς’.
454 2667 476 2682 ¹⁰
487 2666 618 2701 ἐξήκοντα
628 2677 658 2701 ς.

60 2703 159 2736 Δις)ρἂ
171 2703 218 2729 καὶ
231 2702 330 2736 Ἀγχοῦ
346 2711 375 2734 ς.
415 2702 437 2717 “
453 2702 530 2734 γένος
543 2711 573 2734 ς.

63 2743 101 2768 ρἰ,
112 2739 132 2764 Δ
148 2747 156 2764 :
175 2738 347 2773 κοαιίστορος
363 2746 382 2770 ς
392 2757 398 2763 .
439 2738 461 2752 ¹⁰
481 2737 625 2765 Ἰουστίνου
636 2747 667 2769 ς.

718 2668 737 2682 ¹¹
750 2669 789 2699 εἰς
805 2677 835 2700 ς.
875 2667 897 2684 ¹¹
910 2667 941 2694 τὸ
959 2676 1013 2694 om.
1026 2668 1058 2694 A.
1098 2667 1121 2683 ”
1134 2646 1310 2694 ’Λναστασίου
1327 2666 1359 2692 A.
1399 2665 1421 2681 “
1437 2665 1527 2700 Δαρᾶς
1539 2663 1640 2699 ἐχυρὰν
1651 2663 1691 2690 A:

614 2703 635 2718 ¹⁶
650 2702 747 2728 καταλ.
760 2704 825 2736 ἀσφ.
845 2712 875 2735 ς.

614 2746 625 2764 υ
636 2747 667 2769 ς.
705 2737 730 2753 ¹¹
743 2737 850 2772 Βεώδης
860 2747 889 2769 ς.

931 2703 952 2718 ¹⁷
975 2703 1132 2738 περιχαρῶς
1147 2711 1178 2735 ς.
1229 2702 1250 2718 ¹⁵
1263 2700 1444 2733 ἀναδέξασθαι
1460 2694 1493 2728 AI.
1518 2694 1525 2696 -
1545 2694 1569 2716 ‘3
1578 2694 1694 2726 ineno-

818 2782 934 2811 ΝΟΤιΕ.

94 2831 146 2863 ιίςῖ)
158 2829 192 2856 al.
206 2829 416 2863 quinquaginta.

93 2865 145 2893 (68‘
165 2865 201 2892 De
234 2864 341 2899 Caspiis
373 2863 459 2897 portis
485 2865 632 2899 geographi
667 2863 785 2897 videndi,
820 2869 847 2892 ct

65 2898 147 2932 Quiut.
159 2901 246 2932 (Zurt.,
259 2900 404 2932 Arrianus,
420 2903 474 2927 etc.

937 2829 992 2864 (69)
1011 2829 1094 2856 Aliter
1115 2828 1247 2862 Mebodca,
1266 2829 1292 2856 in
1309 2828 1452 2864 Procopio,
1473 2824 1610 2861 Raphacle
1637 2823 1692 2851 Vo-

901 2864 1037 2893 latct'rano
1054 2865 1211 2898 interprete.
