1934 3089
217 119 265 152 131

780 116 910 147 ΡΗΟΤΙΙ
930 115 1184 146 PATRIARCII/E
1207 115 1262 145 CP.

1807 110 1863 142 132

217 176 274 202 lata
296 181 340 202 res
356 178 409 208 est,
424 175 558 210 quiesque
576 174 649 202 data.
665 173 788 202 Cabades
806 178 908 205 tamen,
924 173 1014 199 Zama:

1072 171 1119 199 τῶν
1147 171 1337 206 μετασχόντων
1353 170 1375 186 ⁸⁸
1401 170 1449 206 τῆς
1466 169 1564 206 βουλῆς
1580 169 1685 197 ἀνελὼν
1698 169 1747 206 τὴν
1763 170 1862 196 στάσιν

219 219 302 251 ﬁlius,
313 220 458 247 admodmu
472 220 646 251 adolescens,
675 219 818 254 prudentia
837 217 1010 253 Chanaraugi

219 265 538 301 Adergi-Dobanlaﬁﬂ)
564 266 664 292 cmdem
688 264 792 299 ellugit,
820 272 874 301 quo
904 264 1012 292 nomine

222 312 269 339 hic
291 317 384 346 postea
405 319 420 338 a
442 311 564 338 Chosroe
587 315 629 338 est
652 311 823 338 interfectus.
857 309 1012 337 Iustiniano

221 364 328 391 quoque
343 357 438 391 imper.
465 357 541 392 plebs
575 357 669 384 Romae
690 357 803 383 insidias
829 356 1010 390 comparavit,

222 407 315 430 creato
350 403 514 438 imperatore
545 403 665 438 (tametsi
695 403 866 437 repugnaret)
896 401 1012 437 Hypatio

224 449 360 476 Anastasii
377 450 448 484 ejus,
469 449 683 483 quiimperarat,
706 448 838 483 patruele,
859 453 921 475 nata
938 447 1012 476 sedi-

224 495 308 527 tione,
326 498 442 528 ortoque
457 494 573 520 tumultu
588 501 602 521 e
618 494 795 521 contentione
819 494 942 520 ludorum
957 492 1014 520 cir-

224 539 426 574 censium(75).
455 539 546 566 Cmsar
566 539 657 574 itaque
676 539 857 572 Justinianus,
879 538 1010 566 Bclisario

224 592 251 614 ct
266 586 364 614 Mundo
380 586 493 613 ducibus
508 593 585 617 usus,
596 586 741 621 llypatiom
764 585 874 619 occidit,
900 585 1013 612 multos-

227 640 279 666 que
311 632 508 665 coujurationis
531 632 614 667 hujus
639 632 728 659 socios
741 631 862 664 sustulit,
889 631 968 666 plane
986 635 1016 658 ut

229 678 330 705 civium
347 683 410 705 tunc
419 677 451 705 ad
463 678 573 712 triginta
588 677 672 704 millia
687 678 874 705 occubuerint.
893 677 1015 712 Impera-

228 725 278 752 tori
291 725 429 759 suppetias
441 724 591 752 offerebant
604 724 748 757 Boraidcs,
773 728 800 751 et
817 724 912 751 Justus
931 724 1016 751 Justi-

227 771 300 798 uiaui
321 771 416 798 fratris
434 770 516 803 littus.

263 861 290 888 in
314 868 346 888 eo
365 861 423 895 ipso
448 860 518 887 Iihro
535 865 628 887 narrat
655 860 689 887 de
714 859 894 893 Triboniano,
926 860 972 895 qui
1002 867 1017 887 e
1033 865 1055 892 Β

183 927 186 930 .
227 906 384 941 Pamphylia
399 913 483 940 genus
494 905 583 938 duxit,
611 910 638 932 et
650 905 793 939 quaestoris
808 913 906 933 munus
938 905 1016 939 obiit,

228 951 316 986 deque
340 952 454 978 avaritia
481 951 613 986 ejusdem,
649 958 680 978 ac
710 950 948 986 blandiloquentia.
980 950 1018 978 De

228 996 408 1024 Joanueitem
419 997 608 1032 Cappadocum
623 996 753 1032 prtefecto
783 997 921 1031 praetorio,
944 997 1018 1032 ejus-

228 1051 282 1078 que
301 1043 379 1077 ,vitiis
404 1043 539 1078 plurimis.
574 1042 611 1071 Ut
639 1043 775 1071 Antonina
803 1043 926 1072 Belisarii
952 1051 1019 1072 con-

226 1088 274 1123 jux
284 1095 331 1123 per
343 1088 520 1123 Euphemiam
536 1089 619 1116 tiliam
633 1089 692 1124 ejus
708 1089 805 1117 callide
822 1089 956 1117 Joannem
966 1090 1021 1117 cir-

229 1134 407 1167 cumvenerit,
436 1139 464 1162 et
480 1135 593 1163 insidias
607 1135 766 1170 imperatori
790 1140 897 1164 struere
917 1136 1020 1171 patefe-

229 1180 299 1206 cerit
316 1185 419 1214 :utque
439 1180 561 1213 demum,
578 1180 695 1208 Eusebio
714 1181 806 1217 Cyzici
833 1182 963 1218 episc0p0
986 1190 1018 1210 ex

231 1225 338 1253 insidiis
357 1225 460 1259 occiso,
480 1225 555 1261 impii
571 1227 681 1254 sceleris
696 1229 939 1259 cousorsltabitus,
960 1236 1021 1256 cor-

230 1272 498 1306 porequestionibus
509 1274 640 1306 cruciato,
657 1274 835 1302 inclementer
855 1275 963 1303 tandem
989 1284 1020 1304 ac

231 1324 326 1345 severe
338 1318 512 1354 proscriptus
528 1319 574 1346 sit.

267 1450 351 1478 Libro
372 1452 492 1478 secundo
517 1450 615 1479 Rerum
642 1451 815 1480 Persicorum
842 1454 894 1482 ista
925 1454 1018 1482 refert.

1068 219 1184 246 ἔπαυσε.
1214 218 1343 252 Καὸἀδης
1371 217 1428 243 δέὁ
1445 217 1575 252 Ζάμου⁵³,
1603 217 1700 252 κομιδῇ
1731 217 1790 248 νέος
1809 216 1861 249 ὢν,

1063 265 1177 300 προνοίᾳ
1205 263 1388 299 Χαναρὰγγου
1418 263 1466 289 τοῦ
1475 262 1603 298 Ἀδέργου
1618 262 1769 289 Δουὸάνδου
1784 261 1809 277 ⁸⁸
1820 261 1863 288 δι-

1069 311 1155 345 έφυγε
1176 310 1222 337 τὸν
1255 311 1387 338 Θάνατον·
1417 310 1464 337 καὶ
1494 310 1507 335 ό
1535 309 1720 344 Χαναράγγης
1746 307 1862 343 ὕστερον

1063 357 1108 384 διὰ
1138 356 1246 383 τοῦτο⁵⁵
1262 356 1314 382 ὑπὸ
1329 355 1451 391 Χοσρόου
1467 355 1614 390 ἀνῄρηται.
1639 353 1862 380 ’1ουστινιανὸνη

1064 402 1094 429 δέ
1107 403 1120 428 ὁ
1137 402 1222 437 δῆμος
1241 401 1427 428 ἐπιϐουλεύων
1452 401 1585 427 ’Υπάτιον
1602 400 1713 431 ἄκοντα,
1723 399 1770 425 τὸν
1786 399 1865 425 Ἀνα-

1066 447 1177 473 στασιου
1205 447 1252 473 τοῦ
1285 446 1510 482 βεϐασιλευκότος
1543 445 1714 480 ἀδελφιδοῦν,
1745 444 1864 480 βασιλέα

1067 492 1141 526 σφῶν
1159 492 1388 527 ἀνηγόρευσαν⁸⁷,
1402 491 1553 527 ἀρξάμενοι
1566 491 1616 525 τῆς
1647 490 1797 525 ἐπιῶυλῆς
1813 491 1865 517 καὶ

1064 538 1114 572 τῆς
1143 538 1265 569 στάσεως
1282 538 1335 564 ἀπὸ
1356 538 1405 572 τῆς
1425 539 1454 564 ἐν
1468 539 1525 569 τοῖς
1546 537 1737 572 ἱπποδρομίας
1754 537 1844 571 ἔριδος
1856 544 1863 551 ·

1067 583 1194 618 βασιλεὺς
1207 582 1235 609 δέ
1249 582 1454 615 Ἰουστινιανὺς,
1470 582 1622 617 Βελισαρίῳ
1632 590 1663 608 τε
1679 582 1725 608 καὶ
1746 581 1866 616 Μούνδῳ

1065 630 1122 660 τοῖς
1143 629 1307 664 στρατηγοῖς
1320 628 1472 663 χρώμενος,
1489 628 1535 654 τόν
1548 636 1578 654 τε
1599 628 1730 654 ’Υπάτιον
1751 625 1866 654 κᾶθεῖλε

1066 676 1114 702 καὶ
1141 675 1256 706 πολλοὺς
1275 675 1330 701 τῶν
1357 674 1515 701 στασιωτῶν
1540 674 1657 706 ἀνεῖλεν,
1678 674 1741 709 ἄχρι
1769 674 1818 701 καὶ
1836 675 1867 706 ἐς

1066 723 1141 757 τρεῖς
1158 721 1292 759 μυριάδας
1306 721 1352 747 τοῦ
1369 721 1561 755 ἀναιρεθέντος
1573 719 1639 747 λαοῦ
1659 720 1866 752 συντελοῦντος.

1067 768 1258 803 Συνὲπραττον
1274 767 1302 794 δὲ
1318 767 1356 802 τῷ
1371 767 1478 802 βασιλεῖ
1500 767 1632 802 Βυραῖδης
1642 766 1664 782 ⁵⁸
1677 767 1724 793 καὶ
1735 766 1866 799 Ἰοῦστος,

1067 814 1092 841 οἱ
1105 813 1189 840 αὑτοῦ
1204 813 1321 848 ἀνεψιοί.

1109 860 1154 886 Ἐν
1170 858 1244 894 αὐτῷ
1254 859 1281 885 δὲ
1296 859 1336 894 τῷ
1351 858 1424 894 λόγῳ
1454 858 1519 894 περὶ
1542 858 1730 894 Τριὸωνιανοῧ
1761 857 1810 885 τοῦ
1829 859 1864 884 ἐκ

1069 906 1233 942 Παμφυλίας
1263 906 1389 937 ἕλκοντος
1420 905 1451 932 τὸ
1481 906 1560 940 γένος
1582 905 1729 937 διέξεισιν,
1757 904 1788 937 ὃς
1815 905 1868 940 τὴν

1069 952 1231 988 κυαίστορος
1239 953 1262 968 ⁸³
1275 951 1380 978 διεῖπεν
1409 951 1508 987 ἀρχὴν,
1544 951 1608 986 περί
1623 959 1653 977 τε
1663 951 1714 985 τῆς
1734 950 1870 986 φιλοχρη-

1071 997 1173 1033 ματίας
1196 997 1244 1024 καὶ
1258 998 1308 1032 τῆς
1324 997 1407 1032 ἄλλης
1433 996 1572 1032 αἱμυλίας,
1593 997 1719 1032 καὶπερὶ
1740 996 1868 1023 Ἰωάννου

1069 1043 1117 1070 τοῦ
1126 1043 1249 1080 ἐπάρχου
1264 1044 1312 1070 τοῦ
1328 1044 1361 1070 ἐκ
1371 1043 1576 1076 Καππαδοκῶν,
1591 1044 1641 1078 τῆς
1650 1051 1680 1070 τε
1693 1042 1869 1078 πανουργίας

1070 1089 1118 1116 καὶ
1131 1089 1284 1125 ἀπληστίας
1297 1089 1345 1116 καὶ
1368 1090 1454 1125 μέθης
1471 1090 1519 1116 καὶ
1534 1090 1583 1125 τῆς
1596 1089 1679 1125 ἄλλης
1695 1089 1866 1124 κακότητος·

1069 1134 1145 1166 ὅπως
1162 1143 1191 1161 τε
1210 1135 1358 1162 Ἀντωνῖνα
1370 1135 1386 1170 ἡ
1403 1134 1451 1161 τοῦ
1466 1134 1626 1170 Βελισαρίου
1639 1134 1710 1170 γυνὴ
1721 1134 1756 1160 δι’
1769 1134 1867 1169 Εὐφη-

1073 1181 1137 1215 μίας
1153 1181 1203 1216 τῆς
1220 1181 1302 1207 αὑτοῦ
1322 1180 1458 1215 θυγατρὸς
1478 1181 1714 1216 φρεναπατήσασα
1734 1180 1868 1215 Ἰωάννην

1072 1226 1118 1262 [36
1134 1225 1178 1262 Η.]
1190 1226 1333 1253 ἐπίϐουλον
1346 1226 1431 1259 ἔδειξε
1445 1226 1590 1261 βασιλέως,
1601 1227 1676 1258 ὅπως
1687 1234 1719 1253 τε
1735 1225 1864 1262 ὕστερον,

1071 1271 1202 1299 Εὺσεὸίου
1213 1271 1261 1298 τοῦ
1278 1271 1428 1298 ἐπισκόπου
1448 1271 1567 1303 Κυζίκου
1578 1272 1607 1304 ἐξ
1619 1272 1767 1308 ἐπιὸουλῆς
1785 1273 1869 1299 ἀναι-

1073 1318 1206 1355 ρεθέντος,
1220 1318 1353 1353 συνεργὸς
1366 1318 1528 1352 ὑπονοηθεὶς
1541 1318 1589 1346 τοῦ
1601 1319 1755 1354 μιάσματος
1764 1319 1867 1355 ᾐκίσθη

1071 1364 1102 1390 τὸ
1117 1364 1197 1398 σῶμα
1221 1364 1267 1391 καὶ
1284 1363 1390 1396 ἀκλεῶς
1399 1364 1421 1380 ⁶⁰
1441 1363 1535 1401 ἐξορίᾳ
1552 1365 1641 1401 πικρᾷ
1658 1365 1705 1392 καὶ
1722 1365 1869 1401 τελευταίᾳ

1071 1410 1221 1446 παρεδόθη.

1110 1457 1171 1483 Ὀτι
1186 1458 1215 1484 ἐν
1231 1456 1270 1492 τῷ
1283 1456 1402 1492 δευτέρῳ
1418 1457 1488 1492 λόγῳ
1505 1457 1631 1491 διέξεισιν
1657 1458 1732 1490 ὅπως
1750 1467 1780 1485 τε
1815 1459 1869 1486 Χο-

233 1496 371 1523 Chosroen
391 1497 491 1524 invidia
504 1498 683 1531 stimulatum,
697 1500 767 1533 quod
777 1499 875 1527 Africae
891 1500 1019 1527 ditionem

1074 1503 1157 1539 σρόην
1172 1502 1327 1539 μελετῶντα
1348 1502 1428 1530 λῦσαι
1443 1502 1494 1535 τὰς
1510 1503 1624 1535 σπονδὰς
1652 1503 1696 1530 διὰ
1711 1504 1760 1540 τὴν
1782 1505 1838 1532 τῶν
1846 1506 1869 1522 ἰ

234 1543 349 1570 Romani
377 1548 510 1575 tenerent,
535 1545 664 1579 pacisque
685 1551 827 1580 propterea
848 1546 948 1573 fmdera
967 1547 1019 1574 sol-

1078 1550 1222 1585 Ῥωμαίων
1248 1550 1319 1577 κατὰ
1344 1549 1448 1586 Λιϐύην
1456 1549 1478 1566 θ’
1492 1551 1672 1585 ἐπικράτειαν
1691 1539 1795 1586 (φθδνῳ
1810 1553 1867 1588 γὰρ

234 1596 296 1615 vere
309 1593 459 1623 parantem,
478 1590 591 1624 Vitiges,
620 1590 782 1618 Gotthorum
802 1599 859 1625 rex,
880 1600 926 1626 per
938 1591 1021 1626 Ligu-

233 1641 279 1662 res
295 1637 427 1668 quosdam
443 1633 557 1669 legatos,
569 1635 630 1661 dein
646 1639 674 1661 et
690 1643 737 1669 per
755 1635 887 1663 Basacom
901 1637 1022 1664 collocu-

235 1684 289 1710 tus,
311 1680 399 1714 magis
411 1679 599 1707 inﬂammavit.
618 1679 677 1713 Quo
687 1687 747 1707 cum
762 1681 825 1708 item
843 1686 964 1717 tempore
975 1682 1023 1708 Ar-

235 1725 316 1752 menii
332 1732 347 1752 a
366 1724 497 1752 Romanis
507 1725 680 1758 defecissent,
700 1725 768 1753 Silla
784 1727 853 1754 duce
878 1729 1022 1762 pugnando

235 1771 409 1806 interempto,
428 1771 576 1805 Persisque
605 1779 636 1799 se
661 1773 861 1806 pertnisisseut,
893 1780 1022 1809 perpetua

235 1817 293 1849 illa,
316 1821 464 1849 utvocant,
489 1818 563 1851 pacis
594 1817 698 1845 hedera
726 1826 853 1853 rumpere
876 1820 1021 1853 Cltosroes,

234 1864 388 1898 bellumque
421 1871 516 1899 gerere
548 1866 669 1892 animout
696 1865 813 1893 induxit.
851 1865 1022 1895 Justinianos

235 1910 398 1944 imperator,
416 1917 445 1936 re
474 1910 596 1944 cognita,
624 1911 798 1938 Anastasium
826 1911 942 1947 legatum
972 1914 1024 1940 mi-

233 1956 269 1982 sit
289 1956 426 1982 hortatum
456 1963 491 1983 ne
523 1963 617 1990 pacem
640 1956 769 1984 solveret.
790 1957 890 1984 Eadem
921 1963 1023 1994 tempe-

233 2007 303 2029 state
322 2007 349 2030 et
373 2001 475 2038 Vitiges
490 2010 504 2029 a
525 2002 658 2030 Belisario
685 2008 796 2038 captus,
831 2004 1023 2033 Constantino-

234 2049 317 2083 polim
330 2054 371 2076 est
382 2050 492 2077 missus.
502 2049 641 2077 Chosroes
651 2050 826 2078 nihilominus
837 2050 1022 2081 Romanorum

236 2096 305 2122 tiues
321 2096 452 2123 invadens
467 2096 600 2124 Surorum
611 2100 739 2136 oppidum
759 2099 842 2133 cepit,
854 2099 1023 2136 Surinosque

234 2140 260 2166 in
276 2140 434 2169 servitutem
451 2142 574 2171 abduxit.
590 2144 666 2179 25a
686 2144 739 2172 Sed
760 2144 867 2172 tandem
896 2145 1021 2172 undecim

1072 1596 1211 1629 ἐϐάλλετο)
1237 1596 1391 1631 Οὑῖτιγις⁶³
1417 1596 1431 1622 ὁ
1454 1596 1509 1623 τῶν
1532 1597 1638 1624 Γότθων
1667 1597 1794 1632 βασιλεὺς
1823 1598 1870 1626 διά

1072 1650 1152 1669 τινων
1159 1642 1242 1676 Λιγού
1247 1651 1301 1677 ρων
1313 1641 1576 1677 κοινολογησάμενος
1588 1643 1689 1678 μᾶλλον
1700 1643 1772 1670 ἐπώτ
1776 1653 1868 1680 ρυνεν⁸

1073 1688 1133 1716 εἶτα
1152 1689 1198 1716 καὶ
1213 1689 1356 1716 Βασσάκου
1366 1690 1388 1705 ⁸⁸
1403 1689 1463 1725 ἅμα
1477 1690 1532 1717 τῶν
1555 1691 1708 1726 ’Δρμενὶων
1724 1693 1864 1720 ἀποστάν-

1072 1744 1127 1762 των
1156 1736 1205 1770 μὲν
1215 1736 1236 1752 ⁸³
1257 1735 1402 1771 Ῥωμαίων
1419 1736 1468 1762 καὶ
1481 1727 1483 1730 ⁴
1494 1737 1591 1764 Σίτταν
1605 1738 1652 1764 τὸν
1668 1739 1824 1774 στρατηγὸν
1839 1741 1869 1766 ἐν

1075 1782 1150 1817 μάχῃ
1185 1782 1351 1816 ἀνελόντων,
1391 1783 1510 1818 Πέρσαις
1541 1783 1570 1810 δὲ
1599 1785 1868 1821 προσχωρησάντων,

1072 1827 1123 1858 τὰς
1147 1827 1317 1862 ἀπεράντους
1341 1828 1493 1860 σπονδὰςθθ
1508 1829 1681 1865 καλουμένας
1695 1830 1779 1863 λύσας
1814 1832 1870 1858 Χο-

1074 1873 1157 1908 σρόης
1167 1874 1295 1910 πολεμεῖν
1303 1874 1385 1909 ἔγνω,
1403 1874 1449 1911 [76
1463 1874 1510 1911 Κ]
1527 1876 1717 1909 Ίουστινιανδς
1727 1878 1754 1904 δὲ
1772 1877 1869 1913 μαθὼν

1073 1921 1235 1955 παραίνεσιν
1249 1921 1324 1956 αὐτῷ
1337 1921 1370 1947 δι’
1389 1921 1571 1949 Ἀναστασίου
1583 1924 1706 1958 προσῆγε
1720 1924 1758 1959 μὴ
1775 1933 1868 1960 παρα-

1075 1965 1209 1992 σπονδεῖν.
1232 1966 1277 1992 Ἐν
1286 1966 1373 2002 τούτῳ
1397 1967 1445 1993 καὶ
1460 1968 1585 2001 Οὐΐτιγις
1596 1969 1772 2004 αἰχμάλωτος
1788 1972 1868 2007 παρὰ

1073 2011 1231 2047 Βελισαριου
1254 2013 1294 2044 είς
1324 2013 1471 2045 Βυζάντιον
1491 2014 1666 2051 ἀνεπέμφθη.
1685 2016 1811 2053 Χοσρόης
1837 2019 1867 2044 δέ

1073 2057 1259 2093 τὰῬωμαίων
1286 2058 1349 2094 ὅρια
1375 2058 1560 2094 καταδραμὼν
1591 2060 1642 2096 τὴν
1677 2060 1786 2098 Σούρων
1817 2063 1868 2089 πό-

1074 2102 1116 2129 λιν
1133 2101 1189 2130 εἷλε
1204 2103 1252 2131 καὶ
1269 2104 1409 2140 Σούρηνας
1419 2106 1440 2122 ⁸⁷
1468 2106 1698 2141 ἠνδραποδίσατο.
1734 2107 1871 2142 ’Ὕστερον

1077 2149 1169 2184 μέντοι
1201 2151 1241 2181 είς
1264 2150 1410 2186 δισχιλίους
1436 2151 1459 2167 ⁸⁸
1479 2152 1527 2179 καὶ
1556 2152 1670 2188 μυρίους
1701 2153 1781 2185 ὄντας
1805 2155 1871 2185 τοὺς

233 2187 403 2220 captivorum
421 2188 505 2216 millia
518 2190 643 2217 ducentis
664 2190 754 2217 aureis
766 2194 934 2224 permutans,
955 2190 1019 2218 libe-

1077 2195 1270 2231 αἰχμαλώτους
1296 2197 1369 2223 δυοῖν
1390 2197 1522 2233 ὁμολογίᾳ.
1555 2187 1741 2234 κεντηναρίων
1762 2199 1870 2235 ἀφῆκεν

235 2239 280 2259 ros
309 2240 404 2260 omnes
417 2233 532 2267 dimisit,
555 2234 678 2262 Candida
709 2235 876 2270 Sergiopolis
896 2235 1019 2271 episcopo

1077 2236 1210 2274 ἅπαντας,
1242 2241 1375 2270 Κανδίδου
1401 2243 1448 2270 τοῦ
1475 2243 1625 2270 ἐπισκόπου
1647 2245 1871 2280 Σεργιουπόλεως

233 2277 378 2310 pecuniam
395 2278 516 2313 pollicito
532 2288 539 2306 :
555 2280 601 2314 qui
618 2287 678 2308 cum
702 2281 843 2315 promissis
861 2288 913 2308 non
928 2286 1024 2315 staret,

233 2321 267 2348 ad
299 2321 400 2356 justam
437 2323 644 2352 dissolutionem
674 2327 788 2354 adactus
812 2331 863 2354 est.
889 2327 1023 2356 Chosroes

234 2368 295 2396 dein
307 2368 470 2404 Hierapolim
500 2370 627 2399 obsidere
655 2377 786 2406 coeperat,
817 2381 878 2400 cum
908 2374 946 2401 illi
973 2374 1024 2402 Be-

233 2416 318 2443 rhoeaa
336 2417 480 2451 episcopus
495 2417 549 2452 (cui
568 2418 665 2454 Magno
682 2421 792 2456 nomen)
805 2419 894 2454 pondo
918 2422 1023 2457 argenti

235 2461 288 2488 duo
305 2461 388 2489 millia
406 2463 542 2496 promisit.
574 2464 660 2492 Solvit
677 2466 768 2501 itaque
778 2466 946 2494 obsidionem
964 2475 1021 2501 rex,

1078 2287 1183 2314 ἐκτῖσαι
1197 2286 1228 2313 τὸ
1241 2287 1321 2322 χρέος
1343 2287 1531 2324 ὑποσχομένου
1549 2289 1571 2305 ⁸⁸
1582 2297 1588 2304 ·
1604 2290 1618 2316 ὁ
1636 2289 1665 2316 δέ
1680 2290 1730 2325 τῆς
1751 2291 1871 2326 ὑποσχέ-

1079 2341 1148 2364 σεως
1173 2333 1312 2369 ἀλογήσας
1335 2334 1386 2370 τὴν
1398 2334 1504 2362 δικαίαν
1537 2336 1733 2371 εἰσεπράττετο
1752 2337 1868 2364 ἔκτισιν.

1077 2379 1201 2414 Χοσρὸης
1212 2379 1240 2406 δὲ
1249 2379 1456 2415 τὴνῚεράπολιν
1469 2381 1624 2416 πολιορκεῖν
1635 2381 1798 2416 ἀρξάμενος,
1809 2383 1871 2409 ἐπεὶ

1075 2423 1091 2450 ὁ
1109 2424 1224 2459 Βεροίας
1239 2425 1263 2441 "°
1277 2425 1351 2461 αὐτῷ
1368 2426 1518 2458 ἐπίσκοπος
1531 2427 1653 2462 ἀργύρου
1668 2427 1775 2462 σταθμὰ
1785 2428 1872 2463 δισχί-

1077 2469 1122 2496 λια
1137 2470 1225 2504 ἑυετο,
1236 2471 1342 2507 ἀπέστη
1365 2471 1415 2507 τῆς
1438 2472 1608 2508 πολιορκίας,
1631 2473 1806 2510 ὁμολογήσας
1823 2474 1870 2500 καὶ

870 2543 985 2571 νΑΙζΙιιΕ
1006 2545 1210 2575 LECTIONES.

272 2588 295 2604 υ
315 2591 369 2619 τοῖς
384 2591 550 2625 μετασχοῦσι
568 2599 596 2622 ς.

652 2591 675 2606 ⁸³
691 2590 784 2626 Ζαμοῢ
799 2592 831 2617 Α.

236 2624 259 2640 ⁵⁸⁷
274 2624 458 2659 ἀνηγόρευσεν
474 2624 507 2658 νς.

557 2626 580 2642 ⁵⁸
598 2626 733 2661 Βαραῖδης
748 2635 778 2658 ς.

236 2659 308 2698 ξύων
323 2662 354 2687 Α.
412 2661 461 2698 σξη)
487 2661 618 2696 ’Υίττιγις
639 2659 668 2693 ἐς.
712 2659 744 2698 ίεξ
754 2659 951 2689 Baianae-61:
969 2664 1026 2698 ἅμα
1041 2673 1070 2696 ς.

236 2695 258 2710 ⁸⁷
274 2695 359 2731 Σύρον
372 2710 407 2715 -
420 2696 549 2731 Συρίνους
570 2706 600 2729 ς.

887 2592 910 2607 ⁸⁸
926 2593 1074 2620 Δουνὰντου
1095 2603 1126 2626 ς.

830 2628 853 2643 δ’
864 2627 914 2664 τὴν
931 2628 978 2654 τοῦ
992 2629 1169 2664 κοιαίστωρος
1179 2639 1209 2662 τ.

645 2697 668 2712 ⁸⁸
689 2696 790 2732 χιλίους
807 2706 837 2728 ς.
877 2698 900 2713 ⁶⁹
911 2696 1114 2734 ὑποσχουμένου
1133 2696 1166 2732 ςξ
1193 2696 1219 2716 ⁷¹ῗ
1229 2696 1360 2736 Βερῤοίας
1375 2696 1404 2734 ςξ

1175 2595 1197 2612 ⁵⁸
1214 2595 1256 2621 διὰ
1278 2595 1357 2632 τοῦτο
1387 2596 1499 2632 ὕστερον
1515 2606 1544 2629 ς.

1263 2631 1284 2646 ⁸ο
1297 2632 1417 2665 ἀνηλεῶς
1438 2631 1468 2664 cf.

1258 2666 1287 2693 ἐν
1316 2667 1371 2696 τῷν
1395 2676 1424 2699 ς.

1593 2598 1616 2614 ⁸⁸
1639 2597 1823 2633 Ἰουστινιανῷ
1837 2607 1867 2631 ς.

1520 2633 1541 2649 ⁶¹
1557 2633 1611 2660 τῶν
1626 2634 1686 2660 add.
1704 2635 1734 2659 A.
1785 2634 1807 2650 ⁶¹
1822 2635 1869 2661 Δις

1122 2665 1144 2680 ⁸⁸
1160 2665 1219 2704 μὲν]
1230 2666 1296 2704 μὲν.
1316 2667 1371 2704 τῷν
1395 2676 1424 2699 ς.
1476 2668 1497 2683 ⁸⁸
1511 2668 1681 2704 καλουμένας
1703 2669 1820 2702 σπονδὰς
1837 2678 1866 2702 ς.

992 2755 1107 2786 NOTAE.

272 2798 328 2835 (74)
346 2808 355 2835 ς
371 2799 443 2826 Adeo
456 2799 624 2835 Quadulmdi,
643 2809 652 2825 ι
669 2803 709 2826 cst
729 2800 755 2826 in
771 2799 904 2835 Procopio
914 2801 1021 2829 Latino.

272 2798 328 2864 (74%
346 2808 355 2825 ι
371 2799 443 2826 Adeo
456 2799 624 2833 Quaduhndi,
643 2809 652 2825 ι
669 2803 709 2826 cst
729 2800 755 2826 in
771 2799 904 2835 Procopio
914 2801 1021 2829 Latino.

271 2835 316 2868 (75
343 2834 461 2869 Populus
477 2834 574 2868 ubique
588 2835 702 2862 factione
718 2835 818 2863 Veneta
835 2843 861 2864 et
881 2837 995 2865 Prasina
1011 2837 1113 2865 divisus
1128 2841 1197 2865 erat.
1216 2836 1404 2872 (ΡΗΟΩΟΡΙυΒ.)
