1934 3089
59 131 98 162 133

59 232 164 265 τηνεὶρια
193 229 283 257 λάϐοι.
313 228 419 263 Βούζης
431 228 458 254 δὲ
474 229 488 254 ό
505 228 555 263 τῆς
575 227 664 262 Ἕῲας
680 227 846 262 στρατηγὸς,

59 278 197 312 ἀξιόμαχον
213 275 312 302 ἑαυτὸν
328 275 379 301 οὐκ
398 274 523 308 οἰόμενος
542 273 581 308 τῷ
595 273 716 308 Χοσρόῃ,
732 271 782 299 ὧδε
795 273 847 298 κά-

60 325 124 350 κεῖσε
140 321 359 357 περιεπλανᾶτο.
385 320 510 355 Χοσρόης
530 319 559 345 δὲ
572 318 619 345 ἐπὶ
634 318 750 351 Βέροιαν
767 327 850 353 στρα-

60 369 149 400 τεύσας
162 368 224 403 ᾔτει
246 368 297 402 μὲν
310 366 397 393 πολλὰ
423 366 564 401 χρήματα,
583 364 675 390 λαϐὼν
688 364 718 390 δὲ
729 364 858 399 δισχίλια

61 413 161 448 σταθμὰ
174 413 310 449 ἀργυρίου
332 412 401 439 ἄλλα
422 410 542 437 τοσαῦτα
572 409 794 445 προσεπεζήτει,
812 410 849 444 μὴ

60 460 194 487 διδοῦντων
221 459 244 474 ’ί
271 458 300 484 δὲ
326 457 445 493 ἰσχυρῶς
465 455 632 491 ἐπολιόρκει.
655 455 708 481 Τοῦ
727 455 755 482 δὲ
774 456 850 490 σφῶν

61 505 205 532 ἐπισκόπου
221 503 447 539 παραγενομένου
466 502 488 517 ⁷³
499 501 604 537 (Μέγας
615 499 649 536 ἦν
665 501 750 536 ὃνομα
765 500 849 536 αὐτῷ)

61 552 103 578 καὶ
116 551 242 585 Χοσρὸην
250 549 429 584 λιπαροῦντος
445 548 509 579 τοὺς
521 548 571 583 μὲν
586 548 744 583 Βεροιαίους
758 547 851 574 κακῶν

61 595 169 626 ἀπαθεῖς
189 596 298 630 ἀφῆκεν
314 595 393 626 ἱέναι,
410 595 465 628 ὅπη
488 593 565 628 φίλον
581 594 690 628 ἑκάστῳ
703 593 747 627 εἴη
760 601 767 609 ·
783 594 807 619 οἱ
823 593 852 619 δὲ

62 641 222 676 στρατιῶται
236 641 262 667 οἱ
277 640 400 666 πλεῖστοι
413 639 524 671 ἑκόντες
543 639 651 665 εἵποντο
667 639 853 675 στρατευόμε-

61 695 96 713 νοι
115 687 236 723 Χοσρόῃ,
269 687 312 713 ὅτι
336 686 435 717 αὐτοὺς
449 686 463 712 ὁ
475 684 602 720 βασιλεὺς
625 685 680 712 τῶν
697 686 853 718 συντάξεων

63 734 213 769 ἀπεστέρει,
241 733 367 768 Χοσρόης
388 732 427 763 δὲ,
460 732 523 757 ἐπεὶ
551 732 682 767 χρήματα
706 732 853 766 Ἀντιοχεῖς

64 780 172 814 αἰτήσας
195 779 247 806 οὐκ
273 779 382 811 ἔλαΰεν,
408 778 565 813 ἐπολιόρκει
596 777 644 813 τὴν
670 777 853 813 Ἀντιόχειαν·

65 824 182 859 σφοδρῶς
190 824 220 850 δὲ
229 823 466 858 πολιορκουμένης
475 823 638 854 Θεόκτιστος
645 824 692 849 καὶ
697 822 852 858 Μελάτξης,

64 869 116 904 ἅμα
128 869 184 896 τῶν
199 869 344 904 ἑπομένων
355 869 448 900 αὐτοῖς
460 867 514 896 ἀπὸ
529 868 577 895 τοῦ
594 869 712 896 Λιϐάνου
722 878 855 905 στρατιω-

63 915 124 948 τῶν,
143 914 339 947 ὑπεξελθόντες
357 914 469 949 ἔφυγον,
486 914 535 941 καὶ
557 914 628 941 οὕτω
644 915 768 951 Χοσρόης
787 916 855 942 ἀτα-

65 960 207 996 λαιπώρως
225 961 393 996 Ἀντιόχειαν
404 962 598 996 παρεστήσατο
605 961 652 988 καὶ
662 961 725 993 τοὺς
745 962 774 988 ὲν
786 962 854 998 αὐτῇ

64 1007 286 1042 ἠνδραποδίσατο.
314 1006 461 1041 Πρέσὸεων
480 1006 508 1033 δὲ
533 1006 600 1042 παρ’
625 1006 706 1034 αὑτὸν
731 1007 856 1043 ἡκόντων

70 1053 191 1079 Ἰωάννου
205 1061 237 1079 τε
250 1052 298 1079 τοῦ
318 1053 458 1087 Ῥουφξνου
468 1053 516 1080 καὶ
540 1052 687 1080 Ίουλιανοῦ
699 1053 746 1081 τοῦ
766 1062 857 1090 γραμ-

68 1098 171 1132 ματέως
203 1098 260 1124 τῶν
283 1099 462 1135 ἀπορρήτων,
484 1099 533 1126 καὶ
553 1099 655 1135 πολλῆς
671 1100 857 1135 δικαιολογίας

66 1145 221 1179 ἁναμεταξὺ
233 1144 326 1171 αὐτῶν
336 1153 365 1172 τε
378 1145 425 1172 καὶ
437 1146 557 1181 Χοσρόου
568 1147 769 1182 γεγενημένης,
780 1147 858 1180 τέλος

67 1189 187 1225 ἀλλήλοις
201 1189 356 1225 συνέϐησαν
369 1190 412 1224 ἐφ’
421 1187 443 1224 ᾧ
456 1190 581 1226 Χοσρόην
592 1192 621 1218 ὲν
638 1191 687 1226 μὲν
698 1191 735 1227 τῷ
751 1200 859 1227 παραυ-

67 1235 126 1262 τίκα
135 1235 305 1270 κεντηνάρια
328 1237 500 1271 πεντήκοντα
517 1236 594 1272 παρὰ
604 1237 627 1253 ⁷¹
654 1237 798 1273 Ῥωμαίων
811 1238 860 1265 λα-

68 1281 156 1314 ϐόντα,
177 1281 261 1308 πέντε
277 1281 307 1308 δὲ
327 1281 480 1317 φερόμενον
489 1282 611 1310 ἐπέτειον
626 1283 706 1310 ἄλλον
720 1283 743 1300 ⁷⁸
756 1284 860 1319 δασμὸν

68 1329 105 1359 εἰς
135 1329 180 1354 τὸν
203 1328 295 1355 πάντα
328 1329 425 1361 αἰῶνα,
450 1329 536 1365 μηδὲν
564 1330 664 1362 αὐτοὺς
689 1329 860 1366 ἐργάσασθαι

69 1373 223 1409 περαιτέρω
243 1374 329 1400 κακόν
339 1382 344 1387 ·
363 1373 494 1409 πρέσϐεις
505 1382 535 1401 τε
546 1374 628 1402 πάλιν
639 1375 714 1410 παρὰ
727 1375 861 1410 βασιλέως

70 1419 262 1454 στελλομένους
275 1421 325 1450 τὰς
343 1420 415 1454 ἀμφὶ
443 1421 476 1455 τῇ
492 1421 590 1456 εἰρήνῃ
605 1420 629 1436 ⁷⁵
646 1420 762 1452 σπονδὰς
778 1420 861 1455 ὲμῦε-

70 1465 282 1502 ὕαιωθήσεσθαι.
306 1466 388 1493 Ἀλλὰ
410 1467 500 1493 καίτοι
519 1467 606 1494 ταῦτα
621 1465 667 1502 [37
681 1465 728 1502 H.]
748 1466 861 1501 οέμενος

70 1513 202 1548 Χοσρόης,
214 1514 261 1540 ὲπί
277 1522 307 1539 τε
321 1513 373 1549 τὴν
394 1513 549 1548 ’Δπάμειαν
575 1514 619 1550 ᾔει
639 1514 674 1547 ⁷⁸,
695 1514 782 1549 Θωμᾶ
799 1514 860 1541 τότε

70 1558 143 1593 ἀρχιε
149 1557 318 1593 ρατεύοντος,
332 1559 380 1585 καὶ
389 1559 520 1594 χρήματα
532 1559 638 1594 μεγάλα
647 1558 842 1594 εἰσεπράττετο
851 1566 859 1574 ⁸

71 1603 143 1634 τέλος
161 1604 197 1630 τά
209 1612 240 1630 τε
270 1603 333 1639 ἱερὰ
358 1604 406 1630 καὶ
432 1604 465 1631 τὰ
486 1603 651 1639 ἀναθήματα
666 1603 756 1630 πάντα
770 1602 862 1630 λαϐὼν

73 1648 155 1676 ἀπιὼν
172 1649 271 1684 ᾣχετο.
294 1650 338 1676 Ἐν
352 1646 373 1684 ᾧ
388 1650 436 1676 καὶ
446 1651 511 1686 περὶ
538 1650 593 1677 τῶν
615 1650 716 1685 τιμίων
732 1649 780 1676 καὶ
791 1649 862 1681 ζωο-

73 1695 152 1722 τνοιῶν
164 1695 254 1728 ξύλων
282 1695 572 1732 τεθαυματούργηται.
595 1696 710 1732 Εἴρηται
727 1695 776 1722 καὶ
788 1695 862 1727 ὅπως

73 1741 192 1777 Χοτρόης
214 1742 397 1777 ἱπποδρόμιον
419 1743 479 1768 ἐκεῖ
505 1742 646 1768 ἐθεάσατο.
665 1741 733 1768 Ἀλλ’
759 1741 862 1768 ἐκεῖθεν

73 1787 192 1822 Χοσρόης
211 1787 259 1814 ἐπὶ
280 1787 404 1814 Χαλκίδα
429 1787 511 1814 πάλιν
526 1787 547 1803 ⁷⁷
565 1787 722 1822 ἐπορεύετο,
743 1786 814 1822 ὑπὲρ
828 1784 862 1821 ἦς

74 1831 115 1858 δύο
127 1831 218 1858 λαϐὼν
233 1833 401 1868 κεντηνάρια
421 1832 442 1848 ⁷⁸
464 1833 542 1869 παρὰ
555 1832 611 1859 τῶν
630 1832 777 1859 οἰκούντων
793 1832 862 1858 ἁπο-

75 1878 214 1913 λιόρκητον
228 1878 315 1905 εῐασε.
333 1879 389 1905 Καὶ
415 1878 463 1905 ἐπὶ
481 1879 614 1905 Ἔδεσσαν
631 1878 659 1905 δὲ
671 1878 694 1894 τ’
708 1877 862 1913 πορευθεὶς,

75 1924 118 1950 δύο
129 1923 221 1951 λαὸὼν
235 1924 413 1960 κεντηνάρια,
426 1924 483 1951 τισὶ
493 1923 522 1951 δὲ
534 1924 582 1951 καὶ
596 1924 771 1959 θεοσημείαις
785 1924 864 1950 ἀπει-

76 1968 173 2003 ληθεὶς,
201 1969 402 2005 ἀπολιόρκητον
427 1970 503 1996 εἴασε
522 1969 665 2004 κάκείνην.
692 1968 768 2002 Αὕτη
789 1968 863 1995 ἐστὶν

78 2015 201 2048 Ἔδεσσα,
213 2016 242 2042 ὲν
280 2015 405 2050 Αῠγαρός
416 2023 447 2041 τε
461 2016 507 2042 καὶ
522 2015 557 2042 τὰ
564 2016 629 2050 περὶ
641 2014 768 2050 Αῡγαρον
779 2014 864 2041 πάλαι

79 2061 141 2095 πρὸς
169 2060 291 2096 Χριστοῦ
323 2060 462 2097 ἐπράχθη.
491 2058 576 2092 Οὗτος
595 2060 624 2087 δὲ
645 2061 660 2086 ὁ
678 2059 803 2096 Αῠγαρος
817 2060 865 2087 καὶ

79 2110 138 2144 mp‘
152 2109 311 2144 Αὔγουστον
337 2110 384 2137 τὸν
414 2111 477 2137 τότε
503 2109 650 2146 Ῥωμαίων
673 2110 865 2146 αὐτοκράτορα

80 2156 270 2190 παραγεγονὼς
286 2155 363 2190 φίλος
382 2164 412 2183 τε
437 2157 467 2188 ὲς
490 2156 525 2183 τὰ
541 2157 661 2191 μάλιστα
680 2156 863 2192 ἐχρημάτισε,

620 125 885 157 BIBLIOTHECA.
904 137 939 142 -
960 124 1042 154 COD.
1064 123 1175 153 LXIII.

58 188 139 220 πάσης
165 183 322 219 ἀποστῆναι
338 183 388 217 τῆς
418 181 514 217 Ἐῴας,
534 181 559 208 εἰ
575 181 641 208 δέκα
667 179 769 216 χρυσοῦ
793 189 856 207 κεν-

1639 116 1690 150 134

870 185 893 213 Λ
908 180 1044 214 pollicitus
1071 178 1165 205 adha-c
1187 175 1260 204 omni
1287 175 1355 202 adeo
1374 173 1494 202 Orientis
1510 172 1694 214 Romanorum

904 226 1009 253 ditione
1026 231 1056 252 se
1075 230 1263 255 excessurum,
1275 222 1297 249 si
1316 221 1390 248 mille
1399 220 1458 247 auri
1474 211 1563 254 pondo
1578 222 1697 252 caperet.

900 272 1008 299 Interea
1023 270 1121 303 Buzes,
1139 270 1193 297 dux
1219 268 1350 300 Orientis,
1366 268 1474 295 viribus
1501 266 1558 293 suis
1584 264 1698 297 dilIisus,

900 324 961 344 cum
1010 316 1132 343 Chosroe
1167 322 1288 350 pugnare
1326 314 1493 345 detrectans,
1521 311 1699 339 circumcirca

900 363 1055 392 oberrabat.
1084 362 1156 397 Ergo
1171 361 1292 388 Berhwae
1317 359 1427 386 admoto
1447 358 1582 390 exercitu,
1610 357 1697 384 Chos-

901 418 963 438 roes
979 409 1153 445 pecuniarum
1188 407 1300 434 nimium
1319 409 1450 439 quantum
1469 403 1626 438 postulavit,
1652 410 1699 429 ac-

902 456 1044 491 ceptisque
1058 453 1152 490 pondo
1176 451 1280 487 argenti
1299 450 1418 478 millibus
1438 450 1554 481 duobus,
1582 448 1697 476 alte:um

903 507 1007 529 tantum
1022 500 1112 535 exegit
1127 509 1133 527 :
1150 506 1231 534 qualn
1248 497 1311 532 quia
1329 497 1403 524 cives
1420 502 1554 522 summam
1567 502 1620 521 non
1631 501 1697 528 pen-

903 548 1012 580 debant,
1030 547 1120 573 valide
1131 546 1225 572 urbem
1252 546 1399 578 oppugnat.
1430 541 1528 568 Verum
1550 540 1698 567 accedente.

904 592 1002 627 Magno
1025 590 1115 625 oppidi
1140 588 1279 623 episcopo,
1306 591 1333 613 et
1347 586 1486 613 Cbosroen
1520 584 1699 618 deprecante,

903 636 1227 665 Bcrhazensesimmunes
1245 633 1399 667 liberosque
1410 631 1487 658 abire
1503 629 1636 664 permisit,
1649 637 1702 664 quo

904 684 1020 719 quisque
1045 681 1134 709 vellet.
1162 680 1234 707 Hinc
1263 678 1384 714 plerique
1414 677 1496 704 etiam
1517 676 1636 702 militum
1667 675 1701 701 ad

904 730 1044 758 Cbosroen
1058 736 1105 755 sua
1132 731 1230 762 sponte
1251 724 1429 755 transierunt,
1456 722 1528 756 quod
1557 721 1704 756 stipendiis

904 776 1112 809 eosimperator
1128 771 1293 799 fraudasset.
1318 769 1359 797 Ab
1387 766 1704 796 Antiochenissimiliter

906 820 1050 855 pecuniam
1067 819 1204 846 Chosroes
1219 816 1368 851 postulans,
1388 823 1438 842 nec
1455 815 1614 848 impetratis,
1629 817 1704 840 arcte

870 859 891 885 Β
906 866 1079 894 Antiochiam
1109 864 1205 892 cinxit.
1223 863 1347 897 Cumque
1365 869 1412 889 rex
1427 864 1538 896 urgeret
1553 858 1703 890 obsidium,

907 911 1084 939 Tlteoctistus
1110 915 1138 936 et
1175 908 1317 940 Mulatzes,
1347 914 1399 934 una
1423 913 1484 933 cum
1510 905 1544 933 iis
1570 903 1704 932 militibus

908 965 977 993 quos
990 965 1004 984 a
1019 957 1122 984 Libano
1136 963 1228 983 secum
1240 955 1384 986 duxerant,
1400 953 1469 980 clam
1479 951 1574 979 urbem
1589 949 1702 986 egressi,

911 1005 1054 1040 fugerunt.
1073 1003 1112 1030 Ita
1129 1002 1266 1029 Chosroes
1295 999 1354 1027 sine
1367 999 1460 1027 labore
1478 997 1653 1025 Antiochiam
1669 995 1705 1023 ad

907 1048 1076 1079 deditionem
1085 1047 1227 1083 compulit,
1260 1047 1388 1081 civesque
1406 1044 1433 1072 in
1448 1044 1610 1071 servitutem
1625 1043 1705 1069 rede-

908 1097 947 1133 git
961 1096 1028 1132 (76).
1059 1096 1125 1123 Inde
1137 1094 1220 1129 legati
1241 1092 1274 1120 ad
1285 1092 1361 1119 illum
1375 1090 1462 1123 missi,
1479 1089 1598 1117 Joannes
1614 1087 1704 1115 Ruﬁni

909 1143 993 1175 ﬁlius,
1026 1147 1054 1170 et
1078 1140 1202 1168 Julianus
1219 1143 1388 1167 secretorum
1409 1135 1499 1163 scriba
1526 1143 1533 1162 :
1553 1134 1702 1168 multisque

909 1189 982 1217 ultro
993 1188 1119 1222 citroque
1128 1186 1162 1214 de
1173 1185 1259 1220 aequis
1271 1182 1476 1211 conditionibus
1489 1180 1588 1208 habitis
1599 1186 1706 1207 sermo-

910 1235 1004 1267 nibus,
1024 1233 1133 1261 tandem
1162 1231 1290 1259 convenit
1307 1238 1313 1256 :
1332 1233 1361 1256 ut
1377 1228 1500 1255 Chosroe
1526 1226 1584 1262 (77)
1612 1225 1704 1253 statim

911 1280 1028 1310 Romani
1076 1279 1198 1314 quinque
1220 1282 1365 1304 aureorum
1406 1273 1490 1301 millia
1517 1276 1704 1303 numerarent,

912 1329 1077 1364 quingentos
1094 1333 1160 1352 vero
1174 1329 1271 1352 aureos
1288 1320 1446 1357 quotannis,
1477 1319 1571 1347 tributi
1588 1318 1704 1345 alterius

912 1375 1033 1408 nomine,
1051 1377 1180 1408 perpetuo
1196 1370 1358 1406 penderent,
1376 1366 1442 1394 nihil
1461 1373 1491 1394 se
1503 1365 1632 1399 deinceps
1646 1371 1706 1390 mo-

912 1421 998 1449 lestias
1016 1420 1160 1446 allaturum
1182 1414 1351 1452 promittenti
1371 1417 1478 1447 :utque
1504 1410 1579 1438 missi
1606 1410 1705 1437 iterum

912 1468 947 1495 ab
962 1467 1128 1502 imperatore
1140 1463 1231 1499 legati,
1251 1461 1326 1496 pacis
1338 1463 1473 1488 conventa
1486 1457 1640 1484 ﬁrmarent.
1655 1453 1707 1482 Ve-

873 1525 895 1555 α
913 1522 972 1542 rutn
985 1513 1067 1540 etiam
1086 1511 1130 1538 his
1151 1510 1187 1536 ita
1202 1507 1369 1543 compositis,
1392 1505 1529 1533 Cltosroes
1557 1502 1705 1537 Apameam

912 1558 1063 1595 profectus,
1085 1556 1129 1583 ubi
1147 1555 1266 1582 Thomas
1278 1553 1422 1588 episcopus
1438 1549 1612 1584 praesidebat,
1624 1554 1700 1581 mag-

913 1593 978 1632 nam
993 1603 1018 1631 ei
1034 1601 1210 1638 pecuniarum
1226 1599 1281 1626 vim
1291 1596 1456 1632 impetravit,
1488 1602 1520 1622 ac
1542 1593 1650 1621 tandem
1662 1599 1707 1619 sa-

912 1659 959 1680 cra
974 1657 1052 1681 vasa,
1079 1647 1244 1681 templisque
1257 1645 1381 1672 dedicata
1407 1642 1532 1669 universa
1546 1647 1639 1668 secum
1655 1645 1706 1664 au-

913 1698 1013 1728 ferens,
1033 1694 1158 1722 discessit
1172 1701 1179 1719 :
1199 1692 1270 1718 inter
1286 1697 1346 1724 quae
1362 1689 1434 1717 circa
1444 1686 1589 1714 adoranda!
1616 1692 1648 1712 ac
1662 1685 1704 1711 vi-

912 1742 1000 1770 viﬁcte
1018 1740 1110 1768 crucis
1122 1739 1224 1773 lignum
1243 1735 1405 1764 miraculum
1420 1733 1534 1767 contigit
1551 1730 1619 1767 (78).
1635 1729 1706 1757 Nar-

913 1793 991 1815 ratur
1006 1787 1087 1814 etiam
1101 1786 1178 1812 ludos
1192 1787 1334 1818 equestres
1351 1780 1449 1808 ibidem
1461 1783 1609 1813 spectasse.
1640 1775 1708 1803 inde

914 1834 948 1862 ad
959 1832 1115 1861 Chalcidem
1125 1830 1218 1858 urbem
1229 1836 1389 1864 progressus
1398 1832 1451 1860 est,
1460 1832 1486 1853 et
1494 1825 1547 1860 25
1555 1825 1568 1851 b
1581 1824 1707 1852 ducentis

915 1880 1008 1907 aureis
1021 1879 1055 1906 ab
1072 1877 1171 1905 incolis
1200 1875 1315 1907 exactis,
1341 1875 1401 1901 sine
1416 1873 1557 1901 obsidione
1582 1869 1706 1898 recessit.

915 1926 997 1953 Venit
1011 1924 1075 1951 hinc
1093 1923 1239 1953 Edessam,
1256 1925 1284 1948 et
1300 1920 1466 1947 tantumdem
1480 1916 1608 1945 abstulit:
1625 1923 1656 1943 ac
1667 1915 1706 1942 si-

916 1972 977 2006 gnis
987 1969 1152 2006 quibusdam
1170 1967 1271 1994 divinis
1282 1966 1438 1996 deterritus,
1455 1965 1526 1991 hanc
1540 1969 1647 1998 quoque
1663 1969 1708 1988 ur-

915 2019 976 2046 bem
992 2023 1045 2043 non
1061 2014 1179 2043 obsedit.
1203 2013 1278 2049 (Haec
1293 2013 1394 2041 Edessa
1411 2011 1455 2039 illa
1467 2017 1508 2038 est
1525 2011 1551 2038 in
1571 2017 1624 2045 qua
1652 2009 1707 2036 Au-

915 2071 997 2100 garus
1013 2063 1081 2099 (79),
1102 2069 1217 2098 quaeque
1232 2061 1260 2088 in
1277 2060 1323 2088 illo
1334 2059 1486 2095 antiquitus
1503 2065 1552 2092 per
1566 2056 1705 2084 Christum

916 2115 1025 2146 patrata
1040 2119 1049 2144 ;
1065 2109 1191 2143 idemque
1201 2107 1246 2135 hic
1270 2106 1406 2142 Augarus,
1429 2105 1475 2139 qui
1490 2105 1522 2131 ad
1541 2102 1706 2138 Augustum,

918 2161 983 2183 tunc
1001 2155 1185 2183 Romanorum
1201 2153 1394 2188 imperatorem
1408 2150 1556 2186 profectus,
1572 2148 1660 2176 amico
1675 2155 1708 2174 eo

80 2202 123 2227 καὶ
137 2202 185 2237 τὴν
200 2203 228 2233 ἐς
242 2203 278 2229 τὰ
293 2203 380 2229 οἰκεῖα
405 2202 537 2229 ἐπάνοδον
554 2202 637 2238 σοφίᾳ
662 2203 858 2238 κατεπράξατο

920 2204 945 2231 in
958 2202 1054 2238 primis
1069 2208 1145 2234 usus,
1161 2205 1190 2228 ut
1206 2200 1243 2227 illi
1259 2199 1292 2227 ad
1307 2206 1371 2227 suos
1391 2197 1480 2225 redire
1493 2195 1599 2223 nonnisi
1621 2194 1707 2222 soler-

87 2246 149 2272 ’Δλλ¹
165 2247 178 2274 ὃ
195 2256 228 2281 γε
243 2248 370 2283 Χοσρόης
388 2248 417 2281 ἐξ
432 2248 561 2283 Ἐδέσσης
576 2248 686 2284 ἀπάρας
709 2249 866 2283 ἐπορεύετο.

81 2291 141 2317 Τότε
157 2292 262 2328 2:1[77
283 2292 332 2328 IL]
362 2293 554 2326 Ἰουστινιανὺς
585 2292 690 2328 ἔγραψε
715 2294 772 2324 τοῖς
805 2294 870 2328 πρέ-

83 2336 176 2371 σῦεσιν,
187 2338 358 2366 ἐπιτελέσειν
366 2339 400 2366 τὰ
409 2340 572 2367 συντεθέντα
580 2339 731 2376 ὁμολογῶν.
745 2339 868 2375 Χοσρόης

918 2249 954 2276 tia
967 2247 1084 2283 quadam
1098 2246 1134 2273 sit
1149 2245 1263 2280 datum).
1276 2243 1329 2276 ,Sic
1352 2243 1433 2278 igitur
1449 2241 1584 2269 Cltosroes
1599 2239 1706 2266 Edessa

917 2293 1053 2321 discessit.
1066 2291 1104 2319 Ea
1120 2292 1202 2319 etiam
1219 2293 1379 2324 tempestate
1395 2287 1490 2322 legatis
1506 2285 1563 2313 suis
1573 2283 1707 2312 Justinia-

918 2346 970 2365 nus
986 2336 1139 2371 rescripsit,
1166 2340 1290 2370 paratum
1316 2340 1345 2361 se
1369 2336 1447 2367 pacta
1475 2334 1607 2358 conventa
1632 2327 1708 2364 pacis

716 2419 833 2447 VARIE
853 2417 1056 2447 LECTIONES.

110 2478 130 2494 "
140 2479 261 2506 διδόντων
279 2488 311 2512 ς.

85 2478 261 2528 ’.ηειδόντων
279 2488 311 2512 ς.
362 2478 387 2495 ⁷¹
401 2479 630 2514 παραγεναμένου
650 2479 682 2505 Δ.
719 2479 742 2494 ⁷³
757 2477 845 2514 παρὰ]
865 2479 932 2514 πρὸς
947 2478 978 2503 Α.

121 2515 160 2541 εει
173 2517 195 2541 Λ
207 2520 215 2541 :
229 2515 273 2541 εῐτι
287 2523 318 2541 ς.
354 2514 377 2532 ⁷⁷
393 2514 470 2541 πόλιν
489 2523 518 2541 ς.
557 2514 579 2530 ⁷⁸
594 2513 760 2541 κεντηνάρια
771 2513 861 2540 λαϐὼν
876 2522 905 2541 ς.
944 2513 966 2528 τ’

130 2515 160 2550 ζει
173 2517 195 2541 Λ
207 2520 215 2542 :
229 2515 274 2550 εῐη
287 2523 318 2548 ς.
354 2514 377 2532 ⁷⁷
393 2513 470 2541 πόλιν
489 2523 518 2546 ς.
550 2513 579 2530 ⁷⁷⁸
594 2513 760 2549 κεντηνάρια
771 2513 861 2540 λαϐὼν
876 2513 905 2545 ς.

1031 2476 1055 2492 ⁷⁸
1071 2474 1149 2503 ἄλλον
1165 2475 1188 2501 Α
1215 2482 1222 2500 :

944 2513 966 2528 τ’
986 2511 1014 2539 δὲ
1033 2512 1095 2538 add.
1114 2510 1146 2537 A.

1252 2471 1350 2508 μᾶλλον
1363 2480 1394 2503 ς.
1452 2469 1475 2485 ⁷⁸
1489 2468 1539 2505 τὴν
1550 2467 1662 2503 εἰρήνην
1674 2475 1706 2499 ς.

834 2570 950 2598 NOTAE.

85 2632 385 2693 cel('ZiliizlA’dditProcop.
404 2641 414 2658 ί
434 2631 589 2666 Urbemque
603 2636 703 2667 prmter
715 2630 812 2665 templa
825 2630 865 2658 in-

116 2702 167 2738 (77)
183 2703 218 2731 Ut
232 2701 370 2730 Chosroes
387 2702 414 2729 in
432 2709 552 2737 praesens
563 2701 763 2736 :quinquaginta
780 2700 863 2728 millia

87 2744 214 2778 nummum
234 2745 379 2764 aureorum
399 2745 431 2778 ac
448 2738 556 2778 totidem
573 2738 719 2778 quotannis
733 2742 865 2778 perpetuo

217 2780 305 2841 illeque
320 2780 369 2800 eos
385 2772 455 2800 ultra
467 2770 592 2801 lacessat.
609 2771 669 2808 (Sic
684 2771 797 2806 Procup.
811 2770 864 2798 Vo-

117 2842 327 2875 (Ί8)Ζωοπσιῶν
358 2841 627 2877 ξυλων.Αι›ρει-ει]ῐθ
651 2843 768 2877 desuper
794 2841 865 2876 ignis

917 2632 1021 2659 iubare.

914 2641 1060 2703 ¹¹¹¹ξῗὲῗόε
1075 2664 1172 2703 que!)-
1187 2663 1374 2703 Baror-..lorr-
1392 2659 1412 2703 ιλ
1425 2658 1459 2703 3"!
1471 2652 1706 2703 “:92.”

917 2688 1172 2730 Da‘tita’sc'eboi‘lvibii
1245 2688 1364 2725 rOrl/tod.
1393 2688 1467 2730 fidei,
1498 2699 1558 2726 cap.
1570 2689 1627 2730 _i7,
1659 2688 1704 2714 ubi

916 2725 1312 2773 Ᾰῦξὶίςέῖτῐῐὲίηόὶῇιηόίυττ-Ει
1329 2731 1375 2773 lib].
1393 2725 1400 2756 i
1435 2725 1547 2773 Camiri

916 2760 1224 2800 ubi}.
1245 2768 1287 2800 l3,
1320 2765 1457 2800 Aybarus;
1487 2763 1548 2790 aliis
1575 2760 1701 2787 Acbarus.

917 2808 984 2836 Vide
995 2812 1022 2834 et
1033 2806 1096 2834 Sur.
1119 2806 1152 2832 16
1167 2805 1235 2840 Aug.
