1934 3089
74 161 122 194 137

623 164 884 194 BIBLIOTHECA.
902 176 936 182 —-
957 163 1038 194 COD.
1062 164 1161 195 LXIV.

1657 167 1707 199 138

57 257 60 260 .
74 220 88 246 ὁ
105 219 219 254 Περσῶν
234 217 360 252 ἀλλήλοις
373 217 475 249 ἔθεντο,
493 217 573 244 ἔλυσε
588 217 617 245 δὲ
632 219 756 254 Χοσρόης
771 227 802 244 τε
817 218 866 245 αὺ-

922 226 994 247 sroes
1007 219 1152 247 Persarum
1168 227 1214 247 rex
1242 220 1358 247 invicem
1382 221 1594 250 constituerant.
1613 224 1708 251 Solve-

54 455 65 526 ’1

72 264 118 296 τὸς
137 264 186 290 καὶ
207 263 350 294 Ἰουστῖνος
365 263 487 298 διάδοχος
510 264 704 291 ’ῐουστινιανοῢ
717 264 865 295 καταστὰς,

73 308 199 344 δευτέρου
212 308 290 340 έτους
305 308 355 342 τῆς
377 308 465 343 ἀρχῆς
489 308 564 343 αὐτῷ
582 308 628 344 [80
637 308 683 344 IL]
701 311 868 346 περαιουμέ-

73 363 119 381 νου
131 355 164 380 9".
187 355 352 389 Ἀρχόμενος
366 354 394 380 δὲ
418 354 544 381 ἐντεῦθεν
564 354 613 388 τῆς
628 355 748 391 ἱστορίας
760 356 867 383 κάτεισι

75 401 156 435 μέχρι
176 399 291 426 δεκάτου
314 400 393 431 ἔτους
406 400 489 426 αὑτοῦ
504 400 552 426 τοῦ
571 400 702 435 πολέμου.
721 401 867 436 Μέμνηται

73 446 99 472 δὲ
114 446 145 471 ἐν
160 445 228 480 τῷδε
245 444 284 480 τῷ
295 444 398 481 πρώτῳ
418 445 467 471 τοῦ
485 445 588 480 βιόλίου
604 446 675 481 λόγῳ
688 447 735 473 καὶ
748 446 784 473 τὰ
797 447 868 474 κατὰ

78 491 269 518 Ἰουστινιανδν
281 491 424 526 ἱστορῆσαι
433 499 440 506 ·
456 491 487 517 οὑ
508 491 561 526 μὴν
571 490 638 518 ἀλλὰ
650 491 728 526 δῆλός
738 493 812 519 ὲστιν
828 492 867 524 ὡς

74 539 122 564 καὶ
136 537 238 572 ἑφεξῆς
253 537 307 564 τῶν
319 537 385 564 δέκα
397 537 485 570 λόγων
510 537 620 572 ἐτέρους
637 538 775 571 συνέταξε.
791 538 868 570 Διέξ-

72 594 126 612 εισι
159 586 188 612 δὲ
210 586 239 611 ὲν
258 585 307 620 μὲν
320 585 388 620 τῷδε
400 584 439 619 τῷ
451 585 523 620 λόγῳ
544 585 618 616 ὅπως
635 585 663 611 αἱ
676 585 788 612 σπονδαὶ
804 594 867 612 συν-

73 630 222 666 εχύθησαν,
250 629 393 657 ’ῐουστίνου
419 631 470 665 μὲν
503 631 548 657 διὰ
579 632 762 666 Κομεντιόλου
782 632 869 658 Σουα-

73 679 132 706 νίειν
145 679 222 714 παρὰ
243 679 365 713 Χοσρὸου
388 678 580 709 ἀπαιτοῦντος.
597 678 678 705 αὑτοῦ
696 679 724 706 δὲ
743 680 868 707 ὑποτιθε-

73 726 167 760 μένου,
181 725 211 751 οὺ
225 725 319 759 μέντοι
345 724 480 755 διδοῦντος
495 724 529 755 ”,
544 725 619 756 ὅπως
636 725 693 760 τεή
708 725 867 752 Μεσοποταρ

74 771 122 806 μία
148 771 225 797 πᾶσα
255 769 377 805 ἐσείσθη,
402 770 546 806 προοίμιον
566 770 620 798 τῶν
643 771 867 807 ἐπελευσομένων

72 816 165 843 κακῶν
181 816 328 851 γενομένη.

107 862 170 888 ὐτι
188 862 224 888 τὰ
236 863 245 878 ί
264 863 333 898 πρὸς
351 860 436 896 Εὗρον
451 862 552 898 ἄνεμον
567 862 614 889 τοῦ
633 863 766 895 Τανάϊδος
779 863 867 898 Τοῦρ-

73 916 115 934 κοι
129 908 273 942 νέμονται,
289 909 314 934 ol
327 909 411 935 πάλαι
423 908 603 942 Μασσαγέται
617 908 627 923 ²
642 907 868 942 καλούμενοι,οὒς

74 952 174 989 Πέρται
192 955 282 989 οἰκείᾳ
297 955 408 990 γλώσσῃ
424 954 625 989 Κερμιχίωνὰς
638 962 713 989 φασι.
727 954 780 981 Καὶ
793 953 869 980 αὐτοὶ

71 999 100 1025 δὲ
113 1001 142 1026 ἐν
157 999 198 1033 τῷ
207 1000 270 1026 τότε
289 1000 363 1035 δῶρα
381 1001 427 1026 καὶ
440 1001 569 1036 πρέσὸεις
586 1000 654 1034 πρὸς
667 999 780 1035 βασιλέα
801 999 868 1026 Ἰου-

74 1047 160 1072 στῖνον
186 1045 322 1077 ἔστειλαν,
351 1046 475 1080 δεόμενοι
499 1045 537 1081 μὴ
563 1045 839 1078 ὑποδέξασθαιαὺτδν
857 1045 868 1061 ³

71 1091 133 1122 τοὶς
151 1090 285 1126 ’Δϐἀρους
296 1099 304 1105 ·
316 1092 330 1118 ὁ
339 1091 368 1118 δὲ
375 1092 409 1118 τὰ
421 1090 496 1127 δῶρα
508 1091 599 1119 λαϐὼν
616 1091 664 1118 καὶ
678 1091 869 1126 ἀντιφιλοφρο-

74 1137 232 1172 νησάμενος
244 1137 379 1163 ἀπέλυσεν
397 1138 439 1169 είς
450 1136 484 1163 τὰ
503 1137 601 1164 οἰκεῖα.
623 1137 684 1168 Τοῖς
695 1137 724 1163 δὲ
743 1136 868 1171 Ἀὗάροις

73 1182 188 1218 ὕστερον
205 1181 340 1215 ἐλθοῦσιν,
353 1183 401 1209 καὶ
414 1183 563 1209 Παννονίαν
577 1181 742 1217 οίκῆσαικαὶ
755 1183 868 1218 είρήνης

71 1229 164 1262 τυχεῖν
175 1227 326 1262 δεομένοις,
352 1227 396 1254 διὰ
414 1227 460 1254 τὸν
472 1227 540 1262 πρὸς
551 1227 614 1258 τοὺς
636 1226 774 1261 Τούρκους
789 1226 867 1260 λόγον

72 1272 120 1299 καὶ
130 1272 182 1304 τὰς
198 1272 337 1307 συνθήκας
354 1272 403 1298 οὐκ
418 1272 576 1299 ἐσπείσατο.

108 1317 172 1344 Ὀτι
185 1317 237 1352 τὴν
246 1317 303 1343 τῶν
317 1317 466 1351 σκωλήκων
481 1318 590 1351 γένεσιν
615 1317 684 1353 ἀνὴρ
698 1317 806 1352 Πέρσης
819 1317 867 1352 βα-

72 1362 228 1393 σιλεύοντος
259 1362 450 1389 Ἰουστινιανοῦ
477 1363 506 1389 ὲν
535 1362 677 1397 Βυζαντίῳ
709 1362 866 1395 ὑπέδειξεν,

71 1409 150 1435 οὔπω
167 1409 304 1444 πρότερον
315 1409 491 1444 ἐγνωσμένην
516 1409 673 1444 Ῥωμαίοις.
694 1407 777 1442 Οὗτος
793 1409 820 1436 δὲ
836 1409 868 1436 ὲκ

72 1455 169 1491 Σηρῶν
180 1456 315 1491 ὁρμηθεὶς
327 1457 341 1482 ὁ
358 1455 467 1491 Πέρσης
478 1456 508 1482 τὸ
522 1456 634 1491 σπέρμα
649 1455 704 1482 τῶν
719 1456 868 1492 σκωλήκων

72 1502 100 1528 ὲν
119 1501 238 1536 νάρθηκι
267 1501 359 1528 λαϐὼν
376 1501 458 1536 μέχρι
484 1501 634 1533 Βυζαντίου
649 1501 806 1534 διεσώσατο,
822 1502 868 1531 καὶ

72 1547 123 1574 τοῦ
135 1547 216 1583 ἔαρος
230 1546 386 1582 ἀρξαμένου
397 1547 444 1573 ἐπὶ
453 1546 502 1582 τὴν
519 1547 622 1582 τροφὴν
640 1547 694 1574 τῶν
710 1547 867 1582 συκαμίνων
881 1555 903 1585 c

74 1594 183 1628 φύλλων
196 1595 326 1629 ἐπαφῆκε
341 1593 375 1619 τὰ
391 1593 538 1628 σπέρματα
550 1601 557 1608 ·
571 1593 605 1620 τὰ
615 1593 643 1619 δὲ
656 1594 795 1627 τραφέντα
813 1594 869 1625 τοῖς

74 1639 186 1674 φύλλοις
211 1637 405 1673 ὲπτεροφύησέ
431 1645 461 1664 τε
476 1637 523 1664 καὶ
539 1634 625 1663 τᾶλλα
643 1637 800 1672 είργάσατο.
819 1634 870 1664 ’Ὧν

73 1686 127 1720 τήν
141 1693 170 1711 τε
187 1685 296 1718 γένεσιν
313 1684 362 1710 καὶ
371 1684 422 1718 τὴν
438 1683 571 1719 ἐργασίαν
586 1685 600 1710 ὁ
616 1683 742 1718 βασιλεὺς
760 1684 870 1711 Ἰουστῑ-

74 1740 121 1763 νος
133 1731 248 1766 ὕστερον
273 1731 331 1762 τοῖς
346 1730 479 1766 Τούρκοις
493 1730 637 1762 ὑποδείξας
659 1729 831 1765 ἐθάμϐησεν·
845 1731 869 1756 οί

74 1777 132 1812 γὰρ
143 1776 263 1812 Τοῦρκοι
291 1777 354 1802 τότε
368 1776 403 1803 τά
431 1785 461 1803 τε
481 1775 578 1812 Σηρῶν
605 1775 728 1811 ἐμπόρια
744 1775 791 1802 καὶ
806 1776 870 1806 τοὺς

74 1822 187 1858 λιμένας
204 1822 341 1857 κατεῖχον.
358 1821 452 1848 Ταῦτα
478 1821 506 1847 δὲ
524 1821 590 1856 πρὶν
613 1821 663 1856 μὲν
685 1821 789 1855 Πέρσαι
802 1828 870 1846 κατ-

74 1869 160 1903 εῖχον,
185 1867 355 1901 Ἐφθαλάνου
372 1867 401 1894 δὲ
422 1867 470 1893 τοῦ
492 1866 662 1901 Ἐφθαλιτῶν
685 1865 828 1901 βασιλέως,
841 1864 870 1898 ἐξ

75 1911 105 1941 οὗ
121 1914 170 1940 καὶ
179 1914 210 1940 τὸ
221 1914 300 1948 γένος
313 1913 377 1948 ἔσχε
390 1913 440 1949 τὴν
451 1913 560 1948 κλῆσιν,
570 1911 692 1948 Περόζην
703 1912 751 1938 καὶ⁸
763 1911 870 1947 Πέρσας

75 1961 241 1996 νικήσαντος
253 1959 431 1996 ἀφῃρέθησαν
444 1959 493 1994 μὲν
504 1958 608 1985 τούτων
618 1959 641 1984 οἱ
649 1957 762 1992 Πέρσαι,
775 1956 871 1983 δεσπό-

76 2015 122 2033 ται
131 2007 160 2033 δὲ
167 2007 337 2040 κατέστησαν
345 2004 511 2040 Ὲφθαλῖται·
523 2003 569 2035 οὓς
577 2003 667 2039 μικρῷ
676 2003 788 2037 ὕστερον
796 2002 869 2037 μάχῃ

77 2053 240 2087 νικήσαντες
264 2051 382 2086 Τοῦρκοι
403 2050 512 2085 ἀφεῖλον
530 2049 560 2082 ἐξ
579 2049 670 2076 αὐτῶν
699 2048 747 2075 καὶΙ
769 2047 867 2075 ταῦτα.

119 2098 261 2128 ’ἰουστίνος
289 2096 317 2122 δὲ
343 2097 489 2132 Ζήμαρχον
511 2095 541 2126 ές
565 2096 629 2126 τοὺς
644 2094 784 2130 Τούρκους
803 2093 870 2129 πρέ-

78 2144 145 2171 σϐυν
172 2143 348 2170 ἀπέστειλεν·
381 2142 411 2174 ὃς
438 2142 486 2168 καὶ
512 2141 647 2177 λαμπρῶς
681 2141 810 2172 ἑστιάσας
840 2148 870 2166 τε

77 2192 141 2221 τοὺς
154 2189 294 2224 Τούρκους
308 2188 355 2215 καὶ
369 2190 399 2220 ὲς
413 2188 448 2214 τὰ
469 2187 588 2223 μάλιστα
616 2186 826 2223 φιλοφρονηθεὶς
842 2186 871 2217 ὲς

919 270 980 292 rant
994 273 1024 293 ea
1039 266 1175 294 Chosroes
1199 266 1267 301 ipse,
1285 266 1448 295 elJustinus
1465 267 1533 302 (84),
1560 268 1707 298 Justinlani

916 310 973 345 jam
1018 319 1170 343 successor.
1197 317 1317 340 exeunte
1352 313 1439 340 altero
1478 313 1585 349 imperii
1624 323 1706 344 anno.

919 354 988 383 llinc
1038 364 1104 391 ergo
1130 358 1314 384 narrationem
1356 358 1531 393 auspicatus,
1561 361 1648 396 pergil
1673 362 1708 389 ad

919 409 1019 429 annum
1035 410 1119 436 usque
1130 403 1192 429 belli
1207 403 1353 430 decimum.
1368 403 1489 431 Meminit
1503 411 1567 432 vero
1581 405 1632 432 hoc
1648 405 1708 440 ipso

919 448 1007 482 primo
1033 447 1179 475 voluminis
1207 448 1286 481 libro,
1305 449 1448 483 scripsisse
1467 458 1574 484 quoque
1598 458 1627 478 se
1647 459 1708 486 qua:

919 495 969 521 sub
985 494 1137 522 Justiniano
1155 500 1228 530 gesta
1240 501 1313 527 sunt,
1328 496 1382 523 imo
1400 501 1427 523 et
1444 496 1533 531 plures
1541 505 1602 525 eum
1613 497 1707 525 decem

919 540 994 567 hisce
1017 541 1191 573 subjuuxisse
1206 541 1300 573 libros,
1321 542 1388 569 satis
1413 542 1556 570 manifeste
1584 549 1706 578 apparet.

919 584 1018 611 Narrat
1030 590 1120 612 autetn
1133 588 1184 613 hoc
1194 586 1275 617 libro.
1295 595 1348 621 qua
1365 588 1470 615 ratione
1484 594 1561 622 pacta
1576 594 1707 616 c0nventa

919 630 973 656 sint
1002 629 1145 663 dissoluta,
1173 639 1233 658 cum
1257 631 1382 660 Justinus
1423 640 1471 667 per
1509 633 1706 662 Comentiolum

919 675 1047 702 Suaniam
1064 684 1078 702 a
1092 676 1213 703 Cltosroe
1240 682 1385 711 repeteret,
1400 679 1456 713 ipse
1473 686 1536 706 vero
1552 679 1634 707 verbo
1648 680 1708 714 qui-

919 721 980 748 tlem
996 722 1180 755 promitteret,
1205 730 1258 749 nou
1277 728 1366 750 tamen
1390 731 1421 751 re
1449 729 1599 758 praestaret.
1614 725 1708 752 Refert

919 772 946 794 et
961 768 986 794 iu
1000 772 1056 794 tota
1070 768 1264 803 Mesopotamia
1283 775 1382 798 terram
1391 772 1521 804 movisse,
1536 771 1642 798 initium
1664 771 1707 798 ni-

919 813 1017 840 mirum
1039 815 1236 847 calamitatum,
1253 823 1313 850 quae
1325 817 1477 844 subsecuta:
1491 823 1565 844 sunt.

956 860 985 887 ln
1001 859 1112 887 Oriente
1134 862 1167 888 ad
1195 860 1308 888 Tanaim
1321 861 1400 889 Turci
1412 863 1522 897 degunt,
1539 862 1584 897 qui
1618 862 1707 891 Masa-

919 910 987 941 gels:
1004 907 1154 941 antiquitus
1169 908 1244 939 dicti,
1261 915 1276 934 a
1303 907 1395 936 Persis
1409 916 1458 936 sua
1482 909 1573 944 lingua
1599 908 1707 937 Kermi~

919 951 1025 978 cltiones
1033 952 1212 986 appellantur.
1226 952 1257 980 Hi
1283 958 1445 988 tempestate
1463 954 1513 982 hac
1526 955 1628 990 legatos
1644 964 1706 983 cum

919 998 1079 1025 muneribus
1092 998 1127 1025 ad
1146 997 1281 1025 Justinum
1303 999 1370 1034 imp.
1389 999 1524 1034 legerunt,
1547 1008 1581 1028 ne
1602 1002 1707 1029 Abaros

919 1044 1053 1078 reciperet
1067 1043 1252 1072 obsecrantes.
1268 1045 1317 1072 llle
1338 1053 1450 1073 tnunera
1462 1046 1578 1074 libenter
1592 1048 1706 1083 accepit,

920 1089 1049 1124 omnique
1063 1090 1131 1116 adeo
1152 1089 1347 1118 benevolentia:
1362 1094 1445 1125 atque
1460 1091 1635 1119 humanitatis
1661 1100 1709 1127 ge-

920 1142 987 1162 nere
1016 1135 1175 1170 complexus
1201 1135 1310 1162 domum
1335 1136 1450 1164 remisit.
1481 1137 1604 1171 Cumque
1625 1138 1706 1165 Abari

920 1186 982 1206 mox
1001 1179 1181 1207 accessissent
1198 1179 1253 1215 (qui
1284 1179 1452 1208 Pannoniam
1480 1181 1612 1214 habitare,
1629 1189 1708 1216 pace-

919 1233 973 1260 que
984 1225 1236 1253 fruiRomanorum
1258 1226 1450 1262 precabantur)
1463 1228 1498 1255 ob
1524 1228 1615 1255 datam
1636 1227 1708 1255 Tur-

919 1271 960 1299 cis
973 1271 1063 1303 ﬁdem,
1074 1277 1221 1306 pactosque
1233 1273 1414 1304 cauditiones.
1426 1274 1558 1308 repulsam
1577 1275 1707 1302 tulerunt.

955 1316 1120 1352 Bombycuul
1140 1316 1198 1351 (85)
1225 1317 1359 1351 originem
1385 1319 1466 1346 homo
1490 1320 1597 1354 quidam
1612 1319 1707 1352 Persa,

919 1362 1072 1390 Justiniano
1085 1363 1245 1397 imperante,
1255 1362 1489 1399 Constantinopoli
1504 1365 1633 1397 ostendit,
1644 1374 1708 1393 nuu-

920 1415 1000 1442 quam
1016 1413 1095 1436 antea
1111 1408 1243 1436 Romanis
1260 1410 1406 1443 cognitam.
1423 1409 1470 1436 llic
1483 1409 1563 1438 Persa
1580 1418 1596 1438 e
1611 1410 1707 1439 Serum

922 1455 1032 1488 regione
1043 1454 1192 1490 profectus,
1205 1455 1337 1482 vermium
1351 1463 1442 1482 semen
1465 1455 1550 1483 ferula
1563 1455 1706 1488 inclusum,

919 1499 1180 1534 Constantinopolim
1199 1499 1304 1526 salvum
1320 1500 1474 1534 deportavit
1496 1500 1578 1535 260,
1595 1508 1626 1528 ac
1645 1509 1709 1528 vere

920 1541 1032 1570 ineunte
1047 1543 1072 1569 in
1088 1543 1246 1570 alimentum
1264 1544 1331 1570 mori
1348 1543 1419 1571 foliis
1434 1545 1538 1572 semina
1556 1544 1686 1580 imposuit
1699 1555 1706 1562 ι

920 1595 979 1620 quae
1004 1587 1076 1615 foliis
1091 1588 1205 1620 nutrita,
1218 1592 1245 1615 et
1257 1589 1283 1615 in
1302 1589 1358 1617 alas
1372 1596 1402 1617 se
1423 1590 1580 1622 induerunt,
1595 1597 1623 1619 et
1641 1591 1709 1619 nlire

919 1637 1061 1667 co'perunt
1074 1633 1191 1667 operari.
1210 1633 1282 1667 Ergo
1294 1633 1455 1669 bombycum
1468 1640 1568 1668 ortum.
1586 1637 1709 1664 texendi-

919 1685 972 1712 que
989 1678 1134 1705 artificium
1150 1686 1210 1706 cum
1223 1684 1285 1714 post
1304 1678 1403 1707 Turcis
1417 1680 1540 1709 Justinus
1556 1682 1708 1716 imperator

919 1723 1094 1757 ostendisset,
1110 1725 1494 1760 vehementerobstupuerunt
1510 1735 1592 1760 ;nam
1610 1729 1707 1755 Serum

921 1769 957 1796 illi
979 1773 1033 1796 tum
1060 1771 1182 1804 emporia
1205 1776 1353 1806 portusque
1379 1773 1516 1805 tenebant,
1542 1781 1602 1807 quae
1621 1774 1709 1802 Persa:

920 1814 996 1849 prius
1024 1820 1175 1843 tenuerant.
1206 1816 1390 1850 Ephthalanus
1412 1817 1484 1845 enim
1511 1818 1708 1853 Eplttalitarum

920 1867 967 1886 rex
984 1861 1009 1895 (ιι
1018 1859 1114 1894 quoet
1128 1860 1335 1894 appellationem
1350 1862 1506 1888 universum
1519 1870 1604 1896 genus
1616 1864 1708 1898 traxit)

920 1904 1040 1932 Perozeu
1069 1910 1096 1932 et
1121 1905 1217 1932 Persas
1230 1913 1291 1933 cum
1308 1906 1417 1934 vicisset
1433 1907 1503 1942 (86),
1518 1908 1639 1935 submoti
1668 1909 1709 1936 bis

920 1951 988 1978 locis
1011 1951 1113 1983 Persae,
1131 1959 1221 1978 reruut
1247 1959 1312 1978 vero
1331 1952 1406 1987 potiti
1427 1958 1491 1980 sunt
1521 1953 1686 1988 Eplitlialitaz
1699 1975 1708 1987 ,

920 2004 989 2032 quos
1000 2002 1062 2030 post
1075 1996 1154 2032 paulo
1172 1997 1254 2024 Turci
1268 1998 1360 2032 praelia
1376 2003 1548 2032 superantes,
1569 1999 1611 2027 his
1625 2001 1708 2028 etiam

921 2043 1018 2070 finibus
1035 2043 1207 2077 pepulerunt.

956 2087 1078 2114 Justinus
1105 2086 1283 2114 Zemarchum
1302 2087 1336 2114 ad
1351 2087 1455 2116 Turcos
1482 2088 1598 2123 legatum
1617 2090 1709 2118 lltiail:

921 2132 966 2167 qui
979 2137 1006 2159 et
1017 2132 1124 2166 publice
1147 2139 1194 2159 eos
1212 2132 1300 2167 epulis
1324 2133 1475 2168 excipiens,
1492 2135 1621 2169 omnique
1641 2136 1711 2163 adeo

922 2178 1002 2206 otlicii
1018 2186 1117 2213 genere
1133 2182 1272 2213 exceptus,
1292 2178 1555 2214 Constantinopolim
1580 2181 1711 2209 remissus

77 2236 108 2261 τὸ
118 2223 266 2267 Βυζάντιον
285 2233 409 2269 ἐπανῄει.
437 2234 482 2260 Διὸ
496 2234 543 2260 καὶ
556 2234 571 2260 ὸ
587 2233 710 2268 Χοσρόης
723 2232 767 2259 ἐπ’
780 2231 868 2258 Αἰθίο-

922 2229 973 2253 est.
989 2224 1169 2258 Quamobrem
1182 2225 1264 2252 etiam
1277 2225 1412 2254 Chosroes
1426 2226 1452 2252 in
1466 2225 1618 2261 Aithiopas,
1636 2227 1712 2254 ami-

79 2289 144 2312 πας,
161 2280 254 2314 φίλους
271 2279 351 2311 ὄντας
363 2278 591 2314 Ῥωμαίοις,τοὺς
603 2278 688 2306 πάλαι
700 2278 749 2314 μὲν
758 2279 871 2313 Μακρο-

79 2327 154 2358 Sim»;
166 2326 214 2352 νῦν
236 2325 267 2352 δὲ
296 2325 446 2360 Ὀμηρίτας
470 2319 667 2360 καλουμένους,
692 2324 870 2359 ἐστράτευσε,

79 2372 127 2398 καὶ
139 2372 184 2398 τόν
196 2380 226 2398 τε
236 2371 248 2386 ⁸
262 2370 375 2406 βασιλέα
387 2371 442 2397 τῶν
457 2370 613 2405 Ὀμηριτῶν
625 2369 817 2405 Σανατούρκην
827 2368 872 2396 διὰ

79 2416 224 2452 Μηράνους
239 2415 288 2442 τοῦ
304 2415 416 2450 Περσῶν
433 2415 588 2451 στρατηγοῦ
601 2415 755 2451 ἐζώγρησε,
776 2416 827 2450 τήν
840 2422 871 2441 τε

80 2462 157 2488 ¹ιτόλιν
170 2462 262 2489 αὐτῶν
278 2460 457 2496 ἐξεπόρθησε,
468 2461 516 2488 καὶ¹
530 2461 561 2488 τὸ
574 2460 650 2492 ἔθνος
664 2460 868 2496 παρεστήσατο.

82 2507 196 2540 Διέξεισι
208 2507 238 2533 δὲ
254 2507 302 2534 καὶ
324 2507 399 2538 ὅπως
420 2506 558 2541 Ἀρμένιοι
574 2505 621 2542 [59
637 2505 684 2542 IL]
702 2505 756 2532 ὑπὸ
766 2505 870 2540 Σουρή-

81 2561 126 2579 νου
137 2553 149 2569 ⁸
159 2553 337 2588 κακούμενοι,
365 2552 413 2579 καὶ
436 2552 554 2587 μάλιστα
575 2551 640 2587 περὶ
655 2551 704 2587 τὴν
717 2550 870 2583 εὐσέϐειαν,

922 2277 969 2298 cos
984 2270 1074 2305 populi
1086 2269 1199 2297 Romani
1227 2270 1302 2305 (olim
1326 2269 1487 2304 Macrobios,
1502 2279 1572 2298 nunc
1588 2270 1714 2299 Homeri:

923 2321 965 2344 tas
994 2315 1153 2351 appellatos)
1181 2316 1380 2351 expeditionem
1409 2316 1539 2351 suscepit,
1568 2324 1713 2352 regemque

923 2361 1124 2390 Homeritarum
1141 2361 1321 2395 Sanaturcen,
1332 2369 1414 2397 opera
1432 2362 1549 2390 Meranis
1567 2362 1712 2390 Persarum

924 2409 1012 2440 ducis,
1031 2408 1121 2435 vivum
1150 2407 1234 2442 cepit,
1252 2407 1374 2442 urbeque
1389 2415 1483 2436 eorum
1497 2409 1613 2443 direpta,
1636 2409 1713 2436 inco-

924 2453 964 2481 las
978 2452 1141 2488 subjugavit.
1158 2452 1280 2480 Armenii
1296 2460 1311 2479 a
1329 2452 1428 2480 Surina
1442 2453 1510 2480 male
1523 2454 1625 2488 accepti
1641 2453 1714 2489 (ma—

924 2501 997 2529 xime
1020 2501 1047 2528 in
1073 2500 1182 2536 pietatis
1205 2500 1400 2535 religidnisque
1433 2500 1552 2536 negotio)
1570 2501 1711 2534 Surinam,

925 2549 1112 2585 conjuratione
1133 2548 1216 2576 facta,
1236 2555 1285 2583 per
1306 2547 1473 2580 Vardanum,
1488 2547 1575 2583 (cujus
1601 2548 1712 2576 fratrem

731 2618 848 2647 VARIIE
868 2617 1071 2646 LECTIONES.

119 2677 144 2693 ”
159 2676 243 2713 αὑτοῦ
256 2675 290 2703 Α.
329 2677 352 2692 "
367 2676 484 2709 διδόντος
506 2686 535 2710 ς.
578 2678 586 2693 ί
600 2676 646 2713 τὰ]
673 2677 736 2706 libri
758 2686 799 2706 ετ.
838 2677 1015 2713 ’μασαγέται
1039 2685 1068 2709 ς.

86 2711 159 2745 ρίνου
169 2717 196 2739 et
204 2712 336 2747 Σουρίναν
363 2719 394 2743 ς.

1117 2675 1231 2703 ἀὐτῶν
1258 2682 1299 2709 pr.
1326 2674 1360 2702 A.
1398 2673 1452 2700 ⁸τε
1468 2673 1531 2702 add.
1553 2674 1584 2702 A.
1623 2674 1633 2689 '
1649 2675 1715 2701 Ζου-

843 2754 955 2784 NOT/E.

122 2813 422 2848 (845)1uuinuljunior.

121 2846 176 2884 (85)
193 2849 285 2877 Dahis
301 2846 335 2884 et
353 2847 504 2883 Tlteophyl.
525 2848 677 2884 Simocatcs
693 2847 740 2884 lib.
754 2855 801 2880 vu,
815 2846 866 2876 inf.

90 2884 150 2912 cod.
168 2882 234 2912 'sec.
266 2888 295 2910 et
322 2882 437 2917 Procop;
466 2883 513 2909 lib.
543 2891 589 2917 tv;
622 2882 735 2917 Nieeplt.
765 2890 871 2917 quoque

205 2929 344 2961 Ρλταοι..
362 2928 423 2960 Gn.
439 2929 520 2959 Clll.

930 2811 977 2839 lib.
995 2819 1060 2838 xv".
1078 2819 1140 2846 cap.
1155 2812 1199 2839 52.

958 2846 1013 2882 (86)
1027 2846 1094 2875 Vide
1108 2854 1184 2882 supr.
1202 2847 1316 2882 Procop.
1330 2849 1418 2883 princ.
1430 2848 1493 2877 cod.
1508 2848 1552 2874 05.

1518 2927 1538 2957 5
