1934 3089
216 148 264 179 139

793 147 923 178 ΡΗΟΤΙΙ
943 147 1193 177 PATRIARCIUE
1212 147 1266 177 CP.

1785 148 1835 181 1ίο

214 203 365 230 Maunelem
379 203 423 230 ille
436 203 624 237 interfecerat)
638 207 665 230 et
680 203 760 229 alium
775 203 918 236 quemdam
932 202 994 230 Ver-

1051 202 1094 229 τόν
1108 211 1138 229 τε
1150 198 1288 237 Σουρήναν
1309 202 1447 237 ὁμοφρονή
1454 211 1549 234 σαντες
1564 202 1609 229 διὰ
1625 203 1791 239 Οὐαρδάνου,
1807 202 1837 232 οὗ

213 251 277 277 dum
306 250 482 282 occiderunt;
496 254 522 276 et
536 257 550 275 a
566 249 656 276 Persis
671 249 828 276 deﬁcientes
843 250 876 276 ad
898 249 998 277 Roma-

215 303 263 322 nos
280 295 424 328 transiere,
449 294 599 329 relictoque
624 295 722 329 oppido
735 295 806 329 quod
834 295 998 326 incolebant,

213 342 291 369 Dubii
307 341 425 374 nomine,
443 341 469 367 in
483 341 667 367 llotnanonum
685 342 820 374 regionem
834 343 998 375 commigra-

213 392 285 414 runt.
315 387 404 421 Atque
435 387 492 414 lucc
512 386 568 420 ipsa
595 387 764 421 potissimum
799 394 880 414 causa
911 387 1000 414 Persis

212 433 262 460 fuit
279 433 418 467 rumpendi
436 432 556 464 foederis.
580 433 803 466 imluciarumque
820 440 880 459 cum
896 432 996 459 Roma-

212 479 264 506 nis.
286 478 463 505 nesciverunt
492 483 552 512 post
577 479 626 506 hos
641 479 732 506 statim
759 479 839 505 etiam
857 478 956 510 lberes,
971 483 998 505 et

212 524 337 559 Gorgene
366 523 439 558 ipsos
454 523 581 553 ducente.
596 524 628 550 ad
657 523 793 551 Romanos
820 525 996 551 transierunt.

211 570 367 605 Metropolis
384 575 473 597 autem
489 569 629 598 lberorutn
655 569 772 604 Tipbilis
798 575 861 598 tunc
874 575 942 598 erat.

246 658 398 686 Marcianus
421 658 519 686 Jttstini
551 659 615 694 imp.
646 659 785 694 patruelis,
809 659 928 687 Orientis
944 660 998 687 dux

207 704 262 739 jam
277 706 455 736 renuntiatus,
466 706 491 731 in
502 706 700 739 expeditionem
709 707 839 734 adversus
848 707 996 740 Cbosroen,

208 756 304 777 oetavo
337 751 400 784 imp.
430 750 529 778 Justini
563 759 627 778 ann.
663 752 760 778 missus
794 757 845 780 est.
880 751 998 779 Joannes

208 803 273 822 vero
289 795 424 823 Armenia!
444 797 496 822 dux
507 802 533 822 et
557 797 680 823 lllerancs
705 797 858 829 Persarum.
895 798 940 832 qui
971 803 998 824 et

208 841 410 873 Baramaanes,
442 843 591 868 exercitum
628 842 798 876 colligebant.
837 843 869 869 Et
901 845 997 869 Anne-

208 887 261 914 niis
293 887 401 921 quidem
449 887 538 914 socios
573 895 601 914 se
642 889 863 921 COthtlnxcrtltIY,
892 889 994 920 Colchi,

208 933 321 967 Abasgi,
345 937 372 959 et
396 932 496 960 Saroes
523 941 568 959 rex
595 933 742 959 Alanorum
763 942 768 959 :
797 934 915 960 Merume
932 941 996 960 vero

208 977 298 1004 Sabiri
313 978 382 1013 (87),
400 983 426 1004 et.
443 979 564 1013 Dagaues
580 986 605 1005 et
636 978 766 1005 l)ilntaina
784 987 860 1013 gens.
880 979 996 1007 Marcia-

209 1031 260 1050 nus
275 1024 307 1050 ad
331 1023 524 1051 Nisibenorum
552 1024 656 1055 urbem,
678 1023 761 1057 signis
776 1023 892 1056 eullsntis,
911 1024 997 1051 lllera-

208 1076 268 1096 nem
292 1069 319 1095 itt
349 1069 437 1104 fugam
467 1069 620 1096 convertit:
638 1076 725 1102 eoque
757 1069 851 1102 prarlio
885 1070 957 1096 mille
969 1075 996 1098 et

206 1115 338 1142 ducentos
364 1115 472 1146 cecidit.
508 1115 579 1149 27a
610 1115 685 1142 vivos
716 1116 785 1148 cepit
816 1116 994 1150 septuaginta,

207 1160 340 1188 Romanis
350 1165 456 1195 septem
469 1161 600 1188 duntaxat
618 1161 788 1188 desideratis.
806 1161 865 1188 Mox
889 1161 996 1189 Nisibe-

207 1215 303 1235 norum
321 1208 420 1234 mcenia
438 1206 576 1234 obsidione
592 1206 836 1240 cinxit.Cbosr0es,
853 1214 880 1234 re
892 1212 996 1234 mature

208 1252 327 1286 cognita,
339 1251 518 1285 quadraginta
537 1251 660 1284 equitnm
678 1252 775 1282 millia,
800 1252 919 1286 peditum
931 1259 996 1278 vero

208 1297 326 1335 amplius
338 1302 448 1324 centum
470 1298 634 1330 conducens,
652 1298 782 1324 auxilium
799 1297 880 1329 ferre,
891 1303 918 1324 et
934 1305 995 1324 cum

207 1342 339 1370 Romanis
358 1342 504 1376 confligere
537 1343 700 1377 properavit.
729 1343 834 1370 Interea
852 1343 903 1369 loci
926 1343 996 1378 apud

210 1389 406 1422 imperatorem
421 1387 575 1415 Marcianus
591 1387 709 1415 aﬂeclati
724 1388 826 1422 iutperii
842 1393 996 1420 accusatur,

209 1434 388 1461 etcalumnim
405 1434 483 1461 ﬁdem
501 1434 634 1461 adhibens
642 1433 777 1467 Justinus,
790 1434 926 1461 exercitus
935 1438 995 1461 'eum

210 1480 326 1514 imperio
345 1480 491 1513 submovit,
505 1480 734 1514 Tlteotlorumque
746 1480 891 1508 Justiniani
911 1479 996 1506 lilium

1050 248 1096 274 τὸν
1112 249 1226 283 ἀδελφὸν
1236 249 1366 284 Μανουὴλ
1379 248 1526 284 ἐτύγχανεν
1544 249 1655 281 ἀνελὼν,
1668 250 1716 276 καὶ
1732 250 1765 277 δι’
1779 252 1838 277 ἑτέ-

1051 302 1099 328 ρου
1113 294 1185 326 τινὸς
1197 294 1318 329 Οὐάρὸου
1343 295 1459 328 ἀνεῖλον,
1480 296 1526 321 καὶ
1544 296 1655 330 Περσῶν
1671 296 1839 329 ἀποστάντες

1057 338 1202 374 Ῥωμαίοις
1235 339 1461 375 προςεχώρησαν,
1482 341 1513 366 τὺ
1532 341 1643 376 Δουϐιος
1660 342 1690 367 τὸ
1706 342 1837 377 πόλισμα,

1050 385 1078 410 ὲν
1092 381 1114 417 ᾧ
1127 383 1277 419 κατῴκουν,
1291 384 1468 416 ἀπολιπόντες
1484 385 1532 412 καὶ
1551 386 1619 420 προς
1637 387 1671 412 τὰ
1694 386 1839 421 Ῥωμαίων

1050 430 1102 464 ῆοη
1129 430 1271 465 γενόμενοι
1283 437 1290 444 ⁸
1310 431 1357 456 καὶ
1373 430 1452 456 τοῦτο
1469 431 1587 465 μάλιστα
1611 431 1705 465 γέγονε
1720 432 1770 466 τῆς
1783 433 1839 459 τῶν
1873 452 1878 456 .

1050 475 1162 510 Περσῶν
1176 476 1242 510 πρὸς
1260 476 1413 510 Ῥωμαίους
1423 476 1544 502 σπονδῶν
1555 477 1729 509 καταλύσεως
1739 479 1836 506 αἴτιον.

1057 522 1225 556 ’Λπέστησαν
1239 522 1266 548 δὲ
1281 522 1436 557 παραυτίκα
1451 522 1498 548 καὶ
1510 523 1628 557 Ἴϐηρες,
1638 524 1685 549 καὶ
1696 524 1839 559 προσεχώ-

1051 575 1137 601 ρησαν
1159 567 1316 602 Ῥωμαίοις,
1337 568 1486 602 Γοργὲνους
1501 567 1591 593 αὐτῶν
1604 569 1817 603 ἡγεμονεύοντος
1828 577 1835 585 ·

1049 610 1083 647 ἦν
1108 612 1137 638 δὲ
1164 612 1219 639 τῶν
1245 612 1357 648 Ἰϐήρων
1384 612 1444 639 τότε
1465 614 1480 647 ή
1503 613 1630 647 Τίφιλιςδ
1657 615 1835 648 μητρόπολις.

1086 658 1147 684 Ὅτι
1158 658 1315 693 Μαρκιανὸς
1328 659 1342 684 ὁ
1356 658 1404 684 τοῦ
1422 658 1564 685 ’1ουστίνου
1583 658 1629 685 τοῦ
1649 659 1779 694 βαοιλέως
1792 660 1837 692 ἐξ·

1049 704 1172 739 άδελφος,
1186 705 1235 739 τῆς
1255 705 1312 730 Ἕω
1325 705 1527 740 χειροτονηθεὶς
1552 706 1713 740 στρατηγὸς,
1737 707 1776 737 είς
1790 707 1836 733 τὸν

1049 750 1117 785 πρὸς
1128 751 1250 785 Χοσρόην
1272 751 1390 785 πόλεμον
1419 751 1506 786 ὀγδόῳ
1531 750 1586 777 ἔτει
1616 752 1665 786 τῆς
1693 751 1835 779 Ἰουστίνου

1049 795 1186 830 βασιλείας
1198 795 1434 828 ὲξαποστέλλεται.
1451 795 1493 831 [81
1511 795 1555 834 Β]
1571 797 1698 831 Ἰωάννης
1712 798 1739 823 δὲ
1758 798 1772 824 ὁ
1786 799 1836 833 τῆς

1054 841 1200 876 ’Δρμενίας
1213 842 1365 876 στρατηγὸς
1381 842 1428 868 καὶ
1454 842 1580 876 Μιρανης
1591 843 1600 857 ⁷
1616 843 1629 868 ὁ
1642 842 1695 869 τῶν
1710 843 1834 878 Περσῶν,

1047 889 1060 913 ὁ
1075 888 1121 913 καὶ¹
1139 888 1334 922 Βαραμαάνης,
1352 888 1401 922 τὴν
1418 888 1561 923 στρατείαν
1578 889 1762 923 συνήθροιζον.
1780 890 1836 916 Καὶ

1046 933 1103 963 τοῖς
1121 933 1170 966 μὲν
1202 932 1355 967 Ἀρμενίοις
1381 933 1549 967 συνεμάχουν
1575 933 1685 967 Κόλχοι,
1707 933 1836 966 Ἀϐασγοὶ

1047 978 1093 1004 καὶ
1111 977 1223 1013 Σαρώης
1240 978 1250 993 ⁸
1267 979 1281 1004 ὁ
1301 978 1419 1004 ’Δλανῶν
1448 978 1594 1016 βασιλευςν
1610 978 1648 1013 τῷ
1668 978 1696 1005 δὲ
1726 980 1837 1014 Μιρᾰνῃ

1048 1024 1157 1059 Σάὃιροι
1174 1025 1221 1050 καὶ
1234 1024 1353 1056 Δαγάνες
1367 1025 1377 1040 ³
1391 1025 1438 1051 καὶ
1452 1025 1482 1050 τὺ
1491 1024 1636 1059 Διλμαϊνὺν
1652 1025 1737 1055 ἔθνος.
1754 1026 1837 1051 Πολε-

1049 1072 1137 1106 μήσας
1153 1071 1173 1087 ¹⁰
1188 1071 1216 1097 δὲ
1226 1073 1240 1098 ὁ
1254 1071 1413 1107 Μαρκιανὸς
1427 1071 1472 1097 τὸν
1485 1071 1611 1106 Μιράνην
1623 1071 1686 1105 περὶ
1700 1071 1747 1106 τὴν
1760 1071 1837 1097 Νισι-

1047 1118 1136 1152 ϐηνῶν
1152 1117 1173 1134 ¹¹
1189 1117 1266 1144 πόλιν
1282 1117 1362 1143 αὑτὸν
1377 1118 1425 1152 μὲν
1442 1119 1471 1148 ὲς
1498 1117 1588 1152 φυγὴν
1603 1117 1726 1151 ἔτρεψεν,
1748 1116 1837 1143 ἀνεῖλε

1046 1164 1075 1190 δὲ
1089 1164 1118 1190 ἐν
1133 1165 1166 1198 τῇ
1184 1164 1258 1198 μάχῃ
1282 1163 1384 1198 χιλίους
1407 1163 1454 1189 καὶ
1477 1163 1640 1194 διακοσίους,
1662 1164 1709 1189 καὶ
1735 1163 1837 1195 ζῶντες

1047 1208 1203 1243 ἐλήφθησαν
1216 1211 1254 1234 ο’·
1278 1208 1420 1242 Ῥωμαίων
1448 1207 1477 1233 δὲ
1504 1207 1598 1240 ἄνδρες
1618 1207 1639 1222 ¹¹
1664 1207 1838 1242 ἀνῃρέθησαν

1047 1253 1088 1285 ξε·
1103 1253 1258 1288 ἐπολιόρκει
1281 1262 1310 1280 τε
1340 1253 1390 1288 ἠδη
1405 1253 1450 1279 καὶ
1468 1253 1497 1279 τὸ
1510 1253 1564 1279 τῶν
1579 1253 1733 1288 Νισιϐηνῶν
1748 1254 1770 1268 ¹³
1781 1255 1839 1280 τεῖ-

1047 1308 1103 1334 χος.
1128 1299 1252 1334 Χοσρόης
1274 1298 1302 1325 δὲ
1318 1298 1406 1325 ταῦτα
1433 1298 1527 1333 μαθὼν
1556 1299 1759 1333 τεσσαράκοντα
1785 1299 1838 1333 μὲν

1047 1345 1169 1380 χιλιάδας
1190 1344 1295 1371 ἱππέων
1311 1344 1342 1375 ⁸⁵,
1359 1343 1450 1375 πεζῶν
1472 1344 1501 1370 δὲ
1516 1343 1587 1378 ὑπὲρ
1599 1343 1647 1375 τὰς
1666 1344 1762 1371 ἑκατὸν
1774 1353 1838 1370 συν-

1047 1392 1160 1427 αγείρας
1174 1391 1305 1426 ἠπείγετο
1315 1389 1421 1425 βοηθεῖν
1433 1390 1481 1416 καὶ
1492 1389 1622 1424 πολεμεῖν
1641 1389 1835 1424 Ῥωμαίους¹⁵.

1048 1437 1093 1463 Ἐν
1103 1436 1190 1471 τούτῳ
1203 1435 1231 1462 δὲ
1249 1434 1419 1462 διαϐάλλεται
1432 1435 1445 1459 ὁ
1457 1434 1615 1469 Μαρκιανὸς
1631 1434 1669 1469 τῷ
1679 1434 1783 1468 βασιλεί
1797 1435 1837 1466 ὡς

1048 1483 1117 1518 ἐρῶν
1141 1481 1308 1516 τυραννίδος,
1329 1480 1376 1507 καὶ
1395 1481 1409 1506 ὁ
1429 1480 1557 1515 βασιλεὺς
1578 1479 1600 1496 ¹⁸
1618 1480 1739 1512 πεισθεὶς
1754 1480 1838 1506 αὑτὸν

210 1525 308 1552 Tziron
335 1529 524 1560 cognomento,
551 1525 667 1552 suffecit.
684 1526 750 1553 llinc
773 1525 888 1552 turbatis
903 1525 993 1557 rebus,

1051 1528 1098 1562 μὲν
1110 1527 1246 1560 παρέλυσε
1260 1526 1309 1560 τῆς
1327 1525 1423 1560 ἀρχῆς,
1449 1524 1585 1560 Θεόδωρον
1600 1525 1838 1558 ὰντικαταστήσας

211 1571 325 1597 Romani
345 1578 455 1605 quoque
474 1571 645 1598 obsidionem
662 1571 811 1602 solverunt,
826 1575 854 1597 et
864 1569 997 1597 Cbosroes

211 1618 294 1645 Daras
309 1621 498 1652 oppugnatam
510 1618 602 1644 urbem
618 1617 642 1644 vi
653 1617 732 1650 cepit.

565 1748 643 1776 LXV.

250 1794 438 1829 Tlteopltylacti
454 1794 598 1822 Simotaue
618 1793 799 1821 Historiarum
820 1793 880 1820 libri
901 1802 960 1822 Vtu.

243 1882 318 1911 Lecti
347 1888 410 1910 sunt
433 1882 625 1918 Theophylacti
659 1881 823 1916 exprml’eeti,
846 1886 874 1909 et
897 1881 998 1910 Scriba:

208 1934 270 1957 octo
284 1929 344 1956 libri
362 1928 552 1955 Historiarum.
568 1927 615 1954 Est
631 1927 674 1954 hic
687 1927 902 1962 Tlteopbylactus
918 1927 997 1956 domo

207 1975 363 2011 lEgyptius.
384 1974 472 2002 Dictio
488 1973 559 2001 illius
584 1973 697 2001 Veneris
713 1973 815 2008 aliquid
832 1974 921 2007 habet,
945 1974 995 2002 nisi

206 2023 278 2057 quod
295 2021 417 2056 ﬁguratis
431 2020 550 2053 vocibus,
567 2024 594 2046 et
607 2019 758 2053 allegoricis
766 2019 889 2047 sensibus
906 2019 997 2054 putide

206 2068 287 2095 nitnis
315 2075 347 2094 ac
374 2066 531 2100 frequenter
546 2067 579 2092 ad
596 2065 746 2093 satietatetn
776 2073 852 2099 usus,
870 2066 895 2093 in
920 2066 996 2100 frigi-

206 2115 316 2141 ditatetn
340 2113 483 2148 quamdam
509 2119 540 2139 ac
554 2111 689 2145 iuveniles
715 2111 832 2145 ineptias
850 2111 995 2138 dilabatur.

1049 1573 1094 1600 τὸν
1109 1572 1155 1599 τοῦ
1169 1570 1356 1598 Ἰουςτινιανοῦ
1377 1571 1473 1602 παῖδα,
1492 1570 1590 1605 Τζίρον
1607 1570 1731 1606 ἐπίκλην,
1755 1570 1836 1597 ’Δτα-

1049 1619 1108 1651 ξίας
1128 1618 1155 1644 δὲ
1169 1617 1214 1644 διὰ
1223 1617 1310 1644 ταῦτα
1324 1617 1466 1652 συμϐάσης
1486 1617 1535 1652 τῆς
1547 1626 1577 1643 τε
1596 1617 1754 1652 πολιορκίας
1772 1617 1838 1644 Ῥω-

1050 1665 1125 1698 μαῖοι
1136 1663 1298 1698 ἀπέσχοντο,
1311 1665 1357 1690 καὶ
1366 1664 1490 1699 Χοσρόης
1506 1664 1536 1689 τὸ
1549 1663 1638 1698 Δαρὰς
1653 1663 1838 1698 πολιορκήσας

1049 1710 1242 1745 παρεστήσατο
1260 1710 1290 1736 ¹⁷.
1356 1701 1368 1714 δ

1404 1755 1453 1782 ΞΕ¹
1458 1776 1465 1782 .

1049 1802 1263 1836 Θεοφυλὰκτου
1289 1802 1348 1829 ἀπὸ
1378 1801 1519 1836 ἐπάρχων
1548 1802 1597 1829 καὶ
1623 1801 1835 1836 ἀντιπιαφέως,

1344 1838 1431 1872 λόγοι
1453 1837 1539 1864 ὀκτώ.
1674 1842 1679 1846 ”
1775 1870 1779 1874 ι

1090 1883 1259 1919 Ἀνεγνὼσθη
1280 1883 1469 1918 Θεοφυλᾰικτου
1489 1883 1544 1909 ἀπὸ
1557 1883 1685 1918 ἐπάρχων
1701 1883 1746 1909 καὶ
1762 1883 1838 1909 ἀντι-

1049 1931 1180 1965 γραφέως
1197 1930 1321 1966 ίστοριῶν
1340 1929 1414 1964 λόγοι
1433 1929 1597 1956 ὀχτώ.¹Εστι
1612 1929 1640 1954 δὲ
1655 1925 1732 1960 οὗτος
1745 1930 1758 1955 ὁ
1773 1928 1837 1954 Θεο-

1049 1975 1184 2011 φύλακτος
1200 1975 1239 2011 τῷ
1260 1975 1334 2010 γένει
1364 1974 1522 2009 Αἰγύπτιος.
1556 1974 1588 2001 Ἡ
1618 1974 1709 2009 μέντοι
1736 1975 1837 2009 φράσις

1047 2022 1122 2057 αὐτῷ
1132 2022 1189 2057 ἔχει
1210 2021 1260 2057 μὲν
1278 2030 1305 2048 τι
1321 2015 1448 2056 χάριτος,
1472 2020 1541 2055 πλήν
1555 2029 1586 2054 γε
1613 2020 1645 2055 δὴ
1662 2021 1678 2055 ἡ
1702 2020 1754 2046 τῶν
1771 2029 1836 2055 τρο-

1048 2068 1137 2094 πικῶν
1158 2067 1257 2099 λέξεων
1277 2067 1325 2093 καὶ
1351 2067 1400 2102 τῆς
1425 2066 1610 2102 ἀλληγορικῆς
1629 2066 1734 2096 ἐννοίας
1749 2073 1835 2092 κατα-

1048 2113 1133 2148 κορὴς
1157 2112 1255 2147 χρῆσις
1280 2112 1320 2143 είς
1341 2111 1524 2147 ψυχρολογίαν
1548 2110 1610 2138 τινὰ
1634 2110 1681 2136 καὶ
1707 2110 1835 2145 νεανικὴν

205 2160 398 2187 Verumtamen
413 2163 440 2185 et.
454 2158 648 2184 sententiarum
671 2156 715 2183 illa
732 2155 882 2189 interjeetio
908 2156 994 2182 minus

1051 2156 1244 2191 ἀπειροκαλίαν
1267 2156 1445 2191 ἀποτελευτᾷ.
1469 2156 1506 2182 Οὐ
1524 2156 1577 2190 μὴν
1591 2155 1660 2182 ἀλλὰ
1684 2155 1731 2181 καὶ
1749 2155 1765 2189 ἡ
1784 2155 1836 2189 τῆς

204 2209 365 2241 opportuna,
377 2204 544 2239 diligentiam
561 2203 648 2238 arguit
661 2207 687 2230 et
700 2203 847 2235 curiosatn,
857 2207 885 2230 et
902 2209 997 2237 super-

204 2259 361 2280 vacaneam.
385 2250 488 2279 Caetera
515 2250 611 2283 bonus,
638 2250 665 2277 iu
681 2248 917 2284 reprehensionem
942 2254 994 2274 non

205 2298 329 2325 incurrit.
347 2297 519 2332 [Auspicatur
533 2295 547 2322 Et
562 2295 684 2322 Mauricii
702 2294 827 2329 imperio,
853 2293 995 2328 pergitque

205 2344 268 2371 dum
284 2343 388 2370 Pltocas
401 2346 510 2370 creatus
524 2342 674 2376 imperator
691 2346 744 2369 est.

238 2434 320 2462 Libro
333 2435 421 2470 primo
438 2433 497 2461 haec
513 2437 607 2461 narrat
622 2431 678 2468 (88.)
693 2441 699 2460 :
722 2432 868 2461 Mauricius
883 2441 898 2460 a
912 2433 994 2461 Tibe-

205 2481 246 2508 rio
263 2485 326 2507 tunc
340 2480 492 2514 imperante
513 2478 682 2507 renuntiatus
704 2479 850 2513 imperator
871 2483 912 2506 est
926 2478 993 2514 (89),

1047 2204 1236 2238 γνωμολογίας
1254 2204 1304 2230 οὐκ
1324 2204 1353 2230 ἐν
1381 2204 1470 2238 καιρῷ
1495 2203 1654 2239 παρενθήκη
1677 2203 1834 2238 φιλοτιμίας

1046 2251 1105 2277 ἐστὶ
1120 2250 1266 2286 περιέργου
1287 2250 1334 2277 καὶ
1354 2251 1495 2285 περιττῆς.
1512 2249 1552 2276 Τὰ
1579 2249 1602 2276 δ’
1620 2249 1689 2276 ἄλλα
1701 2248 1732 2276 οὗ
1751 2258 1777 2276 τι
1805 2250 1834 2279 ἐς

1048 2297 1144 2332 μῶμον
1158 2296 1222 2331 ἥκει
1238 2295 1269 2322 ι’.
1285 2296 1417 2331 Ἀρχεται
1430 2296 1458 2322 δὲ
1465 2295 1519 2323 ἀπὸ
1534 2294 1582 2330 τῆς
1596 2295 1682 2330 ἀρχῆς
1692 2294 1738 2321 τοῦ
1754 2295 1836 2322 Μαυι

1049 2342 1154 2376 ρικίου,
1184 2342 1231 2368 καὶ
1268 2341 1374 2368 κάτεισι
1411 2341 1492 2377 μέχρι
1522 2342 1572 2376 τῆς
1599 2341 1681 2367 Φωκᾶ
1710 2341 1834 2376 dmem-

1050 2396 1128 2419 σεως.

1090 2433 1133 2459 Ἐν
1148 2433 1197 2468 μὲν
1216 2430 1262 2459 οὖν
1275 2432 1313 2468 τῷ
1326 2433 1426 2468 πρώτῳ
1435 2433 1506 2467 λόγῳ
1515 2432 1642 2466 διέξεισιν
1654 2432 1725 2463 ὅπως
1734 2432 1748 2458 ὁ
1759 2432 1835 2459 Μαυ-

1051 2478 1135 2514 ρίκιος
1160 2478 1212 2504 ὑπὸ
1238 2478 1365 2514 Τιϐερίου
1399 2479 1446 2505 τοῦ
1481 2478 1614 2513 βασιλέως
1639 2478 1835 2513 ἀναγορεύεται

857 2534 974 2562 νΑιιιΑε
994 2533 1200 2563 LECTIONES.

241 2584 351 2618 ’τιφλὶς
379 2592 409 2615 ς.
449 2583 460 2599 ⁷
476 2581 612 2617 Μηράνης
628 2590 660 2618 ς.
699 2580 824 2618 ξ’Σαροης
850 2589 878 2612 ς.
918 2580 1068 2618 ’.Δαῦάνες-
1089 2581 1136 2607 καὶ
1164 2581 1193 2618 το
1221 2580 1396 2618 ΔιλιμνιτῷνΔ
1417 2580 1550 2618 babbeus.
1581 2580 1612 2618 _‘°
1627 2580 1777 2618 πολεμίσᾳς
1804 2591 1834 2614 ς.

206 2620 226 2635 ¹¹
248 2615 397 2645 Νιᾰισινῶν
412 2619 444 2644 Α.
482 2618 503 2635 ¹²
518 2615 575 2652 post
592 2616 687 2651 ἄνδρες
700 2616 725 2641 in
742 2616 764 2642 Λ
779 2616 875 2652 lacuna
889 2616 1009 2652 quinque
1028 2616 1069 2652 vel
1088 2616 1334 2652 ΔεωςέΙίιιςη-ιιιηιιιι.
1377 2616 1398 2631 ¹³
1415 2616 1560 2642 Νισιϐινῶν
1573 2615 1605 2642 Α.
1647 2615 1668 2631 ¹⁵
1685 2615 1786 2652 ἱππέας
1803 2619 1835 2643 Α.

206 2655 227 2670 ³⁸
247 2653 392 2689 Ῥωμαίοις
405 2663 448 2689 ςη
473 2650 550 2680 ¹⁶κάὶ
564 2650 698 2689 βασιλεὺς
714 2650 835 2681 πεισθεὶς
862 2650 885 2677 Α
898 2669 906 2681 ,

205 2697 252 2718 sus
272 2685 597 2724 qtiatuordecitnvacuiL'
623 2687 716 2721 ἐἥκοι
743 2694 772 2717 ς.

929 2650 976 2676 καὶ
991 2650 1114 2681 πεισθεὶς
1127 2652 1140 2676 ὁ
1153 2650 1280 2685 βασιλεὺς
1296 2660 1325 2682 ς.
1367 2652 1386 2666 ¹⁷
1408 2656 1467 2686 post
1482 2652 1673 2686 παρεστήσατο
1693 2651 1719 2677 in
1739 2651 1761 2676 Α
1779 2659 1839 2678 ver-

959 2732 1075 2760 NOTIE.

240 2781 296 2817 (87)
315 2780 394 2817 lidem
412 2781 499 2817 forte1
511 2781 556 2814 qui
572 2788 632 2815 sttp.
649 2780 741 2811 Saberi
758 2787 771 2806 a
789 2779 901 2817 Procop.
917 2778 992 2806 dicti.

242 2814 297 2851 ('88)
320 2816 463 2851 Nicepltor.
480 2814 713 2851 Callisnus’eaclcm
738 2820 832 2842 narrat
855 2814 903 2842 lib.
925 2821 993 2841 ιιι-ιιι

204 2850 294 2880 ccc/es.
313 2850 450 2883 Imma,
467 2859 491 2878 ο.
507 2850 550 2878 45.

1084 2779 1140 2814 (89)
1157 2779 1221 2814 Ejus
1236 2779 1354 2806 nominis
1365 2778 1411 2812 IV,
1428 2786 1507 2813 quem
1522 2777 1702 2813 Jejnnalorcm
1720 2776 1838 2812 appella-

1049 2819 1120 2842 runt.
1139 2815 1174 2841 De
1192 2821 1246 2848 quo
1263 2822 1322 2849 sup.
1342 2821 1448 2848 quoque
1464 2813 1511 2840 lib.
