1934 3089
185 141 244 196 ’143

777 159 908 192 ΡΙΙΟΤΙῙ
929 162 1066 192 ΡΑἸἮΙΑ
1072 162 1181 192 RCILE
1201 163 1256 193 ΕΡ.

1778 167 1827 199 Ml

190 222 260 249 libro
280 220 424 248 Persarum
449 218 689 254 Romanorumque
707 226 794 254 pugna
816 225 982 246 commemo-

1045 216 1143 250 ιανάτῳ
1165 216 1340 252 ἀπήχθησαν,
1359 216 1430 253 ξίφει
1450 219 1497 245 τὸν
1520 219 1576 254 βίον
1598 220 1828 256 καταστρεψάμε-

189 272 277 300 ratur,
289 271 371 301 utque
387 266 498 294 Joannis
516 265 586 292 ﬁlius
601 265 782 292 Barbarorum
795 269 856 292 astu
876 271 986 299 oppres-

189 321 236 342 sus
258 313 339 341 luerit
353 312 420 348 (95).
438 312 553 346 Magnus
571 312 634 339 item
658 311 703 339 ille
721 305 800 338 terrae
816 315 916 343 motus,
941 315 986 344 qui

189 361 241 388 sub
263 361 368 387 initium
391 366 498 393 quoque
524 358 690 392 principatus
716 357 838 384 Mauricii
865 355 984 383 accidit:

190 408 276 442 deque
310 406 430 441 ejusdem
470 404 610 431 consulatu
635 402 704 438 (94).
738 403 774 430 Ut
807 402 984 436 Philippicus,

190 452 305 480 Caesaris
328 453 406 479 ducta
432 450 485 478 ﬁlia
509 449 565 484 28
590 458 605 475 a
625 449 727 476 Gordia
752 455 845 482 gener,
868 447 987 474 Orientis

188 498 295 533 imperii
314 499 366 525 dux
385 498 557 524 renuntiatus
575 505 582 524 ;
600 503 698 530 resque
719 495 848 530 praeclare
861 501 891 521 ac
907 493 988 520 forti-

190 550 232 572 ter
255 546 367 579 gesserit
392 553 398 571 :
423 544 511 578 tleqne
538 549 648 577 egressu
671 540 785 568 Romani
811 539 948 567 exercitus
971 547 987 566 e

190 590 287 623 Media,
312 595 394 625 utque
415 597 491 623 aqua:
520 588 632 623 penuria
667 587 844 614 vehementer
872 585 987 612 Romani

191 637 349 664 laborarint.
361 636 398 663 Ut
410 637 474 662 item
483 634 637 661 Arzaninen
648 633 795 667 regionem,
805 631 987 658 Romanorum

191 684 244 709 dux
264 683 288 709 in
305 682 421 716 prmdam
438 681 494 708 suis
507 681 623 712 dederit,
650 680 736 713 deque
753 677 867 704 Romani
882 676 987 704 exerci-

193 734 235 755 lus
261 727 420 755 fortitudine
437 736 443 754 τ
460 731 487 754 et
501 727 539 753 uti
560 726 704 753 Persarum
731 725 784 751 dux
809 723 940 758 quidquid
954 722 988 748 ad

191 772 393 808 Martyropolim
407 779 531 807 agrorum
558 775 599 798 est
625 770 752 807 vastayit.
770 768 881 803 Legatio
904 768 984 795 etiam
1008 766 1011 768 ’

192 819 335 846 Persarum
360 826 422 851 lilia,
444 823 468 844 et
486 817 549 844 item
573 816 657 844 altera
671 816 704 842 ad
719 815 867 842 Romanos.
887 814 919 840 Et
933 813 989 840 haec

191 864 302 899 quidem
318 863 388 890 libro
407 871 425 890 ι.

1037 269 1079 289 νοι
1091 261 1123 288 ³¹.
1138 261 1198 288 Ἔτι
1212 270 1242 288 τε
1254 263 1318 297 περὶ
1339 263 1394 289 τῶν
1420 264 1565 299 Ἀφούμων
1585 266 1633 292 καὶ
1658 266 1758 298 Ἀκϐἄς
1774 266 1830 292 τῶν

1038 307 1186 344 φρουρίων*
1198 309 1392 344 ἐμπεριέχεται
1405 309 1433 336 δὲ
1448 310 1487 345 τῷ
1504 311 1575 347 λόγῳ
1590 312 1664 348 μάχη
1685 313 1830 348 Ῥωμαίων

1038 354 1087 380 καὶ
1114 354 1246 389 Περσῶν,
1268 355 1315 381 καὶ
1331 356 1406 388 ὅπως
1427 357 1441 382 6
1465 357 1591 392 Ἰωάννης
1617 358 1639 373 ³³
1661 367 1832 394 καταστρατ-

1039 401 1148 434 ηγεῖται
1165 400 1217 427 ὑπὸ
1242 401 1297 427 τῶν
1322 401 1479 438 βαρῦἀρων.
1500 403 1562 430 Ἔτι
1589 403 1618 430 δὲ
1640 405 1687 431 καὶ
1709 406 1723 432 6
1743 406 1832 440 μέγας

1038 445 1152 481 σεισμδς
1168 445 1191 461 ³⁸
1205 446 1219 472 6
1235 447 1381 481 γενόμενος
1403 448 1474 475 κατὰ
1493 448 1542 483 τὴν
1565 450 1653 485 ἀρχὴν
1667 449 1717 485 τῆς
1730 452 1830 484 ἀναγο-

1040 491 1160 526 ρεύσεως
1176 492 1344 527 Μαυρικίου,
1361 494 1408 520 καὶ
1428 495 1491 528 περὶ
1510 494 1561 528 τῆς
1588 495 1722 527 ὑπατείας
1737 490 1832 522 aii-tofi.

1041 537 1135 569 Ὅπως
1148 546 1178 563 τε
1194 538 1217 553 ³⁵
1232 538 1408 570 Φιλιππικδς.
1424 540 1437 565 6
1453 540 1496 565 ἐπ’
1517 540 1619 576 ἀδελφῇ
1635 540 1682 566 τοῦ
1700 541 1834 576 βασιλέως

1039 582 1140 618 Γορδίᾳ
1153 583 1293 618 γαμὸρὸς,
1307 584 1359 618 τῆς
1376 584 1447 619 ἑῴας
1467 585 1609 620 δυνάμεως
1626 587 1834 622 προχειρίζεται

1040 629 1204 664 στρατηγὸς.
1220 629 1267 655 καὶ
1280 629 1460 665 ἀνδραγαθίαι
1471 632 1493 647 ³³
1504 631 1598 664 αὐτοῦ,
1617 632 1793 668 ἀναχώρησίς
1803 642 1834 660 τε

1039 675 1072 700 ὲκ
1084 675 1134 708 τῆς
1148 675 1274 710 Μηδικῆς
1298 675 1353 701 τῶν
1372 675 1535 714 Ῥωμαίων,
1550 677 1598 704 καὶ
1623 678 1697 718 «inm;
1720 679 1836 714 ἀνυδρίει

1039 721 1069 747 τὸ
1089 720 1244 755 Ῥωμαϊκὸν
1266 721 1466 755 ἐκινδύνευσεν,
1491 722 1564 754 ὅπως
1583 732 1611 749 τε
1629 723 1678 758 τὴν
1701 723 1836 760 ’Λρζανη-

1040 767 1088 802 νὴν
1100 766 1214 802 χώρανὸ
1236 767 1380 802 Ῥωμαίων
1406 769 1558 803 στρατηγὸς
1573 771 1697 805 προνομῇ
1716 770 1835 805 παραδέ-
1873 797 1877 800 ,

1040 811 1146 844 δωκεν,
1172 812 1298 846 ἀριστεία
1321 821 1352 839 τε
1371 814 1421 848 τῆς
1441 813 1588 848 Ῥωμαίων
1613 814 1772 850 δυνάμεως,
1788 817 1836 842 καὶ

1040 859 1115 890 ὅπως
1128 858 1162 885 τὰ
1184 859 1256 886 κατά
1278 859 1327 895 τὴν
1344 860 1557 896 Μαρτυρόπολιν
1573 863 1587 888 6
1598 860 1720 898 ’Περσῶν
1735 872 1836 898 στρατ-

193 910 260 946 ηγὸς
275 908 480 945 κατεπόρθησε,
505 907 637 944 πρεσϐεία
659 916 689 933 τε
706 906 819 942 Περσῶν
840 905 909 940 πρὸς
933 904 1087 940 Ῥωμαίους
1103 905 1201 941 πρώτη
1219 907 1265 932 καὶ
1276 907 1401 941 δευτέρα.
1414 907 1508 935 Ταῦτα
1537 909 1587 944 μὲν
1616 909 1645 935 ἐν
1676 909 1715 944 τῷ
1736 909 1838 945 πρώτῳ

194 956 275 991 λόγῳ.

229 1001 312 1028 Libro
339 1000 468 1032 secundo,
491 1000 524 1026 de
539 1003 630 1026 monte
648 997 719 1024 lzala
744 997 803 1031 ‘agit
822 1006 829 1024 :
846 997 932 1031 deque
946 996 988 1023 in-
1008 1000 1029 1027 Β

192 1047 340 1075 sultatione
369 1051 463 1080 atque;
482 1045 613 1080 jactaulia
641 1044 784 1071 Persarum
816 1036 991 1075 Cardarigée,

195 1094 332 1121 exercitus
350 1093 418 1126 apud
437 1099 484 1119 eos
500 1090 586 1119 ducis.
607 1091 643 1117 De
655 1096 744 1124 pugna
759 1090 823 1116 item
836 1087 991 1122 Philippici,

190 1144 221 1167 et
235 1139 419 1166 Romanorum
437 1145 497 1165 cum
514 1136 673 1171 Cardariga,
701 1139 729 1162 et
746 1134 836 1162 Persis
855 1134 888 1160 ad
905 1133 994 1160 Arza-

197 1193 302 1213 monem
317 1188 431 1220 pugnata
447 1192 453 1210 :
469 1188 552 1218 utque
565 1182 730 1216 Philippicus
741 1189 794 1208 non
809 1179 992 1207 mannfactam

197 1231 342 1266 imaginem
369 1234 477 1264 gestans
495 1228 612 1260 ObiCI‘il,
634 1227 809 1261 lustraritqne
832 1225 993 1257 exercitum,

197 1284 229 1304 ac
253 1275 365 1303 victoria
392 1274 553 1309 perilluslris
569 1281 651 1308 penes
670 1272 807 1300 Romanos
832 1272 914 1299 fuerit
934 1280 941 1297 ι
966 1277 995 1300 et

195 1323 236 1350 uti
251 1322 340 1356 imago
360 1321 403 1348 illa
420 1328 472 1347 non
494 1319 658 1351 manufacta,
672 1320 705 1346 ad
719 1319 875 1346 Simeonem
891 1317 994 1345 Amida:

194 1367 351 1402 episcopum
367 1374 427 1394 cum
446 1366 618 1393 veneratione
631 1366 712 1393 missa
727 1365 763 1392 sit
780 1374 787 1392 :
808 1364 990 1392 Barbarorum

139 1451 142 1453 _
197 1421 293 1448 agrum
309 1412 424 1449 Romani
443 1411 589 1446 depraedati
605 1416 679 1443 sunt,
695 1410 818 1445 fugitque
830 1409 994 1444 Cardagiras

198 1459 231 1486 ad
253 1459 346 1486 urbem
378 1457 473 1491 Duras.
503 1457 599 1484 Dareni
629 1457 662 1483 ab
692 1457 760 1483 urbe
787 1457 873 1490 ipsum
900 1454 993 1489 proﬂi-

199 1511 308 1539 garunt,
329 1504 431 1531 viribus
449 1502 636 1536 hostiumiam
653 1502 781 1529 fractum.
807 1501 843 1528 De
865 1501 995 1528 Romanis

199 1550 329 1578 militibus
344 1557 359 1578 e
377 1549 480 1582 Quarto
495 1548 672 1576 Partheorum
689 1548 793 1582 legione
820 1546 969 1574 vulneratis
985 1555 992 1573 :

199 1597 236 1624 ita
245 1601 407 1628 vocanteos,
419 1596 463 1631 qui
477 1595 614 1623 Berrhteaa
641 1594 708 1622 urbe
722 1594 822 1629 Syriae,
840 1600 993 1621 commora-

199 1644 308 1670 bantur.
322 1641 505 1669 Romanarum
521 1640 658 1675 expeditio
680 1640 706 1667 in
722 1639 885 1666 Arzaninem
904 1637 992 1672 regio-

200 1688 415 1720 nem,Maruthas
424 1691 451 1714 et
457 1686 549 1714 Jovius
557 1685 614 1721 ejus
620 1685 759 1712 ormduces
767 1684 799 1711 ad
806 1683 994 1718 Philippicum,

200 1739 227 1762 et
238 1733 374 1761 Romanos
388 1732 554 1760 defecerunt.
577 1731 699 1758 Privatas
713 1730 805 1765 copias
820 1729 994 1763 Cardarigas,

201 1780 299 1814 quibus
325 1780 461 1806 Romanos
487 1785 521 1805 ex
550 1777 656 1804 insidiis
682 1776 844 1807 adoriretur.
872 1775 990 1809 collegit.

195 1822 342 1853 Heraclitus
363 1823 432 1858 (eius
455 1823 585 1855 Heraclii,
612 1822 657 1856 qui
678 1825 737 1856 post
756 1822 904 1856 imperator
925 1819 992 1854 fuit,

202 1872 288 1908 pater)
305 1879 319 1897 a
338 1870 491 1905 Philippica
513 1869 545 1896 ad
562 1869 667 1895 hostem
689 1867 857 1901 speculatum
878 1867 994 1894 emissus

203 1917 315 1945 miriﬁce
340 1921 462 1944 servatus
483 1919 536 1942 est.
551 1914 588 1942 De
602 1913 717 1941 Zaberta
731 1913 839 1941 homine
848 1912 930 1940 Persa
951 1913 995 1939 hic

203 1964 301 1998 agitur,
312 1967 395 1997 utque
406 1970 420 1989 a
435 1961 642 1989 Chlomarorum
654 1959 854 1994 oppugnatione
861 1959 995 1986 cessarint

197 2008 329 2036 Romani.
347 2008 443 2035 Adhuc
467 2007 501 2034 de
515 2006 599 2034 eﬂ‘usa
618 2006 743 2040 turpique
761 2005 904 2040 Philippici
920 2005 992 2039 fuga,

204 2055 366 2089 turbatoque
378 2054 474 2081 ordine
489 2052 603 2080 Romani
619 2051 767 2079 exercitus.
780 2051 817 2078 De
833 2051 929 2078 morbo
939 2057 992 2085 quo

203 2100 368 2135 Philippicus
395 2103 537 2133 correptus
553 2101 604 2129 est,
624 2101 653 2124 et
674 2097 708 2124 de
724 2096 861 2128 Heraclio,
877 2096 993 2124 lleraclii

203 2149 264 2180 post
287 2143 460 2178 imperatoris
483 2147 570 2177 patre,
587 2149 613 2168 In
637 2141 774 2168 exercitus
797 2148 889 2168 curam
910 2141 993 2167 advo-

201 2194 273 2222 cato,
286 2194 369 2224 utque
379 2189 407 2216 in
431 2188 596 2215 meridianos
612 2186 703 2214 Medos
717 2186 900 2213 Romanomm
912 2193 991 2213 exer-

203 2236 287 2263 citum
322 2235 521 2269 subimperator
543 2233 588 2259 ille
616 2231 733 2264 duxerit,
751 2235 777 2259 et
795 2238 857 2259 vere
871 2231 990 2264 ineunte,

198 2281 280 2316 2811
293 2281 320 2307 in
337 2280 480 2308 Persarum
500 2285 581 2314 agros
596 2277 711 2305 Romani
735 2276 892 2311 irruperint.
908 2276 991 2304 Com-

1088 994 1132 1020 Ἐν
1158 994 1187 1020 δὲ
1204 993 1244 1029 τῷ
1268 994 1386 1030 δευτέρῳ
1405 994 1585 1030 διαλαμϐάνει
1601 997 1667 1032 περὶ
1682 998 1729 1024 τοῦ
1756 998 1839 1034 ὅρους

1044 1040 1091 1066 τοῦ
1112 1039 1201 1072 Ἰζαλά
1217 1040 1248 1071 ³⁷,
1267 1041 1331 1076 περί
1350 1050 1380 1068 τε
1395 1042 1445 1076 τῆς
1462 1042 1533 1069 κατὰ
1549 1043 1594 1068 τὸν
1610 1043 1794 1078 Καρδαρηγὰν
1814 1044 1839 1059 ³³

1043 1087 1091 1114 τὸν
1112 1087 1168 1113 τῶν
1191 1087 1303 1122 Περσῶν
1331 1088 1485 1123 στρατηγὸν
1505 1088 1676 1122 ἀλαζονείας,
1701 1090 1776 1121 ὅπως
1806 1098 1839 1115 τε

1044 1131 1211 1165 Φιλιππικοῦ
1225 1140 1255 1158 τε
1269 1132 1315 1159 καὶ
1328 1132 1372 1168 [41
1390 1132 1437 1168 H.]
1459 1133 1602 1167 Ῥωμαίων
1623 1134 1689 1168 πρὸς
1706 1134 1752 1161 τὸν
1763 1135 1842 1170 Καρ-

1044 1177 1169 1212 δαρηγὰν
1182 1178 1203 1194 ³³
1222 1178 1271 1205 καὶ
1292 1178 1401 1214 Πέρσας
1425 1178 1499 1214 μάχη
1516 1181 1581 1215 περὶ
1598 1179 1629 1206 τὺ
1653 1180 1800 1215 ’Λρζὰμων
1816 1181 1840 1196 ⁸⁸

1045 1222 1177 1258 συνέστη.
1194 1225 1243 1249 καὶ
1258 1223 1333 1255 ὅπως
1346 1224 1360 1250 6
1376 1223 1539 1256 Φιλιππικδς
1560 1226 1610 1259 τὴν
1627 1225 1841 1261 ἀχειροποίητον

1045 1268 1139 1295 εἰκόνα
1150 1269 1242 1304 φέρων
1256 1269 1366 1304 περιῄει
1380 1270 1555 1304 καθαγιάζων
1567 1270 1598 1296 τὸ
1613 1271 1780 1306 στράτευμα.
1793 1272 1841 1298 καὶ

1045 1314 1084 1345 ὡς
1118 1314 1180 1349 νίκη
1208 1315 1412 1350 ἐπιφανεστάτη
1440 1316 1503 1342 τότε
1532 1316 1678 1351 Ῥωμαίων
1708 1317 1838 1350 ἐγένετο,

1045 1360 1120 1391 ὅπως
1138 1361 1197 1396 τεὴ
1217 1361 1427 1396 άχειροποίητος
1448 1361 1516 1396 πρὸς
1531 1361 1678 1398 Συμεώνην
1703 1363 1749 1389 τὸν
1777 1363 1840 1388 ὲπί-

1047 1413 1149 1432 σκοπον
1168 1406 1281 1441 Ἀμίδης
1291 1406 1312 1422 ¹¹¹
1324 1407 1394 1442 μετά
1411 1407 1625 1442 σεδασμιότητος
1634 1408 1839 1436 ἀποστέλλεται.

1045 1451 1210 1478 Σκυλεύεται
1227 1452 1255 1478 δὲ
1271 1452 1324 1478 ὑπὸ
1342 1452 1487 1488 Ῥωμαίων
1498 1453 1528 1479 τὸ
1539 1453 1688 1488 βάρϐαρον,
1707 1455 1753 1480 καὶ
1772 1454 1843 1488 ᾳεύε

1046 1505 1089 1531 γει
1111 1499 1125 1524 6
1141 1498 1328 1534 Καρδαρηγὰν
1346 1499 1368 1514 ⁸²
1387 1499 1435 1525 ἐπὶ
1456 1499 1486 1525 τὸ
1503 1500 1593 1534 Δαράς
1608 1500 1641 1516 λθ·
1658 1501 1705 1526 καὶ
1725 1501 1799 1532 ὃπως
1814 1502 1839 1527 οἱ

1046 1543 1163 1578 Δαρηνοὶ
1174 1543 1228 1570 ἀπὸ
1243 1543 1291 1570 τοῦ
1308 1544 1407 1576 άστεος
1425 1544 1507 1570 αὑτὸν
1519 1545 1732 1580 ἀποπέμπονται
1752 1546 1795 1573 διὰ
1809 1548 1840 1573 τὸ

1047 1588 1118 1614 κατὰ
1143 1589 1244 1622 κράτος
1273 1589 1435 1624 ἡττηθῆναι.
1462 1590 1555 1621 Ὅπως
1583 1599 1613 1616 τε
1643 1591 1657 1616 6
1694 1591 1841 1626 Ῥωμαίων

1048 1633 1218 1669 στρατιώτης
1237 1633 1268 1660 τὸ
1289 1634 1370 1669 σῶμα
1392 1636 1590 1671 κατετέτμωτο*
1616 1634 1650 1671 ἦν
1667 1636 1695 1663 δὲ
1716 1637 1766 1671 τῆς
1784 1637 1841 1663 τῶν

1049 1678 1289 1714 Κουαρτοπαρθῶν
1311 1680 1430 1714 τάξεως,
1444 1680 1515 1707 οὕτω
1539 1681 1716 1716 καλουμένων
1738 1682 1792 1709 τῶν
1811 1684 1841 1710 ἐν

1048 1724 1146 1759 Βεροίᾳ
1162 1725 1239 1751 πόλει
1251 1725 1301 1760 τῆς
1317 1725 1418 1760 Συρίας
1433 1726 1482 1758 τὰς
1499 1727 1642 1761 διατριϐὰς
1657 1728 1839 1762 ποιουμένων.

1048 1771 1116 1805 Περί
1139 1779 1170 1797 τε
1195 1771 1245 1806 τῆς
1260 1772 1456 1806 ἐπιστρατείας
1483 1772 1629 1807 Ῥωμαίων
1649 1773 1672 1789 ⁸⁵
1694 1773 1766 1799 κατὰ
1788 1773 1841 1808 τῆς

1053 1816 1241 1852 ’Δρζανηνῆς,
1267 1817 1314 1851 καὶ
1333 1818 1408 1850 ὅπως
1432 1819 1581 1854 Μαρουθᾶς
1606 1819 1653 1846 καὶ
1689 1819 1792 1851 Ίώϐιος
1814 1821 1840 1846 ot

1046 1865 1181 1900 ἡγεμόνες
1202 1865 1288 1900 αὐτῆς
1314 1865 1496 1900 αὐτομολοῦσι
1516 1866 1587 1901 πρὸς
1611 1866 1773 1893 Φιλιππικὸν
1792 1867 1841 1893 καὶ

1052 1910 1215 1945 Ῥωμαίους.
1236 1910 1292 1937 Καὶ
1317 1911 1381 1945 περὶ
1402 1911 1451 1945 τῆς
1477 1911 1615 1945 ἰδιωτικῆς
1633 1911 1773 1947 δυνάμεως
1791 1912 1842 1947 τῆς

1047 1956 1286 1991 συναθροισθείσης
1299 1956 1353 1982 ὑπὸ
1372 1956 1419 1983 τοῦ
1435 1957 1621 1993 Καρδαρηγάν
1641 1957 1664 1973 ⁵³
1679 1959 1719 1989 εἰς
1744 1958 1774 1983 τὸ
1796 1958 1841 1990 ἑξ-

1045 2002 1184 2037 απατῆσαι
1206 2002 1370 2037 Ῥωμαίους.
1387 2001 1434 2038 [95
1448 2002 1493 2038 IL]
1509 2003 1564 2030 Καὶ
1582 2004 1657 2035 ὅπως
1679 2003 1841 2038 Ἡράκλειος

1044 2049 1058 2075 6
1086 2048 1248 2082 Ἡρακλείου
1277 2048 1325 2074 τοῦ
1356 2049 1557 2084 αὐτοκράτορος
1595 2049 1688 2085 πατὴρ
1715 2049 1768 2076 ὑπὸ
1792 2049 1841 2076 τοῦ

1044 2092 1209 2120 Φιλιππικοῦ
1220 2092 1267 2119 ἐπὶ
1276 2094 1438 2128 κατασκοπῇ
1454 2093 1508 2119 τῶν
1524 2093 1664 2128 πολεμίων
1676 2093 1842 2125 ἀποσταλεὶς

1043 2136 1205 2172 παραδόξως
1218 2136 1393 2168 διασώζεται.
1409 2137 1465 2163 Καὶ
1486 2137 1551 2173 περ)⁸
1563 2138 1687 2173 Ζαῦέρτα
1700 2139 1748 2164 τοῦ
1769 2138 1842 2173 Πέρ-

1045 2181 1166 2214 σουπκαὶ
1179 2181 1253 2212 ὅπως
1260 2180 1310 2215 τῆς
1325 2180 1381 2207 τῶν
1397 2181 1491 2215 Χλομα
1497 2181 1550 2216 ρῶν
1558 2181 1581 2197 ⁸⁸
1600 2181 1760 2215 πολιορκίας
1772 2181 1841 2207 Ῥω-

1045 2228 1118 2262 μαῖοι
1136 2227 1295 2261 ἀπέσχοντο.
1315 2227 1375 2252 Ἔτι
1387 2226 1415 2252 δὲ
1427 2226 1492 2261 περὶ
1504 2226 1553 2262 τῆς
1565 2226 1667 2261 ἀθρόας
1678 2226 1726 2252 καὶ
1739 2226 1841 2260 ἀλόγου

1043 2273 1131 2308 φυγῆς
1145 2271 1310 2299 Φιλιππικοῦ
1319 2293 1326 2304 ,
1351 2271 1398 2298 καὶ
1408 2273 1458 2307 τῆς
1471 2271 1621 2307 γενομένης
1631 2271 1744 2303 ἀταξίας
1754 2272 1809 2302 τοῖς
1817 2271 1841 2287 ""

204 2325 334 2359 plectitur
355 2328 382 2351 et
409 2324 452 2351 hic
471 2323 549 2356 liber,
565 2327 594 2350 ut
607 2325 701 2350 contra
717 2321 822 2349 Abaros
838 2321 992 2349 Comentio-

1053 2318 1218 2353 Ῥωμαϊκοῖς
1233 2317 1468 2353 ικστρατεύμασι.
1488 2317 1556 2353 Περί
1572 2325 1602 2344 τε
1615 2317 1666 2352 τῆς
1679 2316 1840 2352 ἐνεχθείσης

203 2371 246 2397 lus
263 2369 463 2405 expeditionem
500 2369 662 2402 susceperit,
691 2367 922 2401 subimperatores
947 2375 996 2394 na-

199 2421 264 2443 ctus
280 2415 426 2442 Maximum
442 2418 468 2442 et
484 2414 605 2447 Castum,
620 2418 703 2448 utque
725 2414 806 2440 rebus
829 2413 863 2440 ab
885 2413 918 2439 iis
932 2420 998 2447 pra:-

202 2460 276 2488 clarc
291 2460 422 2488 adversus
437 2459 542 2489 Abaros
560 2458 654 2494 gestis,
681 2458 760 2485 vivus
776 2457 884 2484 tandem
901 2456 999 2484 Castus

203 2507 231 2534 in
262 2506 380 2534 hostium
412 2505 518 2533 venerit
540 2508 701 2539 potestatem
723 2513 729 2530 :
751 2507 834 2538 utque
857 2502 999 2530 Ansimuth

1048 2364 1087 2400 τῷ
1097 2363 1255 2398 Φιλιππικῷ
1273 2363 1369 2395 νόσου,
1397 2363 1445 2390 καὶ
1471 2363 1512 2389 ὅτι
1536 2362 1697 2398 Ἡράκλειος
1719 2363 1734 2389 6
1754 2362 1841 2397 Ἦρα-

1050 2409 1142 2436 κλείου
1163 2409 1211 2436 τοῦ
1231 2408 1433 2444 αὐτοκράτορος
1451 2409 1542 2445 πατὴρ
1560 2409 1609 2440 τὰς
1626 2408 1772 2444 φροντίδας
1792 2407 1843 2442 τῆς

1051 2455 1200 2490 ἡγεμονίας
1208 2454 1366 2490 ἀναδέχεται
1380 2454 1415 2481 ⁸⁸.
1425 2454 1520 2485 Ὅπως
1528 2454 1557 2480 τε
1572 2455 1629 2486 τοῖς
1645 2453 1844 2488 μεσημϐρινοῖς

1052 2501 1102 2535 τῆς
1117 2499 1244 2535 Μηδικῆς
1258 2499 1424 2535 προσϐάλλει
1436 2499 1451 2525 6
1469 2499 1521 2533 τῆς
1540 2497 1684 2533 Ῥωμαίων
1699 2497 1843 2532 δυνάμεως

840 2577 957 2606 VARle
978 2577 1181 2605 LECTIONES.

239 2645 262 2660 δ’
278 2651 370 2672 nonne
386 2622 659 2679 καταστρεψόμενοιξί
690 2641 711 2656 ³³
729 2638 852 2679 Ἰωάννου
868 2646 899 2679 ς.
939 2637 962 2654 ³⁸
972 2638 1063 2679 {post
1079 2635 1191 2679 σεισμὸς
1203 2636 1274 2679 add:
1358 2635 1389 2678 "l‘
1404 2643 1434 2661 τε
1445 2634 1460 2660 6
1472 2634 1540 2679 11:9"!
1556 2643 1603 2677 g_._~
1626 2634 1649 2650 ⁸⁸
1661 2633 1710 2660 καὶ
1765 2631 1842 2679 Ξνδρ.

203 2690 234 2713 ς.
285 2680 306 2696 ³⁷
321 2679 413 2713 Ίξαλα
436 2687 466 2711 ς.
492 2676 705 2713 ’³⁸⁷Καδαρίγαν
732 2684 763 2713 ςἼ

803 2674 824 2690 ³³
843 2669 890 2700 καὶ
907 2678 970 2700 ante
991 2669 1032 2699 'P.
1047 2680 1103 2699 om.
1127 2669 1161 2698 Ᾰ.
1202 2671 1225 2686 ⁵ο
1243 2669 1391 2705 ’Δρζαμὼν
1414 2678 1445 2702 ς.

1485 2669 1508 2684 ⁸⁸
1529 2669 1637 2704 ὰμήόης
1660 2676 1694 2704 νς.
1721 2667 1843 2704 ,δ’Καρ-

203 2702 317 2751 ξάρίγας
333 2702 425 2751 Et";
440 2702 533 2751 ’δέρας
610 2702 643 2727 νὴ
660 2702 805 2744 ἲΡωμαίων
829 2709 877 2736 καὶ
901 2708 975 2735 κατὰ
1002 2707 1053 2743 τῆς
1076 2706 1226 2742 ἀζαρνῐνης
1242 2702 1284 2737 gf
1311 2702 1338 2722 ’ί
1353 2703 1514 2740 Καρδαρίγα
1537 2702 1586 2736 ς(
1606 2702 1629 2720 ⁸⁸
1641 2702 1788 2740 χλομάρων
1811 2709 1841 2733 ς.

203 2750 224 2770 ⁸⁷
237 2747 301 2781 ’τοῖς
316 2758 371 2778 om.
390 2750 422 2776 A.
463 2747 637 2782 Μ’ἀνεδέχετο
662 2755 692 2778 ς.

951 2811 1069 2840 NOTAE.

239 2875 294 2910 (93)
307 2874 419 2910 Niceph.
438 2875 484 2902 lib.
500 2880 577 2906 mu,
595 2880 654 2908 cap.
678 2873 720 2900 l3.

1081 2867 1136 2903 (οι)
1152 2867 1219 2896 Ibid.
1237 2867 1279 2894 ιο.
