1934 3089
90 193 137 226 145

641 197 907 228 BIBLIOTHECA.
926 212 961 216 —
981 200 1063 230 COD.
1086 200 1168 230 LXV.

1667 195 1721 226 illi

89 250 306 286 ιὶιιοοςνιτράπηγος⁸
328 252 375 278 καὶ
404 252 442 284 ὡς
471 252 552 288 ἔαρος
582 253 643 288 ὥρᾳ
672 254 874 288 προσϐάλλουσι

929 256 1090 290 pedestrium
1111 254 1252 289 copiarum
1274 253 1455 280 Romanarum
1474 252 1615 285 tributum,
1632 252 1717 280 Abari

95 296 224 331 Ῥωμαῖοι
237 297 311 323 κατὰ
331 298 382 332 τῆς
395 298 509 333 Περσῶν
527 298 678 330 πολιτείας·
698 299 887 334 διαλαμϐάνει”

89 349 116 367 τε
128 341 165 373 ὼς
177 342 362 376 Κομεντίολος
377 344 448 370 κατὰ
463 343 517 370 τῶν
546 344 671 379 Ἀϐάρων
685 345 876 381 ὲκστρατεύει,

88 386 153 421 ἔχων
167 388 396 423 ὑποστρατήγους
416 390 540 424 Μαρϊνον
566 390 613 416 καὶ
635 390 759 422 Κάστον,
777 392 825 418 καὶ
839 392 878 424 ὡς

87 432 277 467 εὐδοκιμοῦσιν
300 430 373 460 οὗτοι
399 435 469 461 κατὰ
488 434 694 470 τῶνἋϐἁρων,
717 435 830 471 ὕστερον
848 437 878 464 δὲ

88 478 235 513 ξωγρείται
256 479 271 505 ὁ
301 479 324 494 ⁸⁹
354 480 472 512 Κάστος.
500 481 556 507 Καὶ
585 481 626 507 ὅτι
656 481 800 516 ’Δνσιμουθ
829 482 876 510 τὸν

87 522 200 557 ἔξαρχον
213 523 266 558 τῆς
278 524 394 560 πεζικῆς
408 525 552 560 Ῥωμαίων
565 527 708 562 δυνάμεως
721 529 746 554 οἱ
762 528 877 564 ’Δϐαροι

88 567 206 603 ζωγρίαν
218 569 326 601 ἔλαϐον,
343 570 390 597 καὶ
407 571 579 607 κατέδραμον
592 572 625 599 τὰ
636 573 689 600 ἀνά
702 574 751 609 τὴν
766 574 877 610 Θρᾴκην

87 614 112 640 al
130 614 261 649 δυνάμεις
279 615 380 644 αὐτῶν.
399 617 455 643 Καὶ
480 617 664 652 Κομεντιόλου
685 619 829 654 διάσκεψις
852 621 877 647 εἰ

87 658 138 694 χρὴ
159 659 334 686 ἐπιτίθεσθαι
356 661 412 692 τοῖς
437 661 461 677 '°
484 661 629 697 Ἀϐάροις,
650 664 697 690 καὶ
720 665 877 700 δημηγορία

88 703 133 730 ἐπὶ
147 704 178 731 τὸ
193 705 250 731 δεῖν
264 705 446 739 ἐπιτίθεσθαι,
467 708 514 734 καὶ
531 709 759 745 ἀντιδημηγορία.
777 711 873 743 Ὅπως

87 749 161 784 φωνὴ
178 749 340 784 ἐμπεσοῦσα
354 750 392 785 τῷ
406 751 516 787 στρατῷ
531 752 585 779 τῶν
602 753 726 788 Ἀϐἀρων
735 753 876 789 ἄπρακτον

87 794 134 828 τὴν
146 794 194 822 τοῦ
210 795 233 811 ⁸¹
252 796 437 831 Κομεντιόλου
454 797 577 824 ἐπίθεσιν
597 798 647 834 τὴν
665 799 736 826 κατά
754 798 802 828 τοῦ
818 800 877 826 Χα-

87 840 169 873 γάνου
182 840 343 876 εἰργάσατο.
358 841 414 868 Καὶ
434 843 499 878 περὶ
514 842 604 870 Βουσᾶ
623 843 672 870 τοῦ
695 844 875 879 στρατιώτου,

87 885 158 917 ὅπως
175 894 205 911 τε
231 886 254 901 ⁵¹
273 886 401 921 κυνηγῶν
420 886 492 913 ἑάλω
514 887 566 913 ὑπὸ
587 887 642 914 τῶν
669 887 804 923 ’Δϐἀρων,
829 889 876 915 καὶ

87 931 160 962 ὅπως
186 931 239 958 ὑπὸ
264 931 319 958 τῶν
338 932 484 967 ὁμοφύλων
514 933 681 968 ὑπεροφθεὶς
705 933 814 969 πρῶτος
832 935 876 962 διὰ
890 927 914 956 Β

87 975 164 1002 τοῦτο
185 977 250 1008 τοὺς
272 977 406 1012 Ἃϐάρους
431 978 632 1013 πολιορκητικὰ
649 978 754 1014 ὗργανα
773 979 876 1013 ἐδίδαξε

87 1021 354 1053 κατασκευάζεσθαι.
378 1022 474 1054 Ὅπως
492 1031 524 1050 τε
545 1023 597 1049 ὑπὸ
617 1023 664 1050 τοῦ
684 1024 812 1058 Χαγάνου
829 1033 877 1051 πο-

87 1066 235 1101 λιορκεῖται
254 1067 353 1102 Βερόη,
369 1068 418 1094 καὶ
431 1069 505 1100 ὅπως
531 1069 715 1104 ἀποτυγχάνει
728 1070 774 1097 τοῦ
789 1071 880 1105 ὲγχει.

88 1113 220 1147 ρήματος.
241 1113 337 1146 Ὅπως
360 1122 391 1140 τε
424 1114 619 1150 Διοκλητιανοῦ
645 1115 722 1143 πόλιν
747 1117 761 1144 ό
797 1117 879 1149 αὐτὸς

87 1159 271 1194 πολιορκήσας
291 1160 440 1196 ἀπρακτεῖ.
455 1160 516 1194 ,Καὶ
540 1161 637 1193 ὃπωςὸ
653 1161 782 1196 βασιλεὺς
803 1164 880 1190 Μαυ-

89 1205 174 1238 ρίκιος
201 1205 255 1232 ὑπὸ
273 1206 320 1233 τοῦ
347 1206 474 1240 ἀγελαίου
499 1207 620 1242 πλήθους
641 1209 697 1235 τῶν
724 1209 879 1241 Βυζαντίων

86 1250 246 1286 ἐλοιδορεῖτο
262 1251 306 1278 διὰ
321 1252 355 1278 τὰ
368 1253 421 1278 ἀπὺ
444 1252 498 1279 τῶν
513 1253 660 1289 βαρϐάρων
688 1254 879 1290 συμϐεϐηκότα

87 1299 151 1333 περὶ
162 1299 212 1333 τὴν
231 1299 368 1335 Εὐρώπην
384 1300 590 1336 δυστυχήματα,
602 1302 676 1334 ὅπως
691 1311 720 1328 τε
741 1303 879 1337 ἐκπέμπει

88 1345 242 1378 στρατηγὸν
253 1345 300 1371 τίιν
314 1346 452 1380 Ἰωάννην,
464 1346 494 1372 ὃν
503 1347 654 1373 ἐπεκάλουν
663 1347 837 1374 Μυστάκωνα
845 1347 880 1380 ⁵⁸,

86 1389 297 1425 ὑποστράτηγον
317 1391 392 1426 αὐτῷ
412 1392 656 1427 καταστησάμενος
681 1393 836 1428 Δρόκτωνα,
849 1393 879 1425 ὃς

928 301 1019 328 vivum
1036 301 1168 335 ceperint,
1181 304 1208 327 et
1229 299 1256 326 in
1271 298 1416 326 Thraciam
1439 297 1625 326 incursionem
1643 305 1719 325 exer-

928 347 999 375 citus
1031 353 1128 374 eorum
1152 345 1256 378 fecerit,
1279 344 1449 372 Comentiolo
1476 344 1586 372 interim
1617 344 1717 371 delibe-

928 397 1017 425 rante,
1031 399 1065 419 an
1080 392 1178 419 Abaris
1192 395 1349 418 occurreret
1363 400 1370 417 :
1388 390 1536 424 habitaque
1551 395 1593 417 est
1613 390 1640 417 in
1654 398 1714 417 eam

928 437 1091 466 sententiam
1119 437 1227 470 concio,
1243 440 1271 464 et
1300 436 1384 463 altera
1412 435 1475 462 item
1503 439 1608 468 contra,
1634 442 1667 462 ne
1685 442 1714 462 se

928 483 999 511 h0sti
1022 482 1161 517 obiiceret.
1179 481 1320 515 Quomodo
1345 484 1423 507 ortus
1439 480 1466 506 in
1488 480 1585 507 castris
1608 479 1714 506 Abaro-

927 536 988 556 rum
1002 535 1107 560 rumor,
1127 526 1288 554 Comentioli
1303 525 1433 552 adversus
1453 524 1614 559 Cltaganum
1645 524 1717 551 irru-

927 573 1047 608 ptionem
1063 572 1168 599 irritam
1186 570 1291 599 fecerit.
1307 571 1346 597 De
1361 570 1430 596 Busa
1449 569 1545 601 milite,
1564 569 1609 603 qni
1629 569 1655 596 in
1676 576 1717 595 re-

927 619 1039 646 natione
1051 618 1085 646 ab
1098 616 1196 645 Aliaris
1213 621 1320 651 captus,
1332 621 1360 644 et
1371 624 1385 642 a
1397 615 1466 650 :suis
1481 615 1618 649 neglectus
1649 622 1716 642 con—

929 666 1110 697 temptusque,
1136 662 1268 689 Barbaros
1293 668 1352 688 eam
1377 661 1412 688 ob
1426 667 1536 687 causam
1561 667 1718 694 oppugnan-

928 709 1023 736 darum
1046 709 1151 736 urbium
1169 708 1308 735 machinas
1332 707 1466 735 fabricare
1489 707 1592 739 primus
1612 705 1717 733 docuit.

928 754 973 783 Uti
989 755 1131 791 Chaganus
1149 754 1252 781 Beroen
1277 753 1431 785 obsederit,
1448 752 1495 780 sed
1513 752 1580 779 nihil
1597 750 1719 787 profece-

928 800 974 827 rit.
998 799 1130 828 Similiter
1145 804 1173 826 et
1191 798 1351 826 Diocletiani
1369 797 1462 825 urbem
1477 798 1649 833 oppugnarit,
1672 804 1718 824 ne-

927 853 980 881 que
1005 846 1108 880 ceperit
1133 850 1232 872 tatnen.
1255 844 1414 871 Mauricium
1433 844 1622 878 imperatorem
1646 843 1718 870 Con-

927 891 1103 925 stantinopoli
1119 890 1152 918 ab
1169 890 1306 918 incondita
1325 889 1520 925 Byzantiorum
1535 889 1612 924 plebe
1625 889 1718 916 convi-

929 938 980 965 ciis
992 941 1145 970 exceptum.
1158 937 1229 971 quod
1241 937 1276 964 ob
1290 944 1334 963 res
1349 935 1493 963 infeliciter
1512 943 1572 962 cmn
1590 934 1718 962 Barbarie

930 988 1031 1019 gestas,
1050 982 1156 1018 Europa
1185 981 1282 1010 aﬂlicta
1298 988 1380 1010 esset.
1401 981 1506 1009 Misisse
1534 982 1625 1016 itaque
1637 980 1718 1008 Joan-

930 1037 1003 1062 nem,
1015 1033 1195 1064 cognomento
1207 1028 1375 1064 Mystacona,
1388 1028 1448 1056 belli
1464 1028 1570 1060 ducem,
1583 1027 1718 1054 Droctone

932 1075 983 1110 ipsi
1007 1074 1222 1108 subimperatore
1243 1073 1393 1100 attribute:
1427 1073 1473 1107 qui
1517 1073 1657 1099 obsessam
1683 1071 1718 1097 ab

927 1119 1025 1147 Abaris
1042 1118 1257 1152 Adrianopolim,
1284 1126 1373 1152 pugna
1392 1125 1453 1145 cum
1474 1119 1550 1144 hoste
1570 1116 1716 1144 commissa

927 1173 1049 1200 praesens
1066 1165 1194 1192 servavit.
1206 1164 1400 1199 Complectitur
1421 1164 1504 1190 etiam
1526 1162 1570 1190 hic
1587 1162 1665 1194 liber,
1689 1165 1718 1188 ut

928 1219 1018 1239 arcem
1039 1204 1183 1239 Persarum
1201 1211 1347 1246 quamdam
1363 1211 1387 1237 vi
1413 1216 1511 1244 capere
1526 1208 1666 1236 Heracltus
1681 1207 1718 1234 sit

929 1264 1074 1292 aggressus
1089 1264 1096 1284 :
1109 1261 1136 1283 et
1150 1256 1184 1284 de
1200 1255 1341 1289 Bejudaes,
1356 1255 1396 1283 sic
1411 1255 1484 1282 dicto
1498 1254 1621 1286 castello,
1635 1257 1718 1288 utque

929 1301 1080 1330 incredibili
1095 1301 1206 1336 Saperis
1223 1301 1317 1329 militis
1333 1301 1503 1333 fortitudine,
1520 1299 1635 1327 Romani
1649 1305 1719 1334 pra}-

930 1348 1029 1376 sidium
1048 1348 1219 1383 occuparint.
1234 1347 1356 1382 Denique
1374 1352 1402 1374 ut
1413 1346 1584 1381 Philippicas
1599 1345 1626 1372 in
1642 1344 1717 1379 regia

933 1395 1001 1422 urbe
1016 1394 1250 1430 Constantinopoli
1267 1394 1439 1422 remanserit.

86 1437 133 1462 καὶ
150 1436 388 1472 πολιορκουμένης
413 1437 466 1464 ὑπὸ
486 1438 542 1465 τῶν
566 1438 690 1474 Ἀϐἀρων
725 1439 773 1474 τῆς
800 1439 1047 1474 Ἀδριανουπόλεως
1075 1441 1099 1457 ⁵⁵
1130 1441 1269 1476 συμμίξας
1300 1442 1355 1472 τοῖς
1389 1439 1530 1474 πολεμίοις
1558 1438 1608 1474 τὴν
1640 1438 1718 1464 πόλιν

87 1480 132 1517 [62
156 1482 205 1519 IL]
233 1484 393 1511 διεσώσατο.
421 1485 608 1520 Διαλαμϐάνει
637 1485 666 1512 δὲ
695 1485 743 1512 καὶ
768 1486 842 1518 ὅπως
862 1488 876 1513 ὁ
901 1487 1061 1523 Ἡράκλειος
1080 1488 1210 1524 φρούριον
1223 1488 1357 1524 Περσικὸν
1394 1486 1525 1522 ἐνεχείρει
1539 1488 1594 1518 τοῖς
1624 1485 1718 1518 ὅπλοις

86 1528 172 1559 ἑλεῖν,
196 1529 327 1565 καὶπερὶ
348 1530 396 1557 τοῦ
413 1531 556 1563 Βεῐουδάες
575 1531 720 1566 φρουρίου,
738 1531 786 1558 καὶ
803 1532 878 1564 ὅπως
898 1533 1043 1569 παραδόξῳ
1076 1534 1203 1570 ἀριστείᾳ
1225 1533 1353 1569 Σάπηρος
1376 1534 1424 1560 τοῦ
1449 1534 1615 1569 στρατιώτου
1646 1529 1718 1560 εἶλον

86 1575 116 1601 τὸ
133 1577 265 1611 φρούριον
291 1577 431 1612 Ῥωμαῖοι.
446 1578 501 1604 Καὶ
514 1578 563 1613 τὴν
579 1578 709 1613 ὲνδημίαν
728 1579 756 1606 δὲ
778 1580 942 1607 Φιλιππικοῦ
956 1582 1020 1617 περὶ
1032 1581 1064 1608 τὸ
1076 1581 1213 1617 βασίλειον
1224 1581 1302 1610 ἄστυ.

126 1622 156 1648 '0
170 1622 200 1648 δὲ
223 1623 314 1658 τρίτος
339 1623 418 1657 λόγος
440 1623 568 1657 διέξεισιν
591 1625 666 1656 ὅπως
685 1627 878 1660 χειροτονεῖται

966 1627 1059 1654 Tertio
1075 1627 1154 1654 libro.
1176 1626 1204 1654 In
1218 1627 1357 1661 Philippici
1376 1626 1462 1654 locum
1480 1626 1625 1654 Orientalis
1647 1626 1721 1654 mili-

87 1668 146 1695 ἀντὶ
170 1669 336 1696 Φιλιππικοῦ
364 1671 519 1706 στρατηγὸς
543 1672 558 1698 ὸ
584 1671 705 1707 Πρίσκος
733 1672 783 1707 τῆς
808 1673 879 1708 ἑῴας

86 1714 253 1749 δυνάμεως,
279 1716 353 1747 ὅπως
386 1725 416 1742 τε
447 1717 610 1748 Φιλιππικδς
636 1717 880 1754 ’διαφθονούμενος

87 1760 201 1795 Πρίσκῳ
230 1762 300 1796 πρὸς
329 1762 490 1797 Ἡράκλειον
518 1762 639 1798 ἔγραψεν
664 1763 816 1798 ἐμφανίσαι
840 1763 880 1799 τῷ

89 1805 196 1840 στρατῷ
217 1806 272 1832 τῶν
297 1807 431 1841 σιτήσεων
455 1807 546 1834 αὐτῶν
557 1808 608 1843 τὴν
635 1808 760 1843 μείωσιν,
775 1809 823 1835 καὶ
838 1809 880 1835 ὅτι

88 1851 207 1886 Πρίσκος
230 1852 430 1887 προσπελάζων
452 1852 492 1888 τῷ
516 1854 690 1890 στρατοπέδῳ
712 1855 763 1880 οὐκ
789 1854 879 1890 ἀπέϐη

87 1897 133 1922 τοῦ
149 1897 234 1924 ἵππου
250 1898 322 1924 κατὰ
342 1899 374 1925 τὸ
397 1898 512 1926 παλαιὸν
527 1900 588 1932 ἔθος
610 1900 659 1926 καὶ
675 1900 762 1932 οὕτως
788 1901 881 1935 ἠσπά-

90 1950 153 1969 σατο
174 1943 205 1969 τὸ
248 1945 457 1979 στρατιωτικόν·
486 1945 528 1972 διὸ
549 1945 580 1972 τὸ
602 1946 626 1962 ⁵⁵
661 1947 878 1981 στρατιωτικὸν,

88 1989 128 2014 ὅτι
138 1998 167 2014 τε
187 1990 215 2016 al
237 1991 358 2025 σιτήσεις
375 1991 559 2026 ὑπετέμνοντο
581 1993 628 2019 καὶ
653 1992 694 2019 ὅτι
710 1992 858 2027 ὴτιμοῦντο
871 2013 878 2025 ,

89 2035 263 2068 ἐστασίαζον.
286 2037 340 2063 Kal
361 2036 478 2071 Πρίσκος
491 2032 620 2073 ὲλιφρέδα
637 2038 660 2054 ⁸⁸
674 2038 794 2073 δοὺςτὴν
806 2038 882 2072 ἀχει-

91 2080 234 2114 ροποίητον
249 2081 283 2106 δι’
294 2081 379 2115 αὐτῆς
392 2082 553 2117 ὲκλιπαρεῖν
567 2083 598 2108 τὺ
611 2082 711 2117 πλῆθος
722 2082 878 2117 ἐτέχναζεν

89 2125 113 2150 οξ
122 2125 149 2151 δὲ
160 2126 207 2151 καὶ
216 2125 321 2160 ταύτην
331 2126 416 2158 λίθοις
425 2126 530 2154 ἔϐαλον.
539 2127 585 2154 Διὸ
597 2127 693 2162 φεύγει
707 2128 755 2162 μὲν
768 2128 797 2153 ὲν
805 2128 882 2154 Κων-

91 2172 216 2207 σταντίνῃ
232 2171 362 2207 Πρίσκος,
376 2172 425 2199 καὶ
444 2173 562 2208 αἱρεῖται
577 2172 629 2199 ὑπὸ
645 2174 696 2208 τῆς
712 2172 843 2207 στρατιᾶς
855 2172 877 2188 ⁵⁷

931 1672 976 1699 tiae
1000 1673 1054 1699 dux
1075 1672 1205 1700 suﬂ‘ectus
1227 1672 1336 1700 Priscus
1355 1682 1362 1700 :
1385 1672 1427 1699 cui
1454 1671 1633 1706 Philippicas
1650 1672 1721 1699 invi-

930 1718 998 1746 dens
1015 1717 1140 1746 Heraclio
1155 1719 1276 1754 scripsit.
1293 1723 1474 1746 commeatum
1486 1717 1628 1749 exercitui,
1646 1717 1721 1744 ciba-

929 1764 1026 1799 risque
1051 1765 1198 1792 minueret.
1216 1764 1329 1792 Priscus
1345 1772 1455 1800 quoque
1470 1764 1496 1791 in
1512 1768 1602 1791 castra
1631 1763 1721 1798 profe-

931 1814 1058 1842 ctus,non
1073 1810 1141 1845 (94-)
1151 1811 1184 1838 ad
1196 1811 1277 1846 pedes
1286 1810 1370 1838 veteri
1378 1817 1464 1843 more,
1476 1817 1509 1837 ex
1517 1817 1587 1845 equo
1594 1809 1721 1837 desiliens

932 1855 1030 1882 milites
1050 1855 1188 1883 salutavit.
1213 1855 1307 1890 Itaque
1333 1855 1481 1888 exercitus,
1498 1860 1554 1882 tum
1581 1856 1653 1889 quod
1671 1862 1723 1882 an-

931 1908 1001 1927 nona
1035 1901 1125 1928 aceisa
1148 1905 1222 1928 esset
1240 1906 1323 1936 atque
1353 1905 1469 1935 angusta
1484 1900 1553 1935 (95),
1571 1905 1627 1926 tum
1649 1900 1719 1934 quod

931 1946 990 1973 sine
1007 1946 1109 1974 honore
1119 1950 1190 1972 esset
1208 1945 1242 1972 ab
1256 1946 1302 1973 illo
1318 1945 1438 1978 habitus,
1458 1944 1569 1972 militari
1585 1944 1720 1972 seditione

932 1990 1111 2018 tumultuatus
1131 1996 1182 2017 est.
1199 1989 1309 2018 Priscus
1326 1989 1382 2024 (96)
1400 1988 1557 2024 eliphrt-pba
1569 1997 1622 2016 non
1640 1996 1721 2016 manu

931 2036 1002 2062 facta
1021 2036 1066 2062 illa
1092 2036 1208 2070 imagine
1228 2036 1294 2070 ipsis
1319 2036 1428 2068 tradita,
1456 2035 1564 2070 placare
1592 2042 1640 2069 per
1660 2042 1720 2062 eam

931 2083 1084 2117 gregarium
1112 2082 1223 2109 militem
1251 2082 1385 2110 tentavit:
1403 2082 1448 2109 sed
1464 2081 1536 2108 illam
1554 2081 1636 2108 etiam
1654 2081 1722 2114 lapi—

931 2127 1010 2154 dibus
1035 2127 1182 2162 petierunt.
1209 2127 1292 2160 Igitur
1308 2126 1379 2162 29a
1403 2126 1614 2154 Constantinam
1641 2126 1719 2161 fugit.

932 2172 1035 2199 Invitus
1052 2172 1160 2199 interim
1173 2172 1207 2199 ab
1222 2173 1344 2199 exercitu
1359 2172 1412 2199 dux
1429 2171 1544 2206 clegitur
1559 2171 1719 2199 Germanus.

91 2217 229 2252 Γερμανὸς
245 2218 339 2250 αὐτοῖς
366 2219 520 2254 στρατηγὸς
543 2218 685 2250 ἀκούσιος·
709 2218 756 2244 καὶ
778 2217 878 2252 ταύτης

934 2217 1000 2244 Dum
1019 2218 1076 2245 hate
1099 2225 1146 2250 per
1161 2217 1214 2244 vim
1238 2223 1319 2252 atque
1335 2217 1478 2244 tumultum
1494 2222 1638 2252 geruntur,
1655 2217 1723 2244 ntul-

91 2263 140 2298 τῆς
167 2264 325 2298 τυραννίδος
351 2264 506 2299 κρατούσης
537 2264 633 2290 πολλαὶ
660 2263 736 2297 παρὰ
769 2262 878 2297 Περσῶν

934 2263 968 2290 tis
994 2263 1101 2290 interim
1119 2262 1233 2290 Rettiani
1252 2271 1266 2289 a
1286 2262 1379 2289 Persis
1392 2262 1592 2290 calamitatibus
1618 2261 1721 2291 amicti.

93 2309 230 2343 συμφοραὶ
246 2310 304 2340 τοῖς
326 2309 471 2344 Ῥωμαίοις
482 2309 701 2336 ἐναπετίκτοντο.
714 2309 759 2336 Διδ
769 2309 816 2336 καὶ
832 2308 878 2344 βα-

935 2309 1024 2341 Quare
1038 2308 1130 2336 Prisco
1142 2309 1290 2343 imperator
1301 2308 1462 2342 dignitatem
1477 2308 1587 2340 adimit,
1611 2309 1723 2343 ejusque

93 2354 180 2386 σιλεὺς
197 2354 279 2381 παύει
298 2354 348 2389 μὲν
360 2355 491 2390 Πρίσκον,
506 2355 717 2383 ἀνταποστέλλει
730 2349 759 2382 δὲ
774 2355 819 2391 [88
834 2354 878 2391 IL]

937 2353 963 2380 iu
980 2353 1066 2381 locum
1090 2354 1270 2389 Philippicum
1296 2354 1394 2382 iterum
1414 2355 1509 2382 ducem
1521 2354 1612 2381 mittit.
1628 2354 1682 2382 Sed
1696 2360 1723 2381 et

92 2399 252 2426 Φιλιππικὸν
279 2400 361 2427 πάλιν
388 2402 551 2436 στρατηγόν.
578 2401 609 2428 Ἢ
633 2402 662 2428 δὲ
691 2402 806 2436 στρατιὰ
835 2402 878 2428 καὶ

937 2399 979 2426 his
993 2407 1112 2432 rursum,
1141 2399 1248 2426 turbato
1271 2400 1405 2432 exercitu,
1433 2399 1634 2427 tumultuatum.
1653 2399 1723 2427 Con—

93 2444 159 2478 πρὸς
174 2445 254 2471 αὑτὸν
278 2446 434 2478 ἐστασίαζε.
451 2447 506 2473 Καὶ
525 2446 710 2482 πολιορκεῖται
733 2447 783 2482 μὲν
803 2448 878 2474 Κων-

937 2446 1056 2472 stantina
1066 2445 1121 2480 (97)
1129 2453 1142 2472 a
1153 2445 1242 2473 Persis
1255 2447 1374 2472 obsessa.
1386 2445 1577 2480 periculisque,
1587 2445 1723 2472 Germano

94 2491 218 2516 σταντῖνα
234 2490 286 2518 ὑπὸ
307 2491 432 2526 Περσῶν,
447 2491 542 2526 ῥύεται
556 2492 584 2519 δὲ
599 2493 656 2520 τῶν
678 2492 807 2520 κινδύνων
820 2493 878 2519 ἑπι-

937 2490 1076 2525 snppctias
1089 2491 1202 2523 ferente,
1222 2490 1360 2517 eximitur.
1383 2489 1508 2517 Prazlium
1533 2490 1669 2517 Romanos
1683 2489 1724 2516 in-

95 2535 206 2567 στάντος
218 2537 289 2572 αὐτῇ
305 2537 459 2572 Γερμανοῦ.
480 2538 537 2565 Καὶ
556 2538 673 2574 πόλεμος
696 2539 814 2574 Πέρσαις
835 2539 878 2565 καὶ

938 2541 978 2563 ter
990 2541 1018 2567 et
1030 2536 1126 2564 Persas
1137 2537 1170 2562 ad
1186 2535 1387 2571 Martyropolim
1404 2536 1590 2564 commissum.
1606 2535 1724 2564 Victoria

739 2604 855 2633 VARIIE
877 2602 1080 2632 LECTIONES.

129 2660 151 2676 ”
164 2661 178 2687 ὁ
190 2661 252 2689 add.
266 2663 298 2689 A.
334 2662 357 2678 ³⁰
368 2664 425 2695 τοῖς
437 2665 456 2691 Α
472 2663 548 2690 ετότε
567 2672 596 2695 ς.
636 2665 659 2680 ⁸¹
672 2664 719 2690 τοῦ
740 2663 801 2691 add.
818 2664 850 2690 Α.
887 2663 910 2679 ⁸⁸
921 2661 963 2698 τε]
986 2670 1015 2688 τε
1036 2661 1082 2687 καὶ
1095 2669 1126 2693 ς.
1157 2661 1189 2698 ’⁸³
1208 2661 1388 2698 μουστᾴκωνα
1402 2670 1433 2693 ς.
1465 2662 1494 2698 7⁸³
1512 2662 1724 2698 λἈνδριανουπό-

96 2695 163 2727 λεως
177 2705 208 2728 ς.
244 2698 267 2713 ⁸⁸
279 2697 321 2724 διὸ
339 2699 386 2725 καὶ
400 2699 430 2725 τὸ
443 2707 474 2731 ς.
514 2699 537 2715 ⁸⁸
549 2699 684 2734 ιλιφρέφα
702 2708 732 2731 ς.
771 2699 794 2715 ⁸⁷
812 2698 942 2732 στρατιᾶς
953 2695 1011 2732 ’ωε
1028 2705 1035 2723 :
1053 2696 1196 2731 στρατείας
1217 2705 1247 2728 ς.
1285 2697 1308 2712 ⁸⁸
1324 2696 1554 2733 Μαρτυρούπολιν
1566 2695 1599 2724 Α.

837 2742 955 2771 NOTAE.

132 2790 200 2827 (94⁸)
213 2789 281 2827 Vide
299 2791 334 2819 cl.
357 2792 386 2818 ν.
401 2791 469 2820 Justi
482 2792 565 2827 Lipsii
585 2792 692 2827 epistol.
712 2792 738 2819 in
759 2791 830 2819 notis
846 2791 879 2818 ad

99 2825 243 2857 exemplar.
259 2825 395 2854 Grazcum.

136 2859 190 2893 (95)
205 2860 321 2898 Niceph.
333 2861 380 2889 lib.
400 2870 419 2895 ι,
438 2870 496 2898 cap.
512 2862 556 2896 ll,
568 2862 647 2890 aliam
659 2862 791 2890 tumultus
801 2861 881 2896 hujus

103 2901 209 2922 causam
219 2897 319 2924 reddit.

973 2788 1028 2824 (96)
1050 2789 1086 2825 De
1108 2797 1189 2825 aurea
1213 2789 1330 2824 imagine
1350 2789 1532 2825 accipiendam
1552 2797 1642 2817 vocem
1663 2789 1730 2815 han

907 2834 911 2841 ν
935 2824 1027 2860 haram
1043 2824 1165 2860 ξλφρέφα
1186 2832 1232 2851 seu
1247 2825 1379 2860 ἑλιφρίδα,
1395 2824 1504 2860 quidam
1525 2825 1568 2853 hic
1585 2829 1723 2852 notarunt.

973 2859 1029 2894 (97)
1041 2859 1154 2895 Niccplt.
1172 2860 1221 2887 lib.
1242 2859 1321 2894 xvtu,
1339 2859 1458 2896 cap.'l.rl..
