1934 3089
232 207 279 236 117

809 204 941 235 ΡΗΟΤΙΙ
960 204 1214 234 PATRIARCHE
1234 204 1288 234 CP.

1803 206 1850 238 HS

231 263 327 291 illustri
348 270 380 290 eo
400 263 442 290 die
465 269 547 296 penes
564 262 700 290 Romanos
718 261 778 294 fuit,
793 261 903 289 Maruza
917 261 1012 288 Persa-

1071 261 1214 296 Ῥωμαίοις
1231 262 1302 288 κατὰ
1326 261 1375 296 τὴν
1394 261 1645 298 Μαρτυρόπολιν-⁸⁸
1666 261 1781 296 γίνεται,
1807 266 1852 292 καὶ

230 318 289 337 rum
303 310 380 340 duce.
399 317 459 336 eum
477 310 562 337 tribus
575 316 684 336 suorutn
701 309 830 338 millibus.
847 310 880 335 ad
896 308 1017 335 iuterue-
1032 308 1038 313 ’

229 356 335 382 cioneut
367 362 457 388 caeso,
489 355 576 390 captis
605 362 669 382 vero
697 355 779 381 mille.
809 353 1013 384 Reconciliato,

228 401 376 428 Aristobuli
410 409 514 435 opera,
545 408 605 428 cttm
632 401 795 435 imperatore
819 399 951 432 exercitu,
981 398 1015 424 ad

228 455 318 474 arcem
335 447 532 482 Giligerdorum
547 447 633 473 virtus
644 447 811 481 captivorum
830 445 945 472 tttilitum
959 444 1016 471 eni-

229 492 277 518 tuit
295 500 301 517 :
319 496 346 518 et
361 491 507 525 Gregorius
532 491 588 527 (98)
613 491 765 518 Antiochia:
780 491 933 524 episcoptts,
956 496 1015 516 sus-

228 542 305 571 cepta
330 538 481 572 legatione,
511 538 687 572 Pliilippicum
725 537 842 564 restituit
872 535 1014 562 exercitui.

228 582 428 617 Martyropolis,
445 582 521 610 Sittm
546 582 686 610 fraudibus
709 591 722 608 a
741 582 831 609 Persis
852 587 929 615 capta
949 582 1014 618 (99).

228 631 395 665 Pliilippirus
417 630 504 658 ollicio
525 631 586 666 dejii
597 632 649 657 itttr
661 651 668 663 ,
689 630 872 665 suﬂ'ectusque
883 631 917 658 ab
931 631 1016 665 impe-

228 683 320 704 ratore
347 676 477 704 Mauricio
503 677 529 704 in
558 676 616 710 ejus
637 676 725 705 locum
750 676 947 708 Comenliolus,
971 676 1014 703 cui

229 722 384 749 mandatum
394 721 623 756 commissumque
639 722 737 749 bellnnt
747 727 787 749 est
804 722 951 750 Persicum.
963 721 1016 749 Ge-

229 772 261 793 ltl‘
273 767 329 794 sive
343 766 442 799 Sclavi,
458 774 489 794 ea
509 771 677 801 tempestate,
693 767 782 793 vicina
798 767 919 794 Tltrasiic
931 775 1016 802 popu-

229 812 354 839 labantur
373 820 380 838 :
397 811 481 838 Ruina
496 812 626 839 adversus
639 812 823 846 Longibardos
836 821 910 839 artua
921 813 1016 840 indue-

228 858 294 885 bat:
316 857 407 884 Africa
429 865 536 892 quoque
561 857 711 885 Maurusios
737 859 874 890 superavit
890 858 938 894 (l).
961 858 1016 886 Co-

227 903 358 932 metttiolo
385 904 464 935 duce,
487 908 634 938 pugnatum
661 903 737 937 juxta
765 903 941 930 Sisarliauum
963 904 1013 939 (2),

227 956 312 983 prope
325 948 440 980 Nisibin,
457 956 471 975 a
488 948 577 976 Persis
597 954 678 983 atque
693 949 832 976 Romanis.
848 948 961 976 llontaui
974 949 1012 985 (5)

227 996 337 1023 militari
352 997 450 1024 virtute
461 997 616 1032 superiores
631 1004 752 1029 evasere,
768 996 890 1024 Heraclio
906 998 1012 1025 hastam

227 1041 335 1069 fortiter
363 1047 419 1069 tum
442 1043 576 1071 vibrante.
602 1042 752 1070 Cecitliteo
770 1042 862 1077 praelio
884 1043 1013 1071 Phraates

228 1088 284 1123 ipse
300 1089 469 1115 l‘ersicarum
486 1087 625 1122 copiarum
647 1087 713 1120 dux,
734 1087 886 1122 castrisque
901 1087 1013 1121 direptis

227 1133 317 1167 opima
342 1133 429 1168 spolia
458 1133 537 1160 lecta.
562 1133 659 1160 Baram
685 1133 736 1168 (4),
764 1132 862 1160 Turcis
888 1134 1011 1166 devictis,

227 1187 339 1214 magnas
353 1187 385 1207 ex
397 1180 436 1206 eis
447 1187 512 1214 opes
528 1179 678 1206 llortnisda:
701 1179 756 1214 regi
777 1179 970 1213 suppeditavit,
985 1184 1014 1207 et

227 1225 336 1251 strictos
349 1224 438 1259 gladio
453 1224 563 1251 Suaniat
577 1224 696 1251 minatus
711 1229 761 1251 est.
780 1224 893 1251 Romani
909 1228 1011 1256 autem.

226 1269 353 1296 dttctante
372 1269 495 1296 Romano
506 1270 621 1304 quodam
644 1270 765 1302 nomine,
777 1275 905 1297 conserta
930 1278 1012 1297 manu

227 1321 288 1342 cum
303 1315 423 1341 exercitu
439 1314 557 1347 Barami,
567 1315 724 1350 collatisque
739 1316 809 1342 inter
822 1323 851 1342 se
860 1316 956 1350 signis,
973 1317 1013 1343 vi-

226 1359 302 1388 ribus
328 1359 466 1393 fortiores,
479 1361 609 1388 illustrem
633 1361 750 1389 retulere
767 1361 921 1390 victoriam.
944 1362 1013 1389 llor-

227 1405 328 1433 ntisdas
343 1406 377 1432 ob
390 1405 492 1433 cladem
507 1411 656 1441 acceptam,
676 1415 724 1441 per
742 1407 917 1442 opprobrium
947 1416 1013 1435 con-

227 1452 430 1486 tumeliamque,
443 1452 558 1478 Baranto
571 1458 672 1479 vestem
692 1454 765 1480 misit
779 1454 947 1481 muliebrem.
964 1454 1013 1482 llic

228 1495 423 1522 contumeliam
437 1496 557 1522 vicissim
578 1502 606 1522 et
620 1496 749 1530 injuriam
769 1497 884 1530 ultttrus,
896 1498 964 1524 datis
978 1499 1011 1525 ad

225 1547 287 1566 eum
304 1537 402 1566 litteris
414 1539 462 1574 (5),
478 1541 617 1575 inscripsit
633 1549 640 1567 :
655 1541 807 1569 Cltrosroes
825 1543 885 1569 illim
901 1541 963 1577 (non
981 1542 1012 1568 fi—

226 1584 274 1617 llo)
293 1584 452 1611 llormisdae.
472 1585 529 1612 Hoc
540 1585 608 1612 bello
623 1591 649 1613 et
665 1587 799 1619 Armenii,
815 1587 937 1614 Sabbatii
951 1596 1012 1622 per-
1027 1610 1048 1639 Ε

228 1630 356 1657 suasione
368 1631 488 1663 adducti,
508 1631 639 1658 Joannem
657 1632 696 1666 (6)
711 1633 806 1659 ducent
822 1641 899 1660 strint
920 1639 1011 1661 sustu-

226 1674 325 1708 lerunt,
340 1680 366 1703 et
379 1676 411 1702 ad
429 1676 525 1704 Persas
541 1678 656 1704 dcticere
672 1678 812 1711 parabant.
831 1678 1014 1706 Comentiolus

226 1721 334 1749 interim
356 1722 390 1748 ab
409 1722 574 1755 imperatore
598 1722 708 1753 missus,
732 1728 761 1749 et
775 1723 920 1750 militarem
935 1724 1013 1757 sedat

226 1767 381 1797 tumultum,
390 1773 417 1793 ct
427 1767 586 1795 Saltbatium
601 1768 862 1804 Constantinopolim
875 1771 956 1802 ducit,
966 1771 1011 1806 qui

225 1812 259 1838 ad
274 1811 374 1840 bestias
393 1813 429 1839 ibi
449 1813 604 1846 damnatus,
622 1815 737 1842 Caesaris
754 1821 842 1843 tamen
869 1817 1012 1844 clementia

225 1858 306 1886 morti
322 1859 445 1893 eripitur.
464 1860 622 1888 Hormisdas
635 1860 765 1888 Saramett
783 1862 914 1890 adversus
930 1863 1013 1889 Bara-

226 1913 299 1932 mtttn
310 1906 408 1933 mittit:
426 1914 568 1942 pugnaque
583 1909 683 1935 victum
702 1909 772 1943 290
787 1909 916 1936 Saratuett
932 1909 1013 1936 Bara-

227 1958 286 1977 ntus
301 1951 453 1985 elephantis
474 1953 659 1980 devorandum
674 1954 783 1987 objecit,
800 1959 826 1981 et
841 1954 928 1989 palam
945 1962 1012 1981 con-

227 1999 268 2022 tra
285 1995 455 2023 llorinisdatn
471 2005 546 2025 arma
560 1999 631 2026 tttlit.
645 1998 693 2026 Hic
705 1998 836 2026 Baramus
852 2007 884 2026 co
902 2000 1012 2027 honoris

225 2048 288 2070 ante
315 2043 493 2070 defectimtem
524 2043 611 2071 fuerat
635 2049 755 2077 evectus,
775 2050 805 2072 ut
818 2045 841 2072 ei
858 2053 873 2071 a
889 2053 951 2079 rege
967 2053 1012 2073 se-

224 2087 313 2115 cundo
327 2095 406 2116 nemo
430 2089 696 2125 omnium_dignitate
708 2091 905 2119 antecelluerit.
923 2092 1011 2120 Curo-

224 2131 320 2166 palata:
340 2133 411 2160 enitn
428 2133 478 2167 (7),
493 2138 522 2160 ut
548 2134 677 2161 Romanis
702 2135 810 2167 dicitur,
831 2144 937 2163 sutntno
954 2144 1012 2162 uta-

225 2177 340 2212 gistratu
361 2177 469 2206 futtctus
494 2183 544 2206 est.
560 2180 811 2208 Recettsentnrltoc
821 2189 931 2216 quoqtte
942 2181 1012 2209 libro

225 2222 324 2256 obiter,
343 2231 405 2258 quae
428 2225 593 2258 temporibus
622 2225 700 2260 longe
721 2227 919 2260 antiquioribus
935 2232 1009 2260 gesta

1066 306 1162 332 νικῶσι
1182 306 1311 341 Ῥωμαῖοι
1327 305 1471 341 λαμπρῶς,
1495 306 1542 333 ἆτε
1561 306 1606 332 τοῦ
1623 307 1734 342 Περσῶν
1751 317 1850 345 στρατ-

1065 351 1133 385 ηγοῦ
1155 351 1287 386 Μαρούζα
1309 351 1356 377 καὶ
1374 351 1530 385 τρισχιλίων
1549 351 1696 383 πεσόντων,
1721 353 1814 387 χιλίων
1824 355 1851 381 δὲ

1067 395 1272 431 ζωγρηθέντων.
1290 396 1344 422 Καὶ
1360 396 1550 424 διαλλάσσεται
1576 397 1644 432 πρὸς
1656 399 1702 425 τὴν
1720 399 1852 436 αὐτοκρά-

1065 449 1132 476 τορα
1150 440 1185 468 δι’
1208 441 1411 476 Ἀριστοϐούλου
1423 442 1454 468 τὸ
1480 442 1679 476 στρατόπεδον
1700 444 1805 478 γίνεταί
1823 455 1851 473 τε

1066 485 1137 512 κατὰ
1150 485 1180 512 τὸ
1192 487 1320 521 φρούριον
1336 487 1505 521 Γιληγερδῶν
1519 488 1541 503 ⁶⁹
1554 487 1608 514 τῶν
1621 488 1767 523 δεσμωτῶν
1785 490 1851 517 Ῥω-

1067 532 1155 567 μαίων
1165 533 1299 567 ἀριστεία.
1313 533 1367 560 Καὶ
1382 534 1531 568 Γρηγόριος
1544 534 1558 559 ὁ
1578 533 1742 569 Ἀντιοχείας
1757 537 1853 571 ἀρχιε-

1068 578 1130 613 ρεὺς
1152 579 1314 605 Φιλιππικὸν
1339 579 1382 605 διὰ
1409 579 1556 613 πρεσϐείας
1583 579 1784 615 ἀποκαθίστησι
1814 582 1853 616 τῷ

1067 624 1260 659 στρατεύματι.
1283 625 1435 651 Ἀλέσκεται
1450 625 1478 651 δὲ
1501 625 1553 651 ὑπὸ
1571 625 1684 660 Περσῶν
1700 627 1717 661 ἡ
1739 627 1852 662 Μαρτυ-

1067 670 1176 705 ρόπολις
1188 670 1232 697 διὰ
1243 670 1324 697 Σίττα
1338 670 1416 706 δόλῳ,
1430 671 1476 697 καὶ
1491 670 1741 705 ἀποχειροτονεῑται
1758 673 1855 699 Φιλιπ-

1065 715 1156 748 πικὸς,
1184 711 1231 743 καὶ
1259 716 1438 748 Κομεντίολος
1460 716 1518 742 ἀντ’
1539 715 1622 742 αὑτοῦ
1643 716 1690 744 τὸν
1721 718 1856 754 Περσικὸν

1066 762 1118 788 ὑπὸ
1142 762 1189 788 τοῦ
1213 763 1415 798 αὐτοκράτορος
1436 762 1595 789 πιστεύεται
1622 763 1749 798 πόλεμον.
1767 765 1799 791 Οἱ
1826 765 1856 792 δὲ

1066 807 1146 834 Γέται
1161 808 1221 843 ἤτοι
1233 808 1349 834 Σκλάὸοι
1364 808 1398 834 τὰ
1411 809 1476 842 περὶ
1486 809 1536 841 τὴν
1547 809 1658 844 Θρᾴκην
1667 809 1855 845 ἐλυμαίνοντο,

1066 853 1082 887 ὴ
1102 852 1196 887 Ῥώμη
1207 852 1234 878 δὲ
1247 852 1314 887 πρὸς
1329 853 1393 884 τοὺς
1405 853 1607 889 Λογγιὸάρδους
1621 854 1644 869 ⁶⁰
1659 854 1856 888 ἀνθωπλιζετο,

1066 899 1113 924 καὶ
1129 898 1216 933 Λιϐύη
1231 898 1285 925 τῶν
1302 900 1484 934 Μαυρουσίων
1507 901 1686 935 περιεγίνετο.
1708 902 1858 936 Κομεντιό-

1032 933 1053 960 Β
1066 943 1113 970 λου
1129 944 1156 970 δὲ
1169 944 1386 980 στρατηγοῦντος
1406 933 1608 981 συμπλέκονται
1627 948 1693 984 περὶ
1710 933 1858 984 ’τὺ-Σισάρ-

1067 989 1147 1016 ϐανον
1171 990 1285 1026 πλησίοι
1312 991 1427 1023 Mattio,-
1446 993 1549 1028 Πέρσαι
1571 994 1618 1021 καὶ
1641 994 1779 1030 Ῥωμαῖοι,
1807 996 1859 1023 καὶ

1066 1035 1164 1062 νικῶσι
1177 1037 1248 1063 κατὰ
1271 1037 1370 1073 κράτος
1391 1038 1532 1072 Ῥωμαῖοι,
1553 1039 1715 1075 Ἡρακλείου
1736 1050 1859 1076 περιφα-

1067 1081 1119 1112 νῶς
1133 1082 1371 1116 ὲνευδοκιμοῦντος
1383 1083 1422 1118 τῷ
1433 1084 1525 1118 δόρατι
1536 1093 1543 1100 ·
1560 1085 1655 1112 πίπτει
1671 1086 1724 1121 γὰρ
1745 1087 1790 1112 καὶ
1807 1087 1860 1112 αὐ-

1065 1126 1111 1157 τὸς
1125 1126 1140 1152 ὁ
1152 1126 1205 1152 τῶν
1223 1127 1334 1161 Περσῶν
1347 1128 1499 1163 στρατηγὸς
1515 1129 1652 1164 Φραάτης,
1665 1131 1713 1157 καὶ
1725 1131 1859 1157 σκυλεύε-

1066 1180 1111 1198 ται
1130 1171 1160 1198 τὸ
1173 1172 1313 1207 πολέμιον.
1332 1174 1393 1200 Ἔτι
1408 1174 1436 1200 δὲ
1451 1174 1629 1210 διαλαμϐάνει
1645 1176 1718 1208 ὅπως
1730 1178 1744 1203 ὁ
1758 1177 1860 1212 Βαρὰμ

1066 1217 1205 1252 Τούρκους
1234 1218 1475 1254 καταπολεμήσας,
1493 1221 1540 1246 καὶ
1558 1221 1642 1248 πολὺν
1657 1221 1772 1248 πλοῦτον
1792 1223 1859 1257 ’ορ-

1068 1263 1149 1298 μίσδᾳ
1165 1263 1203 1298 τῷ
1225 1263 1330 1298 βασιλεῖ
1349 1265 1455 1291 ἐκεῖθεν
1472 1267 1640 1301 χορηγήσας,
1664 1264 1714 1302 ἦρε
1731 1268 1779 1302 τὴν
1798 1268 1856 1302 μά-

1066 1317 1166 1343 χαιραν
1182 1311 1228 1336 καὶ
1244 1310 1316 1337 κατὰ
1335 1311 1465 1344 Σουανῑας
1477 1320 1483 1326 “
1510 1313 1638 1348 Ῥωμαῖοι
1657 1313 1685 1340 δὲ
1709 1313 1858 1349 Ῥωμανοῦ

1067 1356 1283 1389 στρατηγοῦντος
1316 1357 1518 1391 συμπλέκονται
1546 1359 1644 1393 Βαρὰμ
1669 1360 1716 1385 καὶ
1741 1360 1780 1395 τῷ
1807 1361 1858 1386 ὑπ’

1066 1400 1140 1435 αὐτῷ
1155 1401 1176 1416 ⁶¹
1193 1401 1310 1436 στρατῷ,
1338 1402 1384 1428 καὶ
1408 1403 1478 1430 κατὰ
1492 1404 1592 1438 κράτος
1615 1403 1722 1432 νικῶσι.
1739 1405 1792 1431 Καὶ
1815 1405 1857 1437 ὡς

1065 1445 1109 1471 διὰ
1123 1446 1171 1479 τὴν
1190 1443 1274 1481 ἧτταν
1299 1446 1447 1482 Ὀρμῐσδας
1460 1448 1498 1481 τῷ
1514 1448 1611 1483 Βαρὰμ
1624 1449 1795 1481 ὲπονειδῐζων
1805 1458 1859 1484 γυ-

1067 1490 1190 1517 ναικείαν
1204 1490 1324 1518 ἔστειλεν
1335 1491 1437 1527 ἐσθῆτα
1449 1501 1456 1508 ·
1469 1494 1482 1519 ὁ
1496 1493 1524 1519 δὲ
1541 1493 1697 1529 ἀνθύϐριζε,
1714 1495 1857 1529 θυγατέρα

1066 1537 1268 1572 Χοσρὸου,ἀλλ’
1291 1539 1340 1572 οὐχ
1367 1539 1424 1564 υἱὸν
1443 1538 1588 1574 Ὀρμίσδαν
1612 1541 1668 1571 τοίς
1691 1541 1858 1575 γράμμασιν

1067 1583 1296 1618 ἐπιγραφόμενος.
1316 1584 1359 1610 Ἑν
1370 1581 1392 1618 ᾧ
1404 1585 1451 1610 καὶ
1468 1585 1605 1619 Ἀρμένιοι
1620 1585 1770 1621 ὑποθήκαις
1784 1587 1858 1612 Σαδ-

1065 1629 1158 1655 ϐατίου
1182 1629 1226 1655 τὸν
1246 1630 1268 1645 ⁶¹
1289 1629 1338 1664 μὲν
1358 1630 1432 1664 σφῶν
1454 1631 1605 1665 στρατηγὸν
1628 1631 1753 1666 Ἰωάννην
1776 1633 1857 1659 ἀναι-

1067 1675 1153 1708 ροῦσι,
1170 1674 1217 1710 (45
1232 1674 1278 1710 Η.]
1304 1677 1474 1711 προσχωρεῖν
1495 1676 1522 1702 δὲ
1547 1677 1666 1711 Πέρσαις
1686 1677 1854 1712 ἐγχειροῦσι.

1064 1720 1244 1755 Κομεντίολος
1271 1720 1300 1747 δὲ
1327 1721 1432 1753 σταλεὶς
1461 1715 1513 1748 ὕπὸ
1538 1722 1586 1748 τοῦ
1613 1722 1744 1756 βασιλέως
1762 1723 1813 1758 τὴν
1825 1732 1855 1750 τε

1064 1768 1159 1794 στάσιν
1183 1767 1346 1799 κατευνάζει
1371 1768 1417 1794 καὶ
1445 1768 1595 1795 Σαὸὅὰτιον
1616 1769 1637 1784 ⁵³
1654 1770 1683 1800 ἐς
1708 1768 1857 1800 Βυζάντιον

1063 1811 1124 1845 ἄγει
1135 1819 1142 1826 '
1156 1813 1169 1838 ὁ
1179 1811 1207 1838 δὲ
1221 1812 1324 1847 θηρίοις
1339 1813 1405 1848 βορὰ
1413 1812 1540 1846 γενέσθαι
1556 1812 1776 1845 καταδικάζεται,
1792 1813 1856 1846 φιλ-

1063 1857 1205 1893 ανθρωπίᾳ
1219 1858 1247 1884 δὲ
1263 1858 1386 1893 βασιλικῇ
1404 1858 1449 1885 τοῦ
1476 1859 1590 1885 Θανάτου
1612 1859 1768 1886 ἀπολύεται.
1790 1860 1855 1895 Ὁρ-

1065 1903 1163 1937 μίσδας
1181 1903 1209 1930 δὲ
1224 1904 1354 1940 Σαράμην
1370 1904 1441 1930 κατὰ
1453 1905 1550 1940 Βαρὰμ
1565 1905 1741 1932 ἀποστέλλει·
1755 1906 1856 1940 Βαρὰμ

1062 1948 1091 1974 δὲ
1112 1948 1187 1984 μάχῃ
1208 1950 1322 1983 νικήσας
1337 1949 1468 1985 Σαράμην
1487 1950 1640 1984 ἐλεφάντων
1659 1950 1742 1985 βορὰν
1761 1952 1856 1985 ἐποιή-

1063 2003 1129 2021 σατο
1148 1995 1194 2021 καὶ
1216 1995 1366 2029 ἀναφανδὸν
1389 1996 1458 2021 κατὰ
1480 1996 1611 2030 Ὀρμέσδκ
1635 1997 1853 2031 παρατάσσεται.

1071 2039 1100 2066 ⁸0
1123 2039 1152 2066 δὲ
1177 2040 1275 2075 Βαρὰμ
1291 2041 1339 2066 ἐπὶ
1363 2041 1474 2067 τοσοῦτο
1485 2041 1506 2057 (⁵⁸
1521 2042 1599 2077 δόξης
1626 2039 1665 2077 ἦν.
1684 2042 1855 2078 κεχωρηκὼς

1063 2086 1129 2120 πρὶν
1149 2086 1171 2102 ⁸⁸
1187 2086 1202 2121 ἢ
1217 2087 1365 2122 μελετῆσαι
1377 2087 1411 2113 τὰ
1429 2087 1480 2122 τῆς
1499 2088 1668 2119 ἀποστασῐας
1681 2089 1719 2120 ὡς
1733 2090 1803 2124 μετά
1820 2097 1853 2123 γε

1064 2131 1178 2166 βασιλέα
1190 2132 1290 2167 μηδένα
1303 2132 1357 2158 τῶν
1371 2133 1481 2159 πάντων
1497 2133 1607 2167 μείζονα
1622 2134 1701 2166 δόξαν
1716 2134 1788 2169 ἔχειν
1803 2136 1854 2162 αὺ-

1062 2177 1110 2204 τοῦ
1120 2186 1126 2193 ·
1143 2177 1157 2203 ὃ
1172 2179 1226 2213 γὰρ
1242 2178 1451 2214 κουροπαλάτην
1464 2179 1486 2195 ⁸⁸
1508 2180 1637 2215 Ῥωμαῖοι
1651 2180 1774 2212 καλοῦσι,
1786 2181 1854 2208 ταύ-

1062 2233 1112 2259 της
1123 2224 1247 2258 ἁπήλαυε
1268 2225 1317 2259 τῆς
1331 2225 1424 2260 τιμῆς.
1451 2225 1659 2260 Ἐμπεριέχεται
1680 2226 1707 2251 δὲ
1726 2226 1766 2261 τῷ
1782 2226 1855 2261 λόγῳ

225 2269 337 2296 fuerunt
355 2278 363 2296 :
396 2271 568 2305 brevilerqtte
597 2277 742 2299 narrantur
763 2280 805 2305 ea,
821 2281 881 2307 qure
893 2274 942 2299 sub
967 2273 1011 2300 Ju-

1065 2271 1110 2296 καὶ
1128 2270 1268 2305 ἀναδρομὴ
1290 2271 1344 2297 τῶν
1369 2271 1598 2306 συγκυρησὰντων
1615 2271 1678 2306 περὶ
1698 2273 1761 2303 τοὺς
1785 2281 1854 2307 πρε-

223 2315 296 2342 stiuo
308 2320 334 2342 ct
347 2315 457 2343 Tiberio
470 2318 594 2351 angustis
604 2322 763 2344 evenerunt.
781 2318 931 2345 llortuisdte
943 2326 1010 2352 quo-

223 2367 275 2393 que
290 2360 433 2388 Persarum
452 2363 523 2396 regis
541 2363 689 2390 crudelitas
719 2364 875 2397 exponitur,
900 2369 927 2390 et
946 2363 1010 2390 Pcr-

224 2415 315 2434 sarum
331 2415 422 2442 regum
441 2409 526 2435 series
547 2415 562 2436 a
579 2410 666 2443 capite
679 2411 836 2436 arcessitur.
852 2409 939 2443 Atque
953 2410 1010 2437 ltaac

224 2443 331 2487 quidem
346 2453 414 2482 libre
425 2453 512 2481 tertio.

1062 2315 1209 2349 σϐυτέρους
1226 2316 1347 2350 χρῦνους,
1366 2316 1412 2342 καὶ
1426 2317 1557 2350 σύντομος
1581 2317 1720 2351 ἀφήγησις
1734 2317 1788 2342 τῶν
1804 2326 1854 2343 κε-

1062 2362 1215 2395 κινημένων
1226 2361 1271 2386 ἐπὶ
1282 2362 1330 2396 τῆς
1346 2361 1484 2396 βασιλείας
1502 2362 1644 2388 Ἱουστίνου
1660 2363 1707 2388 καὶ
1722 2363 1851 2398 Τιδερέου

1063 2407 1115 2434 τῶν
1131 2407 1348 2442 αὐτοκρατόρων,
1367 2409 1413 2434 καὶ
1441 2408 1505 2442 περὶ
1526 2409 1576 2442 τῆς
1596 2409 1735 2443 ὠμότητος
1753 2409 1853 2444 ’ορμί-

1064 2454 1126 2480 σδου
1144 2453 1190 2479 τοῦ
1212 2453 1324 2488 Περσῶν
1350 2453 1496 2487 βασιλέως,
1517 2455 1563 2480 καὶ
1577 2454 1626 2487 τῆς
1649 2455 1786 2490 Περσικῆς
1802 2464 1852 2489 γε*

1063 2498 1192 2532 νεαρχίας
1207 2498 1356 2532 ἀφήγησις.
1370 2497 1461 2524 Ταῦτα
1475 2497 1524 2532 μὲν
1538 2499 1584 2524 καὶ
1601 2498 1615 2523 ὁ
1629 2500 1662 2531 γ’.

870 2542 989 2570 νΑΒΙίΕ
1010 2543 1213 2571 LECTIONES.

261 2576 283 2592 II
296 2577 335 2592 v.1
343 2577 382 2592 .u—'

261 2577 283 2592 ”
296 2577 455 2638 γιλιγέρδων
471 2586 501 2609 ς.
542 2578 563 2593 ⁵ο
580 2578 635 2611 λαγε

223 2620 280 2638 τιον
295 2620 339 2646 mg
359 2621 365 2638 :
399 2614 448 2638 tbt't
476 2612 635 2646 συμϐάτιιιν.

403 2577 455 2603 ϐων
471 2586 501 2609 ς.
542 2578 563 2593 ⁵ο
580 2578 778 2612 λαγγιὸάρδους
806 2577 906 2605 habere
939 2579 1044 2605 videtur
1056 2579 1088 2605 Δ.
1127 2579 1149 2594 ⁶¹
1165 2579 1210 2605 ὑπ’
1230 2578 1310 2605 αὑτὸν
1334 2588 1364 2611 ς.

674 2613 696 2628 ⁸⁸
706 2613 826 2648 τοσούτῳ
838 2613 870 2646 Α,
884 2613 1008 2650 τοσοῦτον
1026 2622 1058 2650 CI;
1074 2614 1118 2650 g“
1134 2613 1210 2650 πρὶν]
1225 2614 1255 2640 τὸ
1277 2615 1341 2650 πρὶν
1354 2615 1387 2640 Α.
1425 2613 1447 2629 ⁶⁶
1465 2613 1498 2648 ἣν
1518 2613 1570 2647 γὰρ
1596 2614 1801 2649 κουροπαλάτου
1817 2623 1850 2647 ς.

1404 2579 1426 2594 θ’
1437 2577 1496 2613 τὸν]
1511 2578 1560 2604 καὶ
1575 2578 1622 2604 τὸν
1635 2588 1665 2610 ς.
1704 2579 1726 2595 ⁵³
1745 2579 1854 2606 Σαϐϐά-

986 2647 1031 2676 N0
1038 2648 1105 2676 ΤᾹΞ.

259 2694 315 2728 (98)
330 2693 424 2720 Oratio
437 2693 560 2728 Gregorii
581 2698 622 2721 est
643 2694 714 2729 apud
738 2693 850 2729 Niceplt.
865 2695 912 2722 lib.
930 2702 1007 2728 xvut,

222 2736 283 2762 cap.
299 2729 331 2754 15
342 2734 369 2755 et
388 2729 431 2755 16.

258 2763 314 2798 (99)
341 2764 377 2790 De
392 2764 460 2790 Sitta
479 2771 541 2798 vero
558 2763 699 2798 transfuga
715 2772 776 2798 cap.
801 2765 844 2796 17,
856 2770 883 2791 et
897 2765 940 2790 ltic
957 2763 1008 2791 inf.

257 2798 296 2833 (ί)
310 2799 359 2831 Qui
376 2806 390 2824 a
406 2799 507 2825 Grawis
520 2797 646 2825 Maurusii
658 2797 837 2832 appellantur,
851 2807 898 2826 eos
913 2799 1010 2828 Itoma-

225 2833 250 2860 tti
265 2839 292 2859 et
308 2833 440 2868 indigena:
451 2833 556 2860 Mauros
573 2838 680 2860 vocant.
695 2835 793 2861 Strabo
805 2835 851 2862 lli).
870 2841 936 2861 xvtt.

259 2868 297 2902 (2)
315 2868 488 2896 Sisauroruut
524 2869 616 2896 urbem
640 2877 699 2904 sup.
716 2870 855 2897 nominare
890 2869 1004 2904 I’rocop.

225 2903 271 2932 lib.
290 2911 307 2934 ιι
325 2904 439 2932 videtur.

1097 2696 1135 2731 l3)
1149 2695 1260 2730 Niceplt.
1278 2695 1325 2723 lib.
1344 2702 1495 2731 xvttthap.
1517 2695 1560 2722 18.

1098 2731 1136 2765 (4)
1155 2731 1286 2763 Varaiuus
1303 2732 1346 2758 ltic
1367 2735 1409 2758 est
1424 2730 1537 2764 Niceplt.
1554 2730 1600 2757 lib.
1623 2737 1702 2762 xvm.
1723 2737 1783 2765 cap.
1805 2731 1849 2759 l9.

1098 2766 1137 2799 (5)
1153 2766 1263 2800 Niceplt.
1279 2766 1342 2794 ibid.

1099 2801 1138 2835 (ti)
1152 2800 1233 2834 Cujus
1245 2806 1273 2828 et
1288 2809 1348 2835 sup.
1364 2800 1467 2827 mentio
1484 2800 1528 2827 lib.
1543 2807 1562 2828 l.

1099 2803 1126 2834 (ti
1152 2803 1233 2834 Cujus
1245 2806 1273 2828 et
1288 2809 1348 2835 sup.
1364 2803 1467 2827 mentio
1484 2803 1528 2827 lib.
1543 2807 1562 2828 l.

1099 2803 1139 2870 (7i
1159 2835 1209 2868 Qui
1229 2841 1320 2870 antea,
1334 2835 1460 2869 prattorio
1472 2836 1627 2869 praefectus.
1643 2834 1738 2862 Latine
1749 2835 1849 2863 dictus.

1061 2869 1101 2896 Tit
1125 2870 1182 2905 lege
1197 2870 1256 2898 Pet.
1279 2869 1359 2898 Fabri
1385 2870 1502 2898 Semost.
1518 2871 1564 2899 lib.
1583 2879 1603 2905 t,
1619 2879 1678 2906 cap.
1697 2871 1722 2903 l,
1746 2875 1774 2898 et
1795 2871 1852 2898 duo

1058 2912 1134 2941 seqq.
