1934 3089
99 162 145 195 ιιι)
656 168 920 199 BIBLIOTIIECA.
936 182 970 188 —
981 169 1064 199 COD.
1076 169 1162 200 LXV.

1678 164 1731 196 150

135 219 163 246 ’0
185 219 215 245 δὲ
237 218 366 255 τέταρτος
381 219 573 255 διαλαμϐάνει,
589 221 663 254 ὅπως
679 231 708 249 τε
734 223 852 258 Πέρσαις
873 224 887 250 ὁ

974 223 1092 256 Quartus
1110 223 1178 250 liber
1190 222 1241 250 ista
1262 221 1462 256 complectitur.
1478 219 1521 248 Uti
1536 220 1605 255 apud
1627 219 1726 248 Persas

97 265 224 300 ἐμφύλιος
256 265 423 301 ἐκρατύνετο
453 266 587 302 πόλεμος,
619 268 666 295 καὶ
694 269 743 295 ὅσα
772 269 888 296 συνεκύ-

100 320 160 347 ρησε
171 312 193 328 ⁸⁷
208 311 280 338 κατὰ
300 312 350 346 τὴν
371 312 516 347 τυραννίδα
536 313 633 349 Βαρὰμ
654 314 774 350 τρόπαιά
796 323 827 341 τε
841 316 888 342 καὶ

99 359 289 393 εὐτυχήματα·
303 359 351 385 καὶ
364 360 380 394 ἡ
396 359 443 385 τοῦ
464 360 634 395 Φερεχάνους
656 360 796 395 ἀναίρεσις
812 362 887 396 καὶὴ

98 404 238 440 Ζαδέσπρα
247 405 442 440 προσχώρησις
453 405 475 420 ⁸⁸
484 414 490 420 ”
499 405 574 437 ὅπως
586 414 616 432 τε
631 405 683 432 ὑπὸ
696 406 804 433 Βινδόου
821 407 888 433 καθ-

97 451 214 484 αιρεῖται
233 451 284 485 τῆς
308 450 445 485 βασιλείας
472 450 620 486 Ὀρμίσδας
633 459 640 467 ⁸
664 452 738 483 ὅπως
753 460 782 478 τε
803 452 888 487 ᾔτησε

97 497 205 533 δέσμιος
222 498 260 525 ὧν
273 499 476 534 δημηγορῆσαι,
491 500 538 526 καὶ
559 499 596 531 ὠς
618 500 772 536 δημηγορεῖ
784 509 791 516 ·
813 501 888 532 ὅπως

96 553 124 571 τε
144 545 256 579 Βινδόης
282 545 444 580 δημηγορεῖ,
469 545 516 572 καὶ
540 545 747 578 κατασφάζεται
772 546 887 572 ἐνώπιον

105 590 237 625 Ὁρμίσδα
251 592 264 617 ὀ
279 590 324 626 [89
341 590 386 626 [L]
401 593 464 622 παῖς
485 593 533 618 καὶ
546 591 723 629 τεμαχίζεται
737 593 752 627 ἡ
769 591 885 627 βασιλὶς,

97 636 143 662 καὶ
157 635 309 670 τυφλοῦται
323 636 370 662 καὶ
387 636 466 667 αὐτὸς
487 636 633 671 Ὁρμίσδας
643 644 649 650 ·
670 636 744 668 ὅπως
757 645 786 662 τε
807 635 886 662 ὓστε-

98 689 142 716 ρον
156 680 209 707 ὑπὸ
232 681 280 708 τοῦ
302 681 397 721 παιδὸς
417 681 549 717 Χοσρόου,
567 681 596 708 ὃν
615 681 764 717 ἐστήσαντο
784 682 887 718 Πέρσαι

99 726 220 761 βασιλέα,
248 727 377 762 ῥοπάλοις
399 728 564 762 ἀναιρεῖται.
586 727 767 763 Ἐπικράτειά
788 736 817 754 τε
837 728 887 763 τῆς

97 773 253 808 τυραννίδος
272 773 380 809 Βαρὰμ,
404 773 451 799 καὶ
472 773 546 808 φυγὴ
567 773 689 808 Χοσρόου
710 772 757 799 τοῦ
774 773 886 807 Περσῶν

99 819 243 854 βασιλέως,
257 820 333 851 ὅπως
349 829 378 846 τε
392 819 440 846 ἐπὶ
451 821 481 846 τὸ
496 820 664 856 Κιρκήνσιον
674 821 687 847 ὁ
704 820 817 855 Περσῶν
838 820 887 855 βα-

99 866 187 898 σιλεὺς
205 866 397 901 παραγίνεται,
414 866 615 901 προσχωρήσας
625 865 773 901 Μαυρικίῳ
786 865 825 901 τῷ
839 865 887 893 αὺο

97 913 254 947 τοκρὰτορι,
267 913 341 944 ὃπως
353 921 382 938 τε
397 911 626 947 διαπρεσϐεύεται
636 912 703 946 πρὸς
714 912 806 939 αὐτόν.
821 912 890 948 Περὶ

97 957 194 993 Μράμ
202 958 231 984 δὲ
244 958 336 990 πάλιν,
352 958 426 989 ὅπως
436 957 634 993 τεχναζόμενος
649 958 695 984 ὑπ’
705 958 796 985 αὐτῶν
807 959 890 994 ἀναῤ-

97 1003 213 1038 ρηθῆναι
226 1002 354 1037 βασιλεὺς
369 1002 416 1029 καὶ
436 1002 474 1037 μὴ
499 1002 588 1037 τυχὼν
606 1003 703 1030 ἑαυτὸν
720 1003 889 1038 ἀνηγόρευσε

97 1050 220 1085 βασιλέα.
235 1050 330 1078 Ὅπως
353 1048 368 1074 ὁ
390 1047 518 1083 βασιλεὺς
535 1048 660 1083 Χοσρὸην
678 1049 724 1074 ἐπὶ
745 1048 795 1083 τὴν
813 1048 890 1084 ἱερὰν

97 1096 174 1122 πόλιν
189 1095 315 1131 μετάγει,
329 1094 466 1129 βασίλειον
487 1094 562 1127 αὐτῷ
577 1094 727 1129 θεραπείαν
749 1094 888 1130 συστησά-

97 1149 187 1176 μενος.
204 1141 261 1167 Kal.
285 1140 351 1175 περὶ
379 1140 434 1166 τῶν
462 1140 695 1175 συγχωρησάντων
718 1140 817 1176 Βαρᾶιμ
843 1140 891 1167 καὶ

95 1187 202 1222 Χοσρόῃ
219 1186 272 1222 πρὺ
290 1186 340 1221 τῆς
363 1185 519 1221 Ῥωμαῖκῆς
535 1186 703 1221 συμμαχίας,
718 1186 765 1212 καὶ
779 1186 818 1218 ὡς
831 1186 890 1213 δια-

96 1233 339 1268 πρεσϐευσάμενος
351 1231 450 1267 Βαρὰμ
462 1232 531 1266 προς
545 1231 592 1258 τὸν
604 1232 795 1267 αὐτοκράτορα
810 1233 890 1259 Μαυ-

97 1279 184 1314 ρίκιον
192 1278 282 1305 ἀποπέ
287 1287 398 1313 μπεται,
405 1277 633 1312 διαπρεσὸεύεται
640 1278 668 1304 δὲ
677 1278 758 1305 πάλιν
766 1279 890 1314 Χοσρόης

95 1325 142 1351 καὶ
153 1324 295 1358 τυγχάνει.
309 1324 405 1355 ὀπως
415 1325 428 1350 ὁ
440 1323 569 1358 βασιλεὺς
581 1324 627 1350 τὸν
638 1325 688 1359 τῆς
702 1324 857 1360 Μελιτηνῆς
868 1326 890 1341 ⁶⁹

96 1371 172 1407 ἱερέα
197 1372 257 1406 ἆμα
281 1371 305 1388 ⁷⁸
330 1372 350 1398 Γ
352 1371 473 1407 ρηγορίῳ
501 1371 540 1405 τῷ
571 1371 738 1406 Ἀντιοχείας
765 1373 891 1408 ἀρχιερεῖ

95 1417 165 1452 πρὸς
181 1417 305 1452 Χοσρόην
329 1417 478 1451 ἐξέπεμψε.
496 1417 565 1452 Περὶ
588 1417 640 1453 τῆς
660 1417 817 1451 δολοψονίας
836 1419 889 1445 Βα-

96 1462 164 1501 ράμ]
175 1465 210 1501 ῆν
223 1465 368 1500 Ζαμέιρδης
380 1466 425 1492 καὶ
440 1465 601 1501 Ζοανάμϐης
609 1466 631 1481 '”
644 1467 889 1499 συνεσκευάσαντο,

96 1514 143 1539 καὶ
158 1513 225 1547 περὶ
245 1512 292 1538 τοῦ
309 1512 391 1546 φόνου
406 1511 459 1538 τῶν
473 1512 514 1544 εῑς
534 1512 614 1539 τοῦτο
638 1513 888 1549 συμπραξαμὲνων.

939 270 1040 297 bellum
1065 269 1210 296 invaluerit
1237 268 1404 298 intestinum,
1431 275 1544 302 quaeque
1566 267 1593 294 in
1615 267 1724 295 Barami

939 315 1082 351 tyrannide
1096 315 1247 343 acciderim
1263 314 1392 345 victorim,
1407 321 1438 340 ac
1451 321 1495 340 res
1509 314 1644 341 secundm.
1672 315 1730 341 Ca:-

938 364 999 391 dem
1030 364 1094 390 item
1118 362 1309 394 Pliercchani,
1339 368 1549 394 successumque
1574 359 1730 394 Zadespraa.

939 410 1081 444 Quomodo
1111 418 1125 436 a
1151 409 1254 435 Bindoe
1268 408 1306 444 (8)
1322 415 1405 442 regno
1420 411 1516 434 exutus
1529 406 1730 439 llormisdas,e

940 456 1057 484 vinculis
1078 463 1187 482 causam
1204 455 1293 481 dicere
1306 453 1457 488 postularit,
1478 459 1613 487 causaque
1639 452 1724 484 dicta,

940 502 1118 529 concinnatus
1133 501 1168 528 sit
1183 506 1210 528 et
1223 501 1350 527 Bindoes.
1373 498 1402 526 In
1418 499 1571 526 llormisdac
1591 497 1731 532 oculisju-

940 548 1047 582 gulatns
1062 547 1144 579 filius,
1157 546 1249 581 regina
1262 545 1300 581 (9)
1317 553 1426 580 quoque
1439 545 1465 571 in
1480 551 1571 579 partes
1585 545 1700 571 dissecta
1719 553 1732 572 :.

939 594 998 627 ipse
1017 598 1169 620 exraecatus
1191 591 1348 618 llormisdas
1366 600 1372 618 :
1393 595 1452 625 post
1476 590 1558 616 etiam
1580 597 1594 615 a
1609 589 1730 616 Cltosrue

941 640 997 667 lilio
1025 647 1085 672 suo,
1101 647 1181 673 quem
1212 639 1301 666 Persa:
1324 645 1414 672 regem
1440 637 1491 664 sibi
1519 637 1728 668 constitueram,

940 685 1057 715 fuistibns
1080 691 1191 714 necatus
1211 691 1263 713 est.
1287 685 1450 720 Tyrannidis
1471 684 1577 711 Barami
1600 684 1730 718 potentia,

939 739 966 760 et
991 733 1112 761 Cltosroe
1130 732 1275 759 Persarum
1292 731 1364 766 regis
1387 731 1459 766 fuga,
1477 734 1559 764 utque
1584 730 1617 757 ad
1636 729 1729 756 Circe-

937 781 1007 809 sium
1021 780 1136 810 delatus.
1154 779 1187 806 ad
1208 777 1365 805 lllauricium
1382 777 1572 810 imperatorem
1600 776 1726 803 tendens:

939 827 1099 862 legationem
1130 825 1163 853 ad
1193 832 1254 852 eum
1281 824 1396 851 miserit.
1416 823 1534 850 Rursum
1551 823 1585 850 de
1603 822 1729 855 Baream,

941 874 979 900 uti
992 873 1056 900 dum
1076 876 1134 899 astu
1161 876 1262 907 ageret,
1280 876 1308 898 ut
1327 877 1374 897 rex
1389 869 1423 896 ab
1440 869 1492 896 illis
1505 873 1657 899 crearetur,
1680 875 1730 895 uec

941 918 995 945 voti
1021 917 1098 945 fieret
1124 923 1245 950 compos,
1275 922 1364 949 regem
1392 922 1421 941 se
1449 915 1506 948 ipse
1535 912 1727 948 pronuntiarit.

942 963 1082 997 Quomodo
1105 962 1198 989 Οωειιι*
1219 960 1381 995 llierapolim
1407 958 1551 986 deduxerit
1578 957 1730 990 Cliosroen,

941 1009 1032 1036 addita
1053 1009 1134 1035 etiam
1158 1006 1259 1033 familia
1286 1013 1348 1040 rege
1365 1005 1443 1039 digna
1462 1004 1529 1039 (l0).
1555 1004 1655 1036 Deiis,
1670 1010 1733 1038 qua:

942 1059 1016 1088 gesta
1031 1052 1172 1080 Chosroen
1199 1052 1270 1078 inter
1292 1056 1320 1078 et
1332 1050 1488 1080 Baramuui,
1507 1053 1650 1082 antequam
1668 1055 1730 1074 cum

941 1098 1072 1126 Romanis
1097 1097 1186 1124 fmdus
1201 1096 1279 1123 ﬁeret
1296 1104 1302 1122 :
1326 1100 1409 1130 utque
1427 1095 1460 1120 ad
1487 1093 1645 1120 Mauricium
1663 1092 1729 1126 imp.

942 1145 1076 1180 legatione
1093 1144 1185 1175 missa,
1208 1142 1338 1169 Baramus
1363 1141 1499 1176 repulsam
1523 1140 1625 1172 tulerit,
1659 1138 1732 1165 Clio-

941 1198 1018 1219 sroes
1032 1194 1126 1218 contra
1138 1187 1301 1224 impetrarit.
1310 1188 1347 1214 De
1359 1187 1493 1221 legatione
1509 1184 1685 1218 Domitiani“
1695 1184 1729 1218 l),

941 1237 1076 1265 Meletinre
1092 1235 1221 1270 episcopi,
1239 1233 1400 1268 etGregorii
1417 1231 1540 1266 praesulis
1562 1231 1726 1262 Antiochia),

942 1283 977 1310 ab
997 1282 1162 1317 imperatore
1192 1281 1225 1307 ad
1251 1279 1390 1306 Cliosrocn
1410 1277 1506 1305 missa.
1533 1277 1569 1303 De
1598 1283 1664 1303 nece
1679 1275 1732 1302 Ba-

942 1335 1018 1356 ramo
1031 1334 1079 1362 per
1095 1326 1215 1354 fraudem
1229 1333 1244 1352 a
1259 1324 1391 1351 Zanierda
1419 1321 1609 1350 etZoauamba
1626 1326 1731 1356 parata,

941 1380 1088 1408 eorumque
1102 1372 1185 1405 czede,
1193 1371 1238 1406 qui
1251 1370 1289 1398 rei
1307 1370 1410 1397 conscii
1425 1368 1549 1396 fuissent.
1562 1368 1600 1395 De
1615 1367 1730 1398 Biudoe.

942 1419 1051 1446 homine
1074 1418 1167 1450 Persa,
1189 1423 1272 1452 utque
1292 1424 1307 1447 e
1324 1415 1435 1443 Perside
1452 1414 1561 1449 fugerit,
1583 1415 1654 1449 quod
1668 1421 1731 1449 per-

941 1472 1082 1493 cussorutn
1104 1463 1212 1490 Baraini
1234 1463 1342 1497 ‘socius
1362 1465 1444 1494 esset;
1464 1461 1497 1488 de
1519 1460 1692 1495 Martyropoli
1717 1467 1742 1488 εις

941 1513 1062 1541 Cltosroe
1091 1511 1220 1539 Romanis
1239 1509 1341 1537 reddita
1357 1508 1447 1543 30a,
1472 1508 1559 1542 deque
1582 1507 1651 1533 Sina
1674 1506 1733 1542 (l2)

96 1558 166 1593 Περὶ
184 1558 293 1585 Βινόόου
307 1557 353 1584 τοῦ
368 1557 485 1593 Πέρσου,
499 1557 546 1584 καὶ
559 1558 633 1590 ὅπως
647 1558 810 1593 δραπετεύει
821 1559 888 1594 Περ-

943 1558 1060 1586 ﬂammis
1087 1561 1195 1584 exusto.
1220 1555 1316 1583 Oratio
1340 1555 1403 1582 item
1429 1553 1558 1581 solemnis
1579 1552 1685 1586 publice
1699 1552 1734 1579 de

96 1605 168 1636 σίδα,
181 1604 231 1639 τῆς
245 1604 317 1643 κατὰ
334 1604 432 1640 Βαρὰμ
452 1604 600 1640 ἐπιϐουλῆς
618 1604 746 1636 κοινωνὸς
758 1604 888 1639 γεγονώς.

97 1649 195 1682 Ὅπως
217 1651 235 1686 ή
266 1651 476 1686 Μαρτυρόπολις
500 1651 553 1677 ὑπὸ
581 1650 702 1686 Χοσρόου
731 1651 887 1678 ἀποδίδοται

943 1608 1052 1638 recepta
1084 1602 1151 1629 urbe
1177 1601 1268 1628 habita
1297 1607 1312 1626 a
1342 1599 1498 1626 Domitiano
1525 1597 1735 1626 Meliliuensium

941 1649 1065 1684 praesule.
1083 1648 1115 1674 Et
1131 1648 1163 1675 (Ie
1181 1647 1222 1674 his
1238 1651 1355 1681 quatuor
1369 1645 1447 1673 liber.

101 1696 261 1731 Ῥωμαίοις,
276 1697 324 1722 καὶ
340 1696 467 1732 περὶτῆς
483 1697 505 1712 ⁷²
519 1697 601 1723 Σίττα
632 1697 676 1724 διὰ
696 1697 783 1733 πυρὸς
817 1698 1001 1733 ἀναιρέσεως,
1034 1697 1082 1723 καὶ
1108 1694 1271 1731 ἐορταστικὴ
1316 1693 1364 1720 τοῦ
1390 1693 1539 1720 ἐπισκόπου
1581 1691 1737 1728 Μελιτηνῆς

98 1745 272 1779 (Δομετιανὸς
282 1744 368 1780 ὄνομα
376 1744 461 1780 αὐτῷ)
474 1745 520 1771 ἐπὶ
530 1746 564 1781 τῇ
576 1745 710 1780 ἀναλήψει
722 1745 769 1773 τοῦ
780 1746 887 1778 ἄστεος.
911 1746 955 1773 Ἐν
972 1743 1013 1777 οἷς
1027 1745 1075 1772 καὶ
1089 1744 1103 1770 ὁ
1119 1744 1250 1778 τέταρτος
1267 1742 1356 1776 λόγος.

137 1791 168 1817 ὐ
180 1791 209 1817 δὲ
225 1791 351 1826 πέμπτος
366 1791 501 1824 διέξεισιν,
518 1791 592 1823 ὅπως
611 1792 734 1827 Χοσρόης
749 1793 764 1818 ὁ
778 1792 891 1828 Περσῶν

980 1792 1096 1826 Quintus
1113 1790 1192 1818 Liber
1209 1790 1339 1820 continet,
1357 1792 1386 1815 ut
1402 1787 1484 1815 animi
1500 1787 1606 1820 dubius,
1621 1791 1648 1814 et
1663 1792 1734 1820 aeger

99 1836 227 1871 βασιλεὺς
251 1835 354 1871 ἀπορίᾳ
374 1836 423 1870 τὴν
440 1835 530 1871 ψυχὴν
548 1836 786 1872 κατατρυχόμενος
807 1837 888 1872 ἐπρέ-

943 1837 1089 1869 Cltosrocs,
1103 1836 1248 1864 Persarum
1260 1842 1317 1868 rex,
1331 1835 1439 1862 beatum
1451 1832 1575 1868 Sergium
1591 1837 1735 1867 martyrem

99 1883 180 1909 σὸευε
192 1882 239 1908 τὸν
248 1883 276 1908 ὲν
288 1882 408 1917 μάρτυσι
417 1882 539 1916 Σέργιον,
552 1881 582 1908 ὃν
593 1882 641 1908 καὶ
649 1882 683 1908 τὰ
698 1882 779 1909 λοιπὰ
792 1882 888 1919 [44η]

944 1889 1089 1912 veneratus
1113 1883 1159 1914 sit,
1182 1889 1261 1916 quem
1278 1886 1305 1908 et
1330 1881 1458 1908 Barbam
1485 1880 1609 1906 nationes
1632 1881 1736 1905 honore

99 1929 226 1966 βάρϐαρα
243 1929 442 1965 πρεσϐεύουσιν
460 1929 535 1964 ἔθνη,
550 1929 627 1957 λύσιν
642 1931 697 1957 τῶν
715 1931 888 1966 δυστυχημά-

945 1931 1053 1957 allicere
1076 1928 1296 1960 consucvisscnl,
1321 1934 1375 1961 quo
1397 1926 1529 1953 malorum
1546 1925 1735 1952 liberationem

98 1985 152 2003 των
169 1977 276 2012 εὑρεῖν·
295 1975 344 2002 καὶ
358 1975 396 2008 ὡς
411 1975 520 2012 σταυρῷ
535 1976 628 2012 χρυσῷ
640 1976 822 2012 λιθοκολλήτῳ
833 1977 888 2003 ὲτί-

945 1976 1092 2010 repcriant.
1111 1975 1198 2009 thue
1222 1981 1303 2000 cruce
1325 1979 1407 1999 aurea
1421 1971 1489 2006 (l5),
1506 1970 1660 2005 margaritis
1677 1969 1734 1997 dis.

101 2031 201 2057 μησεν·
218 2021 345 2048 ἐντεῦθέν
357 2030 386 2048 τε
405 2022 565 2057 Ζαδέσπρας
583 2021 627 2048 διὰ
645 2023 728 2049 Ῥοσᾶ
742 2023 888 2057 δολοφονεί-

948 2022 1043 2054 tincta,
1061 2029 1122 2048 eum
1151 2019 1313 2048 honorarit:
1335 2018 1453 2052 indeque
1465 2017 1609 2050 Zadespraa
1622 2015 1735 2042 fraudu-

98 2077 143 2095 ται
157 2068 332 2103 Βλησχάνους
349 2067 510 2103 ὑποθήκαις,
529 2068 576 2094 κα.)¹
602 2065 688 2094 τᾶλλα
705 2068 814 2104 θυμήρη
843 2069 888 2094 Χο-

947 2069 1021 2096 lenta
1043 2076 1089 2102 per
1103 2067 1221 2094 lthosam
1238 2061 1337 2098 caedes,
1358 2063 1472 2091 consilio
1486 2061 1654 2092 Blesclianis,
1667 2060 1736 2088 alia-

100 2115 167 2150 σρόῃ
199 2115 328 2150 συναντᾷ.
352 2115 420 2150 Περὶ
446 2115 492 2140 τοῦ
531 2109 888 2150 ὲκδανεισθέντος³χρυσίοι

949 2122 1012 2149 que,
1031 2121 1091 2148 quae
1106 2121 1140 2140 cx
1158 2112 1243 2139 animi
1261 2110 1395 2138 sententia
1417 2109 1546 2136 Cliosroa:
1564 2107 1735 2135 obvenerint.

100 2161 206 2196 Χοσρόῃ
223 2160 262 2195 τῷ
280 2160 392 2195 Περσῶν
407 2159 514 2194 βασιλεῖ
534 2160 585 2186 ὑπὸ
599 2160 754 2196 Μαυρικίου
773 2160 819 2187 τοῦ
842 2161 888 2187 αὐ-

944 2159 983 2186 De
1000 2159 1058 2184 auri
1079 2157 1191 2192 pecunia
1221 2160 1313 2183 mutua
1334 2154 1463 2181 ChOSl‘OlB
1480 2152 1622 2179 Persarum
1643 2151 1696 2186 regi
1720 2158 1736 2178 a

99 2207 277 2242 τοκράτορος,
304 2206 353 2232 καὶ
377 2205 414 2237 ὡς
439 2207 620 2241 χειρογραφεί
648 2206 772 2241 Χοσρόης
794 2206 825 2233 τὸ
849 2207 888 2234 δά-

946 2204 1076 2232 Mauricio
1086 2203 1181 2237 imper.
1196 2202 1269 2233 data,
1281 2200 1456 2234 ejusdemque
1469 2198 1541 2232 regis
1554 2197 1735 2231 chirographo

101 2259 210 2286 νεισμα.
236 2250 373 2286 Πρεσϐεία
394 2259 424 2277 τε
439 2251 561 2285 Χοσρόου
584 2247 660 2285 ἐφ’ᾇι
678 2252 830 2286 ἀποστῆναι
842 2252 888 2278 Κο·

946 2255 1062 2285 acceptae
1076 2249 1204 2284 pecnnire.
1226 2247 1336 2282 Legalio
1351 2246 1415 2272 item
1430 2244 1558 2271 Cliosrom
1575 2249 1603 2271 ut
1617 2244 1735 2271 Comen-

104 2281 242 2331 μεντίολον
254 2281 305 2331 τῆς
317 2297 477 2331 ἡγεμονίας,
488 2281 535 2323 καὶ
549 2281 699 2332 χειροτονία
710 2281 820 2332 Ναρσοῦ
835 2298 888 2324 ἀντ’

948 2281 1018 2324 ιίι›10⁷
1027 2281 1163 2323 exercitus
1183 2281 1344 2328 praefectura
1357 2291 1534 2318 adimeretur.
1549 2290 1652 2316 Narsen
1679 2288 1736 2323 (14)

102 2342 298 2377 Κομεντιόλου,
312 2342 359 2368 καὶ
373 2342 517 2376 συμμαχία
533 2341 677 2376 Ῥωμαίων
696 2342 768 2369 κατά
787 2342 834 2369 τοῦ
849 2351 888 2369 τυι

946 2350 1012 2377 ergo
1020 2340 1206 2369 Comentiolus
1223 2346 1408 2367 successorem
1425 2335 1545 2371 habuit‘;
1559 2337 1737 2363 foederatum-

106 2388 202 2422 ρὰννου
218 2387 329 2422 Βαράμ.
346 2388 400 2413 Καὶ
413 2387 479 2422 περὶ
498 2387 551 2413 τῶν
565 2387 715 2421 βασιλικῶν
733 2386 827 2423 δώρων
840 2387 888 2414 τῶι

946 2397 998 2423 que
1015 2388 1199 2415 Romanorum
1213 2388 1342 2414 adversus
1354 2386 1450 2413 Baram
1462 2390 1606 2420 lyrannunt
1626 2381 1735 2408 bellum.

107 2433 256 2459 σταλέντων
271 2432 379 2468 Χοσρόῃ
390 2432 443 2459 ὑπο
458 2432 505 2459 τοῦ
523 2432 739 2468 αὐτοκράτορος·
761 2433 809 2460 καὶ
821 2434 888 2465 ὅπως

946 2433 984 2460 De
999 2433 1081 2467 regiis
1095 2432 1222 2459 Chosroa:
1232 2431 1266 2458 ab
1282 2432 1444 2466 imperatore
1461 2429 1551 2456 missis
1568 2426 1735 2457 muneribus,

104 2477 153 2510 τὰς
176 2479 249 2510 κλεῖς
273 2477 321 2504 τοῦ
337 2478 426 2514 Δαρὰς
446 2479 460 2504 ὀ
482 2478 606 2514 Χοσρόης
625 2478 669 2505 διὰ
681 2478 728 2505 τοῦ
753 2479 888 2513 πρέσϐεως

947 2484 1029 2511 utque
1045 2477 1134 2504 claves
1156 2477 1230 2504 urbis
1253 2476 1337 2503 Duras
1356 2477 1399 2502 ille
1423 2483 1470 2510 per
1487 2473 1598 2501 Dolbaut
1620 2472 1737 2506 legatum

759 2537 876 2565 νΑιιιίΕ
895 2536 1095 2565 LECTIONES.

107 2620 131 2635 ῃ
141 2584 416 2655 ῗῆμῗδὶθῖῖέύερὶιὲσὲτς.
470 2584 494 2600 ⁸⁸
508 2583 681 2620 προχὼρησις
697 2593 726 2615 ς’.
775 2584 797 2599 ⁸³
813 2583 966 2618 ΔΜελιτινῆς
985 2592 1014 2615 ς.
1069 2583 1092 2598 ⁷⁰
1110 2583 1169 2618 ἅμα
1193 2582 1231 2618 τῷ
1262 2582 1346 2617 Γρηγ.
1378 2589 1407 2612 ς.
1458 2579 1480 2594 ⁷¹
1501 2576 1671 2612 Ζωανάμῦης
1704 2583 1734 2606 ς.

177 2638 189 2651 ς
225 2635 234 2646 ν.
382 2639 390 2646 .

177 2635 203 2651 ,ι
225 2635 269 2651 ειμι
289 2635 332 2646 ιιυυ
348 2635 390 2646 ιιι..

862 2660 978 2689 NOTAE.

946 2713 1023 2738 xviii,
1052 2713 1112 2740 cap.
1141 2705 1186 2736 20,
1216 2697 1245 2730 et.
1264 2703 1337 2736 prius
1354 2707 1433 2729 etiam
1458 2702 1589 2737 lapidibus
1610 2702 1737 2728 obrutum

947 2741 1043 2774 Evagr.
1062 2741 1109 2768 lib.
1127 2748 1164 2771 γι,
1180 2747 1240 2774 cap.
1256 2739 1299 2765 18.

965 2772 1039 2838 765)
1056 2775 1167 2810 Niceph.
1181 2772 1228 2801 lib‘.
1244 2782 1323 2807 xviii,
1339 2780 1398 2808 cap.
1416 2773 1446 2801 21
1465 2782 1472 2806 ;
1489 2777 1516 2800 et
1531 2772 1576 2799 lib.
1594 2779 1658 2802 xv",
1673 2778 1743 2804 cap.

983 2831 1038 2881 (tt)
1054 2845 1119 2874 Ibid.
1138 2853 1196 2880 cap.
1212 2845 1256 2872 ρο.

157 2709 183 2744 8)
197 2709 310 2744 Niceph.
324 2709 371 2736 lib.
390 2716 465 2741 xvtu,
479 2716 536 2742 cap.
552 2709 595 2736 l9.

157 2742 182 2777 9)
203 2745 234 2772 Ut
247 2742 274 2772 ei
288 2745 399 2772 Roxane
412 2745 480 2777 apud
496 2744 611 2770 Ctesiam
625 2744 650 2770 in
665 2742 781 2771 Persicis
795 2742 858 2768 infr.

144 2777 279 2815 (10)(‘.um
304 2780 395 2806 multis
417 2779 572 2815 muneribus
597 2779 688 2814 regiis,
709 2777 796 2812 inquit
813 2777 894 2804 Nice-

111 2811 250 2851 plior,'lib.
264 2822 340 2851 xvut.
356 2821 415 2848 cap.
431 2813 508 2851 ἓν.-.»
563 2848 568 2851 _
655 2848 661 2851 _
751 2811 754 2812 ⁷
949 2811 957 2837 1

146 2850 199 2884 (ll)
219 2849 341 2876 Mauricii
359 2849 463 2883 cognati
477 2847 589 2882 Niceplt.
609 2848 717 2884 ibidem.

147 2882 200 2918 ΗΞ)
222 2886 250 2912 In
266 2891 375 2913 crucem
397 2889 485 2912 actum
505 2883 590 2911 Sitam
613 2883 694 2912 refert
710 2882 821 2918 Niceph.
845 2882 891 2909 lib.
