1934 3089
80 160 125 189 ibi

636 163 897 196 BiBLIOTHECA.
918 179 953 184 -
972 168 1052 199 COD.
1071 170 1154 201 LXV.

1656 175 1707 207 158

79 216 158 248 σιροι
171 215 235 248 τοῖς
243 223 370 249 μακροῖς
384 219 695 253 πλησιαςουσιτείχεσι.
713 222 769 248 Καὶ
784 222 808 247 οἱ
819 222 865 248 τοῦ

919 225 1231 261 Constantinopolitauos
1252 233 1339 254 tcrror
1357 227 1475 260 invasit,
1501 232 1530 254 ut
1557 228 1588 255 de
1609 228 1714 264 Europa

78 259 225 292 Βυζαντίου
242 261 288 287 ἐπὶ
301 262 427 288 τοσοῦτον
442 262 547 290 ἔδεισαν
557 283 565 295 ,
581 265 619 296 ὡς
643 266 690 292 καὶ.
711 266 870 294 καταλιπεῖν

78 306 213 341 Εὐρώπην
228 308 275 333 καὶ
290 307 360 342 πρὸς
375 308 424 343 τὴν
436 309 529 336 Ἀσίαν
544 311 731 346 περαιωθῆναι
747 313 869 347 διεμελέ-

78 360 174 386 τησαν.
190 353 375 387 Πρεσὸεύεται
393 354 415 380 δ’
429 355 476 381 οὖν
489 356 562 390 ὅμως
578 358 592 382 ὁ
607 357 733 391 βασιλεὺς
745 358 813 393 πρὸς
823 359 868 385 τὸν

77 398 202 432 Χάγανον
225 399 258 425 δι’
272 400 456 434 Ἀρμάτωνος,
474 403 521 429 καὶ
543 402 640 438 δώροις
664 403 800 438 λαμπροῖς
821 406 868 431 καὶ

78 445 249 481 προσθήκαις
264 446 366 481 χρυσοῦ
383 447 508 481 χιλιάδων
522 448 609 475 εἴκοσι
624 450 711 476 πείθει
727 451 804 485 μόλις
818 451 867 483 τὴν

77 491 188 526 εἰρήνην
205 492 344 525 δέξασθαι,
361 493 484 527 λέγοντα·
496 494 595 528 Κρίναι
613 496 626 521 ὁ
640 494 706 526 Θεὸς
721 496 771 522 ἀνὰ
786 497 867 529 μέσον

76 537 203 570 Χαγάνου
218 539 264 565 καὶ
279 539 435 575 Μαυρικίου
450 540 496 566 καὶ
508 541 560 566 ἀνὰ
575 541 808 575 μέσονῬωμαίων
821 543 867 569 καὶ

77 583 200 619 Ἀϐἀρων
211 585 243 611 ¹⁸.
259 586 328 620 Περὶ
342 586 396 613 τῶν
412 587 549 621 φανέντων
567 588 808 623 ἀνθρωπομόρφων
822 598 866 615 τε-

78 630 165 664 ράτων
178 632 207 657 ὲν
220 632 276 662 τοῖς
286 632 417 667 Νειλῷοις
434 632 522 665 ὕδασι,
538 634 585 661 καὶ
603 635 667 670 περὶ
684 635 733 670 τῆς
745 635 792 662 τοῦ
803 636 866 662 Νεί-

75 675 120 702 λου
145 676 304 709 ἀναϐάσεως
326 678 400 710 δόξαι
426 679 558 714 διάφοροι.
577 680 607 706 ’0
631 681 660 706 δὲ
687 682 866 716 συγγραφεὺς

76 722 271 758 Ἀγαθαρχίδου
283 725 304 740 ⁸³
319 724 365 751 τοῦ
384 725 491 751 Κνιδίου
507 725 552 761 [47
565 726 610 762 Η.]
626 728 659 762 τῇ
679 727 741 762 δόξῃ
754 727 866 762 προστί-

77 767 149 794 θεται
161 777 168 783 ·
182 770 249 804 φησὶ
259 770 286 796 δὲ
300 768 378 797 οὗτος
390 771 431 797 ἀν’
439 772 461 787 ³ο
475 771 534 803 ἔτος
545 772 660 800 ἕκαστον
679 773 708 799 ὲν
726 775 783 805 τοῖς
794 774 866 801 κατὰ

76 813 122 848 τὴν
136 815 281 841 Αἰθιοπίαν
297 816 432 850 μεγάλους
453 818 500 844 καὶ
525 819 646 853 συνεχεῖς
670 819 793 853 γίνεσθαι
816 820 866 854 δμ-

77 860 155 893 ερους
169 861 225 887 ἀπὸ
243 862 358 896 θερινῶν
373 863 482 897 τροπῶν
498 864 579 899 μέχρι
593 865 643 900 τῆς
658 866 803 902 ἰσημερίας
814 867 864 902 τῆς

924 271 1070 299 deserenda
1084 291 1092 304 ,
1106 277 1132 300 et
1147 273 1173 300 iu
1189 274 1279 301 Asiam
1293 274 1501 301 transmittendo
1515 274 1712 304 deliberarent.

924 316 1097 350 Legationem
1112 319 1204 353 itaque
1220 320 1355 353 extemplo
1370 320 1518 354 imperator
1535 328 1582 355 per
1598 320 1713 348 Harma-

924 366 1012 389 touam
1024 362 1057 390 ad
1071 363 1227 398 Chaganum
1242 365 1399 391 mittendam
1413 365 1532 396 censuit.
1550 365 1714 400 splendidis-

922 415 975 442 que
991 409 1156 441 muneribus,
1171 415 1198 436 et
1220 410 1313 445 viginti
1329 410 1442 436 millium
1452 411 1509 437 auri
1524 412 1712 445 poudoacces-

922 454 997 480 sione
1010 473 1017 485 ,
1033 461 1123 488 pacem
1138 462 1208 489 ξρετε
1225 455 1337 482 redemit
1355 465 1362 482 :
1377 456 1483 482 dicente
1498 456 1543 482 illo
1558 465 1564 482 :
1583 466 1591 481 ι
1606 456 1713 483 Judicet

923 497 994 524 Deus
1011 496 1165 532 Cbaganum
1189 498 1260 525 inter
1273 503 1299 525 et
1321 498 1485 531 Mam-ilium,
1509 507 1633 526 romanos
1649 500 1711 526 item

922 541 993 568 inter
1006 542 1077 576 32a
1092 550 1124 569 ac
1140 542 1302 570 Barbaros.»
1322 543 1359 570 De
1376 545 1501 571 monstris
1514 545 1578 579 (55⁸)
1597 546 1711 571 humana

922 588 1006 614 fni-uta
1024 589 1049 614 iu
1068 588 1126 615 Nilo
1139 587 1250 616 [inmitte
1271 590 1335 616 visis
1349 609 1356 621 ,
1373 591 1459 624 deque
1475 589 1528 617 Nili
1544 591 1713 617 incremento

920 640 1001 670 atque
1014 636 1139 663 eluvione
1156 636 1237 663 variae
1251 637 1491 671 discrepantesque
1503 638 1653 664 sententiae.
1665 638 1712 665 llic

921 689 985 708 vero
1009 681 1125 715 seriptor
1142 681 1329 716 Agatharcida:
1349 681 1446 708 Gnidio
1467 683 1710 718 assentitur(5.i).

920 726 1071 759 Quotannis
1087 727 1158 754 enim
1182 726 1224 753 ille
1240 727 1277 753 ait
1299 727 1326 753 in
1343 726 1489 761 zEthiopia:
1509 727 1575 755 locis
1596 736 1707 763 magnos

920 772 1146 806 continentesque
1162 773 1224 799 caeli
1243 772 1343 799 imbres
1356 773 1479 799 decidere
1502 773 1535 800 ah
1550 773 1642 801 azstivo
1657 774 1712 801 sol-

919 819 1010 851 stitio,
1026 818 1278 853 adusqneautumni
1293 817 1495 852 aequinoctium.
1509 817 1566 845 Non
1579 818 1637 845 sine
1646 826 1712 845 cau-

918 872 947 891 sa
963 865 1053 899 itaque
1069 866 1208 900 angustius
1223 865 1313 892 hieme
1335 864 1424 891 Nilum
1439 863 1522 891 ﬂuere
1534 884 1542 896 ,
1559 864 1630 899 quod
1649 871 1712 891 suas

77 906 102 931 ἑν
118 906 156 940 τῷ
181 907 335 942 μετοπώρῳ
359 909 504 943 γινομένης
532 909 592 936 καθ’
604 910 722 937 ἕκαστα·
747 911 865 946 εὐλόγως

919 911 1048 938 duntaxat
1060 919 1075 938 e
1089 911 1206 938 fontibus
1219 915 1312 945 suapte
1320 916 1415 937 natura
1429 915 1506 937 natas
1515 910 1594 936 vehat
1607 910 1710 943 undas;

76 950 119 978 οὖν
128 953 173 978 τ-ἱν
187 953 285 979 Νεῖλον
297 955 326 980 ὲν
342 954 391 988 μὲν
403 954 440 988 τῷ
454 954 569 989 χειμῶνι
581 955 785 988 συστέλλεσθαι,
794 957 865 984 κατὰ

76 997 152 1031 φύσιν
175 998 273 1033 ἔχοντα
291 999 369 1033 ῥύσιν
384 999 445 1025 ,ἀπὸ
469 1000 557 1034 μόνων
571 1000 624 1026 τῶν
641 1001 736 1027 ἑαυτοῦ
756 1002 863 1036 πηγῶν,

75 1043 142 1069 κατὰ
165 1042 195 1068 δὲ
217 1043 249 1069 τὸ
265 1042 346 1078 Θέρος
369 1043 412 1069 διὰ
432 1045 495 1075 τοὺς
511 1045 617 1071 ἐκεῖθεν
632 1046 810 1080 ἐκχεομένους
825 1047 865 1077 είς

76 1088 153 1114 αὑτὸν
168 1089 290 1124 δμῦρους
305 1089 455 1123 λαμϐάνειν
470 1089 518 1125 τὴν
533 1089 656 1124 αὔξησιν.
675 1091 768 1118 Ταῦτα
784 1091 833 1127 μὲν
842 1093 864 1108 ’³

76 1135 120 1160 καὶ
131 1136 145 1160 ὸ
159 1134 285 1169 ἓὸδομος.

113 1180 141 1207 ’0
159 1181 187 1207 δὲ
206 1181 301 1215 ὄγδοος
325 1181 404 1215 λόγος
425 1182 602 1217 διαλαμϐάνει
621 1183 696 1215 ὅπως
712 1185 726 1210 ὁ
740 1184 865 1220 Χοσρόης

75 1225 115 1251 διὰ
130 1225 180 1256 τὰς
196 1226 349 1260 ἐπιδρομὰς
374 1226 428 1253 τῶν
453 1227 619 1262 Σαρακηνῶν
642 1228 696 1254 τῶν
723 1229 774 1255 ὑπὸ
796 1229 865 1255 Ῥω-

77 1270 166 1304 μαίοις
187 1272 362 1306 ταττομένων
381 1272 457 1299 λῦσαι
483 1273 532 1304 τὰς
556 1273 671 1305 σπονδὰς
695 1274 864 1309 ἐνεχείρησε,

76 1316 208 1352 Γεωργίου
222 1317 252 1343 δὲ
269 1318 339 1352 προς
354 1318 435 1344 αὐτὸν
447 1318 591 1350 σταλέντος
605 1321 632 1346 al
651 1320 764 1346 σπονδαὶ
782 1329 867 1355 μεμε-

77 1362 190 1395 νήκασι’
205 1363 253 1390 καὶ
272 1362 409 1399 Γεώργιος
423 1365 539 1399 ἁτιμάζε
546 1374 586 1391 tat
603 1365 640 1397 ὡς
654 1367 778 1398 εἰπόντος
797 1368 867 1393 Χοσ-

78 1408 135 1444 ρόου
157 1410 200 1436 διὰ
217 1410 358 1445 Γεώργιον
380 1411 523 1443 ἀλύτους¹¹
547 1413 641 1447 τηρεῖν
663 1413 712 1444 τὰς
740 1413 865 1445 σπονδὰς,

78 1454 130 1479 ἀλλ’
144 1455 175 1480 οὺ
189 1455 233 1482 διὰ
247 1455 294 1482 τὸν
312 1455 425 1490 βασιλέα
443 1457 704 1492 Μαυρίκιον.¹’οπως
716 1467 745 1484 τε
760 1459 866 1493 Κομεν-

78 1499 160 1530 τίολος
175 1501 322 1535 προδοσίας
336 1502 468 1536 κρίνεται,
484 1504 532 1529 καὶ
554 1503 699 1537 διαλλαγαὶ
724 1504 777 1530 τῶν
797 1505 866 1531 Ῥω-

81 1546 182 1578 μαϊκῶν
199 1548 412 1582 στρατευμάτων
438 1549 506 1583 πρὸς
527 1549 618 1581 αὐτὸν,
633 1550 679 1576 καὶ
700 1550 773 1581 ὅπως
787 1548 865 1582 αὖθις

80 1589 127 1616 ὑπὸ
151 1590 198 1616 τοῦ
223 1591 425 1627 αὐτοκράτορος
443 1593 596 1628 στρατηγὸς
614 1594 764 1621 στέλλεται.
783 1595 865 1629 Μάχη

84 1634 220 1670 Ῥωμαίων
229 1637 277 1663 καὶ
287 1637 421 1673 Ἀὃάρων,
431 1638 647 1673 στρατηγοῦντος
658 1639 778 1673 Πρίσκου
789 1640 836 1666 καὶ
844 1641 866 1656 ’³

81 1681 267 1716 Κομεντιόλου,
283 1683 331 1709 καὶ
347 1683 524 1717 Κομεντιόλου
545 1684 593 1718 μὲν
608 1685 752 1720 ἁπομάχου
768 1685 813 1712 διὰ
825 1694 866 1711 τι-

80 1735 124 1759 νας
138 1729 335 1763 προσποιήσεις
350 1729 426 1760 ὄντος
436 1749 443 1760 ,
462 1729 582 1764 Πρίσκου
595 1730 623 1756 δὲ
638 1730 677 1766 τῷ
692 1731 866 1766 στρατοπέδῳ

81 1775 208 1808 παρόντος
223 1775 362 1810 Ἀριστεία
370 1777 513 1810 Ῥωμαίων
522 1778 570 1804 καὶ
582 1777 720 1812 ἀναίρεσις
726 1777 779 1803 τῶν
787 1777 867 1804 Ἀϐά-

82 1828 132 1854 ρων
153 1821 235 1856 μέχρι
257 1821 399 1856 τεσσάρων
417 1822 553 1856 χιλιάδων.
571 1823 692 1857 Δευτέρα
712 1824 803 1858 μάχη,
819 1823 867 1850 καὶ

81 1866 214 1901 ἀναίρεσις
239 1867 294 1894 τῶν
317 1868 407 1894 αὐτῶν
434 1868 497 1903 ἄχρι
520 1868 647 1903 χιλιάδων
672 1869 760 1896 ἐννέα.
781 1869 865 1904 Τρίτη

83 1913 161 1947 μάχη,
175 1913 222 1939 καὶ
232 1913 273 1940 ἔτι
282 1913 337 1939 τῶν
348 1914 437 1939 αὐτῶν
448 1914 562 1949 ὄλεθρος
575 1915 656 1949 μέχρι
668 1915 865 1941 πεντεκαίδεκα

83 1956 211 1990 χιλιάδων.
228 1958 352 1992 Τετάρτη
373 1960 458 1993 μάχη,
474 1959 521 1985 καὶ
544 1959 606 1994 νίκη
624 1959 705 1985 πάλιν
723 1959 865 1994 Ῥωμαίων

82 2002 199 2039 λαμπρὰ,
216 2004 264 2030 καὶ
281 2004 421 2039 ἀναίρεσις
437 2005 560 2040 Ἀὃάρων
568 2006 591 2021 ¹⁵
612 2006 670 2040 ἄμα
693 2005 865 2041 Γηπαίδωνηι

83 2048 202 2082 χιλιάδων
222 2049 381 2083 τριάκοντα.
400 2046 514 2085 Πέμπτη
539 2051 623 2085 μάχη,
650 2050 697 2077 καὶ
721 2051 782 2086 νίκη
801 2051 865 2077 Ῥω-

85 2094 173 2126 μαίων,
189 2096 236 2120 καὶ
250 2094 390 2128 ἀναίρεσις
407 2095 547 2131 ’Δὸἁρων,
566 2097 612 2122 καὶ
629 2096 730 2127 ἅλωσις
744 2096 798 2122 τῶν
815 2097 864 2131 μὲν

83 2139 270 2175 ζωγρηθέντων
287 2141 410 2177 ’Δὸάρων
430 2142 596 2177 τρισχιλίων,
612 2142 700 2169 ἄλλων
713 2143 741 2169 δὲ
763 2143 865 2178 βαρϐά-

84 2193 130 2218 ρων
143 2187 378 2221 τετρακισχιλίων,
393 2188 438 2213 καὶ
456 2187 557 2222 ἐτέρων
571 2187 710 2222 δισχιλίων
734 2188 782 2214 καὶ
803 2188 862 2214 δια-

915 961 1062 990 ataestate,
1078 958 1283 985 decurrentibus
1301 957 1327 984 in
1342 955 1432 983 Nilum
1444 963 1478 983 ex
1498 955 1637 989 [Etltiopia
1660 955 1713 981 im"

915 1002 1022 1037 bribns,
1031 1011 1157 1030 crescere
1167 1003 1279 1029 nimium
1289 1007 1419 1037 quantum
1430 1005 1537 1037 ,,atque
1557 1001 1663 1035 augeri.
1677 1000 1710 1026 Et

916 1050 973 1077 tunc
988 1050 1096 1084 quidem
1111 1049 1180 1076 libro
1191 1049 1318 1084 septimo.

951 1185 1068 1212 Octavus
1079 1185 1135 1212 lucc
1146 1184 1201 1212 fere
1208 1183 1406 1217 complectitur:
1415 1181 1551 1210 Chosroen
1561 1179 1596 1206 ob
1604 1179 1709 1206 illorum

918 1229 1115 1257 Saracenorum
1139 1228 1195 1263 (55)
1210 1249 1217 1260 ,
1233 1228 1277 1262 qui
1301 1225 1431 1253 Romanis
1449 1225 1596 1259 parebant,
1617 1223 1711 1250 incur-

917 1275 1022 1305 siones,
1039 1280 1164 1308 rumpere
1189 1272 1311 1299 iuducias
1330 1276 1470 1302 conatum,
1487 1268 1595 1302 Georgii
1620 1273 1710 1294 tamen

918 1320 1051 1354 legatione
1061 1326 1230 1352 persuasum,
1247 1317 1334 1344 foedus
1348 1321 1450 1343 sartum
1463 1320 1562 1342 tectum
1576 1321 1709 1346 servasse;

922 1365 1068 1398 Georgium
1083 1363 1138 1399 (56)
1152 1371 1216 1390 vero
1227 1363 1342 1389 Caesaris
1354 1362 1565 1396 indignationem
1580 1360 1710 1386 incurris-

917 1417 964 1440 se.
979 1409 1051 1444 quod
1062 1409 1194 1436 Cltosroes
1214 1408 1327 1435 dixisset
1352 1415 1392 1438 se,
1415 1406 1522 1440 Georgii
1539 1405 1708 1440 potissimum

916 1455 1002 1489 gratia
1018 1475 1025 1487 ,
1044 1463 1097 1482 non
1116 1455 1286 1488 imperatoris
1303 1453 1422 1479 Mauricii
1438 1459 1520 1478 causa
1531 1471 1538 1483 ,
1552 1456 1636 1477 ratam
1656 1458 1706 1484 pa-

919 1510 977 1530 cem
993 1501 1102 1533 fecisse,
1117 1505 1145 1526 ut
1160 1498 1342 1527 Comentiolus
1358 1497 1515 1532 proditionis
1533 1504 1593 1523 reus
1613 1501 1705 1527 actus,

919 1556 979 1575 mox
997 1547 1179 1574 Romanorum
1195 1545 1245 1572 sibi
1266 1544 1380 1571 militum
1396 1544 1511 1574 animos,
1534 1541 1706 1573 conciliarit;

918 1601 1063 1630 atqueeam
1078 1593 1112 1620 ob
1122 1600 1177 1619 rem
1187 1593 1239 1619 dux
1253 1590 1492 1618 iterumexercitus
1502 1589 1535 1617 ab
1545 1590 1709 1623 imperatore

918 1644 1024 1669 creatus
1041 1640 1086 1666 sit.
1113 1639 1295 1666 Romanorum
1320 1645 1408 1672 pugna
1435 1640 1665 1663 commemoratur
1681 1637 1709 1661 (ιι

917 1686 1079 1717 Abarorum,
1090 1684 1182 1711 Prisco
1193 1683 1393 1711 etComeutiolo
1402 1682 1515 1709 ducibus
1523 1690 1529 1708 :
1537 1681 1708 1708 Comentiolo

918 1735 1007 1758 tamen
1020 1730 1112 1757 nescio
1124 1729 1186 1763 quid
1207 1733 1334 1756 causante
1345 1748 1353 1760 ,
1370 1733 1397 1755 et
1413 1735 1427 1754 a
1444 1734 1529 1762 pugna
1545 1726 1705 1757 abstinente,
1757 1764 1763 1767 _

917 1777 1080 1804 Priscovero
1089 1775 1182 1810 copias
1191 1776 1316 1802 ducente.
1327 1774 1437 1801 Militum
1456 1772 1638 1800 Romanorum
1654 1771 1708 1799 for-
1743 1810 1748 1815 .

928 1825 1026 1855 titudo,
1035 1827 1060 1850 et
1071 1823 1221 1850 Abarorum
1232 1823 1318 1848 caedes
1327 1825 1443 1855 quatuor
1451 1817 1706 1846 millium.Pr:elium

918 1870 981 1897 item
994 1869 1125 1901 alterum,
1139 1868 1349 1900 eormndemque
1362 1866 1514 1893 Abarorum
1531 1864 1642 1890 millium
1656 1870 1707 1888 no-

916 1922 976 1941 vem
996 1919 1111 1947 strages.
1131 1912 1220 1939 Tertia
1238 1918 1327 1945 pugna
1341 1918 1402 1937 cum
1419 1908 1575 1944 quindecim
1592 1907 1705 1933 millium

916 1960 992 1987 clade
1006 1960 1168 1986 Abarorum.
1186 1957 1322 1989 Quartum
1337 1963 1429 1982 rursus
1443 1954 1564 1989 pra-lium
1575 1953 1705 1980 illustrem

916 2005 1046 2033 Romanis
1071 2004 1210 2031 victoriam
1235 2001 1394 2033 concessit,
1416 2001 1492 2028 caesis
1514 2000 1547 2026 ad
1583 1999 1707 2026 interne-

915 2052 1021 2080 cionem
1035 2051 1185 2077 Abarorum
1199 2053 1225 2075 et
1240 2048 1389 2082 Gepaadum
1412 2047 1420 2082 (
1433 2047 1465 2074 57
1479 2049 1487 2080 )
1516 2046 1626 2080 triginta
1643 2044 1702 2070 mil-

916 2099 996 2126 libus.
1022 2096 1119 2130 Quinta
1146 2096 1171 2122 in
1202 2101 1289 2129 pugna
1319 2101 1400 2127 penes
1429 2092 1564 2118 Rmnanos
1591 2089 1704 2116 victoria

915 2151 1021 2179 quoque
1035 2143 1109 2170 stetit
1126 2152 1132 2169 :
1151 2141 1213 2168 caesi
1225 2141 1352 2175 captique
1367 2138 1448 2165 Abari
1460 2157 1468 2170 ,
1481 2145 1513 2164 ac
1523 2137 1577 2163 vivi
1595 2135 1703 2171 quidem

916 2192 942 2218 in
952 2194 1110 2225 potestatem
1122 2194 1220 2215 venere
1233 2187 1265 2213 ad
1283 2187 1335 2213 tria
1352 2184 1433 2212 millia
1446 2204 1454 2217 ,
1469 2182 1705 2210 cmterorumBar-

83 2232 180 2264 κοσίων,
196 2232 245 2258 καὶ
260 2232 388 2268 Σαὸήνων
396 2233 419 2249 ¹⁶
433 2233 559 2268 χιλιάδων
572 2234 644 2260 ὁκτὼ
654 2242 661 2249 ·
679 2234 708 2266 ἐξ
723 2231 760 2260 ὧν
774 2235 787 2260 ὀ
804 2234 861 2260 Χα-

919 2236 1041 2262 barorum
1056 2237 1186 2267 quatuor;
1197 2231 1311 2257 aliormn
1323 2229 1356 2256 ad
1381 2230 1437 2255 batc
1449 2229 1502 2255 duo
1522 2227 1603 2254 millia
1620 2231 1647 2253 et
1657 2227 1705 2252 du-

83 2277 154 2308 γάνος
166 2278 311 2313 ἀπατήσας
328 2279 373 2304 τὸν
388 2279 577 2314 αὐτοκράτορα
592 2280 654 2311 τοὺς
669 2279 862 2315 ζωγρηθέντας

88 2321 209 2357 ’Δὸἀρους
233 2324 358 2351 ἀνέλαϐε.
375 2325 442 2362 Περί
458 2325 508 2360 τῆς
525 2326 703 2360 Κομεντιόλου
727 2326 862 2361 μελαγχο-

83 2366 143 2399 λίας,
161 2370 208 2395 καὶ
222 2370 296 2402 ὅπως
311 2371 343 2405 τῇ
359 2371 454 2397 τούτου
468 2372 582 2407 ἀϐουλίᾳ
592 2372 692 2407 πλῆθος
706 2372 859 2406 Ῥωμαίων,

85 2414 141 2446 πρὸς
148 2415 360 2442 Φιλιππούπολιν
375 2417 540 2451 ἀπαίροντος
549 2419 580 2449 ’⁷,
589 2418 628 2452 τῷ
637 2418 714 2453 κρύει
723 2417 858 2445 διώλοντο.

89 2457 124 2490 Ὧς
138 2460 238 2496 Πέτρος
251 2461 328 2493 αὖθις
341 2463 496 2498 στρατηγὸς
518 2463 567 2497 τῆς
589 2463 724 2498 Εὐρώπης
747 2464 798 2490 ὺπδ
810 2463 857 2490 τοῦ

915 2281 1033 2314 centi,ct
1047 2280 1203 2307 Sclavorum
1221 2284 1282 2304 nctn
1295 2277 1388 2303 millia.
1409 2276 1503 2303 Postea
1524 2280 1613 2302 tamen
1634 2273 1705 2301 Cha-

874 2339 885 2349 »-
913 2334 1017 2362 ganus,
1033 2326 1145 2359 decepto
1162 2324 1291 2351 Mauricio
1305 2325 1484 2357 imperatore,
1503 2322 1580 2348 vivos
1600 2321 1705 2347 Abaros

913 2373 1025 2407 recepit.
1039 2372 1074 2399 De
1082 2371 1243 2398 Comentioli
1255 2369 1395 2405 pra-fracto
1405 2375 1520 2396 maerore
1528 2367 1573 2403 (58
1584 2367 1609 2401 );
1622 2371 1706 2399 utque

912 2418 970 2453 ejus
986 2418 1138 2445 temeritate
1154 2417 1337 2443 Romanorum
1356 2415 1456 2449 copiae,
1471 2421 1538 2449 quas
1557 2415 1588 2440 ad
1605 2413 1705 2446 Philip-

914 2463 1029 2497 popolim
1039 2462 1172 2497 proticisci
1183 2462 1302 2496 iubebat,
1311 2462 1408 2497 frigore
1417 2460 1626 2488 sintexstinctat.
1637 2459 1706 2492 Quo-

729 2528 848 2558 VAllMS
867 2526 1072 2555 LECTIONES.

115 2587 134 2627 ’ξ
152 2588 274 2622 Ἀϐάρων
290 2588 326 2614 A:
344 2588 490 2625 βαρϐάρων
503 2600 533 2622 ς.
549 2591 570 2607 ¹⁹
594 2590 792 2625 ’Λγαοαρχίδου
806 2589 951 2616 Scltottus:
965 2588 1025 2615 libri
1039 2587 1198 2622 ἀναρχίδου.

92 2621 160 2648 lenm
172 2623 262 2648 ὃοεσιν
272 2624 373 2648 collato
385 2625 502 2648 Dtmlnrn
515 2626 569 2648 Sir,
587 2634 604 2648 ι.
617 2625 646 2648 M
655 2645 661 2648 .
701 2627 722 2641 ²¹
737 2625 785 2648 μὲν
798 2623 844 2648 οὖν
855 2624 901 2648 καὶ
912 2633 942 2648 c.
981 2624 1003 2639 ³³
1012 2622 1126 2648 ἀλύτους
1135 2622 1156 2648 A
1177 2632 1184 2648 :

86 2624 160 2649 derint
172 2624 262 2657 ὗρεσιν
272 2624 373 2650 collato
385 2624 502 2652 Diodoro
515 2626 570 2653 Sic.
587 2634 604 2656 ι,
617 2625 661 2652 41.
701 2624 722 2641 ¹¹
736 2625 785 2660 μὲν
798 2624 844 2651 οὖν
855 2624 901 2651 καὶ
912 2633 942 2656 ς.
981 2624 1003 2639 ³³
1012 2624 1156 2653 ἀλύτουςΑ
1177 2632 1184 2649 :
1198 2624 1298 2651 αὐτοὺς
1312 2629 1343 2652 ς.
1381 2624 1404 2634 ’⁵
1416 2624 1528 2645 alterum
1541 2624 1587 2644 και
1596 2624 1703 2651 λομεν-

86 2657 162 2696 τξάλου
175 2659 237 2696 ιξίΜ-
308 2693 313 2696 _
335 2658 358 2674 "
380 2659 504 2695 ’Λϐάρων
515 2661 556 2687 A:
575 2660 722 2696 βαρϐάρων
732 2669 762 2693 ς.
794 2660 818 2676 ³⁸
833 2659 959 2695 γηπέδων
973 2658 1007 2686 Δ.
1045 2658 1067 2674 ³⁸
1080 2657 1245 2692 Σκλαῦήνων
1275 2663 1329 2690 mg.
1359 2655 1382 2670 ’⁷
1398 2654 1562 2688 ἁπαίροντες
1590 2659 1703 2688 apugra-

84 2657 162 2683 τιόλου
175 2659 237 2684 add.
253 2658 276 2683 A

87 2691 156 2723 phum
183 2693 326 2728 Stephani.

1250 2586 1272 2601 ὀ
1287 2584 1340 2611 ἀνὰ
1355 2592 1385 2616 ς.
1398 2588 1458 2617 post
1469 2582 1612 2609 Αἰθιοπίαν
1627 2581 1703 2608 addi-

981 2624 1003 2639 ”
1012 2619 1156 2653 ἀλύτουξΑ
1177 2632 1184 2649 :
1198 2621 1298 2651 αὐτοὺς
1312 2629 1343 2652 ς.
1381 2619 1404 2634 ’³
1416 2619 1528 2645 alterum
1541 2619 1587 2644 καὶ
1596 2619 1703 2651 Κομεν-

828 2740 944 2768 NOTAE.

115 2774 190 2808 (33‘)
203 2775 312 2809 Niceph.
334 2775 382 2804 lib.
397 2783 463 2803 xvtlt
474 2796 482 2809 ,
499 2784 523 2804 c.
539 2776 585 2803 26.
604 2777 641 2804 Dc
657 2776 718 2804 Nilo
736 2777 796 2803 vide
811 2776 861 2804 ile-

89 2810 196 2836 t'odotum
219 2815 246 2837 et
259 2810 365 2838 Melan).

120 2844 182 2878 (54)
194 2845 235 2872 Al.
249 2846 420 2873 Anarchidm.

118 2879 164 2912 (55
175 2883 184 2915 )
195 2880 313 2916 Duplicis
322 2882 429 2916 generis
443 2880 594 2910 Saracenos
603 2882 669 2910 alios
680 2881 772 2910 Persis
783 2901 792 2916 ι
803 2881 858 2910 Ro-

916 2775 1004 2802 manis
1018 2773 1087 2802 alios
1104 2773 1212 2808 iunctos
1229 2772 1344 2799 didicisti
1356 2771 1519 2808 exﬁProcop.
1536 2775 1629 2804 supra.

951 2810 1006 2844 (56)
1024 2809 1135 2844 Nicoph.
1151 2809 1198 2835 lib.
1215 2815 1294 2844 xvttl,
1308 2815 1371 2844 cap.
1387 2807 1431 2833 37.

970 2838 1021 2880 57)
1036 2838 1102 2871 Vide
1112 2852 1173 2880 sup.
1191 2848 1225 2870 ad
1238 2843 1254 2869 6
1270 2838 1350 2876 hujus
1363 2840 1490 2880 auctoris.

970 2846 1021 2880 57)
1037 2846 1102 2871 Vide
1112 2852 1173 2878 sup.
1191 2848 1225 2870 ad
1238 2846 1254 2869 6
1270 2846 1348 2876 hujus
1363 2846 1427 2868 ant-tl

949 2846 1003 2915 258
1014 2881 1024 2915 )
1037 2879 1147 2915 Nicepb.
1158 2879 1204 2907 lib.
1218 2885 1295 2910 xvm,
1308 2885 1367 2912 cap.
1383 2876 1427 2902 57.
