1934 3089
244 177 296 210 150

837 176 971 207 PHOTII
991 177 1044 206 PA'

1095 177 1245 207 IARCiI/E
1266 178 1320 208 (ΖΡ.
1821 180 1865 211 160

246 235 325 262 modo
353 233 451 260 Petrus
478 232 577 258 iterum
593 232 656 259 belli
670 233 722 259 dux
741 233 822 260 totius
850 233 964 267 Europa).
975 252 983 266 ,
1000 234 1034 261 ab

1095 234 1287 269 ιὺτοκράτορος
1304 233 1517 269 προχειρίζεται.
1532 234 1599 269 Περί
1613 243 1642 261 τε
1655 234 1701 261 τοῦ
1713 235 1801 270 γάμου
1813 236 1866 275 [τοῦ

246 281 407 315 imperatore
421 284 530 306 creatus
546 279 591 306 sil.
619 279 688 314 320
702 280 739 307 De
766 280 868 314 nuptiis
888 281 1033 308 Theodosii

246 326 292 353 ﬁlii
307 325 427 353 Mauricii
441 325 487 358 (59
498 324 507 359 )
518 345 525 357 ,
542 330 569 352 et
582 325 643 352 lilia.-
656 325 794 353 Germani.
815 325 915 353 Urbem
932 327 1034 361 regiam

246 372 314 398 fatue
327 378 358 398 ea
369 374 528 405 tempestate
542 370 680 397 laborasse
693 379 700 403 ;
711 379 860 406 precesque
873 372 898 398 in
914 371 1034 399 Ecclesia

246 417 373 443 fundente
385 416 515 444 Mauricio
526 435 535 449 ,
551 416 655 451 plebem
677 424 738 444 esse
761 417 951 445 tutnultnatam
966 418 1034 452 (40).

247 462 283 489 lle
293 462 351 497 ejus
360 463 564 490 mansuetudine
571 470 602 490 ac
617 462 738 493 lenitate.
747 462 918 497 militumque
929 463 1037 498 ablega-

248 508 336 540 tione;
351 513 433 543 utque
447 509 542 535 eodem
556 509 609 536 sint
623 509 667 536 die
678 509 924 536 revoeati.l‘etrum
943 510 976 537 ab
986 509 1038 536 Au-

247 558 325 587 gusto
342 554 452 580 missum
467 573 474 585 ,
487 559 516 580 ut
531 554 604 581 omni
625 562 676 588 ope
689 558 771 588 atque
791 562 872 589 opere
891 554 1038 582 Thracicas

247 601 339 634 copias
362 601 394 627 ad
420 602 570 635 oppositam
599 601 660 628 lstri
677 602 762 636 ripam
791 602 935 629 distineret
956 602 1035 637 (4|);

248 647 335 681 deque
358 646 486 673 divinitus
508 646 618 674 Petrum
647 647 801 682 appellante
818 654 894 674 voce.
924 647 1037 674 Tumul-

251 696 369 718 tuatttctn
388 700 494 719 rursum
511 693 535 719 itt
566 694 664 720 castris
681 694 876 726 Romanorum,
894 698 923 721 et
944 698 1037 721 cotttra

251 737 409 765 Mauricium
423 738 505 765 factio
520 738 656 772 instituta,
670 739 756 766 electo
770 740 952 768 ab‘incondita
969 741 1039 766 mul-

252 784 365 810 titudine
393 784 482 811 Phoca
502 784 570 819 (42).
591 785 689 812 Petrus
712 785 772 820 fuga
793 785 902 813 interim
924 786 1038 812 salutem

251 830 357 863 quaerit,
372 835 398 856 et
411 831 552 858 seditionis
563 833 595 857 ad
608 831 798 865 imperatorem
808 839 901 859 rumor
910 832 1038 859 defertur.

252 875 333 903 Plebs
356 881 444 903 autettt
461 884 475 903 a
491 876 586 911 Sergio
607 883 688 912 atque
703 877 801 904 Cosma
825 878 939 904 tribunis
955 877 1041 912 plebis

252 921 369 955 primttm
385 921 508 954 incitata,
529 922 607 949 novis
633 923 742 949 studere
763 923 843 949 rebus
868 921 980 957 incipit;
997 930 1040 949 re-

252 966 375 1000 pertique
399 966 574 994 Prasinortttu
600 967 635 994 Μ.
653 967 685 994 D.
700 967 873 999 ,Vcnetorum
892 975 957 995 vero
984 974 1038 996 tre-

253 1012 324 1039 centi
351 1013 491 1039 duntaxat.
515 1013 582 1040 lliuc
605 1013 717 1048 plebeiis
747 1015 872 1041 donativa
895 1014 1041 1042 Mauricius

253 1057 376 1091 prtebuit.
397 1057 525 1093 Sequitur
536 1061 569 1086 ad
592 1059 786 1087 tumultuantes
802 1060 900 1088 milites
920 1061 1040 1095 ejusdem

254 1104 361 1138 legatio,
376 1110 402 1132 et
421 1105 564 1140 legationis
581 1106 706 1140 repulsa;
729 1111 812 1140 utque
833 1107 934 1139 regiam
948 1108 1041 1134 urbem

253 1150 379 1184 prmsidio
399 1151 536 1178 munierit.
561 1150 704 1179 Exercitus
720 1152 753 1178 ad
769 1151 951 1179 Theodosium
968 1152 1043 1180 Mau-

254 1196 312 1223 ricii
333 1196 364 1223 F.
382 1196 491 1230 legatio,
509 1197 606 1230 ipsntn,
627 1202 674 1224 aut
693 1206 816 1225 socerum
843 1199 915 1226 illitts
939 1206 1044 1234 germa-

254 1248 318 1267 nutn
343 1241 400 1267 dari
429 1241 479 1267 sibi
514 1242 704 1275 imperatorem
736 1243 885 1277 postulans.
913 1244 979 1278 Ejus
1005 1244 1042 1271 rei

256 1287 365 1312 nttntitts
381 1286 414 1312 ad
430 1287 556 1313 Mauricii
580 1295 659 1315 aures
679 1289 787 1321 accidit,
806 1290 921 1324 indeque
951 1298 1045 1324 suspe-

255 1331 310 1358 ctio
326 1332 351 1358 in
373 1331 548 1364 Germanum,
568 1338 596 1359 ut
610 1334 760 1368 tyrannidis
778 1340 928 1362 auctorem.
949 1336 1044 1368 Minae,

257 1375 446 1411 minarumque
467 1377 581 1411 Augusti
609 1379 634 1404 in
658 1378 824 1406 Germanum
857 1388 904 1414 per
920 1379 1045 1408 Theodo-

256 1421 324 1448 sinnt
350 1429 478 1456 generum
506 1423 605 1450 delatio
631 1432 638 1449 :
661 1429 688 1451 et
712 1424 841 1452 Germani
871 1426 897 1452 in
926 1425 1046 1460 Dcipara:

258 1468 397 1500 templum,
417 1474 444 1494 ttt
468 1469 493 1494 itt
508 1469 611 1500 asylum
635 1468 697 1503 fuga
717 1470 784 1505 (l5).
808 1471 876 1497 llittc
897 1471 996 1506 Cyros,
1020 1477 1047 1498 et

257 1514 412 1548 Stephanus
433 1515 572 1543 eunuchus
603 1515 659 1550 (qui
685 1517 799 1543 Caesaris
825 1517 918 1544 liberis
944 1525 1046 1544 morum

258 1559 405 1593 praefectus
429 1560 529 1596 fuerat)
553 1561 585 1587 ad
610 1561 775 1588 Germanum
794 1562 880 1595 missi,
903 1567 932 1590 ιιι
949 1563 1048 1598 templo

260 1604 462 1638 digrederetur;
479 1607 525 1633 sed
539 1606 612 1633 irrita
629 1607 728 1641 legatio
737 1606 798 1636 fuit.
817 1607 945 1635 Fustibus
962 1616 1047 1636 caesus

259 1650 428 1678 Theodosius
443 1659 457 1678 a
475 1657 586 1686 parente
604 1653 744 1686 Mauricio,
765 1655 837 1688 quod
862 1662 958 1681 socero
985 1662 1048 1682 suas

260 1696 348 1723 minas
364 1696 520 1724 indicasset.
544 1697 673 1724 Germani
689 1704 704 1725 e
722 1698 823 1732 templo
836 1698 866 1725 Β.
880 1698 1000 1733 Virginis
1014 1700 1048 1726 ad

262 1742 371 1769 Sanctae
388 1743 497 1776 Sopithe
513 1744 656 1776 transitus,
676 1749 703 1770 et
721 1745 828 1777 iterata,
841 1749 871 1770 ut
885 1744 947 1771 inde
960 1745 1049 1779 digre-

262 1789 361 1820 diatttr,
379 1788 513 1820 hortatio;
526 1789 572 1815 sed
589 1796 641 1822 qua
659 1789 725 1815 nihil
740 1789 927 1823 persuadetur,
943 1789 1050 1816 Andrea

262 1834 378 1868 quodam
405 1841 543 1868 egressum
562 1834 747 1867 dissuadente,
765 1836 828 1862 dtttn
847 1836 973 1870 precandi
988 1843 1050 1869 gra-

261 1879 299 1906 tia
316 1880 443 1914 templum
464 1880 617 1914 frequentat
633 1880 699 1916 (M).
716 1880 815 1908 Turbae
835 1881 944 1912 iterum,
956 1881 1051 1908 incen-

263 1926 389 1960 diumqtte
429 1925 543 1953 Urbaux
583 1927 677 1953 domus
705 1926 892 1958 Constantini,
925 1927 1050 1961 patricii.

262 1979 341 2006 quem
361 1971 471 2005 Lardyn
491 1971 569 2006 vulgo
593 1971 821 2006 cognominabant
843 1971 910 2006 (45).
929 1971 1050 1998 Mauricii

262 2018 385 2045 atstutttio
404 2025 435 2044 ac
449 2018 522 2051 luga,
549 2023 630 2051 utque
647 2022 740 2044 exorta
750 2017 833 2044 tttaris
847 2021 994 2051 tempestas
1011 2016 1052 2042 lu-

263 2072 322 2099 gatu
333 2064 383 2099 ipsi
396 2063 566 2091 interciderit
576 2063 642 2098 (46).
652 2063 797 2090 Theodosii
809 2063 854 2090 lilii
867 2063 899 2089 ad
912 2059 1050 2090 CltosFoett

265 2111 368 2143 missio,
395 2110 569 2144 rcductioque
594 2110 683 2136 Nicaea
697 2118 728 2136 ex
753 2110 851 2136 indicio
865 2109 1050 2144 aunuli33a,

264 2163 342 2191 quem
359 2155 413 2182 lilio
435 2163 532 2189 parens
548 2155 693 2182 Mauricius
721 2155 789 2189 signi
816 2159 978 2189 tesserasque
994 2156 1053 2182 loco

265 2192 423 2229 tradiderat:
437 2201 608 2229 Urbanorutn
626 2202 659 2228 ad
686 2206 842 2236 tyrannum,
862 2202 888 2228 itt
905 2203 1005 2236 quibus
1026 2206 1054 2228 et

1086 279 1192 315 παιδὸς]
1209 280 1348 306 Θεοδοσίου
1371 280 1418 306 τοῦ
1434 280 1529 311 παιδὸς
1546 281 1698 314 Μαυρικίου
1713 280 1760 307 ἐπὶ
1776 282 1807 316 τῇ
1823 281 1866 307 θυ-

1086 327 1167 360 γατρὶ
1180 325 1332 362 Γερμανοῦ.
1347 326 1402 351 Καὶ
1416 326 1539 361 περὶτῆς
1556 326 1687 357 σιτοδείας
1700 326 1750 360 τῆς
1761 325 1867 360 γενομέ-

1086 381 1135 407 νης
1154 373 1184 407 τῇ
1202 372 1318 406 βασιλίδι
1331 372 1385 398 τῶν
1401 372 1516 405 πόλεων,
1530 372 1576 398 καὶ
1590 373 1639 406 τῆς
1654 372 1796 407 συμϐάσης
1810 373 1869 398 ἀτα-

1086 418 1146 451 ξίας
1160 418 1213 444 τῶν
1228 418 1320 453 δήμων
1338 417 1523 449 λιτανεύοντος
1534 417 1581 444 τοῦ
1596 418 1738 452 βασιλέως,
1751 418 1797 444 καὶ
1812 418 1869 452 περὶ

1086 464 1135 499 τῆς
1152 464 1341 498 μακροθυμίας
1353 463 1448 496 αὑτοῦ,
1459 463 1507 490 καὶ
1520 463 1626 498 ἐξορίας
1638 463 1691 489 τῶν
1704 462 1870 497 στρατιωτῶν

1087 510 1134 536 καὶ
1148 508 1319 544 μονοημέρου
1334 509 1573 540 ἐπανόδου.”οπως
1588 508 1742 543 Μαυρίκιος
1753 508 1871 534 ἐπέστελ-

1087 555 1116 582 λε
1124 556 1146 571 ’⁸
1159 556 1260 590 Πέτρον
1274 556 1354 582 παντὶ
1368 555 1462 590 τρόπῳ
1476 556 1525 586 τὰς
1537 555 1670 589 Θρακῲας
1686 555 1731 590 [97
1744 555 1791 590 ll.)
1803 554 1872 580 δυνά-

1089 609 1150 636 μεις
1166 603 1206 632 εἰς
1227 600 1256 627 τὸ
1275 600 1423 635 ἀντιπέρας
1439 600 1485 627 τοῦ
1498 600 1606 635 Ἴστρου
1621 599 1783 633 διατρίϐειν,
1805 598 1871 628 ὅπως

1087 656 1117 674 τε
1134 648 1194 674 θεία
1208 647 1376 682 προσέπεσεν
1393 646 1468 681 ὀμφὴ
1481 645 1518 680 τῷ
1533 645 1638 680 Πέτρῳ.
1652 645 1706 671 Καὶ
1720 644 1794 675 ὅπως
1813 643 1871 668 στά-

1089 703 1131 725 σις
1145 695 1205 725 ταῖς
1223 693 1389 727 Ῥωμαϊκαῖς
1404 691 1581 727 εἰσήῤῥησείθ
1595 691 1745 724 δυνάμεσι,
1768 689 1815 716 καὶ
1833 697 1873 714 τυ-

1091 740 1182 775 ραννὶς
1211 739 1325 773 συνέστη
1349 738 1419 764 κατά
1443 737 1491 764 τοῦ
1510 737 1722 771 αὐτοκράτορος,
1737 736 1819 762 Φωκᾱ
1832 734 1873 760 τοῦ

1088 786 1220 821 τυράννου
1235 784 1288 810 ὑπὸ
1300 783 1346 811 τοῦ
1366 783 1483 819 πλήθους
1498 782 1805 818 ἀναῤῥηθέντος.”οπως
1817 789 1844 807 τε
1855 780 1874 795 ³⁸

1090 830 1306 866 φεύγειΙΙέτρος,
1314 830 1362 856 καὶ
1373 830 1470 864 ὅπωςὴ
1481 829 1574 860 στάσις
1586 827 1773 862 διαγγέλλεται
1788 826 1825 861 τῷ
1833 826 1874 861 βα-

1093 878 1171 904 σιλεῖ.
1182 877 1237 904 Καὶ
1253 877 1326 907 ὅπως
1335 875 1369 902 τὰ
1383 875 1479 911 πρῶτα
1487 874 1530 900 διὰ
1538 874 1593 900 τῶν
1607 874 1754 909 δημάρχων
1768 872 1875 907 Σεργίου

1092 924 1140 951 καὶ
1155 924 1255 958 Κοσμᾶ
1267 922 1491 957 πολυπραγμονεί
1503 921 1533 947 τὺ
1544 920 1645 954 πλῆθος
1657 919 1709 945 τῶν
1721 919 1824 954 δήμων,
1834 917 1875 943 καὶ

1091 970 1248 1006 εὑρίσκεται
1272 968 1414 1003 Πρασίνων
1439 968 1487 1002 μὲν
1502 970 1563 1002 μεθ’,
1581 966 1701 992 Βενέτων
1719 965 1747 991 δὲ
1768 965 1875 990 ἐννακο-

1093 1015 1197 1047 crium“,
1213 1015 1259 1041 καὶ
1274 1015 1348 1044 ὅπως
1365 1015 1421 1044 τοῖς
1435 1013 1590 1048 δημοτικοῖς
1599 1012 1621 1027 ³¹
1639 1009 1796 1045 φιλοτιμίας
1812 1016 1876 1042 παρ-

1093 1063 1197 1096 έσχετο.
1216 1059 1350 1097 Πρεσὸεία
1364 1068 1393 1085 τε
1406 1058 1452 1086 τοῦ
1470 1058 1669 1093 αὐτοκράτορος
1680 1057 1747 1092 πρὸς
1761 1056 1812 1086 τὰς
1824 1062 1877 1081 στα-

1093 1107 1240 1139 σιαζούσας
1262 1106 1410 1141 δυνάμεις,
1439 1105 1486 1131 καὶ⁹
1512 1104 1564 1140 [48
1579 1104 1625 1139 Η.]
1649 1101 1811 1137 ἀποστροφὴ
1835 1100 1877 1134 τῆς

1094 1153 1257 1188 πρεσϐείαςυ
1272 1152 1346 1182 ὅπως
1365 1159 1394 1177 τε
1416 1151 1595 1185 περιφρουρεῖ
1619 1149 1668 1183 τὴν
1692 1147 1820 1182 βασιλίδα
1832 1146 1877 1172 τῶν

1094 1197 1209 1224 πόλεων.
1231 1196 1366 1231 Πρεσὸεία
1387 1204 1417 1221 τε
1435 1195 1489 1221 τῶν
1507 1194 1717 1229 στρατευμάτων
1735 1193 1807 1228 πρὸς
1821 1192 1878 1218 θεο-

1093 1243 1182 1269 δόσιον
1207 1242 1254 1267 τὸν
1277 1241 1431 1276 Μαυριχίου
1454 1240 1521 1271 υἱὸν,
1539 1238 1650 1272 ἀξιοῦσα
1673 1238 1689 1274 ἢ
1714 1237 1878 1273 αὐτὸνῆτὸν

1094 1288 1226 1323 πενθερὸν
1240 1287 1379 1322 Γερμανὺν
1392 1286 1505 1321 βασιλέα
1522 1286 1597 1320 σφῶν
1607 1284 1808 1321 ἀναρρηθῆναι.
1817 1282 1880 1309 Γνῶ-

1096 1333 1138 1365 σίς
1152 1343 1182 1360 τε
1198 1334 1300 1360 τούτων
1322 1334 1362 1364 εἰς
1381 1332 1533 1367 Μαυρίκιον
1548 1332 1698 1366 ἀφιγμένη,
1713 1330 1760 1357 καὶ
1774 1331 1880 1357 ὑπόνοια

1096 1381 1135 1411 είς
1152 1379 1290 1415 Γερμανὸν
1306 1379 1343 1410 ὡς
1358 1379 1443 1405 αἴτιον
1461 1378 1509 1413 τῆς
1522 1377 1688 1412 τυραννίδος,
1703 1376 1750 1403 καὶ
1774 1374 1878 1409 ἀπειλὴ,

1097 1426 1144 1452 καὶ
1159 1427 1273 1461 μήνυσις
1287 1425 1336 1460 τῆς
1354 1425 1493 1460 βασιλικῆς
1508 1424 1623 1459 ἀπειλῆς
1644 1423 1688 1450 διὰ
1699 1423 1745 1449 τοῦ
1760 1420 1880 1457 γαμϐροῦ

1097 1471 1248 1503 Θεοδοσίου,
1263 1472 1309 1497 καὶ
1334 1470 1479 1505 καταφυγὴ
1502 1468 1642 1505 Γερμανοῦ
1658 1468 1726 1504 πρὸς
1750 1468 1798 1494 τὸν
1819 1467 1879 1493 νεὼν

1097 1517 1146 1552 τῆς
1163 1516 1344 1552 Θεομήτορος.
1354 1516 1415 1543 Τῶν
1429 1515 1519 1550 Κύρου
1533 1515 1579 1542 καὶ
1590 1514 1725 1548 Στεφάνου
1737 1513 1784 1540 τοῦ
1798 1512 1882 1539 εὐνού-

1061 1578 1082 1607 C
1098 1571 1146 1597 χου
1157 1563 1188 1592 ³⁸,
1205 1562 1234 1593 ὃς
1251 1562 1397 1597 ἐπίτροπος
1422 1561 1549 1587 ἐτέτακτο
1571 1561 1626 1591 τοῖς
1644 1559 1775 1595 βασιλέως
1799 1558 1881 1607 παισὶ,

1100 1610 1168 1645 πρὸς
1183 1609 1323 1644 Γερμανὸν
1339 1608 1474 1643 ἀποστολὴ
1498 1608 1538 1640 είς
1562 1608 1592 1634 τὺ
1613 1607 1731 1639 ἐξελθεῖν
1745 1606 1829 1632 αὑτὸν
1841 1603 1882 1630 τοῦ

1099 1655 1162 1682 ναοῦ
1176 1655 1222 1682 καὶ
1236 1654 1356 1688 ἀπραξία
1366 1663 1372 1670 ·
1388 1654 1434 1680 καὶ
1448 1655 1463 1688 ἡ
1475 1653 1518 1680 διὰ
1530 1653 1635 1688 ῥάϐδων
1647 1651 1816 1687 μαστίγωσις
1824 1650 1883 1676 Θεο-

1099 1701 1187 1728 δοσίου
1197 1701 1245 1728 τοῦ
1259 1701 1353 1731 παιδὸς
1367 1700 1418 1726 ὑπὸ
1433 1699 1479 1726 τοῦ
1497 1696 1598 1734 πατρὸς
1611 1699 1691 1725 ἕνεκα
1704 1699 1752 1733 τῆς
1766 1698 1834 1732 πρὸς
1845 1696 1884 1722 τὸν

1101 1747 1229 1782 πενθερὸν
1244 1746 1470 1782 καταμηνύσεως.
1488 1747 1543 1772 Καὶ
1568 1745 1762 1780 μεταφοίτησις
1785 1744 1885 1778 Γερμα·

1101 1794 1147 1820 νοῦ
1166 1794 1219 1820 ἀπὸ
1240 1793 1287 1820 τοῦ
1304 1794 1357 1821 νεὼ
1370 1793 1421 1828 τῆς
1437 1793 1607 1827 Θεομήτορος
1620 1792 1666 1818 ἐπὶ
1679 1791 1728 1826 τὴν
1746 1791 1833 1824 ἁγίαν·
1842 1789 1884 1814 Σο-

1102 1840 1177 1874 φίαν,
1193 1840 1241 1865 καὶ
1264 1839 1345 1866 πάλιν
1370 1838 1538 1874 πρόσκλησις
1562 1839 1609 1864 ἐπὶ
1630 1837 1662 1863 τὸ
1686 1836 1822 1870 ἐξελθεῖν,
1845 1835 1885 1860 καὶ

1101 1884 1389 1919 ἀπείθεια,’Λνδρέα“
1416 1884 1488 1915 τινὸς
1516 1883 1636 1918 συνεχῶς
1661 1882 1807 1916 φοιτῶντος
1833 1881 1885 1910 ταῖς

1102 1931 1249 1962 λιτανείαις
1269 1931 1318 1965 τὴν
1338 1930 1427 1962 ἔξοδον
1448 1929 1644 1960 κεκωλυκότος.
1663 1928 1778 1963 Θόρυΰοί
1797 1936 1825 1953 τε
1846 1925 1885 1952 καὶ

1103 1976 1265 2012 ἐμπρησμὸς
1279 1977 1328 2012 τῆς
1344 1976 1415 2002 κατὰ
1429 1976 1478 2010 τὴν
1492 1975 1568 2001 πόλιν
1583 1975 1671 2006 οἰκίας
1688 1974 1884 2000 Κωνςταντίνου

1102 2022 1150 2048 τοῦ
1166 2021 1322 2056 πατρικίου,
1338 2020 1368 2047 ὃν
1383 2020 1489 2054 Λαρδῦν
1500 2020 1521 2036 ³⁵
1538 2020 1664 2046 ἐπεκάλει
1680 2018 1714 2045 τὰ
1727 2018 1829 2053 πλήθη·
1845 2016 1886 2043 καὶ

1104 2068 1205 2104 ἀπορία
1227 2067 1381 2102 Μαυρικίου
1408 2066 1455 2092 καὶ
1478 2065 1736 2099 ἀπόδρασις.Ὂπως
1761 2063 1887 2091 κλύδωνος

1104 2113 1245 2147 γεγονότος
1266 2112 1387 2147 ἐγκοπὴν
1412 2112 1480 2147 πρὸς
1503 2111 1552 2145 τὴν
1577 2110 1725 2145 ἀπόδρασιν
1750 2108 1885 2144 λαμὸάνει.

1105 2158 1160 2185 Καὶ
1182 2157 1318 2192 ἀποστολὴ
1340 2157 1481 2183 Θεοδοσίου
1494 2155 1539 2182 τοῦ
1555 2155 1648 2186 παιδὸς
1669 2155 1736 2190 πρὸς
1760 2153 1886 2187 Χοσρόην,

1106 2203 1153 2230 καὶ
1177 2203 1334 2237 ὑποστροφὴ
1362 2201 1442 2228 πάλιν
1458 2201 1511 2227 ἀπὸ
1527 2201 1644 2231 Νικαίας
1661 2202 1692 2235 τῇ
1708 2198 1833 2231 ἐπιδείξει
1847 2196 1887 2223 τοῦ

266 2247 441 2275 lleltdoutites
465 2253 533 2280 erat,
561 2255 719 2275 concursus.
739 2247 884 2281 Imperium
900 2247 1044 2275 Gertuauut

1104 2247 1257 2278 δακτυλίου,
1272 2246 1286 2272 δ
1304 2244 1338 2281 ἦν
1352 2247 1392 2277 είς
1408 2246 1534 2280 σύνθημα
1546 2245 1584 2280 τῷ
1601 2245 1675 2272 παιδὶ
1693 2244 1768 2279 παρὰ
1781 2242 1827 2269 τοῦ
1844 2250 1888 2267 πα-

266 2294 395 2320 :tllectans
419 2298 481 2320 voto
507 2293 616 2324 excidit,
639 2292 758 2319 Prasinis
783 2300 812 2320 se
836 2300 897 2319 eutn
913 2298 1053 2320 creaturos

267 2341 456 2373 imperatorem
475 2340 646 2374 negantibus.
666 2340 748 2373 quod,
760 2344 789 2365 ut
805 2339 853 2374 ipsi
870 2339 1050 2372 allirntabant,

266 2387 393 2414 factionis
405 2392 478 2413 esset
493 2385 657 2413 Venetorum
670 2385 739 2420 (47),
756 2385 943 2420 Ergo'Phocas
954 2385 1053 2412 deinde

267 2434 293 2460 in
310 2433 410 2467 templo
423 2432 453 2459 B.
472 2432 593 2465 Joannis,
607 2433 679 2467 quod
694 2436 736 2459 est
749 2432 774 2458 in
790 2431 922 2466 Septimo,
934 2432 1052 2466 impera-

1107 2294 1171 2329 τρὸς
1195 2292 1414 2327 ποιηϐέν.”οπως
1431 2300 1460 2317 τε
1487 2291 1554 2326 πρὸς
1579 2291 1625 2317 τὲιν
1648 2291 1779 2325 τύραννον
1802 2290 1825 2315 oi.
1848 2286 1887 2313 τοῦ

1109 2340 1213 2371 ἄστεως
1224 2340 1256 2371 ⁸⁸,
1279 2340 1308 2365 ὲν
1324 2337 1364 2370 οἷς
1381 2336 1414 2374 ἦν
1425 2339 1447 2354 ³⁷
1465 2339 1511 2372 καὶ
1527 2339 1540 2363 ὁ
1558 2337 1698 2371 Ἐδομίτης
1709 2336 1741 2369 ³⁸,
1756 2333 1887 2370 προσεχώ-

1109 2385 1303 2421 ρησαν.”οπως
1319 2393 1347 2410 τε
1363 2384 1501 2419 Γερμανὸς
1518 2378 1731 2414 κατασκευάζων
1745 2381 1831 2415 ἐαυτῷ
1846 2380 1888 2413 τὴν

1108 2433 1248 2468 βασιλείαν
1268 2431 1470 2466 ἀποτυγχάνει,
1483 2430 1537 2457 τῶν
1564 2429 1705 2465 Πρασίνων
1729 2427 1888 2455 ἀπειπόντων

919 2498 1034 2526 νΑῐιιΑῖ
1054 2499 1255 2527 LECTIONES.

299 2548 322 2564 "
338 2546 444 2573 ἔστελλε
460 2555 490 2579 ς·.

316 2546 502 2588 igneus-9..
546 2547 567 2588 ξ’
584 2546 719 2588 εἰσείρησε
736 2554 766 2587 ςς

267 2592 350 2617 γικης
370 2592 401 2615 ς.

438 2582 461 2598 ⁸³
477 2582 606 2616 εὐνούχου
635 2583 657 2608 Α
675 2590 681 2607 :
697 2581 864 2616 ἡμιάρρενος
883 2589 912 2612 ς.

806 2545 828 2561 ³⁰
844 2553 874 2570 τε
887 2545 947 2571 add.
965 2545 998 2571 A.
1037 2545 1058 2560 “
1073 2544 1248 2579 ἐννακοσίων]
1269 2544 1323 2577 τ’ς.

767 2581 864 2642 ἔβενος
883 2589 912 2612 ς.
951 2580 974 2595 ⁸⁸
987 2580 1111 2614 Ἀνδρέου
1128 2589 1158 2612 ς.

779 2615 900 2642 ’δομίτης
915 2614 936 2641 Α
954 2623 961 2641 :
985 2615 1152 2642 Ἐιῖδομήτης

269 2614 292 2636 ίά
310 2614 405 2650 ἄστεος
419 2628 450 2651 ς.
486 2618 507 2633 ³⁷
524 2614 632 2653 ἦν’ἒιαιι.
649 2617 681 2643 Α.
708 2614 742 2631 ’³⁸
758 2614 900 2650 Ἐδομίτης
915 2614 936 2641 Α
954 2623 961 2641 :
985 2615 1152 2650 Ἐϐδομήτης
1168 2624 1199 2647 ς.

1362 2544 1384 2560 ¹¹
1397 2545 1453 2575 τοῖς
1467 2543 1625 2581 δημοτικοῖς
1640 2544 1679 2570 Α;
1695 2543 1746 2577 τῆς
1762 2542 1887 2581 δημιουρ-

1203 2580 1224 2594 "
1240 2576 1347 2616 λάρδυν
1360 2589 1392 2613 ς.
1411 2580 1471 2606 vide
1494 2576 1605 2607 ‘Attecd.
1645 2576 1750 2612 nostra,
1765 2585 1791 2612 p.
1818 2576 1889 2602 “95.

1029 2671 1144 2700 ΝΟΤᾸΕ.

307 2726 381 2762 (39)
399 2725 510 2759 Nicoph.
527 2724 670 2762 lilium,
688 2729 748 2755 cap.
763 2721 808 2748 57.

308 2759 382 2797 (Att)
402 2762 467 2787 lhid.
482 2767 544 2797 cap.
558 2759 603 2797 3_8.
683 2792 688 2797 Ι
797 2791 803 2797 ε
930 2790 937 2796 θ

309 2795 363 2833 (tl)
383 2795 653 2833 biit:ettlt._tlltristttttt
683 2795 770 2833 ipsum
798 2795 824 2817 in
849 2795 953 2833 somnis
977 2797 1060 2825 appa-

276 2827 373 2864 ruisse,
392 2827 607 2864 Mauriciumque
624 2827 772 2864 appellasse
785 2831 888 2853 narrat.

312 2862 488 2901 (’rz)Nicuph.
507 2865 552 2891 lib.
565 2862 647 2896 'xvut,
664 2870 724 2897 cap.
737 2862 780 2889 59.

315 2905 369 2938 (43)
386 2903 495 2935 Nut'plt.
513 2901 577 2927 ibid.

1150 2721 1207 2756 (M)
1224 2721 1290 2749 Ibid.
1829 2751 1831 2753 .

1146 2756 1203 2791 (45)
1217 2757 1285 2792 ibid.
1307 2764 1369 2791 cap.
1385 2756 1430 2783 40.
1492 2791 1498 2792 7
1519 2790 1525 2792 _
1603 2789 1634 2792 ___
1689 2789 1694 2792 μ
1792 2786 1807 2792 _.
1862 2785 1866 2790 ,

1150 2788 1203 2826 ⁷46)
1217 2788 1466 2826 Podagra'quoquc
1484 2790 1591 2819 dolores
1603 2789 1748 2825 Nicepltor.
1765 2788 1889 2822 adjungih

1146 2795 1204 2861 in)
1217 2827 1330 2861 Niceplt.
1349 2826 1417 2855 ibid.

1159 2827 1204 2861 47)
1217 2827 1330 2861 Niceplt.
1349 2826 1417 2855 ibid.
