1934 3089
225 178 273 211 167

803 170 935 202 PHOTII
953 169 1208 200 PATRIARCHE
1227 168 1282 200 ΟΡ.

1798 165 1849 198 168

224 242 306 270 (piam
319 232 341 261 si
355 232 427 261 nulla
440 232 524 267 ﬁgura
541 237 608 258 usus
619 229 726 257 fuisset.
737 226 868 255 Veritatis
879 229 1010 262 praeterea

1076 224 1209 259 ικροατὴν,
1229 223 1304 250 οὐδὲν
1317 223 1346 250 δὲ
1372 221 1464 260 ἦττον,
1487 224 1511 250 εἰ
1528 223 1565 259 μὴ
1581 221 1627 249 καὶ
1642 222 1743 257 μᾶλλον
1758 223 1851 257 σαφῶς

225 287 254 308 se
264 280 309 308 hic
333 278 459 314 inprimis
471 277 622 305 studiosum
638 273 785 310 promittit.

259 368 394 396 Czeterum
408 373 476 402 Opus
490 373 536 393 sex
552 366 579 392 in
601 369 693 400 partes
708 363 836 390 divisum.
855 362 963 390 Primus
978 361 1014 388 li-

224 414 283 446 ber,
309 421 368 447 quae
387 412 485 440 bellum
503 410 650 444 Troianum
673 413 891 440 antecesserunt,
916 406 1011 434 refert.

225 459 376 491 Secundus,
394 458 427 486 ab
442 457 489 484 llio
500 461 577 491 capto
589 456 623 482 ad
636 455 750 482 Romam
767 462 852 488 usque
861 453 1013 485 conditam,

225 510 313 540 gesta.
338 504 458 535 Tertius,
479 511 539 538 quae
564 503 597 529 ab
621 502 688 528 urbe
706 501 815 528 condita
838 500 889 526 sub
907 498 1016 532 regibus

225 551 393 583 acciderunt,
409 550 494 576 donec
510 548 667 575 consulibus
681 546 773 574 Romae
787 545 888 573 creatis
900 551 1014 578 regnum

225 606 285 626 esse
299 597 390 630 desiit,
406 599 618 627 commemorat;
631 592 792 628 Olympiade
805 590 918 619 circiter
930 597 1012 618 sexa-

227 644 328 678 gesima
349 646 455 670 octava.
480 640 609 673 Quartus,
631 646 664 666 ex
692 645 746 672 quo
776 636 900 664 consules
921 635 1015 662 Romae

227 690 403 724 praefuerunt,
425 688 477 714 hoc
502 691 556 719 est,
575 693 589 712 a
613 684 783 719 sexagesima
807 688 903 710 octava
919 681 1014 717 Olym-

229 734 308 769 piade
324 740 410 767 usque
432 733 465 759 ad
489 738 612 763 cnxxxu,
631 737 691 757 cum
709 727 846 758 consules,
868 725 939 753 Julio
958 725 1015 752 Ca:-

228 787 290 807 sare
308 779 396 806 solum
411 778 573 811 imperante,
591 783 651 802 esse
663 775 814 801 desierunt.
826 772 927 806 Quinto
945 771 1016 798 libro

228 834 259 854 ea
283 829 441 856 narrantur,
461 831 521 858 quae
537 831 551 849 a
573 821 636 849 Julii
658 819 774 847 Caesaris
795 817 909 852 imperio
931 823 1016 850 usque

229 871 292 899 dum
309 870 464 905 Byzantium
484 868 559 895 urbis
575 867 658 901 gloria
674 874 705 892 ac
718 865 803 892 virtus
829 864 862 890 ad
879 869 1014 890 summum

1064 269 1094 296 τδ
1110 270 1237 305 πρᾶγμα,
1253 269 1270 305 ἦ
1286 270 1310 296 ει
1327 269 1364 304 μὴ
1389 270 1550 304 ἐτέτραπτο,
1567 269 1766 304 παρεστήσατο.
1785 269 1854 296 ’Υπ-

1066 317 1197 351 ισχνεῖται
1211 316 1240 343 δὲ
1254 316 1301 342 καὶ
1320 315 1451 351 ἀληθείας
1470 313 1540 342 εἶναι
1555 315 1728 350 φροντιστής.

1099 364 1247 397 Διαιρεῖται
1261 362 1288 388 δὲ
1299 362 1374 396 αὑτῷ
1393 361 1423 388 τὸ
1437 361 1596 396 σπούδασμα
1617 363 1656 391 εἰς
1669 361 1801 396 τμήματα
1813 358 1853 393 ἓξ,

1064 406 1101 435 ὦν
1109 408 1139 434 τὸ
1155 408 1204 443 μὲν
1215 407 1322 443 πρῶτον
1335 407 1432 442 τμῆμα
1448 407 1570 442 περιέχει
1583 407 1618 433 τὰ
1634 407 1687 441 πρὸ
1699 407 1753 434 τῶν
1765 408 1856 442 Τρωϊ-

1065 453 1132 484 κῶν,
1147 453 1178 480 τδ
1191 453 1219 480 δὲ
1235 452 1359 488 δεύτερον
1375 454 1409 479 τὰ
1420 453 1475 479 ἀπὸ
1497 453 1573 479 Ἰλίου
1592 452 1720 484 ἁλώσεως
1739 453 1791 485 ἕως
1805 453 1856 487 τῆς

1065 500 1180 531 κτίσεως
1204 499 1324 534 Ῥώμης,
1344 499 1416 526 τὸδὲ
1431 499 1523 534 τρίτον
1539 499 1572 525 τὰ
1591 498 1645 525 ἀπὸ
1667 499 1718 533 τῆς
1739 499 1857 530 κτίσεως

1071 544 1179 580 Ῥώμης
1190 545 1286 579 μέχρις
1294 545 1354 571 ὅτου
1368 545 1390 560 ⁸⁸
1408 544 1552 579 Ῥωμαίοις
1561 546 1577 579 ὴ
1590 545 1644 570 τῶν
1669 545 1780 571 ὑπάτων
1800 545 1859 570 είσ-

1065 591 1135 627 ήχοη
1153 592 1288 626 ἡγεμονία
1301 591 1468 617 καταλύσασι
1482 591 1544 621 τοὺς
1565 590 1689 624 βασιλέας
1700 612 1707 622 ,
1726 592 1796 617 κατὰ
1808 591 1859 625 τὴν

1065 637 1161 672 ὀγδόην
1182 638 1231 664 καὶ
1252 637 1402 672 ἑξηκοστὴν
1419 637 1601 672 Ὀλυμπιάδα·
1623 638 1653 663 τὸ
1670 637 1698 663 δὲ
1715 637 1858 672 τέταρτον,

1066 682 1096 714 ἐξ
1109 679 1194 717 οὗπερ
1213 681 1356 718 Ῥωμαίων
1374 682 1510 717 ἡγήσαντο
1529 681 1644 714 ὕπατοι,
1656 678 1716 716 ἦτοι
1741 682 1794 707 ἀπὺ
1807 682 1861 716 τῆς

1066 729 1161 764 ὀγδόης
1175 729 1222 755 καὶ
1242 729 1391 764 ἑξηκοστῆς
1411 728 1605 763 Ὀλυμπιάδος.
1624 728 1706 762 μέχρι
1727 727 1861 761 δευτέρας

1066 777 1112 803 καὶ
1125 775 1308 810 ὀγδοηκοστῆς
1325 776 1371 801 καὶ
1386 775 1532 808 ἑκατοστῆς
1547 774 1588 801 [51
1610 773 1861 810 11.]“ολυμπιάδος,

1067 818 1098 848 οὗ
1113 822 1160 848 καὶ
1176 820 1271 856 ἔληξεν
1289 822 1306 856 ὴ
1319 820 1430 854 τοιαύτη
1448 820 1637 855 ἀρχὴΊουλίου
1653 820 1701 846 τοῦ
1717 821 1862 856 Καίσαρος

1068 867 1300 903 μοναρχήσαντος.
1319 865 1355 892 Τὸ
1374 866 1401 892 δὲ
1417 866 1543 900 πέμπτον
1561 866 1661 900 τμῆμα
1681 866 1802 901 περιέχει
1827 867 1865 892 τὰ

229 917 359 952 perducta
376 920 427 947 est,
448 914 631 948 contigerunt,
651 911 810 946 Olympiade
830 916 954 936 ccnxxvu
976 908 1017 934 in-

1076 912 1123 937 ἱιπδ
1148 912 1197 945 τῆς
1220 910 1329 938 Ἰουλίου
1350 910 1397 936 τοῦ
1418 911 1558 943 Καίσαρος
1585 910 1735 945 μοναρχίας
1763 911 1864 945 μέχρις

229 963 354 989 choante.
367 961 450 988 Sexto
459 959 540 990 libro,
554 966 588 985 ex
599 965 653 992 quo
663 956 870 984 Constantinum
884 955 1017 982 Constan-

231 1007 357 1041 tinopolis
383 1012 480 1040 magno
497 1012 547 1032 suo
560 1004 629 1031 bono
649 1007 725 1030 nacta
744 1005 787 1030 est
811 1002 1015 1035 imperatorem,

231 1059 316 1087 usque
326 1052 359 1079 ad
379 1050 516 1078 Anastasii
542 1055 684 1076 excessum
709 1051 785 1082 gesta
802 1051 913 1078 narrat;
936 1052 1017 1080 quem

230 1098 366 1126 Cmsarem
380 1097 495 1131 scriptor
510 1096 553 1123 hic
567 1093 720 1126 clementia,
736 1100 767 1120 ac
776 1091 940 1127 benignitate
950 1091 1017 1125 (δέ),

231 1144 322 1171 nescio
337 1141 485 1177 quomodo,
498 1140 588 1168 multis
599 1137 788 1166 antecelluisse
798 1137 928 1171 praedicat
946 1145 952 1163 :
970 1144 1018 1164 cu-

228 1190 274 1224 jus
286 1189 377 1216 obitus
388 1188 414 1214 in
428 1186 598 1214 undecimam
615 1184 709 1211 indicit
724 1184 909 1214 indictionem,
920 1182 1018 1217 Magno

231 1235 342 1262 consule
366 1234 426 1260 sine
451 1232 565 1266 collega.
588 1229 751 1264 Temporum
780 1235 845 1256 vero
869 1227 1018 1262 periodus,

232 1289 285 1316 qua
302 1281 414 1308 historia
433 1278 476 1306 illa
489 1277 650 1308 absolvitur,
667 1282 800 1303 annorum
812 1278 854 1302 est
864 1281 905 1301 cm
921 1281 981 1301 cxc.

269 1411 396 1446 Legimus
408 1410 471 1436 item
484 1409 605 1444 ejusdem
618 1407 746 1443 llesycliii
760 1407 815 1442 (65)
828 1406 943 1433 alterum
954 1413 1021 1439 opus

233 1457 334 1486 Justini
360 1456 485 1490 imperat.
508 1462 550 1482 res
575 1459 666 1487 gestas
688 1454 831 1480 continens
852 1459 860 1479 :
887 1451 1022 1485 quomodo

233 1503 381 1531 Anastasio
397 1505 505 1529 mortuo
517 1499 647 1527 suffectus
658 1498 794 1535 Justinus,
809 1503 835 1526 et
850 1498 930 1531 hujus
944 1498 1024 1525 vicis-

234 1552 285 1579 sim
307 1550 449 1584 imperium
466 1547 637 1574 Justinianus
650 1545 800 1579 exceperit,
814 1544 921 1578 aliaque
944 1543 1022 1570 annis

235 1597 339 1631 aliquot
355 1596 404 1623 sub
416 1602 449 1622 eo
473 1597 561 1628 gesta.
579 1591 618 1618 Ne
630 1597 730 1618 caetera
745 1589 861 1622 scriptor
887 1588 1024 1616 meritoria:
1038 1581 1059 1608 ο

236 1643 388 1672 martdaret.
411 1644 556 1668 revocatus
572 1643 616 1665 est
640 1641 727 1663 morte
750 1635 864 1662 Joannis
880 1634 947 1665 filii,
967 1641 1027 1667 qua:

237 1692 356 1715 mentem
380 1685 498 1713 hominis
524 1684 592 1710 adeo
618 1681 748 1717 perculit,
770 1686 800 1708 ut
823 1678 1026 1708 commentandi

238 1731 436 1766 scribendique
450 1735 576 1757 conatum
591 1727 744 1762 infregerit.

589 1816 672 1844 LXX.

323 1866 394 1902 35o
411 1865 522 1893 Diodori
539 1863 623 1902 Siculi
639 1862 820 1889 Historiarum
833 1860 895 1887 libri
911 1868 955 1889 XL.

274 1914 401 1948 Legimus
424 1910 535 1938 Diodori
555 1909 640 1936 Siculi
666 1908 848 1935 Historiarum
864 1907 944 1933 libros
964 1914 1029 1940 qua-

238 1961 373 1995 draginta,
394 1958 439 1992 qui
452 1957 606 1984 universam
618 1955 763 1989 quamdam
780 1953 873 1980 mundi
886 1951 1030 1979 continent

240 2005 391 2033 historiam.
413 2003 460 2030 Est
483 2001 650 2036 Cephalione
670 2000 750 2033 longe
775 1999 902 2029 uberior,
931 1998 1027 2024 saltent

239 2058 300 2078 cum
318 2049 414 2076 eadem
439 2047 545 2078 refert,
569 2050 600 2073 ut
614 2050 640 2072 et
657 2044 791 2080 Hesycbio
817 2043 926 2070 illustri.
953 2042 1029 2077 Slylo

240 2097 325 2122 utitur
347 2093 501 2128 perspicuo,
521 2099 572 2119 nec
589 2090 724 2123 affectate,
746 2089 794 2117 sed
819 2089 864 2123 qui
886 2087 1028 2115 historiam

239 2138 358 2166 maxime
378 2139 482 2164 deceat.
507 2135 600 2170 Neque
622 2135 715 2166 etiam,
735 2137 764 2160 ut
785 2133 826 2160 sic
840 2133 967 2164 dixerim,
990 2133 1030 2159 ni-

242 2184 326 2210 mium
345 2182 489 2213 atticissat,
505 2185 552 2207 aut
570 2179 741 2213 autiquarius
756 2181 797 2205 est
812 2184 893 2211 supra
908 2177 1028 2208 modum,

241 2236 328 2263 neque
341 2233 435 2255 contra
451 2226 484 2253 ad
497 2225 598 2253 humile
609 2223 717 2251 dicendi
736 2230 821 2258 genus
841 2229 871 2250 se
883 2221 1001 2249 demittit
1020 2230 1027 2248 :

240 2274 288 2301 sed
302 2273 432 2301 mediocri
447 2272 533 2299 forma
549 2269 686 2298 sermonis
700 2269 866 2301 delectatur,
884 2268 1027 2302 figuratam

239 2319 405 2351 orationem,
432 2317 540 2350 aliaque
563 2316 669 2347 vitans;
691 2314 742 2341 nisi
761 2314 834 2349 quod
855 2314 889 2340 de
911 2314 1030 2348 gentium

241 2365 304 2396 diis.
322 2369 349 2391 et
367 2362 506 2394 heroibus,
526 2366 669 2395 poetarum
685 2367 770 2391 more,
787 2359 933 2386 fabulatur.
953 2359 1032 2385 Ducit

242 2410 362 2438 historian
377 2409 484 2436 initium
497 2407 692 2438 aGrzecorum,
708 2405 946 2440 Barbarorumque
956 2405 1032 2432 fabu-

243 2456 307 2483 losis
331 2454 518 2489 temporibus,
532 2453 674 2488 pergitque
694 2451 728 2478 ad
751 2451 906 2478 inchoatum
919 2451 1030 2482 bellum,

242 2503 314 2534 quod
328 2507 390 2526 cum
411 2498 496 2526 Gallis
509 2497 625 2525 Romani
640 2503 750 2532 gessere
763 2505 771 2523 :
788 2503 840 2530 qua
869 2500 1030 2531 tempestate

242 2546 274 2574 (Ζ.
291 2545 378 2573 Julius
388 2545 481 2572 Caesar
497 2544 554 2579 (cui
567 2543 602 2571 ob
621 2550 665 2570 res
679 2547 768 2578 gestas
785 2541 843 2569 Divi
865 2549 1030 2576 cognomen-

245 2595 301 2618 tum
319 2590 447 2618 addidere
466 2588 593 2622 Romani)
609 2588 752 2624 plurimas,
765 2587 939 2622 maximeque
953 2587 1030 2614 bulli-

1070 957 1131 983 ὅτου
1162 956 1308 988 Βυζάντιον
1334 956 1381 980 ἐπὶ
1406 955 1476 989 μέγα
1500 954 1578 989 δόξης
1610 955 1701 990 ίσχὺος
1727 956 1750 971 ⁸⁷
1772 955 1863 990 ἤρθη,

1077 1002 1254 1037 Ὀλυμπιάδος
1267 1001 1381 1036 ἑϐδόμης
1392 1002 1436 1028 καὶ
1448 1001 1652 1036 ἑϐδομηκοστῆς
1662 1001 1710 1027 καὶ
1722 1001 1865 1028 διακοσιο-

1072 1049 1136 1083 στῆς
1148 1048 1305 1083 ἱσταμένης.
1317 1048 1354 1074 Τὸ
1366 1047 1393 1073 δὲ
1404 1047 1494 1079 ⁴ἐκτον,
1506 1046 1536 1079 ἐξ
1548 1044 1578 1074 οὗ
1590 1046 1703 1081 βασιλέα
1718 1048 1868 1074 Κώνσταν-

1071 1094 1224 1126 τινούπολις
1238 1094 1370 1129 εὐτύχησε
1387 1094 1409 1110 ⁸⁸
1439 1094 1650 1125 Κωνσταντῖνον,
1668 1093 1748 1129 μέχρι
1774 1093 1828 1128 τῆς
1845 1094 1868 1109 ⁸⁸

1078 1140 1253 1166 Ἀναστασὶου
1269 1140 1406 1173 τελευτῆς,
1420 1139 1449 1164 ὃν
1465 1134 1541 1170 οὗτος
1558 1139 1572 1165 ὁ
1590 1140 1766 1174 συγγραφεὺς
1781 1140 1869 1175 πραό-

1071 1194 1132 1220 τητι
1147 1186 1194 1212 καὶ
1206 1186 1229 1201 ⁷⁸
1244 1185 1404 1220 ἡμερότητι,
1421 1184 1471 1210 οὐκ
1483 1183 1529 1210 οἷδ’
1542 1185 1627 1217 ὅπως,
1645 1185 1750 1211 πολλῶν
1763 1186 1869 1213 ἀποσε-

1076 1230 1168 1264 μνύνει
1183 1229 1340 1263 διενεγκεῖν·
1359 1225 1391 1255 οὗ
1409 1229 1584 1264 συνέπεσενὴ
1601 1229 1714 1265 τελευτὴ
1729 1231 1800 1258 κατὰ
1817 1231 1869 1267 τήν

1074 1275 1220 1310 ἑνδεκάτην
1234 1275 1396 1306 ἱνδιχτιῶνα,
1412 1274 1524 1308 Μάγνου
1540 1275 1621 1309 μόνου
1635 1275 1655 1290 "
1670 1276 1867 1308 ὑπατεύοντος.

1078 1319 1111 1346 Ἦ
1127 1320 1155 1346 δὲ
1175 1319 1291 1354 περιοχὴ
1312 1320 1367 1346 τῶν
1388 1320 1492 1354 χρόνων
1515 1319 1610 1354 χιλίών
1631 1320 1679 1346 xui.
1700 1321 1870 1356 ἐνενήκοντα

1074 1366 1122 1392 καὶ
1134 1366 1241 1392 ἑκατόν.
1256 1365 1302 1391 Ἐν
1317 1363 1356 1397 οἷς
1371 1366 1417 1392 καὶ
1436 1365 1452 1400 ἠ
1466 1367 1623 1400 συγγραφή.

1108 1411 1279 1447 ’Δνεγνώσθη
1291 1412 1320 1439 δέ
1334 1420 1379 1447 μοι
1394 1412 1440 1438 καὶ
1453 1413 1535 1447 ἑτέρα
1545 1412 1596 1439 τοῦ·
1607 1412 1690 1439 αὑτοῦ
1704 1412 1794 1448 βίϐλος
1806 1433 1815 1445 ,
1839 1414 1870 1441 ἐν

1076 1456 1093 1496 ᾔ
1108 1458 1260 1494 περιείχετο
1279 1458 1313 1484 τά
1341 1466 1371 1484 τε
1398 1457 1534 1493 Ίουστίνῳ
1547 1457 1715 1493 πραχθέντα,
1742 1459 1819 1490 ὅπως
1839 1467 1870 1484 τε

1076 1504 1253 1530 Ἀναστασίου
1283 1503 1495 1537 τελευτήσαντος
1524 1502 1603 1533 αὐτὸς
1628 1502 1777 1538 ἀνερρήθη.
1799 1501 1870 1530 Εἶτα

1077 1549 1122 1575 καὶ
1138 1549 1187 1584 τὴν
1197 1549 1247 1576 Ἰου
1253 1547 1386 1575 στινιανοῦ
1400 1548 1447 1574 τοῦ
1458 1548 1531 1581 μετὰ
1542 1548 1686 1574 Ίουστῖνον
1697 1548 1772 1574 ἐστιν
1784 1548 1870 1583 ἀνάρ-

1078 1596 1157 1630 ρησιν
1171 1594 1288 1620 κατιδεῖν
1298 1614 1306 1626 ,
1322 1594 1369 1620 καὶ
1383 1592 1432 1625 τὰς
1449 1593 1532 1624 ἄλλας
1544 1593 1657 1628 πράξεις
1675 1593 1771 1628 μέχρις
1795 1594 1868 1620 ἐτῶν

1076 1648 1159 1666 τινων
1169 1640 1192 1655 ‘"
1208 1639 1258 1674 τῆς
1279 1639 1361 1665 αὐτοῦ
1384 1638 1532 1673 βασιλείας.
1552 1639 1607 1665 Καὶ
1626 1639 1656 1664 τὸ
1668 1638 1761 1665 λοιπὸν
1773 1639 1787 1664 ὁ
1801 1648 1871 1672 συγ-

1076 1685 1198 1720 γραφεὺς
1214 1684 1350 1719 ἐπεσχέθη
1361 1705 1368 1716 ,
1384 1684 1492 1718 θανάτῳ
1504 1683 1551 1709 τοῦ
1569 1675 1664 1714 παιδὸς
1677 1683 1801 1710 Ἰωάννου
1815 1683 1871 1716 τὴν

1076 1730 1165 1765 ψυχὴν
1175 1729 1286 1765 καιρίαν
1298 1729 1408 1765 βληθεὶς
1415 1730 1459 1756 καὶ
1472 1729 1522 1764 τῆς
1531 1729 1598 1764 πρὸς
1609 1728 1639 1765 to
1652 1729 1770 1764 γράφειν
1780 1730 1873 1765 ὁρμῆς

1077 1774 1217 1806 ἐκκοπείς.

1432 1819 1475 1847 0’.

1202 1866 1348 1901 Διοδώρου
1368 1864 1543 1892 Σικελιώτου
1567 1865 1741 1899 ’Ῑστορικόν.

1113 1912 1283 1947 ’Δνεγνώσθη
1302 1912 1324 1927 ⁷³
1343 1920 1388 1946 μοι
1419 1910 1551 1946 Διοδώρου
1579 1910 1740 1938 Σικελιώτου
1769 1911 1873 1944 βιϐλίον

1084 1958 1221 1993 ἱστορικὸν
1246 1958 1275 1984 ἐν
1302 1957 1392 1991 λόγοις
1419 1959 1456 1991 μ’,
1484 1957 1674 1992 οίκουμενικὴν
1698 1957 1873 1992 περιέχουσιν

1081 2001 1214 2036 ἱστορίαν.
1231 2001 1310 2028 Ἐστι
1322 2000 1350 2026 δὲ
1366 1999 1457 2036 πολλῷ
1475 2000 1644 2036 πλατύτερος
1665 2000 1713 2027 τοῦ
1730 2009 1760 2026 τε
1777 2001 1873 2035 Κεφιι⁴

1079 2047 1184 2079 λίωνος,
1200 2048 1228 2073 ὲν
1243 2044 1284 2078 οἷς
1299 2047 1362 2078 τοὺς
1378 2046 1477 2078 αὐτοὺς
1493 2046 1607 2082 χρόνους
1624 2046 1768 2080 συμϐαίνει
1779 2047 1874 2078 αὐτοῖς

1079 2092 1262 2127 ἀναγράφειν,
1285 2093 1333 2118 καὶ
1364 2091 1411 2119 τοῦ
1433 2092 1561 2127 Ἡσυχίου
1573 2091 1619 2118 τοῦ
1643 2091 1824 2127 Ἰλλουστρίου
1839 2094 1873 2119 ⁷⁸.

1080 2137 1221 2172 Κέχρηται
1242 2137 1270 2164 δὲ
1292 2138 1392 2173 φράσει
1405 2139 1487 2173 σαφεῖ
1501 2146 1531 2164 τε
1547 2138 1595 2164 καὶ
1609 2138 1725 2172 άκὸμψῳ
1740 2138 1787 2164 καὶ
1801 2139 1875 2164 ἱστο-

1082 2182 1128 2217 ρίᾳ
1145 2182 1263 2217 μάλιστα
1285 2183 1428 2219 πρεπούσῃ
1441 2203 1449 2215 ,
1467 2182 1515 2209 καὶ
1530 2183 1599 2218 μήτε
1614 2182 1663 2214 τὰς
1687 2182 1733 2217 (ὡς
1750 2182 1782 2209 ἂν
1801 2183 1874 2209 εἴποι
1908 2174 1911 2179 ’

1081 2228 1133 2258 τις)
1149 2227 1208 2253 λίαν
1230 2227 1496 2263 ὑπερηττικισμένας
1507 2228 1524 2262 ἢ
1542 2227 1875 2263 ὰρχαιοτρόπουςδιὼκων

1083 2272 1233 2304 συντάξεις.
1251 2274 1321 2308 μήτε
1343 2274 1412 2309 πρὸς
1435 2273 1484 2309 τὴν
1500 2274 1732 2310 καθωμιλημένην
1746 2275 1769 2290 ⁷⁵
1786 2274 1875 2300 νεύων

1080 2316 1239 2349 παντελῶς,
1266 2317 1335 2343 ἀλλὰ
1356 2318 1396 2353 τῷ
1422 2318 1497 2353 μέσῳ
1518 2317 1572 2344 τῶν
1604 2317 1691 2350 λόγων
1718 2316 1875 2351 χαρακτῆρι

1079 2362 1193 2397 χαίρων,
1221 2363 1330 2398 φεύγων
1360 2371 1389 2390 τε
1415 2363 1518 2398 τροπὰς
1537 2364 1585 2389 καὶ
1614 2360 1708 2394 τᾶλλα,
1735 2361 1805 2395 πλὴν
1819 2361 1875 2386 τῶν

1081 2408 1146 2443 παρ’
1160 2409 1274 2444 Ἕλλησι
1298 2409 1539 2443 μυθολογουμένων
1562 2408 1631 2435 θεῶν
1652 2416 1680 2434 τε
1700 2406 1746 2433 καὶ
1762 2405 1874 2441 ἡρώων,

1083 2454 1132 2480 ὅσα
1148 2454 1179 2480 τὺ
1191 2455 1333 2490 ποιητικὸν
1357 2454 1417 2486 ἔθος
1431 2455 1455 2470 "
1468 2454 1590 2489 νέμεται.
1608 2454 1737 2488 ⁵Ἀρχεται
1760 2451 1810 2486 μὲν
1828 2450 1875 2477 οὖν

1085 2499 1134 2534 τῆς
1154 2499 1275 2535 ἱστορίας
1289 2500 1343 2526 ἀπὸ
1357 2500 1411 2526 τῶν
1423 2499 1664 2534 μυθολογουμένων
1680 2497 1744 2532 παρ’
1760 2496 1876 2530 Ἕλλησι

1084 2545 1131 2572 καὶ
1145 2545 1303 2580 βαρϐάροις,
1322 2546 1386 2579 ἑξῆς
1397 2545 1472 2572 διιὼν
1496 2545 1577 2580 μέχρι
1595 2545 1644 2579 τῆς
1661 2543 1748 2579 ἀρχῆς
1764 2542 1812 2568 τοῦ
1830 2550 1876 2567 συ-

1085 2591 1196 2622 στάντος
1207 2591 1329 2627 πολέμου
1351 2591 1498 2626 Ῥωμαίοις
1509 2599 1539 2617 τε
1557 2590 1605 2617 καὶ
1627 2589 1738 2619 Κελτοῖς
1748 2608 1756 2622 ,
1775 2586 1836 2614 καθ’
1847 2585 1876 2611 ὃν

873 2631 991 2660 νΑιιιΑ]
1019 2633 1222 2663 LEC'I‘IONES.

280 2680 304 2696 "
319 2678 391 2715 ὅτου]
405 2679 449 2706 ὅτε
466 2679 499 2707 Α.
533 2678 685 2715 ξτ-ῑσχὺος]
703 2678 793 2715 malim
807 2679 855 2715 xui.
871 2678 974 2715 iuxtim:

1021 2679 1251 2718 ⁸⁵ηηῷτύχησεγς.
1269 2717 1276 2718 7
1290 2682 1388 2718 ⁸⁸τῆς]
1408 2683 1455 2709 καὶ
1477 2684 1527 2717 τῆς
1541 2691 1572 2714 ς.
1611 2679 1711 2718 ’ςκαὶῖ
1726 2687 1755 2706 τε
1779 2679 1829 2718 οιαὶ
1846 2686 1875 2718 ς.

284 2715 364 2753 μόνον
381 2713 411 2753 ξε
449 2713 578 2753 ηιτινῶν]
602 2713 719 2753 furtusse
745 2714 887 2753 Legendum
909 2713 1002 2753 τριῷν.
1040 2713 1237 2753 ξτὰνεὶνώσθη
1265 2713 1452 2752 βιϐλίον”διοδ.
1480 2713 1534 2745 σιἰι,
1548 2713 1591 2749 ῖς.
1629 2716 1652 2732 ⁷⁸
1667 2713 1818 2749 ἰλουστρίου
1842 2714 1873 2739 Α.

247 2751 269 2766 ⁷⁸
285 2749 533 2785 καθωμαλισμένην
547 2749 578 2782 ςῖ

615 2749 638 2765 ’⁸
657 2748 732 2781 ἔθνος
744 2748 898 2784 Stephanus
909 2754 938 2776 et
952 2748 1139 2778 Casau'muusl

991 2796 1107 2826 NUT/E.

351 2844 475 2888 [fortasse
489 2843 523 2870 ob
533 2842 748 2888 Chrysargyron,
764 2842 858 2872 tributi
876 2852 971 2884 genus,
985 2845 1134 2881 sublatum,
1146 2847 1246 2884 alioqui
1265 2847 1377 2877 minime
1392 2847 1528 2876 militaris.

328 2881 338 2913 )
352 2879 436 2913 hujus
451 2879 524 2907 nulla
539 2884 582 2907 est
595 2880 665 2913 apud
679 2879 790 2908 butdam
808 2884 921 2907 mentio.

294 2879 338 2914 65)
352 2879 436 2914 Cujus
451 2879 524 2907 nulla
539 2884 582 2907 est
595 2880 665 2914 apud
679 2879 790 2908 Suidam
808 2881 921 2907 mentio.
