1934 3089
90 148 141 180 169

644 150 908 181 BIBLlOTHECA.
924 163 960 169 --
977 151 1061 182 COD.
1080 152 1185 182 LXXI.

1674 153 1724 184 ΠΟ

88 206 184 241 χρόνον
208 205 291 238 Γάῑος
310 205 420 238 Ἰούλιος
447 206 566 242 Καῖσαρ,
592 204 616 241 ᾧ
636 207 681 235 διὰ
695 207 745 240 τὰς
766 207 881 243 πράξεις

935 215 1011 236 cosas
1020 208 1162 236 Gallorum
1176 209 1302 238 nationes
1309 210 1462 238 debellavit.
1477 210 1601 247 Triginta
1621 218 1721 248 annos,

88 251 154 278 Θεὸν
183 251 300 288 ἐπίκλην
329 252 423 279 ἔθεντο
450 251 592 287 Ῥωμαῖοι,
618 253 824 288 κατεπολέμησε
848 253 883 280 τὰ

89 297 200 324 πλεῖστα
214 298 263 324 καὶ
277 297 463 333 μαχιμώτατα
476 299 532 325 τῶν
541 298 653 326 Κελτῶν
664 299 727 334 ἔθνη
737 308 744 314 ·
757 300 787 326 ὲν
802 299 881 335 τριά-

89 352 171 370 κοντα
195 344 225 370 δὲ
249 344 351 376 ἔτεσιν,
375 344 414 376 ὼς
432 344 514 377 αὐτός
533 353 610 380 φησι,
625 345 690 380 περὶ
707 345 809 381 ταύτην
820 344 884 371 ἑπό-

89 397 153 424 νησε
171 389 222 424 τὴν
238 389 370 424 ἱστορίαν,
389 389 488 421 τόπους
511 398 541 416 τε
565 389 678 421 πολλοὺς
697 389 820 425 ἀμείϐων
834 389 884 424 χά-

89 443 132 470 ριν
156 434 340 469 πολυμαθίας,
360 435 409 462 καὶ
423 435 622 470 ταλαιπωρίαις
636 433 680 463 οἷα
694 436 768 468 είκὸς
783 436 881 470 ἐντυγ-

87 481 188 515 χάνων.
219 481 284 517 [105
299 480 347 517 IL]
364 481 530 517 Σικελιώτης
549 481 578 513 δὲ
603 481 641 508 ὢν
656 481 686 515 ὲξ
706 481 834 518 ’Δγυρίου
850 481 882 509 τὸ

88 526 166 560 γένος
189 527 269 562 ἔσχε,
293 527 340 554 καὶ
361 527 406 554 διὰ
425 527 475 562 τὴν
497 528 640 567 ἐπιμιξίαν
659 528 715 555 τῶν
736 527 882 563 Ῥωμαίων

935 258 965 282 ιιι
981 255 1015 282 de
1030 262 1061 282 se
1077 254 1190 288 fatetur,
1205 256 1269 283 huic
1282 256 1562 288 scribendtebistoriae
1574 258 1721 294 impendit,

934 300 1018 328 variis
1029 301 1139 330 interim
1148 302 1303 337 regionibus
1315 302 1436 330 discendi
1452 303 1540 337 gratia
1554 305 1724 339 peragratis,

935 346 1136 383 periculisque,
1166 352 1196 375 nt
1217 348 1265 380 tit,
1283 349 1365 377 obitis
1392 357 1425 377 ac
1443 351 1588 385 superatis.
1613 351 1723 380 Siculus

934 398 999 420 vero
1012 391 1074 427 fuit,
1096 393 1199 429 Agyrio
1216 393 1306 430 {urbe}
1321 403 1407 430 genus
1420 403 1565 431 repetens;
1579 398 1625 432 qui
1642 397 1725 433 longo

935 436 1118 466 Romanorum
1131 447 1180 467 usu
1192 447 1224 467 ac
1233 440 1432 475 familiaritate,
1443 447 1471 470 et
1483 442 1603 478 linguam
1618 443 1723 477 calluit,

935 487 963 510 et
976 484 1126 520 praecipuas
1147 494 1271 522 quasque
1285 494 1329 515 res
1346 487 1381 515 ab
1399 496 1430 520 ea
1447 493 1528 524 gente
1549 490 1665 518 feliciter
1680 491 1724 518 in-

937 528 1091 559 l‘eliciterve
1103 537 1194 567 gestas
1207 538 1335 562 accurate
1349 535 1468 570 collegit.

87 573 188 608 πολλὴν
199 572 348 609 ἐμπειρίαν
362 573 413 609 τῆς
437 573 583 609 Ῥωμαίων
604 573 725 610 εἰληφὼς
762 573 904 601 διαλέκτου
923 575 1016 609 πάσας
1041 577 1091 609 τὰς
1115 578 1282 614 ἡγεμονικὰς
1311 581 1398 616 αὐτῆς
1431 581 1546 618 πράξεις
1570 583 1618 610 καὶ
1651 584 1725 620 πάθη

87 619 209 653 ἀκριϐῶς
227 619 388 648 ἀνελάϐετο.

128 666 175 692 Ἐν
191 665 218 699 μ’
226 665 254 692 δὲ
269 665 386 700 βιϐλίοις
397 666 445 701 τὴν
457 666 522 701 ὅλην
532 665 786 701 συμπεραινόμενος
811 672 885 699 πρα-

86 712 224 746 γματείαν
238 713 268 739 ὲν
284 712 335 747 μὲν
349 715 376 745 ς’
384 713 443 744 ταῖς
458 712 582 748 πρώταις
597 712 647 744 τὰς
662 711 716 745 πρὸ
728 711 783 737 τῶν
793 711 883 746 Τρωϊ-

87 757 143 783 κῶν
170 757 288 792 πράξεις
319 766 350 784 τε
378 758 425 784 καὶ
455 758 619 793 μυθολογίας
638 757 787 793 ἐκτίθεται,
810 757 839 783 ἐν
853 755 883 782 δὲ

975 666 1066 695 Libris
1101 670 1280 705 quadraginta
1316 673 1457 702 historiam
1493 676 1654 711 complexus
1683 682 1727 706 est

939 713 1094 741 universam
1114 724 1121 742 :
1136 724 1251 751 quorum
1265 726 1313 746 sex
1329 720 1479 754 prioribus,
1498 729 1559 757 qua:
1578 729 1642 750 ante
1654 723 1726 752 Tro-

933 756 990 790 jani
1009 759 1071 787 belli
1088 765 1208 795 tempora
1225 765 1392 799 acciderunt,
1406 756 1587 804 fabulosaque
1607 777 1727 798 comme-

87 804 147 841 ταῖς
161 803 263 838 ἑφεξῆς
288 807 323 830 ια’
337 803 386 836 τὰς
409 804 464 831 ἀπὸ
478 805 532 832 τῶν
551 804 682 839 Τρωῖκῶν
698 803 791 835 κοινὰς
811 802 881 853 «pf-

936 809 1034 832 morat.
1055 805 1185 835 Undecim
1213 817 1279 837 vero
1295 811 1510 847 insequentibus,
1530 802 1591 849 quae
1610 823 1625 843 a
1647 821 1726 851 capto

88 849 143 882 ξεις
167 850 298 884 εὑρήσεις
327 850 578 887 ἀναγεγραμμένας
604 851 657 882 ἕως
677 849 729 884 τῆς
753 848 882 884 τελευτῆς

935 848 983 876 Ilio
999 850 1098 886 ubique
1111 853 1232 887 gentium
1248 855 1417 890 acciderunt,
1443 848 1547 886 litteris,
1566 848 1726 895 consignata

93 895 273 930 Ἀλεξάνδρου
297 896 346 923 τοῦ
368 897 534 924 Μακεδόνων
549 896 691 932 βασιλέως.
713 896 757 923 Ἐν
781 896 810 922 δὲ
824 896 884 927 ταῖς

88 934 245 974 ὑπολοίποις
257 942 301 976 κγ’
315 942 417 978 βίϐλοις
432 943 460 970 αἱ
471 943 567 970 λοιπαὶ
585 943 750 978 τυγχάνουσι
769 941 885 977 πράξεις

88 988 347 1024 ἀναγεγραμμέναι,
372 990 468 1025 μέχρις
480 989 543 1017 ὅτου
567 989 714 1024 Ῥωμαίοις
732 988 800 1024 πρὸς
813 988 885 1015 Κελ-

88 1035 149 1066 τοὺς
163 1035 178 1060 ὁ
193 1035 315 1070 πόλεμος
331 1036 499 1071 συνερράγη,
514 1035 576 1063 καθ’
591 1035 621 1062 ὃν
637 1035 789 1070 ἡγούμενος
804 1034 885 1066 Γάϊος

93 1080 202 1112 Ἰούλιος
215 1081 328 1116 Καῖσαρ
342 1080 389 1117 [52
403 1081 449 1117 IL]
463 1081 601 1117 ἐκράτησε
617 1081 666 1116 μὲν
678 1080 734 1107 τῶν
749 1079 885 1107 πλείστων

87 1125 134 1152 καὶ
150 1126 283 1161 μαχίμων
300 1127 379 1162 παρὰ
408 1126 523 1158 Κελτοῖς
536 1126 622 1153 ἐθνῶν
634 1127 673 1162 τῷ
685 1127 798 1162 πολέμῳ
819 1135 885 1161 προ-

88 1171 197 1198 εϐίϐασε
226 1172 255 1198 δὲ
283 1173 334 1207 τὴν
351 1172 499 1208 ἠγεμονίαν
517 1172 567 1207 τῆς
592 1172 701 1209 Ῥώμης
723 1173 806 1208 μέχρι
830 1172 884 1200 τῶν

88 1215 278 1252 Βρεττανικῶν
288 1218 379 1253 νήσων
392 1225 400 1234 ·
415 1219 444 1246 ὲν
460 1212 502 1250 οἷς
530 1217 578 1245 καὶ
599 1219 616 1254 ὴ
636 1217 743 1253 ἱστορία
759 1217 883 1254 τελευτᾷ.

508 1267 515 1279 1

85 1298 265 1327 Κασσιιινοῦ
278 1299 451 1326 Κοκκιανοῦ
462 1265 639 1333 ἓΑιξοκκιου
662 1298 774 1332 Δίωνος
792 1298 884 1326 ἰστο-

368 1334 449 1369 puto).
460 1335 546 1370 λόγοι
559 1333 599 1362 π’.

127 1380 302 1416 ’Δνεγνώσθη
320 1380 422 1412 βιϐλίον
434 1380 591 1408 Κασσιανοῦ
606 1379 761 1407 Κοκκιανοῦ
776 1379 792 1414 ἢ
808 1380 882 1406 Κοκ-

87 1429 147 1455 κίου
161 1429 273 1460 Δίωνος,
291 1429 321 1454 ὲν
337 1427 426 1462 λόγοις
441 1430 479 1454 π’.
495 1427 627 1463 ’Δρχεται
643 1427 691 1462 μὲν
703 1426 758 1454 ἀπὸ
774 1424 822 1453 τοῦ
834 1426 883 1452 Δί-

85 1474 158 1500 νείου
168 1474 216 1500 ἐπὶ
244 1474 294 1509 τὴν
321 1473 436 1500 Ἰταλίαν
456 1474 488 1500 ὲκ
511 1473 613 1509 Τροίας
628 1473 741 1500 καθόδου
763 1473 810 1499 καὶ
832 1473 881 1508 τῆς

85 1519 201 1551 κτίσεως
222 1519 417 1554 ’Δλμαπόλεως
441 1518 465 1535 ⁷⁷
485 1518 534 1545 καὶ⁵
557 1518 677 1554 Ῥώμης,
696 1518 832 1554 διέρχεται
852 1518 881 1545 δὲ

85 1565 220 1600 καθεξῆς,
231 1565 444 1600 ἀποπαυόμενος
462 1566 502 1597 είς
516 1564 567 1600 τὴν
589 1564 635 1590 τοῦ
658 1564 831 1598 Ἀντωνίων,
851 1564 881 1591 ὃν

91 1611 276 1646 Ἐλαγάϐαλον
292 1611 459 1642 ἀπεκάλουν,
479 1611 588 1646 σφαγήν
600 1619 608 1626 ·
620 1611 715 1637 τοῦτον
727 1610 756 1637 δὲ
768 1610 816 1638 κα)⁵
832 1611 880 1637 Τι-

83 1657 192 1692 ϐερῖνον
210 1659 259 1684 καὶ
278 1657 493 1693 Σαρδανάπαλον
517 1659 566 1685 καὶ
586 1657 811 1684 Ψευδαντωνῖνον
834 1658 881 1685 καὶ

91 1701 235 1737 ’Δσσύριον
252 1702 277 1718 ⁷⁸
292 1701 348 1729 ἀπὸ
363 1702 420 1730 τῶν
431 1701 506 1737 αὐτῷ
523 1702 719 1737 πραττομένων
739 1701 881 1737 ἐπωνόμα-

82 1747 137 1778 grav.
157 1747 195 1774 υύ
228 1747 310 1783 μόνον
324 1747 353 1774 δὲ
367 1747 435 1775 ἀλλὰ
452 1748 499 1775 καὶ
521 1748 563 1780 εἰς
586 1746 636 1783 τὴν
653 1746 741 1783 ἀρχὴν
757 1747 881 1774 κάτεισιν

91 1793 279 1829 Ἀλεξάνδρου,
300 1794 329 1824 ὃς
365 1793 526 1822 Ἀντωνίνου
550 1794 700 1829 σφαγέντος
716 1795 782 1828 (σὺν
806 1793 882 1830 αὐτῷ

85 1840 182 1875 γὰρτὸ
198 1841 302 1876 κράτος
318 1841 403 1876 εἶχεν,
424 1840 590 1876 ἀναληφθεὶς
612 1841 657 1868 ὑπ’
681 1840 776 1875 αὑτοῦ)
801 1841 882 1876 μόνος

84 1886 127 1912 τὸν
139 1886 184 1912 ἐπ’
196 1886 271 1922 αὐτῷ
287 1887 470 1922 μελετηθέντα
485 1887 608 1914 κίνδυνον
623 1887 717 1921 φυγὼν
731 1887 786 1922 ,τὴν
802 1886 881 1922 βασι-

83 1931 159 1959 λείαν
175 1932 328 1968 ἐκδέχεται.
355 1932 457 1960 Τοῦτόν
477 1941 544 1968 φησι
568 1933 616 1959 τὸν
646 1932 821 1968 Ἀλέξανδρον
834 1933 882 1960 καὶ

85 1975 289 2002 ωνυπατεῦσαι
313 1975 388 2010 αὑτῷ
408 1977 423 2004 ὁ
451 1977 628 2012 συγγραφεὺς
649 1977 681 2004 τὸ
701 1976 830 2013 δεύτερον
846 1978 880 2010 τ’,

84 2021 131 2047 καὶ
144 2021 176 2048 τὸ
192 2021 263 2058 ὑπὲρ
278 2023 330 2058 τῆς
349 2021 439 2058 ἀρχῆς
454 2023 526 2050 κατὰ
540 2023 572 2050 τὸ
594 2023 733 2059 προσῆκον
749 2024 882 2060 ἀνάλωμα

86 2065 229 2103 φιλοτιμίᾳ
249 2070 283 2104 τῇ
308 2069 338 2100 ὲς
352 2069 398 2095 τὸν
418 2069 572 2096 συνύπατον
592 2070 673 2096 αὑτὸν
688 2070 736 2097 τὸν
748 2070 882 2106 αὐτοκρά-

84 2118 153 2146 τορα
166 2112 315 2140 ἀναλῶσαι.
329 2111 413 2146 οὗτος
427 2114 449 2140 δ’
460 2115 474 2140 ὁ
486 2115 661 2150 συγγραφεὺς
676 2116 823 2151 Περγάμου
835 2116 882 2144 καὶ

85 2155 213 2192 Σμύρνης
227 2158 386 2194 (Μακρῖνος
406 2160 482 2196 αὐτῷ
494 2160 544 2196 τὴν
560 2161 649 2197 ἀρχὴν
662 2161 677 2188 ό
697 2162 878 2198 αὐτοκράτωρ
893 2170 918 2200 ι)

84 2202 244 2239 ἐγχειρίζει)
260 2205 463 2240 ὲπεστάτησεν,
485 2205 583 2234 ἔπειτα
595 2207 646 2242 τῆς
666 2207 802 2244 Ἀφρικῆς
813 2210 879 2244 ἠγε-

86 2250 225 2284 μόνευσεν,
241 2249 304 2278 εἶτα
317 2252 467 2285 Παννονίας
481 2253 505 2269 ⁸ο
519 2251 598 2289 ἦρξε,
612 2255 661 2281 καὶ
676 2255 833 2288 ὑπατεύσας
852 2256 883 2283 τὸ

83 2293 220 2331 δεύτερον,
234 2296 274 2328 ὼς
295 2298 413 2335 ἐρρήθη,
435 2299 527 2326 οἴκαδε
542 2300 633 2334 ἀπῆρε
650 2303 817 2337 παρειμένος
835 2303 883 2329 ἰπὶ

84 2342 116 2376 τῇ
133 2342 188 2368 τῶν
204 2343 295 2370 ποδῶν
313 2345 473 2383 ἀρρωστίᾳ,
490 2347 550 2374 ἐκεῖ
565 2347 596 2374 τὺ
611 2348 704 2375 λοιπὸν
716 2368 724 2381 ,
741 2349 779 2381 ὡς
790 2350 837 2376 καὶ
853 2350 884 2377 τὸ

82 2386 221 2432 ϐαιμύνιον
242 2390 329 2426 αὐτῷ,
352 2392 431 2428 φησὶ,
453 2394 586 2426 προεῖπεν
601 2395 630 2421 ἐν
645 2394 757 2432 Βιθυνίᾳ
775 2395 881 2432 διατρί-

85 2430 170 2462 ϐοντι,
188 2435 355 2471 βιωσόμενος

86 2478 142 2504 Ἕκ
158 2479 182 2505 τ’
191 2480 416 2519 ἀνδροκτασίης
426 2485 448 2501 ⁸¹
456 2485 491 2513 ἕιι
506 2485 531 2513 θ’
544 2487 670 2522 αἵματος
682 2487 724 2560 ἕκῘ
732 2490 875 2530 ιε’-κυδοι-

458 2556 461 2560 Ι
723 2533 795 2559 μου.

723 2533 795 2559 μου.

935 895 1066 929 reperies,
1083 905 1169 932 usque
1183 899 1217 926 ad
1233 900 1383 929 Alexandri
1406 902 1496 938 Magni
1520 905 1635 933 obitum.
1652 905 1726 933 lleli-

935 941 997 974 quis
1013 941 1098 970 tribus
1114 949 1143 971 et
1165 945 1261 980 viginti
1289 946 1376 980 libris,
1393 957 1454 984 quae
1475 950 1604 985 deinceps
1627 958 1726 979 evene-

936 992 1012 1020 rnnt,
1041 989 1179 1018 memoriae
1201 992 1308 1024 prodita
1335 994 1423 1029 leges;
1446 996 1510 1023 dum
1533 1002 1658 1025 exortum
1683 1002 1726 1026 est

935 1033 1121 1063 Romanorum
1136 1044 1197 1065 cum
1209 1038 1296 1068 Gallis
1310 1041 1423 1075 bellum,
1440 1043 1522 1070 ductu
1534 1043 1596 1071 Julii
1608 1044 1726 1080 Caesaris

934 1085 1057 1115 gestum;
1076 1082 1121 1117 qui
1139 1084 1284 1120 plerasque
1297 1091 1326 1114 et
1338 1086 1504 1116 fortissimas
1517 1096 1613 1116 eorum
1626 1095 1724 1125 gentes

935 1126 1097 1162 debellavit,
1124 1129 1335 1167 Romanumque
1363 1134 1488 1168 provexit
1522 1136 1663 1170 imperium
1696 1136 1724 1164 in

935 1170 1103 1201 Britanniam
1121 1182 1205 1210 usque
1221 1185 1230 1204 :
1249 1177 1276 1206 in
1294 1185 1347 1213 qua
1361 1179 1535 1214 expeditione
1549 1180 1661 1209 historia
1676 1182 1725 1210 de-

934 1220 1008 1247 sinit.

1284 1269 1380 1299 LXXI.

1025 1312 1118 1342 Dionis
1147 1315 1234 1343 Cassii
1261 1315 1441 1345 Historiarum
1468 1319 1532 1347 libri
1554 1329 1638 1350 Lux.

971 1389 1098 1426 Legimus
1128 1392 1224 1422 Dionis
1244 1393 1370 1424 Cassiani
1397 1395 1525 1427 Cocciani
1561 1407 1608 1428 seu
1635 1401 1726 1431 Coccii

934 1436 1113 1467 Historiarum
1131 1439 1214 1467 libros
1225 1441 1364 1476 octoginta
1375 1442 1484 1479 (66-67)
1496 1453 1503 1471 ς
1516 1445 1567 1473 Hic
1575 1446 1727 1476 inchoando

895 1496 918 1526 α
934 1484 969 1511 ab
983 1483 1077 1512 lEneae
1098 1486 1167 1522 35b
1194 1488 1220 1514 in
1248 1487 1352 1516 Italiam
1377 1490 1505 1524 adventu,
1521 1497 1549 1520 et
1567 1493 1634 1521 Alba
1649 1495 1726 1526 urbe.

934 1538 966 1558 ac
994 1530 1080 1559 Roma
1107 1533 1227 1567 condita.
1253 1535 1341 1562 tendit
1363 1536 1545 1570 continenter,
1573 1538 1673 1568 ﬁniens
1698 1541 1726 1568 in

932 1577 1075 1610 Antonini,
1086 1577 1144 1612 ejus
1159 1580 1204 1613 qui
1215 1579 1376 1615 Elagabalus
1389 1576 1431 1610 est
1443 1584 1649 1619 cognominatus
1656 1586 1725 1623 (68),

932 1623 1033 1650 eaedem
1049 1634 1057 1652 ε
1074 1632 1155 1659 quem
1175 1630 1201 1653 et
1217 1625 1387 1660 Tiberinum,
1408 1633 1434 1656 et
1447 1629 1678 1666 Sardanapalum.
1699 1639 1728 1662 et

931 1669 1197 1702 Pseudantoninnm.
1205 1677 1287 1708 atque
1295 1674 1436 1709 Assyrium
1444 1695 1450 1707 ,
1457 1683 1470 1702 a
1478 1675 1589 1712 ﬂagitiis
1600 1680 1727 1707 nomina-

933 1720 1006 1742 runt.
1024 1716 1096 1749 Quin
1117 1722 1144 1745 et
1162 1718 1193 1745 ad
1221 1718 1370 1747 Alexandri
1387 1721 1570 1756 principatum
1589 1726 1726 1759 pervenit,

933 1762 978 1796 qui
997 1769 1126 1797 percusso
1152 1765 1291 1794 Antonino
1308 1766 1417 1800 quicum
1437 1767 1597 1803 imperarat,
1625 1772 1665 1806 ,ab
1681 1771 1727 1800 illo

934 1808 960 1836 in
975 1810 1134 1838 societatem
1148 1812 1249 1839 ascitus
1264 1813 1351 1847 solus,
1375 1815 1528 1849 periculum
1548 1817 1598 1852 sibi
1615 1825 1728 1854 compa-

934 1858 1022 1880 ralulu
1047 1854 1210 1893 eﬂ‘ugiendo,
1230 1862 1340 1892 sceptra
1364 1865 1533 1896 susceperat.
1563 1861 1642 1890 Hunc
1663 1864 1727 1891 Ale-

933 1901 1068 1928 xandrum
1090 1903 1260 1931 consulatum
1287 1904 1385 1933 iterum
1411 1913 1502 1934 secum
1522 1907 1643 1942 gessisse
1658 1909 1729 1936 scri-

934 1951 994 1981 ptor
1009 1947 1104 1982 refert,
1129 1955 1319 1986 sumptusque,
1338 1959 1407 1987 quos
1421 1952 1449 1980 in
1473 1954 1649 1989 magistratus
1669 1955 1726 1991 (69)

933 1994 1199 2024 administrationem
1232 1997 1345 2025 Dionem
1376 1999 1546 2034 impendisse
1582 2002 1724 2035 oportuit,

935 2042 1124 2076 imperatorem
1139 2043 1239 2077 ipsum,
1253 2045 1385 2079 collegam
1408 2047 1490 2074 nimis
1508 2047 1660 2075 honorandi
1676 2056 1725 2075 cu-

933 2088 1037 2124 pidum,
1057 2089 1214 2117 contulisse.
1239 2089 1312 2118 idem
1338 2099 1447 2127 quoque
1475 2093 1622 2123 historicus
1637 2103 1651 2122 a
1670 2094 1727 2122 Ma-

934 2134 1011 2162 crino
1033 2135 1199 2170 imperatore
1224 2136 1357 2173 Pergamo
1375 2147 1406 2166 ac
1422 2139 1549 2175 Smyrna:
1570 2141 1725 2176 praefectus,

931 2183 992 2215 post.
1012 2180 1039 2207 in
1064 2180 1155 2208 Attica
1176 2182 1229 2210 dux
1245 2182 1307 2210 fuit.
1335 2183 1501 2213 Pannoniam
1527 2187 1589 2215 hinc
1607 2188 1726 2215 admini-

930 2226 1045 2259 stravit;
1060 2228 1209 2263 consulque
1233 2229 1342 2262 iterum,
1365 2235 1395 2257 ut
1414 2231 1516 2260 dictum
1537 2239 1589 2266 est,
1605 2239 1724 2268 creatus,

932 2273 1043 2300 revertit
1062 2273 1174 2301 domum
1190 2275 1306 2308 pedibus
1326 2276 1382 2311 jam
1404 2285 1486 2314 eger,
1509 2279 1570 2307 vitae
1589 2280 1724 2316 reliquum

932 2318 967 2345 ibi
995 2318 1078 2354 (quod
1106 2320 1133 2347 in
1156 2320 1283 2356 Bithynia
1309 2323 1401 2358 agenti
1428 2325 1525 2359 genius
1551 2325 1606 2361 ille,
1622 2332 1652 2355 ut
1675 2329 1724 2363 ait,

933 2365 1109 2401 praedixerat)
1130 2366 1253 2394 victurus

934 2491 1018 2519 Extra
1041 2491 1176 2520 hominum
1195 2494 1305 2527 caedem,
1328 2495 1385 2523 sine
1412 2497 1603 2568 sanguineilet
1628 2498 1725 2561 uirque

1575 2542 1638 2561 umu
1661 2542 1688 2562 ιι.

1575 2542 1688 2562 untuttu.

720 2581 840 2612 VARhE
859 2583 1066 2612 LECTIONES.

117 2631 241 2694 Ἴ.
256 2633 362 2667 πόλεως
381 2635 520 2666 Schottus.
538 2639 560 2655 ⁷⁸
576 2640 690 2677 ἀσύριον
700 2642 732 2670 Α.
771 2644 794 2658 ⁷³
809 2644 839 2670 τὸ
853 2644 956 2680 βιϐλίον
970 2644 1096 2680 δεύτερον
1110 2653 1140 2677 ς.
1179 2645 1203 2661 ³⁸
1218 2645 1347 2678 πανονίας
1361 2646 1394 2673 Δ.
1423 2645 1445 2663 ⁸·
1460 2646 1492 2674 εκ
1504 2647 1528 2674 τ’
1540 2647 1630 2684 ἀνδρ.]
1643 2648 1724 2676 Hom.

83 2664 115 2692 lt.
130 2674 161 2698 ιι,
181 2667 211 2694 16

863 2723 980 2752 ΝΟΤΛΕ.

120 2758 225 2795 (66-67)
246 2759 285 2787 De
299 2761 398 2800 quibps
408 2761 443 2788 25
454 2764 536 2800 modo
551 2771 669 2800 exstant,
686 2774 713 2797 et
723 2770 878 2799 ultimorum

81 2791 342 2836 “Intesqerptapp'er
363 2795 411 2836 103
416 2805 496 2836 intem
505 2833 510 2836 _
518 2791 699 2836 Xip-liili-n'uin:

119 2829 178 2878 if?)
189 2829 601 2878 ἑξξῑοέέξξπὶν-,Ξιςεςειιθιξέἀεκ
610 2829 732 2878 Ευιιὸῖρι
740 2841 878 2878 Helioga-

84 2863 173 2892 balus.
189 2863 252 2892 Vide
264 2872 326 2900 quae
341 2872 431 2894 notaui
448 2863 475 2895 in
486 2863 840 2912 ιηιιίεεἰἶιῖξὲιὶίὺιόἲῖἑὶιῖῗ

243 2913 383 2944 Parnm"
407 2914 466 2945 Gn.
491 2916 570 2949 CIll.

970 2772 1026 2811 _(_69)
1048 2773 1097 2811 Sic»
1118 2779 1146 2802 et
1163 2773 1299 2811 Honorius
1325 2773 1395 2811 Aug.
1419 2780 1543 2811 sumptus
1569 2773 1724 2811 constantil

932 2809 1044 2846 collegae
1062 2809 1187 2846 toleravit
1201 2817 1239 2846 ex?
1256 2809 1410 2846 Heracliam
1427 2809 1516 2846 bonis,
1538 2810 1610 2845 apud
1629 2809 1723 2846 Olym-

928 2844 1084 2880 piodorum,
1110 2844 1174 2872 inl‘r.
1191 2845 1251 2874 cod.
1269 2844 1414 2874 LXXXIX.

1541 2924 1562 2954 6
