1934 3089
191 161 239 195 171

778 155 913 187 ΡΗΟΤΙῙ
932 152 1187 185 ΡΑΤΒΙΛΒΟΗᾸΞ
1206 150 1260 182 CP.

1777 144 1828 176 172

223 217 313 247 Patria
335 216 374 245 illi
390 215 480 244 Nicaea
502 214 637 250 Bithyniae
652 222 659 241 :
676 219 758 248 quam
778 219 812 239 ex
829 215 907 247 parte
933 217 982 245 pa-

1050 208 1119 242 Εσχε
1133 207 1162 234 δὲ
1177 206 1294 242 πατρίδα
1317 206 1367 239 τὴν
1386 205 1414 232 ὲν
1426 202 1536 240 Βιθυνία
1559 202 1686 234 Νίκαιαν,
1700 203 1734 239 ἢν
1755 204 1825 230 κατὰ

189 265 242 298 lus,
258 264 377 293 Ascania
391 264 476 296 dicta,
492 261 658 290 circumluit.
680 258 798 287 Grandis
810 258 869 293 ejus
884 262 984 287 sermo,

193 316 222 339 et
234 311 362 345 tumidus,
377 317 409 338 eo
425 309 497 345 quod
512 315 603 336 rerum
620 307 771 342 ingentium
784 311 863 333 sensa
879 302 984 330 all‘erat.

190 357 299 385 Veteris
331 357 397 384 item
426 356 478 391 ipsi
507 353 722 383 constructionis
749 357 841 380 sermo
867 349 985 384 plenus,

191 403 401 438 verborumque.
416 410 476 437 quae
487 409 579 429 rerum
597 398 776 435 magnitudini
792 396 986 433 respondeant.

193 450 303 481 Periodi
328 449 537 485 parenthesibus
561 447 694 482 trajecta.
719 449 747 473 et
772 444 987 480 liyperbatorum

192 502 365 535 opportunus
397 503 474 523 usus.
507 494 618 522 Numeri
646 499 739 527 porro,
775 495 804 518 et
835 488 987 521 intercisio,

194 547 246 574 etsi
261 547 386 572 accurate
411 541 546 572 adhibita,
566 540 602 567 ob
618 539 753 567 orationis
776 542 866 566 tamen
884 535 989 571 perspi-

195 591 334 622 cuitatem,
350 587 439 615 obiter
455 585 607 621 legentibus
625 591 677 611 non
692 588 755 610 sunt
773 580 929 609 manifesta.
960 579 988 606 In

195 634 399 665 narrationibus
414 637 545 668 praeterea
568 635 596 657 et
610 628 800 658 concionihus,
821 624 988 660 Thucydidis

196 681 314 707 maxime
329 683 372 706 est
391 676 522 709 aemulus;
545 675 596 702 nisi
613 673 685 709 quod
708 672 741 700 ad
767 670 988 707 perspicuitatem

196 725 284 761 magis
305 724 417 752 tendit:
439 727 537 750 caetera
563 721 620 748 fere
643 717 816 754 Thucydides
840 716 877 744 illi
894 722 987 743 norma

196 776 239 800 est
254 779 286 799 ac
303 769 406 806 regula.

540 858 646 887 LXXII.

252 908 345 938 Ctesia:
365 907 456 936 Gnidii
474 906 646 934 Peraicarum
666 912 755 932 rerum
773 903 837 930 libri
856 909 934 930 mn.

234 955 315 983 Lecta
328 954 426 982 Ctesias
442 952 533 980 Cnidii
558 950 679 984 Persica,
703 950 730 977 in
746 949 832 976 libros
846 947 991 975 distributa

199 1006 256 1029 tres
275 1007 357 1035 supra
381 998 491 1034 viginti.
520 997 647 1025 Attamen
674 995 809 1031 prioribus
836 1001 886 1021 sex
915 992 992 1020 libris

199 1045 374 1081 Assyriorum
394 1051 449 1075 res,
462 1047 490 1070 et
505 1048 675 1077 quascunque
690 1039 829 1067 Persicum
847 1037 992 1073 imperium

199 1092 416 1121 antecesserunt,
448 1086 626 1121 complexus,
664 1092 716 1113 non
748 1084 798 1112 nisi
827 1091 842 1111 α
877 1083 993 1118 septimo

201 1137 330 1170 deinceps
361 1141 406 1162 res
423 1133 547 1161 Persicas
573 1139 684 1160 narrare
703 1131 802 1167 pergit.
822 1130 885 1166 ipso
902 1130 993 1164 itaque

200 1183 317 1218 septimo
333 1181 413 1214 libro,
434 1184 530 1207 octavo
544 1179 609 1206 item
625 1185 658 1205 ac
670 1185 751 1210 nouo,
769 1176 885 1210 decimo,
907 1176 992 1203 unde-

200 1227 271 1254 cimo
287 1230 314 1253 et
327 1223 496 1256 duodecimo,
519 1224 551 1250 ad
563 1224 670 1250 tertium
683 1230 767 1258 usque
778 1222 922 1252 decimum.
935 1227 995 1255 quae

201 1273 234 1301 ad
245 1272 346 1308 Cyrum
360 1291 369 1303 .
384 1276 412 1300 et
428 1272 589 1311 Cambysen,
608 1278 640 1298 ac
655 1269 761 1304 Magum
783 1267 891 1304 (70-7!)
909 1267 995 1300 illum,

201 1319 321 1354 itemque
332 1319 364 1345 ad
381 1317 490 1345 Darium
499 1323 526 1345 et
538 1317 655 1345 Xerxem
671 1316 817 1351 pertinent,
833 1314 995 1349 descripsit;

202 1366 229 1393 in
245 1366 370 1393 omnibus
387 1364 583 1401 propemodum
599 1363 735 1390 Herodoto
750 1360 808 1397 (7‘2)
822 1361 994 1392 adversatus,

202 1412 276 1448 36a
297 1419 378 1447 quem
395 1412 437 1448 (ut
457 1411 594 1446 posterior
617 1409 665 1437 illo
690 1409 812 1444 scripsit)
838 1408 996 1436 mendacem

202 1460 230 1487 in
249 1458 353 1491 multis,
379 1463 407 1485 et
425 1456 578 1484 fabularum
601 1455 777 1483 eonﬁctorem
805 1454 879 1482 facit.
907 1453 946 1481 De
968 1460 998 1481 se

203 1512 269 1532 vero
286 1504 426 1540 praedicat.
447 1509 543 1531 eorum
567 1509 628 1538 quae
652 1502 749 1530 scribit
775 1501 905 1535 majorem
933 1507 998 1535 par-

206 1556 259 1580 tem
275 1558 366 1580 coram
393 1550 512 1583 vidisse;
534 1555 633 1577 caetera
650 1569 658 1583 ,
684 1556 746 1584 quae
770 1548 865 1575 videre
889 1554 942 1574 non
964 1546 998 1574 li-

205 1594 347 1631 cuérit,ab
363 1597 486 1631 ipsismet
499 1595 591 1623 Persis
614 1595 747 1630 accpisse,
763 1598 843 1629 atque
857 1593 894 1621 ita
911 1593 944 1620 ad
959 1593 1002 1620 hi-

205 1643 319 1671 storiam
336 1643 509 1671 scribendam
525 1642 685 1669 accessisse.
700 1641 734 1668 At
751 1649 804 1668 non
818 1641 852 1668 ab
870 1640 1001 1668 Herodoti

207 1689 396 1717 tantummodo
416 1688 529 1716 historia
555 1687 681 1720 discedit,
710 1687 756 1714 sed
785 1686 819 1714 ab
843 1687 902 1721 ipso
918 1687 1000 1714 etiam

208 1735 390 1769 Xenophonte
423 1733 509 1769 Grylli
526 1733 587 1764 lilio
607 1733 707 1760 alicubi
734 1732 870 1760 dissentit.
897 1731 1003 1759 Floruit

209 1781 282 1809 illius
296 1780 361 1816 Cyri
378 1780 555 1815 temporibus,
571 1780 616 1815 qui
630 1779 712 1807 Dario
727 1779 786 1816 (75)
805 1784 833 1807 et
847 1778 1003 1807 Parisatide

210 1827 329 1863 genitus,
351 1826 438 1855 frater
455 1826 507 1854 fuit
531 1825 694 1867 Artaxerxis
709 1826 777 1862 (74),
801 1825 860 1862 ejus
873 1826 906 1853 ad
921 1833 1001 1861 quem

209 1873 351 1901 Persicum
376 1879 488 1907 regnum
513 1872 631 1900 devenit.

245 1916 308 1945 Mox
321 1925 385 1953 ergo
400 1918 485 1946 refert
496 1918 530 1946 de
546 1919 662 1954 ASIyage
676 1918 745 1955 (75),
763 1926 845 1954 quem
865 1924 893 1946 et
911 1917 1001 1955 Astyi-

211 1972 262 2000 gan
277 1967 366 1996 vocat,
395 1964 468 1992 nulla
493 1963 593 2000 Cyrum
620 1964 677 2000 (76)
704 1964 754 2000 ipsi
771 1964 880 2000 generis
895 1965 1005 2000 propin-

210 2011 316 2046 quilate
331 2010 455 2046 junctum
480 2010 572 2038 fuisse.
590 2010 705 2046 Fugisse
727 2014 817 2038 autem
838 2010 970 2046 Astyigan
988 2018 1004 2037 a

211 2058 275 2093 Cyri
289 2062 437 2092 conspectu
458 2057 484 2084 in
503 2056 658 2090 Ecbatana,
680 2056 773 2092 ibique
787 2058 814 2084 in
833 2056 900 2092 ipsis
914 2056 1004 2090 regia-

213 2110 273 2129 rum
288 2103 386 2130 aedium
403 2102 552 2130 criscranis
572 2103 606 2130 ab
627 2102 717 2138 Amyli
738 2102 805 2135 tilia,
821 2107 848 2130 et
871 2101 928 2136 ejus
945 2103 1004 2129 viro

214 2148 335 2184 Spitama
356 2149 532 2183 occultatum,
561 2149 682 2177 latuisse.
706 2148 742 2176 At
765 2149 1004 2184 supervenientem

213 2196 336 2233 Cyrum:
355 2204 407 2224 non
428 2203 444 2224 e
458 2195 582 2231 Spitama
601 2195 701 2228 solum,
727 2201 810 2230 atque
834 2195 936 2231 Amyti,
957 2195 1005 2223 sed

1038 255 1110 291 μέρη
1134 255 1151 290 ἡ
1176 255 1331 290 καλουμένη
1362 254 1444 290 λίμνη
1472 253 1603 281 ’Δσκανία
1626 252 1826 289 περιλιμνάζει.

1039 300 1121 328 Ἐστι
1132 300 1161 326 δὲ
1174 300 1224 336 τὴν
1237 299 1338 335 φράσιν
1358 298 1577 335 μεγαλοπρεπῶς
1593 307 1624 325 τε
1637 298 1685 325 καὶ
1700 298 1729 330 ἐς
1748 297 1829 332 ϐγκον

1037 347 1274 383 διεσκευασμένος,
1305 348 1347 373 ὅτι
1373 346 1420 372 καὶ
1454 345 1580 381 μεγάλων
1611 345 1700 379 ἔργων
1726 344 1829 375 ἐννοίας

1038 392 1216 426 ἀπαγγέλλει.
1240 391 1393 426 Ἀρχαῖκῶν
1414 399 1444 417 τε
1458 390 1533 426 αὑτῷ
1551 389 1704 423 συντάξεων
1723 389 1738 416 ό
1751 389 1831 424 λόγος

1040 439 1140 475 μεστὸς
1165 439 1214 466 καὶ
1232 438 1333 472 λέξεων
1352 438 1517 474 πρεπουσῶν
1540 437 1651 473 μεγέθει
1668 437 1691 452 ⁸¹
1711 435 1832 473 περίοδοί

1038 495 1068 512 τε
1086 486 1154 521 μετὰ
1167 486 1358 522 παρενθὲσεων
1378 485 1615 521 παρατεταμέναι,
1633 484 1667 500 ⁸¹¹
1679 484 1727 511 καὶ
1744 483 1833 518 ὑπερ-

1040 533 1129 560 ϐατῶν
1161 532 1289 568 εὔκαιρος
1316 533 1425 569 χρῆσις.
1450 531 1567 567 Ῥυθμός
1593 539 1624 559 τε
1643 531 1691 558 καὶ
1709 529 1834 558 ἀναπαύ-

1040 587 1099 610 σεις
1115 578 1138 594 ⁸³
1155 579 1196 610 εἰς
1217 576 1380 613 ἐπιμέλειαν
1401 577 1546 613 ἠσκημένα
1560 576 1604 603 διὰ
1617 576 1648 603 τὸ
1674 576 1760 611 σαφὲς
1783 576 1834 602 οὐκ

1040 623 1097 651 ἐστι
1118 625 1175 656 τοῖς
1196 623 1290 655 ἁπλῶς
1311 622 1550 658 ἀναγινώσκουσιν
1567 622 1675 658 ἐμφανῆ
1688 622 1722 650 ⁸⁸.
1746 622 1790 648 Ἐν
1805 620 1834 648 δέ

1040 677 1073 706 γε
1083 671 1144 702 ταῖς
1158 669 1182 686 ⁸⁸
1203 670 1388 706 δημηγορίαις
1405 670 1516 706 ἄριστος
1530 669 1577 697 καὶ
1595 669 1717 705 μιμητὴς
1728 669 1752 685 ⁸⁸
1766 668 1835 695 Θου-

1040 715 1159 748 κυδίδου.
1184 715 1255 751 πλὴν
1269 716 1332 742 εἴτι
1345 715 1414 752 πρὸς
1430 714 1461 742 τὺ
1476 715 1642 750 σαφέστερον
1655 715 1756 750 ἀφορᾷ.
1769 714 1837 749 Σχι-

1039 762 1084 789 δδν
1100 762 1129 790 δὲ
1143 763 1195 790 κάν
1211 764 1269 794 τοῖς
1290 761 1382 795 ἄλλοις
1394 763 1558 798 θουκυδίδης
1572 763 1648 789 ἐστὶν
1664 761 1738 798 αὐτῷ
1752 762 1767 788 ὁ
1783 770 1835 788 κα·

1040 809 1104 838 νῶν.

1379 857 1440 885 OB'.

1166 904 1299 938 Κτησίου
1316 903 1369 931 τοῦ
1384 903 1505 931 Κνιδίου
1519 903 1554 929 τὰ
1567 901 1710 935 Περσικά.

1088 951 1258 987 Ἀνεγνώσθη
1280 951 1381 987 βιϐλίον
1393 949 1513 986 Κτησίου
1528 948 1574 976 τοῦ
1592 948 1700 975 Κνιδίου
1712 946 1745 974 τὰ
1764 948 1841 980 Περ-

1046 999 1129 1032 σικὰ,
1147 999 1176 1026 ὲν
1191 998 1303 1034 βιϐλίοις
1312 996 1355 1032 κγ’
1359 1019 1365 1026 .
1378 996 1448 1024 Ἀλλ’
1458 997 1487 1023 ὲν
1500 996 1549 1031 μὲν
1561 995 1624 1032 [108
1636 994 1684 1031 IL]
1693 995 1750 1026 τοῖς
1763 993 1844 1029 πρώ-

1043 1054 1100 1077 τοις
1116 1047 1142 1078 ς¹
1160 1045 1195 1072 τά
1217 1053 1247 1071 τε
1263 1044 1395 1080 ’Δσσύρια
1417 1043 1440 1060 ⁸⁷
1455 1041 1636 1077 διαλαμϐάνει
1660 1041 1707 1067 καὶ
1719 1040 1770 1067 ὅσα
1787 1040 1844 1075 πρὸ

1044 1082 1099 1120 τῶν
1113 1091 1269 1128 Περσικῶν,
1284 1091 1338 1118 ἀπὸ
1351 1090 1500 1126 μὲντοιτοῦ
1516 1089 1539 1121 ζ’
1549 1089 1582 1115 τὰ
1597 1087 1720 1122 Περσικὰ
1734 1087 1852 1122 διεξὲρη

1045 1146 1132 1173 χεται.
1152 1137 1208 1164 Καὶ
1224 1137 1253 1164 ὲν
1269 1136 1318 1171 μὲν
1332 1136 1372 1170 τῷ
1389 1135 1410 1167 ζ’
1425 1135 1474 1161 καὶ
1491 1133 1516 1169 η’
1535 1134 1582 1161 καὶ
1595 1133 1611 1159 t'
1626 1133 1675 1160 καὶ
1693 1135 1728 1160 ια’
1745 1132 1798 1159 καὶ
1813 1131 1845 1166 ιβ’

1047 1183 1096 1210 καὶ
1112 1182 1144 1218 ιγ’
1167 1182 1289 1215 διέξεισι,
1306 1182 1341 1208 τὰ
1360 1182 1425 1216 περὶ
1439 1180 1531 1215 Κύρου
1558 1179 1606 1206 καὶ
1627 1178 1781 1213 Καμϐύσου
1799 1177 1846 1204 καὶ

1045 1228 1093 1256 τοῦ
1124 1228 1212 1264 μάγου
1235 1229 1350 1264 Δαρειου
1381 1236 1410 1254 τε
1428 1227 1474 1253 καὶ
1503 1225 1550 1253 τοῦ
1563 1225 1677 1261 Ξέρξου,
1703 1225 1802 1260 σχεδὸν
1818 1225 1847 1250 ὲν

1047 1277 1150 1303 ἅπασιν
1176 1275 1354 1310 ἀντικείμενα
1380 1273 1517 1309 Ἡροδότῳ
1548 1272 1675 1307 ἱστορῶν,
1702 1270 1771 1298 ἀλλὰ
1800 1272 1847 1297 καὶ

1047 1321 1167 1357 ψεύστην
1188 1321 1270 1348 αὑτὸν
1294 1320 1455 1355 ἀπελέγχων
1471 1319 1494 1335 ⁸⁸
1518 1319 1547 1346 ὲν
1562 1318 1671 1350 πολλοῖς
1687 1318 1735 1344 καὶ
1765 1317 1848 1351 λογο-

1047 1368 1125 1395 ποιδν
1138 1366 1286 1395 ἀποκαλῶν
1301 1373 1309 1382 '
1326 1366 1374 1393 καὶ
1388 1366 1442 1400 γὰρ
1456 1365 1588 1400 νεώτερος
1601 1363 1651 1399 μέν
1661 1365 1735 1390 ἐστιν
1748 1362 1848 1395 αὐτοῦ,

1048 1413 1116 1449 φησὶ
1144 1412 1173 1440 δὲ
1199 1412 1281 1439 αὑτὸν
1295 1411 1349 1438 τῶν
1364 1410 1506 1442 πλειόνων,
1534 1409 1552 1436 ἃ.
1578 1409 1690 1444 ἱστορεῖ,
1705 1407 1848 1442 αὐτόπτην

1048 1458 1222 1495 γενόμενονῆ
1237 1459 1302 1494 παρ’
1328 1457 1417 1485 αὐτῶν
1439 1455 1564 1492 Περσῶν,
1592 1455 1657 1482 ἔνθα
1670 1454 1700 1481 τὸ
1712 1454 1780 1490 ὀρᾷν
1811 1455 1849 1490 μὴ

1050 1505 1192 1541 ἐνεχώρει,
1209 1505 1342 1540 αὑτήκοον
1359 1502 1545 1534 καταστάντα,
1561 1501 1634 1528 οὕτω
1651 1501 1702 1536 τὴν
1724 1500 1849 1536 ἱστορίαν

1054 1551 1222 1587 συγγράψαι.
1240 1551 1296 1586 Οὐχ
1313 1550 1447 1586 Ἡροδότῳ
1461 1549 1490 1576 δὲ
1507 1548 1581 1584 μόνῳ
1594 1547 1722 1574 τάναντία
1734 1547 1849 1581 ἱστορεῖ,

1056 1599 1102 1635 [55
1118 1598 1165 1635 Η.]
1186 1598 1254 1625 ἀλλὰ
1268 1597 1316 1624 καὶ
1338 1596 1407 1632 πρὸς
1429 1595 1589 1630 Ξενοφῶντα
1604 1594 1651 1621 τὸν
1665 1593 1786 1629 Γρύλλου
1804 1593 1848 1619 ἐπ’

1053 1646 1133 1674 ἐνίων
1150 1645 1290 1679 διαφωνεῖ.
1310 1644 1438 1679 Ἧκμασε
1451 1642 1480 1669 δὲ
1496 1643 1553 1673 τοῖς
1571 1641 1677 1676 χρόνοις
1693 1639 1787 1674 Κύρου
1801 1637 1849 1665 τοῦ

1052 1693 1086 1733 ἐκ
1099 1692 1212 1728 Δαρείου
1231 1691 1279 1718 καὶ
1300 1689 1499 1725 Παρυσάτιδος,
1513 1688 1542 1720 ὃς
1564 1687 1678 1722 ἁδελφὸς
1702 1685 1849 1722 ’Δρτοξέρ-

1054 1739 1100 1772 ξου
1114 1739 1149 1771 ⁸⁵,
1164 1739 1204 1770 εἰς
1218 1737 1273 1773 ὃνὴ
1292 1736 1416 1773 Περσικὴ
1431 1735 1555 1772 βασιλεία
1568 1733 1714 1770 κατῆλθεν,
1729 1732 1850 1768 ἐτύγχα-

1054 1793 1110 1812 νεν.

1093 1915 1178 1952 Φησὶν
1194 1913 1241 1943 οὖν
1262 1914 1361 1942 αὐτίκα
1379 1913 1445 1948 περὶ
1462 1911 1509 1940 τοῦ
1529 1911 1697 1945 ’Δστυὰγους
1716 1909 1755 1942 ὡς
1773 1908 1853 1936 οὐδὲν

1055 1964 1140 1994 αὐτοῦ
1157 1963 1249 1999 Κῦρος
1264 1961 1334 1997 πρὸς
1345 1960 1425 1995 γένος
1439 1957 1625 1994 ἐχρημάτιζεν
1641 1964 1648 1972 ·
1664 1953 1742 1989 οὗτος
1756 1956 1785 1983 δὲ
1803 1956 1854 1983 αὐ-

1055 2014 1102 2041 τὸν
1114 2012 1162 2040 καὶ
1183 2010 1330 2044 Ἀστυῖγαν
1345 2008 1369 2024 ⁹⁰
1382 2008 1470 2036 καλεῖ,
1483 2007 1582 2041 Φυγεῖν
1594 2006 1623 2032 δὲ
1636 2005 1690 2033 ἀπδ
1705 2003 1854 2039 προσώπου

1056 2059 1148 2095 Κύρου
1183 2056 1329 2091 ’Δστυῑγαν
1363 2053 1540 2085 Ἐκϐατάνοις
1557 2053 1591 2086 ’¹,
1619 2052 1667 2079 καὶ
1697 2050 1853 2086 κρυφθῆναι

1056 2107 1086 2134 ἐν
1109 2106 1166 2135 τοῖς
1192 2103 1368 2139 κριοκράνοις
1389 2102 1412 2118 ⁵³
1429 2101 1484 2128 τῶν
1513 2098 1656 2136 βασιλείων
1682 2095 1853 2132 οἰκημάτων,

1058 2151 1222 2187 κρυψάντων
1244 2149 1325 2177 αὑτὸν
1346 2149 1396 2183 τῆς
1414 2156 1444 2174 τε
1465 2146 1602 2181 θυγατρὸς
1616 2143 1746 2180 ’Λμύτιος
1757 2143 1781 2158 ’³
1805 2142 1854 2169 καὶ

1057 2197 1104 2224 τοῦ
1138 2195 1234 2232 ἀνδρὸς
1257 2195 1342 2229 αὐτῆς
1373 2193 1513 2228 Σπιτάμα.
1528 2191 1694 2218 Ἐπιστάντα
1720 2188 1749 2215 δὲ
1762 2187 1855 2223 Κῦρον

213 2252 248 2272 ει
263 2251 357 2272 eorum
385 2251 494 2279 quoque
521 2243 616 2271 liberis
641 2243 750 2278 Spitace
777 2246 805 2269 et
834 2241 996 2277 Megaberne

1061 2243 1188 2276 ἐπιτάξαι
1209 2241 1367 2276 ἀνακρίνειν
1379 2240 1425 2267 διὰ
1448 2237 1642 2274 στρεϐλώσεων
1656 2235 1802 2269 Σπιτάμαν
1825 2241 1854 2259 τι

214 2291 379 2326 quaestiones
394 2291 428 2318 de
443 2290 554 2326 Astyiga
575 2297 623 2325 per
650 2293 786 2316 tormenta
812 2288 935 2315 exerceri
955 2287 1008 2315 im-

212 2344 336 2372 perasse.
361 2336 453 2372 lpsutn
479 2336 560 2372 igitur
581 2335 730 2371 Astyigan,
763 2342 798 2362 ne
820 2334 896 2369 pueri
927 2342 1010 2369 nepo-

217 2386 259 2410 tes
279 2382 338 2417 ejus
355 2389 435 2410 causa
460 2385 661 2416 torquerentur,
691 2387 751 2407 sese
779 2379 941 2414 prodidisse,
961 2388 1008 2408 ca-

1063 2291 1110 2318 καὶ
1124 2289 1238 2325 Ἀμύτιν
1254 2288 1289 2320 νδ,
1308 2286 1377 2314 ἀλλὰ
1396 2285 1443 2313 καὶ
1458 2285 1522 2316 τοὺς
1536 2283 1632 2314 παῖδας
1643 2281 1733 2309 αὐτῶν
1750 2280 1853 2307 Σπιτὰ-

1064 2345 1115 2371 κην
1142 2344 1172 2362 τε
1199 2335 1247 2362 καὶ
1278 2332 1472 2368 Μεγαϐἐρνην,
1502 2331 1567 2366 περὶ
1591 2329 1742 2362 Ἀστυϊγα’
1766 2326 1856 2354 mea

1064 2382 1160 2410 ἑαυτὸν
1175 2380 1383 2418 προσαγγεῖλαι,
1400 2379 1444 2406 ἵνα
1464 2377 1502 2414 μὴ
1516 2377 1550 2404 δι’
1565 2375 1647 2403 αὑτὸν
1661 2372 1857 2410 στρεϐλωθείνλ-

875 2437 991 2467 ἾΑΒΙΑΕ
1010 2439 1216 2468 LECTIONES.

253 2503 278 2519 δ’
292 2501 377 2538 μεγέθ
405 2509 437 2534 ς.
474 2498 786 2535 ¹¹⁸’παρατετραμμέναι
798 2507 829 2531 ς.
866 2498 890 2514 ⁸⁸
899 2499 1055 2534 ἀνάπαυσις
1072 2511 1102 2534 ς.
1140 2500 1296 2536 ’δὲμφανές
1321 2499 1353 2526 Α.
1382 2499 1406 2518 ³⁸
1420 2499 1481 2530 ταῖς
1510 2495 1642 2530 ἱστορίαις
1668 2490 1715 2518 καὶ
1737 2487 1858 2531 δημηγο-

253 2546 293 2553 ...-
310 2546 329 2553 ..
375 2509 399 2553 λ
416 2537 461 2553 νην
490 2535 611 2553 num-au
632 2535 744 2553 ιιιηιητηι
769 2542 789 2553 .-
837 2533 859 2549 I1
877 2534 977 2553 Aman...
1003 2537 1016 2553 Α
1070 2537 1094 2553 η
1110 2536 1271 2553 smn-vv...“
1290 2535 1305 2553 Α
1325 2544 1330 2550 ι
1350 2533 1498 2553 ιιηηνηιιῖιυ
1515 2543 1544 2553 με
1583 2528 1605 2544 ⁸⁸
1624 2524 1807 2553 ’Δοταεέρςου
1824 2531 1854 2553 ς-

219 2538 341 2589 εέαθξξε

416 2523 464 2563 ςίαι
489 2523 1054 2577 amisisses;signasses“?
1070 2523 1309 2577 δι’ἀπελξξξιῑιζᾏ
1321 2523 1498 2577 gamma.
1515 2523 1545 2565 ξ.
1623 2523 1854 2577 χλρταξξρςξπ

233 2558 292 2569 """
311 2558 341 2570 δ’
417 2558 464 2563 ’⁷-⁷
489 2558 611 2577 r'r'l'ﬁv
634 2558 692 2570 *τη
705 2558 743 2565 η-
773 2558 798 2566 ε-
879 2558 978 2571 --ντι--π
999 2558 1031 2564 --ι
1110 2558 1267 2571 -η---ι-ηΛ-υ
1287 2558 1309 2561 --
1325 2558 1332 2561 -
1351 2558 1480 2561 ..ν--..νην
1519 2558 1529 2565 ,
1659 2558 1665 2561 .
1744 2558 1749 2560 .
1820 2558 1826 2565 ,

233 2573 244 2590 ⁶
265 2572 409 2606 ’Δστυῖγᾶν
426 2581 457 2605 ς.
474 2578 513 2598 ate
529 2576 562 2607 et
576 2570 655 2596 ml'ra.
696 2568 719 2584 ἰ
735 2574 799 2597 ante
817 2568 995 2604 Ἐκϐατάνοις
1017 2579 1078 2600 cum
1106 2580 1148 2607 pr.
1181 2573 1205 2599 A
1224 2571 1304 2598 omisi
1334 2571 1375 2598 ὲν.
1412 2570 1436 2588 ’⁸
1455 2564 1634 2604 κρισκράνοις
1648 2571 1679 2595 ς.
1717 2559 1741 2576 ’³
1759 2559 1858 2594 Ἀμυν-

220 2616 277 2639 τιος
294 2616 325 2640 ς-
359 2607 386 2631 -”
404 2607 452 2634 καὶ
468 2606 518 2642 Ιτὴν
536 2606 670 2641 Ἀμυντιν
685 2612 716 2636 ς.

996 2662 1113 2691 NOTAE.

259 2715 569 2755 (70-7I)Spltendataten
581 2714 630 2742 tnl’.
638 2712 769 2741 nominat.
781 2712 910 2742 “erodat.
921 2712 1013 2740 Smer-

222 2755 316 2827 ῗὲῗῆἳ)
342 2788 394 2823 Qui
418 2788 452 2827 de
474 2792 592 2827 quatuor
607 2784 694 2826 _ltisce
719 2784 852 2827 duntaxat
878 2783 1011 2819 scripsit:

223 2819 329 2854 Ctesias
341 2819 407 2852 Vero
422 2823 465 2850 his
480 2819 549 2850 alios
569 2820 688 2856 quinque
705 2819 814 2856 adjecit.

259 2862 316 2897 (73)
337 2859 472 2888 Dariwum
488 2858 569 2890 hunc,
578 2854 651 2884 'nou'
663 2854 789 2888 Darium,
807 2855 834 2882 in
852 2854 886 2882 iis
900 2860 960 2890 quae
972 2860 1015 2881 sc-

226 2903 343 2932 quetttur
355 2899 453 2925 vocatu

1112 2712 1155 2739 74)
1174 2711 1211 2739 De

1114 2712 1155 2746 74)
1174 2712 1211 2739 De
1226 2718 1280 2747 qtto
1299 2712 1371 2737 infra
1387 2712 1431 2736 hic
1447 2712 1551 2735 auctor.

1114 2748 1158 2789 7.5)
1185 2747 1232 2789 ηε.
1245 2747 1393 2789 Nam
1411 2739 1858 2789 ἑἮῗιε-⁰Ρξί)ἒῗ¹ῗ.ηξξη¹ἶθέἓῗῖῗῗ

1065 2774 1111 2819 (ιιιῘ
1121 2774 1156 2819 ibi
1171 2774 1321 2819 scribiturj,
1335 2774 1619 2819 yid-eciﬂte'sisqua:
1630 2774 1858 2819 brleyiter'exger-

1065 2807 1529 2856 patierin};‘rzeﬁésjncanimus.
1545 2807 1642 2841 histor.
1658 2810 1705 2838 lib.
1720 2817 1741 2845 ι,
1755 2809 1782 2837 in
1796 2807 1856 2835 line.

1102 2853 1159 2891 (76)
1176 2852 1263 2889 Cyrus
1277 2851 1320 2880 hic
1333 2849 1426 2885 Major.

1226 2718 1280 2747 quo
1299 2710 1371 2737 infra
1387 2709 1431 2747 hic
1447 2711 1551 2747 auctor.
