1934 3089
114 152 165 185 173

652 155 913 186 BIBLIOTHECA.
922 167 957 173 -
971 155 1052 185 COD.
1073 155 1192 185 LXXII.

1687 156 1738 189 1M

114 221 164 239 σαν
178 212 204 238 οῑ
220 213 323 246 παῖδες.
339 213 483 248 Ληφθέντα
495 213 523 240 δὲ
538 212 633 245 πέδαις
646 213 773 248 παχείαις
787 212 840 239 ὑπὸ
853 213 898 239 υἰ-

951 216 1078 246 ptumque
1091 211 1218 245 gravibus
1226 211 1259 238 ab
1271 210 1377 238 (libare
1392 199 1566 245 compedibus
1583 214 1737 248 oneratum)

113 259 184 294 ὗάρα
196 259 220 275 ³⁸
246 260 368 295 δεθῆναι,
384 260 496 295 λυθῆναι
510 259 539 286 δὲ
556 259 602 285 ὑπ’
626 259 708 285 αὐτοῦ
732 259 824 296 Κύρου
844 260 902 295 μετ’

113 304 144 330 οὗ
161 304 229 331 πολὺ
242 305 336 337 καὶὼς
350 306 457 341 πατέρα
469 305 630 340 τιμηθῆναι,
643 305 690 332 καὶ
704 305 753 340 τὴν
765 305 903 341 θυγατέρα

115 348 227 384 ’Δμύτιν
239 351 262 366 ⁹⁶
273 351 407 387 πρότερον
420 351 470 386 μὲν
481 350 618 386 μητρικῆς
632 351 784 377 ἀπολαῦσαι
797 352 901 386 ,τιμῆς,

113 396 210 423 ἔπειτα
221 397 250 423 δὲ
264 398 310 424 καὶ
323 398 363 429 εἰς
377 399 494 432 γυναῖκα
509 397 626 432 ἀχθῆναι
637 397 675 432 τῷ
693 397 787 433 Κύρῳ,
800 398 902 425 Σπιτά-

114 450 153 476 μα
169 443 191 458 ’⁷
214 442 261 468 τοῦ
284 443 380 478 ἀνδρὸς
404 442 489 478 αὐτῆς
508 443 693 479 ἀνῃρημένου,
712 444 753 470 ὃτι
770 443 903 478 ἐψεύσατο

112 488 221 520 ἀγνοεῖν
238 488 518 524 εἰπὼνὲρευνὼμενον
536 488 692 523 Ἀστυῖγαν.
717 489 810 516 Ταῦτα
827 489 902 523 λέγει

112 533 236 568 Κτησίας
259 535 323 569 περὶ
342 535 446 570 Κύρου,
467 535 513 561 καὶ
528 535 577 570 οὐχ
603 532 648 561 οἷα
668 535 819 570 Ἡρόδοτος.
847 535 902 562 Καὶ

111 577 153 604 ὅτι
179 578 248 612 πρὸς
275 578 424 614 Βακτρίους
439 578 602 613 ἐπολέμησε,
631 578 680 605 καὶ
703 577 867 612 ἀγχώμαλος
884 578 902 613 ἡ

113 622 189 657 μάχη
202 623 320 657 ἐγένετο·
332 624 425 659 ὲπεὶβὲ
440 624 568 659 Βάκτριοι
577 623 721 656 Ἀστυῖγαν
733 623 783 657 μὲν
796 624 902 658 πατέρα

112 669 204 703 Κύρου
216 670 400 704 γεγενημένον
412 690 419 701 ,
433 669 461 695 Ἀ
466 670 545 704 μύτιν
553 669 581 696 δὲ
596 669 702 704 μητέρα
718 669 765 695 καὶ
786 670 903 703 γυναῖκα

112 715 214 750 ἔμαθον
226 735 234 747 ,
251 715 364 747 ἑαυτοὺς
381 716 488 748 ἑκόντες
507 717 606 752 ’Λιιύτι
616 717 664 743 καὶ
685 716 768 750 Κύρῳ
788 715 902 750 παρέδο-

112 769 173 787 σαν.
188 761 241 787 Καὶ
252 761 292 787 ὅτι
307 762 375 796 πρὸς
387 762 477 794 Σάκας
488 762 640 797 ἐπολέμησε
658 763 761 798 Κῦρος,
779 762 825 789 καὶ
840 770 902 788 συν-

111 806 208 832 έλαϐεν
226 807 367 843 ’Δμὸργην
385 808 438 834 τῶν
452 808 475 824 ’⁸
503 808 597 834 Σακῶν
614 808 663 843 μὲν
681 808 803 843 βασιλέα,
818 808 902 842 ἄνδρα

110 852 138 878 δὲ
154 853 327 887 Σπαρέθρης,
345 853 405 888 ἧτις
419 853 467 880 καὶ
481 853 552 888 μετὰ
566 854 615 889 τὴν
628 854 730 881 ἆλωσιν
744 854 791 881 τοῦ
804 854 900 890 ἀνδρὸς

953 257 1053 290 fuisse;
1071 257 1190 285 solutum
1209 261 1297 284 tamen
1314 265 1365 284 non
1381 258 1418 284 ita
1443 257 1527 285 multo
1544 263 1605 293 post
1625 260 1659 286 ab
1681 259 1739 294 ipso

952 302 1034 338 Cyro,
1067 304 1241 338 parentisque
1266 303 1325 331 loco
1347 304 1468 331 habitum
1485 305 1712 340 observatumque
1730 313 1738 332 :

952 349 1017 383 quin
1040 353 1068 376 et
1090 349 1207 384 Astyigae
1227 348 1311 384 ipsius
1338 349 1420 376 ﬁliam
1442 350 1550 384 Amytin
1573 357 1622 384 pro
1654 355 1740 378 matre

953 395 1068 429 primum
1079 395 1105 421 in
1116 395 1218 421 honore
1232 402 1246 421 a
1255 394 1326 430 Cyro
1337 394 1466 424 habitam.
1479 396 1621 430 eidemque
1630 395 1738 423 tandem

953 440 1094 474 nupsisse;
1116 445 1177 474 post
1194 441 1280 468 virum
1296 440 1354 475 ejus
1378 440 1526 475 Spitamam
1552 440 1736 474 interfectum,

952 490 1096 519 propterea
1109 486 1180 520 quod
1197 486 1260 513 dum
1276 491 1444 521 quaereretur
1457 487 1592 521 Astyigas,
1611 487 1738 521 ignorare

952 537 982 557 se
996 530 1068 557 illum
1089 531 1216 558 mentitus
1236 531 1341 558 fuisset.
1357 531 1421 558 Haec
1436 531 1469 558 de
1485 531 1556 566 Cyro
1567 531 1682 566 Ctesias,
1705 533 1739 560 ab

952 575 986 602 iis
1002 575 1108 602 diversa
1121 583 1180 610 quae
1192 575 1344 603 Herodotus
1360 581 1566 605 commemorat.
1583 577 1674 611 Addit,
1692 578 1739 604 ad-

952 628 1046 648 versus
1063 621 1185 649 Bactrios
1204 622 1304 657 Cyrum
1336 622 1434 649 bellum
1458 622 1586 657 gessisse,
1605 627 1633 650 et
1662 631 1739 658 aequo

953 671 1039 694 marte
1066 675 1125 694 cum
1165 667 1230 701 ipsis
1255 667 1374 702 praelium
1405 668 1587 696 commisisse.
1617 668 1739 697 Bactrios

952 712 1026 744 dein,
1055 712 1192 740 intellecto
1228 713 1357 749 Astyigan
1392 715 1463 748 Cyro
1492 719 1594 749 patrem
1625 715 1739 749 factum,

952 759 1061 794 Amytin
1078 767 1142 786 vero
1163 764 1276 787 matrem
1298 764 1379 794 atque
1396 767 1519 793 uxorem,
1538 761 1608 789 ultro
1621 768 1681 789 sese
1705 762 1739 788 li-

953 805 1101 840 bentesque
1117 805 1208 840 Atnyti
1234 813 1267 833 ac
1293 805 1363 841 Cyro
1385 806 1532 834 dedidisse.
1550 807 1648 835 Narrat
1675 808 1738 835 item

952 849 1052 886 Cyrum
1067 850 1166 878 bellum
1190 850 1269 879 Sacis
1280 851 1404 879 intulisse
1418 851 1487 888 (77),
1507 861 1650 889 regemque
1665 854 1740 889 ipso-

111 899 228 933 στρατδν
255 899 406 931 συλλέξασα
431 900 586 935 ἐπολέμησε
611 901 712 936 Κύρῳ,
730 901 835 936 ἀνδρῶν
848 902 898 935 μὲν

951 904 1010 924 rtnn
1026 897 1171 932 Amorgen,
1189 897 1344 932 Sparethrze
1359 899 1458 934 regina:
1480 900 1606 927 maritum
1622 901 1738 936 cepisse.

111 946 269 980 στράτευμα
289 946 437 981 τριάκοντα
458 946 592 982 μυριάδας
614 947 783 982 ἐπαγομένη,
805 955 902 981 γυναι-

110 990 167 1017 κῶν
191 991 220 1017 δὲ
242 992 339 1021 εἴκοσι.
368 991 415 1018 καὶ
440 993 503 1028 νικᾷ
527 992 627 1028 Κῦρον,
645 992 691 1018 καὶ
717 992 901 1027 συλλαμὸάνει

110 1037 232 1072 ζωγρίαν
249 1037 318 1072 μετὰ
332 1038 379 1064 καὶ
393 1038 479 1065 ἄλλων
497 1035 639 1065 πλείστωνΔ
649 1039 794 1074 Παρμίσην
812 1047 841 1065 τε
855 1039 901 1066 τὸν

109 1082 240 1118 ’Δμύτιος
260 1084 375 1118 ἀδελςὸν
391 1085 439 1111 καὶ
463 1086 538 1120 τρεῖς
555 1084 637 1111 αὑτοῦ
661 1085 757 1116 παῖδας
770 1093 778 1101 ·
797 1085 831 1112 δι’
855 1085 901 1118 οὓς

109 1130 224 1166 ὕστερον
239 1133 286 1159 καὶ
301 1132 441 1169 Ἀμόργης
460 1132 548 1169 ὴφὲθη
559 1133 593 1166 ’³,
611 1134 673 1161 ἐπεὶ
702 1135 824 1162 κάκεῖνοι
846 1136 900 1171 ἠφ-

109 1177 221 1212 ἐθησαν.

145 1310 201 1337 Καὶ
216 1310 257 1336 ὅτι
273 1309 418 1346 στρατεύει
429 1310 521 1346 Κῦρος
541 1310 588 1337 ἐπὶ
602 1310 719 1346 Κροισον
736 1310 785 1338 καὶ
801 1309 879 1336 πόλιν
891 1310 899 1325 ί

107 1357 232 1392 Σάρδεις,
246 1357 377 1393 συνεργὸν
390 1357 459 1393 ἔχων
474 1358 622 1394 Ἀμόργῃ.
639 1357 735 1389 Ὅπως
749 1366 780 1384 τε
793 1357 804 1373 ’
818 1356 899 1393 βουλῇ

107 1403 215 1438 Οἰὸαρα
226 1404 341 1439 Περσῶν
352 1404 448 1430 εἴδωλα
461 1404 556 1436 ξύλινα
570 1404 622 1430 ἀνὰ
635 1404 665 1430 τὸ
676 1405 766 1439 τεῖχος
781 1403 901 1439 φανέντα

106 1451 149 1481 εἰς
160 1450 219 1481 δέος
236 1449 288 1483 μὲν
302 1450 453 1485 κατέστησε
467 1451 529 1482 τοὺς
547 1450 728 1482 ἐνοικοῦντας,
744 1450 801 1485 ἦλω
815 1449 843 1476 δὲ
857 1448 900 1476 διὰ

107 1496 196 1522 ταῦτα
209 1497 256 1523 καὶ
271 1497 340 1531 αὑτὴ
356 1497 373 1532 ἡ
392 1497 479 1528 πόλις.
493 1497 587 1529 Ὀπως
599 1505 627 1523 τε
645 1497 698 1533 πρὸ
713 1497 761 1532 τῆς
774 1496 900 1526 ἁλώσεως

105 1542 207 1569 δίδοται
222 1544 237 1569 ὁ
252 1544 318 1574 παῖς
338 1543 456 1578 Κροίσου
481 1543 510 1570 ὲν
536 1544 641 1578 ὀμήρου
660 1543 743 1578 λόγῳ,
760 1542 898 1577 δαιμονίου

107 1589 304 1624 φαντάσματος
319 1574 511 1624 ἀπατήσαντος
525 1574 641 1625 κροίσον
655 1597 662 1604 ·
674 1574 747 1620 arte);
761 1597 790 1615 τε
806 1574 898 1623 θολορ-
911 1574 932 1603 c

107 1634 259 1670 ῥαφοῦντος
283 1636 402 1669 Κροίσου
422 1635 436 1660 ὁ
452 1635 516 1666 παῖς
531 1634 591 1661 κατ’
609 1633 765 1669 ὀφθαλμοὺς
777 1633 899 1668 ἀναιρείο

105 1689 154 1708 ται
170 1677 177 1695 ³
191 1682 239 1708 καὶ
251 1681 326 1713 ὅπως
339 1682 355 1716 ἠ
369 1681 462 1716 μήτηρ
474 1681 504 1707 τὸ
521 1680 606 1712 πάθος
625 1679 718 1707 ἰδοῦσα
732 1679 833 1714 ἑαυτὴν
850 1678 897 1706 τοῦ

105 1727 213 1761 τείχους
226 1726 429 1762 ἀποκρημνίζει
445 1725 508 1763 [109
520 1726 566 1762 IL]
583 1726 629 1753 καὶ
642 1726 753 1762 θνήσκει
767 1725 789 1752 ⁸.
805 1725 899 1757 Ὅπως

105 1780 135 1798 τε
153 1772 274 1807 ἀλούσης
287 1772 336 1807 τῆς
348 1771 451 1803 πόλεως
461 1771 530 1807 πρὸς
543 1771 574 1797 τὸ
586 1772 614 1798 ὲν
625 1771 657 1806 τῇ
670 1770 746 1797 πόλει
764 1769 836 1805 ἱερὸν
851 1769 898 1796 τοῦ

105 1817 275 1848 ’Λπόλλωνος
286 1815 453 1852 καταφεύγει
465 1818 480 1843 ὁ
491 1817 618 1852 Κροῖσος,
627 1815 637 1831 ’⁸
647 1816 695 1842 καὶ
704 1815 741 1847 ὼς
751 1815 812 1850 τρὶς
823 1815 852 1841 ὲν
860 1813 898 1849 τῷ

105 1863 174 1898 ἱερῷ
195 1862 324 1898 πεδηθεὶς
343 1862 395 1889 ύπό
417 1862 508 1898 Κύρου
529 1861 622 1888 λύεται
651 1860 741 1896 τρίτον
760 1860 896 1896 ἀοράτως,

104 1909 196 1936 καίτοι
214 1908 373 1945 σφραγίδων
395 1907 434 1943 τῷ
450 1908 515 1944 ἱερῷ
533 1907 716 1943 ἐπικειμένων
730 1907 778 1933 καὶ
794 1906 897 1933 τούτων

103 1955 154 1991 τὴν
172 1955 295 1991 φυλακὴν
317 1955 422 1989 Οὶὸἁρα
435 1953 691 1989 ὲμπεπιστευμένου
706 1961 712 1968 ·
733 1953 808 1984 ὅπως
823 1961 853 1978 τε
871 1953 896 1979 οἰ

105 2001 284 2036 συνδούμενοι
304 2001 414 2036 Κροίσῳ
432 2002 482 2032 τὰς
509 1999 629 2033 κεφαλὰς
648 1998 834 2034 ἀπετέμνοντο
859 1997 897 2029 ὡς

104 2046 348 2082 καταπροδιδόντες
357 2046 467 2073 λύεσθαι
477 2047 593 2081 Κροῖσον
603 2053 610 2061 ι
624 2045 670 2072 καὶ
678 2045 719 2071 ὅτι
731 2044 896 2080 ἀναληφθεὶς

104 2092 134 2119 ὲν
149 2094 206 2125 τοῖς
232 2092 378 2128 βασιλείοις
394 2094 442 2119 καὶ
461 2092 548 2124 δεθεὶς
560 2091 762 2127 ἀσφαλέστερον
778 2091 896 2127 βροντῶν

105 2140 153 2165 καὶ
177 2139 309 2174 σκηπτῶν
331 2139 530 2174 ἐπενεχθέντων
547 2138 640 2165 λύεται
666 2138 758 2170 πάλιν,
773 2138 820 2164 καὶ
834 2137 895 2164 τότε

106 2185 182 2219 μόλις
210 2184 263 2212 ὑπὸ
290 2185 383 2221 Κύρου
405 2186 526 2220 ἀφίεται·
542 2185 588 2217 Ἐξ
605 2181 699 2223 οὖικαὶ
725 2183 893 2220 περιείπετο,

104 2229 150 2266 [56
163 2231 212 2267 ιι]
226 2232 273 2258 καὶ
287 2232 371 2258 ἔδωκε
384 2231 474 2267 Κῦρος
489 2232 600 2267 Κροίσῳ
610 2231 687 2257 πόλιν
704 2230 826 2266 μεγάλην
840 2231 895 2257 Βα-

105 2277 213 2313 ρήνην¹
242 2278 327 2312 ἐγγὺς
353 2278 537 2310 Ἐκὸατάνων,
565 2279 593 2304 ὲν
621 2274 721 2314 Mm
745 2277 836 2308 ἱππεῖς
849 2277 899 2311 μὲν

104 2322 322 2358 πεντακισχίλιοι
330 2341 339 2355 ,
356 2322 506 2350 πελτασταὶ
518 2323 547 2350 δὲ
558 2322 605 2349 καὶ
617 2321 777 2349 ἀκοντισταὶ
792 2321 838 2348 καὶ
850 2329 896 2348 το-

104 2366 179 2399 ξόται
194 2367 299 2404 μύριοι.

105 2418 164 2438 cum
179 2412 240 2440 aliis
253 2420 316 2440 eum
331 2412 511 2441 humanitatis
526 2411 621 2441 ofﬁciis
636 2417 809 2448 prosecutum
839 2419 911 2445 esse,

953 941 1028 970 Hanc
1042 950 1117 978 ergo,
1135 945 1233 971 marito
1250 949 1339 979 capto,
1350 947 1500 973 exercitum
1522 946 1672 982 collegisse,
1695 953 1739 975 at-

952 995 1006 1024 que
1021 989 1150 1018 adversus
1163 990 1263 1026 Cyrum
1277 990 1376 1018 bellum
1397 992 1560 1027 suscepisse,
1575 993 1740 1028 eductisque

952 1036 980 1064 in
1011 1036 1096 1063 aciem
1120 1036 1240 1063 virorum
1270 1037 1410 1070 trecentis,
1439 1037 1580 1065 mulierum
1614 1039 1738 1068 ducentis

952 1082 1080 1114 millibus,
1109 1082 1209 1117 Cyrum
1241 1089 1396 1118 superasse,
1425 1087 1453 1111 et
1469 1083 1558 1111 vivum
1589 1091 1651 1112 eum
1679 1086 1740 1114 aliis

952 1129 1084 1164 plurimis.
1099 1128 1244 1166 Parmysen
1260 1130 1367 1165 Amytis
1382 1129 1504 1163 fratrem,
1523 1138 1555 1158 ac
1576 1135 1666 1160 ternos
1680 1132 1739 1167 ejus

951 1174 1068 1206 liberos,
1083 1174 1198 1209 cepisse.
1215 1174 1316 1202 Horum
1329 1180 1420 1203 autem
1434 1183 1516 1204 causa
1532 1182 1626 1212 postea
1641 1177 1740 1206 Amor-

951 1227 1002 1255 gen
1029 1220 1143 1248 liberum
1168 1221 1328 1254 dimissum,
1359 1221 1432 1257 quod
1459 1222 1510 1257 ipsi
1538 1223 1616 1259 prius
1641 1230 1740 1253 omnes

952 1266 1056 1293 liberati
1075 1265 1199 1293 fuissent.

986 1310 1087 1339 Scribit
1099 1319 1176 1346 aeque
1192 1310 1305 1347 Cyrum,
1319 1312 1444 1347 Amorgae
1459 1313 1579 1349 adiutum
1595 1321 1646 1350 ope
1660 1314 1739 1343 Crte-

951 1364 1010 1384 sum
1041 1362 1120 1392 atque
1146 1357 1256 1385 Sardeis
1278 1358 1371 1385 urbem
1399 1358 1470 1387 bello
1503 1360 1638 1394 petivisse.
1668 1360 1741 1394 Quo.

952 1402 1031 1430 modo
1046 1403 1127 1430 etiam
1144 1402 1258 1430 (libare
1272 1404 1386 1432 consilio
1409 1404 1465 1440 (78)
1483 1404 1570 1440 lignea
1594 1405 1739 1434 Persarum

950 1448 1094 1476 simulacra
1111 1448 1182 1484 36b
1213 1456 1261 1484 per
1276 1456 1368 1477 muros
1383 1450 1515 1484 exhibita,
1528 1456 1557 1479 et
1575 1452 1671 1480 incolis
1685 1457 1740 1480 ter-

951 1499 1040 1519 rorem
1060 1492 1236 1527 incusscrint,
1254 1497 1282 1521 et
1295 1493 1371 1522 urbis
1385 1494 1522 1530 capienda:
1538 1503 1646 1524 causam
1660 1497 1742 1525 dede-

950 1538 1013 1564 rint.
1032 1537 1091 1571 Quo
1106 1539 1170 1566 item
1186 1543 1266 1574 pacto
1287 1545 1350 1568 ante
1370 1545 1476 1575 captam
1501 1541 1606 1576 urbem,
1624 1550 1674 1577 pro
1688 1544 1739 1571 ob-

948 1584 1005 1611 side
1032 1583 1119 1612 Crmsi
1144 1584 1216 1612 ﬁlius
1235 1584 1314 1613 datus
1338 1585 1433 1619 fuerit,
1460 1594 1522 1614 cum
1545 1587 1657 1616 Crcesus
1682 1589 1741 1624 ipse

950 1636 1029 1658 antea
1056 1631 1146 1658 divino
1172 1632 1289 1666 quodam
1329 1637 1436 1667 spectro
1471 1634 1601 1670 deceptus
1632 1636 1738 1664 fuisset.

949 1675 1053 1704 Rursus
1068 1677 1203 1711 quomodo
1216 1678 1292 1706 dolos
1309 1683 1436 1706 nectente
1450 1678 1558 1714 Croeso,
1576 1681 1602 1708 in
1618 1683 1739 1716 parentis

949 1723 1034 1751 oculis
1050 1722 1153 1760 [obses]
1182 1723 1254 1751 ﬁlius
1281 1724 1317 1752 sit
1344 1725 1521 1760 interfectus;
1550 1731 1633 1762 utque
1653 1732 1739 1756 mater

949 1769 996 1797 ﬁlii
1010 1771 1110 1798 caedem
1123 1771 1231 1805 intuita,
1250 1778 1266 1798 e
1279 1779 1358 1800 muro
1373 1780 1432 1801 sese
1452 1774 1618 1809 praecipitem
1640 1776 1738 1811 egerit.

949 1823 999 1843 nec
1016 1820 1105 1843 tamen
1127 1817 1297 1845 occubuerit.
1317 1817 1350 1845 Ut
1367 1823 1427 1853 post
1452 1825 1560 1855 captam
1586 1822 1680 1849 urbem
1705 1823 1739 1849 ad

948 1861 1090 1895 Apollinis,
1110 1868 1170 1896 qua:
1194 1861 1231 1889 ibi
1258 1867 1329 1897 erat,
1346 1863 1432 1891 aedem
1453 1863 1564 1893 Crmsns
1578 1866 1738 1901 confugerit.

947 1908 1113 1942 perieritque
1136 1908 1204 1944 (79).
1234 1908 1269 1937 Ut
1287 1910 1398 1937 tertium
1426 1911 1452 1937 in
1480 1911 1579 1946 templo
1596 1912 1703 1940 vinctus
1724 1921 1738 1939 a

947 1954 1017 1989 Cyro
1057 1953 1190 1988 Crmsus,
1230 1955 1340 1982 tertium
1375 1956 1457 1983 etlam
1499 1956 1608 1985 fallente
1644 1959 1739 1986 oculos

947 1999 1051 2026 fascino
1067 1999 1171 2026 solutus
1191 1999 1238 2033 sit,
1256 2000 1382 2035 quamvis
1398 2001 1521 2036 pluribus
1537 2002 1664 2037 templum
1687 2011 1740 2031 es-

948 2051 990 2073 sel.
1004 2046 1099 2081 sigillis
1113 2046 1300 2082 obsignatum,
1318 2047 1428 2076 (Ebara
1448 2049 1508 2084 ipso
1523 2051 1558 2076 ad
1577 2050 1674 2078 horum
1692 2057 1740 2078 cu-

951 2094 1065 2120 stodiam
1082 2094 1217 2128 apposito.
1244 2094 1288 2122 Uti
1303 2099 1331 2121 et
1346 2095 1399 2122 illis
1415 2096 1460 2130 qui
1483 2103 1545 2123 cum
1560 2095 1655 2124 Crceso
1678 2097 1740 2124 vin-

950 2139 986 2166 cli
1010 2147 1061 2166 una
1077 2139 1194 2172 fuerant,
1213 2141 1302 2176 capita
1323 2141 1378 2168 sint
1395 2145 1546 2176 amputata,
1560 2143 1630 2176 quod
1645 2150 1739 2170 eorum

946 2184 1099 2219 proditione
1113 2185 1228 2213 vinculis
1252 2186 1356 2214 solutus
1382 2193 1443 2214 esse
1457 2187 1571 2215 Croesus
1586 2193 1738 2223 putaretur.

949 2229 1074 2257 Crassum
1091 2231 1117 2257 in
1136 2231 1238 2265 regiam
1251 2231 1408 2264 adductum,
1424 2232 1587 2268 ﬁrmiusque
1602 2234 1736 2268 vinctum,

953 2282 1014 2302 cum
1047 2275 1160 2303 fulmina
1188 2280 1270 2311 atque
1298 2277 1418 2305 tonitrua
1444 2278 1609 2312 irruissent,
1640 2280 1738 2307 iterum

952 2320 1037 2349 fuisse
1052 2321 1180 2355 solutum,
1197 2329 1229 2349 ac
1255 2327 1311 2350 tum
1327 2323 1435 2352 demum
1450 2332 1465 2352 a
1494 2325 1566 2361 Cyro
1591 2334 1662 2362 aegre
1678 2335 1740 2355 esse

952 2367 1066 2396 liberum
1084 2368 1238 2398 dimissum.
1263 2369 1302 2396 Ex
1328 2377 1360 2398 eo
1378 2371 1470 2407 itaque
1497 2377 1617 2408 tempore
1639 2373 1738 2409 Cyrum

951 2417 1007 2440 tum
1033 2413 1127 2441 urbem
1154 2414 1178 2441 ei
1210 2422 1348 2450 magnam,
1384 2416 1504 2446 Barenen
1531 2419 1640 2446 nomine
1669 2419 1737 2455 (80).

757 2499 875 2528 VARLE
890 2500 1088 2530 LECTIONES.

139 2556 162 2571 "
181 2556 288 2592 Οίδαρᾶ
304 2567 333 2590 ς.

374 2559 397 2574 ’⁸
414 2559 548 2599 ξΔμυντιν
559 2559 683 2599 -πρῶτον
707 2569 738 2599 ς.
754 2595 760 2599 _
776 2560 798 2599 '1
811 2559 940 2599 ξπιταμᾶ
966 2568 995 2599 ς..
1007 2559 1056 2599 __"
1065 2558 1140 2599 μῶν]
1164 2560 1256 2599 malim
1280 2561 1336 2588 τόν.
1375 2562 1397 2599 ’γ’
1411 2562 1510 2599 ἀφείθη
1522 2564 1685 2599 ἀφείθησαν
1707 2575 1736 2598 ς.

105 2590 113 2605 ¹
130 2592 215 2628 πόλιν]
232 2590 325 2625 πῦλεις
341 2594 374 2621 Α.
414 2595 424 2610 ³
438 2590 480 2630 τε]
493 2603 523 2621 τε
540 2596 574 2630 τῇ
656 2595 666 2611 ³
678 2590 724 2622 καὶ
734 2595 765 2621 οὐ
781 2590 944 2629 θνήσκεῖς.
980 2593 992 2609 ⁸
1006 2590 1140 2629 Κροῖσοςξ
1148 2596 1195 2622 καὶ
1208 2595 1331 2630 θνήσκει,
1347 2590 1454 2629 καὶ
1491 2590 1701 2634 δ’βαρήυνῆνλ.

877 2654 992 2683 NOTIE.

138 2710 192 2749 (77)
221 2711 259 2749 pe
284 2711 364 2740 Sacis
383 2712 478 2741 ethoc
497 2713 560 2749 Cyri
582 2714 653 2742 bello
682 2715 757 2742 varia
787 2714 896 2749 scripsit

103 2745 213 2778 Strabo.
225 2746 271 2774 lib.
285 2754 317 2774 ιι.

139 2782 192 2815 (Ἰὸ)
206 2781 286 2809 JOan.
306 2782 401 2810 Tzetz.
420 2782 489 2810 Hist.
500 2783 549 2811 lib.
567 2793 587 2813 ι.

141 2815 194 2852 (79)
206 2816 358 2851 Negantem
376 2819 441 2845 hinc
459 2820 622 2852 particulam
651 2820 678 2847 in
694 2820 893 2855 przecedentem

103 2858 381 2889 versumperperam
399 2854 559 2889 translatam
585 2855 664 2889 plano
692 2854 758 2882 mihi
781 2863 893 2889 persna-

103 2887 228 2916 deo.Alii
241 2888 343 2917 omissa
367 2895 433 2918 voce
449 2888 564 2923 (ἔπαισας,
584 2887 640 2919 lisse
656 2891 690 2919 ad
709 2890 766 2925 ejus
780 2887 892 2919 uxorem

951 2713 1081 2742 referunt.

987 2750 1042 2786 (80)
1056 2748 1123 2786 Hinc
1139 2750 1255 2786 forsitan
1276 2749 1359 2784 Steph
1381 2750 1505 2786 Byzant.:
1523 2751 1644 2786 Βαρήνη,
1661 2751 1740 2784 πόλις

987 2758 1042 2784 (δυ)
1056 2758 1123 2776 I‘IIIIC
1141 2758 1255 2778 iorsttan
1276 2758 1359 2784 atepn
1382 2758 1401 2777 ις
1421 2758 1505 2778 zant.:
1523 2758 1561 2779 ua
1582 2758 1644 2786 ηνη.
1661 2758 1739 2784 πολις

951 2785 1067 2826 Μηρίας,
1083 2785 1168 2826 ἐγγυς
1188 2785 1375 2826 Ἀγσατάνων.
1392 2758 1444 2826 ἐνί
1460 2791 1487 2826 e_t
1504 2787 1546 2826 de
1562 2759 1646 2826 Euius
1664 2787 1739 2826 vocis

948 2821 1112 2856 scriptura:
1133 2820 1258 2856 Κτησίας
1285 2821 1426 2856 nave-oon
1446 2820 1500 2847 τῶν
1524 2821 1677 2855 Περσικῶν,
1702 2823 1739 2849 τὰ

950 2854 1139 2893 παράλΜήδοις
1160 2854 1314 2893 ίᾹγῦάτανα
1327 2854 1468 2893 ᾖιάτιούαιι
1478 2854 1579 2893 γράφει
1591 2862 1600 2872 ⁸
1616 2856 1691 2893 παρὰ
1707 2857 1737 2884 δὲ

946 2892 1004 2922 τοῖς
1019 2890 1144 2926 ἀρχαίοις
1160 2891 1203 2919 διὰ
1219 2890 1265 2918 τοῦ
1285 2899 1309 2917 ε.
1327 2890 1392 2920 Vide
1406 2891 1470 2919 alibi
1487 2891 1576 2924 plura.
