1934 3089
181 158 233 191 175

769 163 900 194 PHOTlI
919 164 1174 194 PATRIARCHZE
1193 164 1250 194 (ΣΡ.

1765 164 1815 198 176

177 225 263 254 prope
288 218 425 247 Ecbatana
447 219 573 252 dedisse,
602 219 629 246 in
653 227 706 255 qua
733 220 854 254 quinque
879 224 972 247 essent
987 221 1122 255 equitum,
1139 221 1304 256 peltalorum
1318 229 1382 249 vero
1400 221 1638 256 jaculatorumque
1670 226 1698 248 et
1730 223 1814 257 saglt-

177 267 311 294 tariorum
326 266 358 293 d
375 267 468 294 decem
485 266 579 293 millia.

215 313 306 340 Refert
336 318 478 348 przeterea,
498 313 647 341 Petisacam
674 314 841 345 eunuchum,
868 321 963 348 magna
980 316 1004 344 Α

177 360 249 394 apud
265 359 365 395 Cyrum
378 360 544 387 aueloritate
556 359 714 394 pollentem,
725 361 750 386 in
761 360 860 387 Persas
875 367 967 387 aman-

176 406 285 436 datum.
306 406 351 440 qui
374 406 505 442 Astyigan
523 414 538 433 a
559 405 699 433 Barcaniis
717 405 875 439 adduceret,
894 405 967 440 quod

177 459 239 479 cum
259 452 326 487 ipse,
345 456 400 478 tmn
415 452 519 486 Amytis
537 451 592 478 tilia
610 455 751 486 parentem
782 450 878 478 videre
900 457 967 477 exo-

179 503 282 533 ptaret.
299 497 427 525 (Eb-arati
443 503 533 524 amem
550 497 694 524 consilium
705 496 835 523 Petisaca‘
846 495 966 526 dedisse,

178 547 207 570 ut
229 543 256 569 in
277 543 383 570 deserto
406 543 466 570 loco
489 543 579 577 aliquo
603 543 733 578 Aslyigan
752 542 876 569 relictum
897 541 968 568 fame

177 588 279 623 sitique
294 588 459 622 conﬁceret;
481 588 601 623 illudque
614 589 697 615 etiam
718 588 753 614 ita
774 587 874 615 factum
896 594 966 614 esse.

179 633 279 661 Verum
299 635 404 662 scelere
427 642 475 669 per
497 634 604 662 somnia
625 633 772 669 patefacto,
785 632 937 660 Petisacam
952 640 967 660 a

176 679 260 715 Cyro,
280 679 425 707 identidem
442 679 506 706 illud
522 679 679 714 exposcenli
695 679 799 715 Amyli,
815 678 849 706 ad
865 678 968 714 suppli-

178 727 250 754 cium
264 726 384 753 deditum
399 733 470 754 esse.
485 725 562 753 illam
586 726 679 753 oculos
702 726 819 761 primum
838 725 968 752 semiviro

178 772 373 807 exsculpsisse,
393 776 449 798 tum
465 771 563 806 pellem
577 771 741 802 detraxisse,
758 771 795 798 ita
813 769 929 804 denique
942 770 967 796 in

179 825 287 845 crucem
309 819 409 854 egisse.
431 817 501 845 llinc
522 817 659 850 OEbaran.
677 825 711 845 ne
729 816 798 844 idem
823 815 968 850 aliquando

178 869 318 899 pateretur
338 865 455 892 veritum
475 864 537 899 (etsi
555 869 632 891 certo
648 863 684 890 illi
698 863 847 890 allirmaret
869 862 966 896 Cyrus,

180 911 249 939 nihil
277 918 308 940 se
332 910 465 946 ejusmodi
496 918 614 946 unquam
633 910 852 945 permissurum),
874 909 967 935 decem

177 957 357 985 nihilominus
387 957 492 985 dierum
521 956 609 984 inedia
640 956 726 991 ipsum
768 955 819 982 sibi
853 958 967 982 mortem

177 1004 356 1032 conscivisse.
383 1002 443 1031 Jam
470 1002 559 1038 ipsum
582 1002 712 1037 Aslyigan
743 1000 884 1037 splendide
905 1007 967 1027 cum

177 1050 274 1085 primis
293 1053 374 1085 atque
395 1048 538 1085 magniﬁce
563 1048 697 1083 sepultum
713 1046 816 1080 fuisse;
833 1046 965 1074 intactum

177 1096 277 1132 quippe
294 1095 360 1123 [eris
382 1093 441 1129 ejus
464 1094 583 1123 cadaver
601 1094 668 1122 locis
690 1093 745 1121 illis
767 1092 884 1120 desertis
902 1099 966 1127 per-

178 1143 323 1175 mansisse,
340 1142 412 1178 quod
427 1141 490 1168 illud
503 1140 540 1168 ibi
558 1140 662 1172 leones,
676 1139 740 1166 dum
764 1138 903 1166 Petisacas
921 1144 966 1165 re-

178 1195 274 1216 νει-ενδ
283 1187 415 1220 auferret,
427 1190 646 1215 conservassem.

212 1235 300 1270 Cyrus
312 1233 338 1260 in
352 1232 480 1260 Derbices
506 1230 581 1267 (8t),
603 1237 719 1265 quorum
739 1234 796 1257 tum
815 1237 863 1258 rex
883 1229 966 1256 Amo-

177 1288 260 1312 rzeus,
279 1279 430 1307 exercitum
445 1278 541 1312 ducit;
560 1283 587 1305 at
602 1277 639 1304 illi
655 1284 686 1303 ex
705 1276 811 1304 insidiis
827 1275 966 1311 productis

176 1324 340 1360 elephantis,
359 1323 424 1359 Cyri
447 1322 600 1357 equitatum
624 1321 651 1349 in
673 1320 764 1356 fugam
789 1325 965 1348 convertunt.

176 1371 237 1406 Ipse
257 1370 294 1398 ibi
320 1370 409 1407 Cyrus
425 1376 457 1397 ex
479 1376 549 1404 equo
570 1368 691 1400 decidit,
705 1372 733 1395 et
756 1366 837 1395 Indus
854 1366 963 1402 quidam

176 1417 350 1454 (Derbicibus
361 1416 434 1444 enim
451 1415 508 1443 lndi
521 1423 599 1448 opem
613 1414 640 1442 in
653 1414 721 1442 bello
737 1414 871 1447 ferebant,
884 1418 966 1449 atque

177 1465 211 1491 ab
224 1464 268 1491 his
280 1463 331 1496 illi,
347 1470 417 1498 quos
432 1462 576 1494 ducebant,
594 1461 752 1497 elephantos
771 1461 965 1496 acceperant).

175 1510 247 1545 37a
260 1509 341 1536 ludus
356 1509 438 1543 igitur
454 1507 499 1535 ille
515 1508 615 1544 Cyrum
638 1507 777 1542 delapsum
793 1507 887 1541 jaculo
915 1507 966 1535 sub

176 1563 246 1584 coxa
259 1555 285 1582 in
299 1555 402 1583 {entore
416 1554 580 1587 vulneravit,
596 1561 650 1589 quo
666 1553 712 1582 ille
726 1561 761 1581 ex
780 1553 893 1581 vulnere
919 1561 968 1588 po-

177 1607 236 1628 stea
257 1601 383 1628 moritur.
401 1599 492 1634 lpsmn
517 1604 611 1626 autem
628 1604 685 1626 tum
701 1598 790 1626 adhuc
813 1599 902 1626 vivum
926 1598 967 1625 fa-

177 1646 300 1674 miliares
315 1645 356 1674 sui
372 1646 550 1678 sustulerunt,
569 1649 651 1679 atque
666 1644 692 1672 in
709 1649 798 1672 castra
823 1651 967 1672 concesse-

1053 313 1114 339 Ἔτι
1126 311 1303 347 διαλαμϐάνει
1315 312 1326 328 ⁸
1338 311 1376 343 ὼς
1387 311 1546 338 ἀποστέλλει
1559 311 1650 347 Κῦρος
1660 313 1689 339 έν
1702 311 1813 347 Περσίδι

1018 358 1194 394 Πετησάκαντ
1204 358 1249 385 τδν
1263 357 1390 392 εὐνοῦχον
1398 358 1420 391 ⁸,
1431 358 1502 393 μέγα
1509 358 1574 394 παρ’
1583 357 1657 393 αὺτῷ
1665 358 1815 393 δυνάμενον

1017 405 1126 440 ὲνέγκαι
1143 404 1196 431 ἀπὺ
1211 404 1373 439 Βαρκανίων
1393 403 1539 439 Ἀστυτγαν
1556 412 1564 420 ·
1585 404 1678 432 ἐπόθει
1692 405 1746 440 γὰρ
1761 405 1814 431 αὺ-

1017 451 1063 482 τός
1075 459 1104 477 τε
1119 451 1167 477 καὶ
1180 451 1197 485 ἠ
1214 450 1337 486 θυγάτηρ
1358 450 1472 485 ’Δμὺτις
1482 450 1528 477 τὸν
1543 450 1650 487 πατέρα
1668 451 1742 479 ίδεῑν.
1756 451 1813 478 Καὶ

1017 496 1055 529 ὡς
1077 496 1202 532 Οίϐάρας
1225 497 1346 532 βουλεύει
1371 497 1517 532 Πετησάκα
1532 498 1543 513 ⁹
1565 497 1594 523 ἐν
1620 497 1716 533 ἐρήμῳ
1738 499 1814 534 τόπῳ

1017 543 1203 570 καταλιπόντα
1216 543 1363 577 Ἀστυῒγαν
1377 543 1450 579 λιμῷ
1467 544 1514 570 κα)⁵
1529 543 1601 579 δίψει
1618 543 1639 559 ¹⁰
1655 543 1789 570 ἀπολέσαι
1803 551 1810 558 ·

1017 589 1031 615 ὃ
1049 589 1069 605 ¹¹
1082 590 1128 616 καὶ
1144 590 1249 624 γέγονε.
1266 589 1305 616 Δι’
1314 590 1447 616 ἐνυπνίων
1461 589 1489 616 δὲ
1503 589 1549 616 τοῦ
1563 590 1715 624 μιάσματος
1729 598 1815 625 μηνυ-

1018 635 1110 668 Θέντος
1123 637 1296 671 Πετησὰκας,
1312 635 1443 668 πολλάκις
1465 636 1654 672 αἰτησαμένης
1672 635 1812 671 Ἀμύτιος,

1018 682 1059 713 εἰς
1073 682 1207 718 τιμωρίαν
1218 682 1294 716 παρὰ
1305 682 1398 718 Κύρου
1411 682 1556 709 ἐκδίδοταν
1569 683 1586 717 ή
1599 682 1626 709 δὲ
1637 681 1700 713 τοὺς
1714 680 1814 715 ὀφθαλ-

1020 729 1087 764 μοὺς
1105 728 1257 764 έξορύξασα
1275 729 1324 755 καὶ⁹
1341 729 1371 755 τδ
1385 728 1472 763 δέρμα
1484 728 1663 763 περιδείρασα
1676 726 1812 754 ἀνεσταύ-

1019 782 1116 808 ρωσεν.
1137 774 1262 809 οίϐάρας
1284 773 1312 800 δὲ
1332 772 1425 805 δεδιὼς
1444 773 1482 808 μὴ
1495 772 1530 800 τὰ
1541 773 1622 808 ὅμοια
1636 773 1761 799 πείσεται
1778 772 1812 804 ¹¹,

1019 819 1108 846 καίτοι
1122 819 1214 855 Κύρου
1231 819 1314 855 μηδὲν
1324 819 1446 846 τοιοῦτον
1463 818 1668 854 ἰσχυριζομένου
1683 826 1814 853 παραχω-

1019 865 1111 901 ρῆσαι,
1122 865 1204 897 αὐτὸς
1218 865 1268 900 μὲν
1284 865 1305 881 ¹¹
1327 866 1556 901 ἀποκαρτερήσας
1570 864 1605 891 δι’
1620 864 1732 900 ἡμερῶν
1745 864 1813 891 δέκα

1019 912 1115 939 ἑαυτὸν
1126 912 1271 948 ἐξήγαγεν,
1279 912 1425 946 Ἀστυτγας
1436 911 1464 938 δὲ
1479 912 1699 948 μεγαλοπρεπῶς
1710 912 1810 947 ἐτάφη.

1019 958 1075 985 Καὶ
1094 958 1122 985 ὲν
1137 960 1169 994 τῇ
1187 959 1284 994 ἐρήμῳ
1299 958 1327 985 δὲ
1347 958 1472 994 ἄϐρωτος
1495 957 1578 985 αὑτοῦ
1592 958 1728 993 διέμεινεν
1739 958 1753 985 ὁ
1767 965 1813 984 νε-

1019 1007 1104 1043 κρός·
1131 1006 1237 1039 λέοντες
1260 1007 1315 1042 γὰρ
1339 1006 1434 1039 αὐτοῦ,
1463 1005 1542 1041 φησὶ,
1576 1007 1659 1042 μέχρι
1686 1006 1814 1040 Πετησά-

1019 1062 1070 1080 καν
1092 1053 1114 1069 ¹⁵
1143 1052 1226 1079 πάλιν
1253 1052 1340 1080 ἐλθεῖν
1365 1052 1413 1079 κα)⁵
1431 1051 1576 1079 ἀναλαϐεῖν
1592 1051 1745 1087 ιφὺλαττον
1765 1051 1812 1078 τὴν

1019 1098 1126 1134 νεκρόν.

1055 1231 1148 1267 Κῦρος
1160 1231 1189 1258 δὲ
1205 1230 1349 1266 στρατεύει
1370 1231 1418 1258 ἐπὶ
1433 1230 1568 1266 Δέρϐικας
1593 1230 1741 1267 Ἀμοραίου
1760 1230 1812 1266 βα-

1020 1277 1171 1308 σιλεύοντος
1188 1277 1288 1304 αὐτῶν.
1306 1277 1363 1304 Καὶ
1375 1276 1404 1310 ἐξ
1415 1276 1527 1312 ἐνέδρας
1543 1278 1567 1303 oi
1585 1277 1717 1312 Δέρϐικες
1733 1277 1814 1304 ίστῶ·

1021 1333 1063 1352 σιν
1086 1324 1247 1359 ἐλέφαντας,
1270 1323 1318 1349 καὶ
1345 1323 1408 1354 τοὺς
1432 1323 1526 1354 ἱππεῖς
1553 1322 1647 1358 Κύρου
1669 1322 1811 1358 τρέπουσι.

1019 1370 1076 1398 Καὶ
1092 1370 1187 1397 πίπτει
1201 1370 1249 1397 καὶ
1264 1369 1344 1402 αὐτὸς
1363 1368 1455 1404 Κῦρος
1472 1369 1504 1395 ὲκ
1521 1368 1568 1395 τοῦ
1582 1368 1676 1401 ἵππου,
1696 1367 1744 1395 καὶ
1763 1369 1814 1395 Ἰν-

1019 1417 1063 1449 δδς
1075 1415 1395 1452 ἀνὴρ(συνεμάχουνγὰρ
1411 1415 1432 1431 ³³
1445 1414 1522 1442 Ἰνδοὶ
1536 1415 1592 1445 τοῖς
1604 1413 1767 1448 Δερϐίκεσιν
1776 1414 1812 1445 ⁸⁸,

1020 1463 1050 1496 ἐξ
1064 1459 1101 1490 ὧν
1117 1462 1164 1489 καὶ
1177 1462 1241 1494 τοὺς
1263 1461 1413 1496 ἐλέφαντας
1427 1461 1546 1496 ἔφερον),
1570 1457 1647 1491 οὗτος
1658 1460 1679 1476 ’⁷
1697 1460 1711 1485 ὁ
1731 1459 1814 1490 Ἰνδὸς

1020 1509 1184 1537 πεπτωκότα
1208 1509 1299 1543 Κῦρον
1317 1507 1408 1543 βάλλει
1424 1507 1542 1542 ἀκοντίῳ
1556 1506 1608 1533 ὑπὸ
1626 1507 1655 1533 τὸ
1673 1506 1756 1541 ίσχίον
1771 1507 1814 1538 είς

1020 1557 1065 1583 τὸν
1080 1556 1166 1592 μηρόν
1182 1564 1189 1571 ·
1203 1555 1232 1589 ἐξ
1248 1551 1279 1582 οὗ
1293 1555 1340 1582 καὶ
1353 1555 1477 1589 τελευτᾷ.
1494 1554 1562 1580 Τότε
1575 1553 1604 1580 δὲ
1615 1553 1705 1586 ζῶντα
1719 1553 1814 1580 ἀνελό-

1022 1611 1097 1638 μενοι
1123 1602 1204 1629 αὑτὺν
1230 1602 1255 1628 οί
1278 1601 1374 1628 οίκεῖοι
1396 1600 1444 1627 ἐπὶ
1460 1600 1492 1626 τὺ
1516 1599 1700 1635 στρατόπεδον
1713 1599 1812 1635 ᾔεσαν.

1020 1647 1170 1675 Ἀπέθανον
1197 1647 1225 1673 δὲ
1247 1647 1275 1672 ὲν
1297 1647 1330 1682 τῇ
1348 1646 1423 1682 μάχῃ
1444 1646 1492 1672 καὶ
1516 1645 1631 1681 Περσῶν
1655 1645 1749 1671 πολλοὶ
1764 1645 1814 1671 καὶ

179 1697 252 1720 runt.
278 1691 437 1720 Occubuere
462 1691 512 1719 hoc
536 1691 562 1718 in
588 1691 683 1726 ιιι-αξιίο
708 1689 853 1718 Persarum
878 1689 966 1723 multi,

1021 1693 1159 1729 Δερϐίκων
1176 1694 1228 1720 ίσοι
1246 1701 1253 1708 ·
1281 1692 1374 1728 μύριοι
1387 1692 1441 1728 γὰρ
1457 1691 1505 1718 καὶ
1521 1692 1608 1719 αὐτοί.
1629 1691 1768 1726 Ἀμόργης
1782 1690 1813 1717 δὲ

177 1746 267 1773 neque
285 1737 429 1765 Derbicum
445 1738 601 1772 pauciores.
618 1737 716 1764 Decem
737 1736 809 1763 enim
824 1736 905 1764 etiam
920 1737 969 1763 ho-

177 1792 238 1812 rum
255 1784 337 1811 millia
353 1784 486 1811 cecidere.
500 1783 633 1819 Amorges
656 1783 704 1815 ibi,
721 1789 834 1818 accepto
851 1783 884 1810 de
898 1783 969 1818 Cyro

179 1830 286 1862 nuntio,
305 1837 420 1865 propere
440 1830 474 1857 ad
496 1829 593 1857 Persas
617 1830 735 1863 accedit,
760 1829 891 1857 Sacarum
916 1830 968 1857 du-

179 1884 246 1904 cens
259 1877 380 1912 equitum
395 1877 489 1911 viginti
508 1876 603 1904 millia.
618 1876 718 1904 Prtelio
730 1884 795 1911 ergo
805 1875 904 1904 Persas
924 1876 968 1903 in-

177 1927 219 1950 ter
241 1930 273 1950 ac
304 1922 432 1950 Derbices
463 1927 601 1956 conserto,
625 1930 640 1950 a
670 1922 761 1951 Persis
788 1927 870 1958 atque
889 1922 967 1951 Sacis

175 1967 326 1997 fortissime
335 1969 518 2004 pugnantibus
529 1968 639 1996 victoria
651 1968 738 1996 stetit.
747 1968 889 1996 Occumbit
898 1969 966 1997 Der-

178 2015 268 2042 bicmn
286 2022 333 2042 rex
352 2015 411 2050 ipse
425 2015 567 2043 Amorqu
580 2022 641 2042 cum
661 2015 768 2043 duobus
792 2015 864 2044 ﬁliis.
887 2015 966 2043 Ceci-

1019 1740 1084 1774 περὶ
1097 1739 1192 1776 Κύρου
1203 1738 1323 1770 ἀκούσας
1337 1738 1438 1773 σπουδῇ
1455 1737 1647 1773 παραγίνεται,
1662 1737 1731 1772 ἔχων
1755 1738 1813 1763 Σα‹

1020 1786 1076 1812 κῶν
1088 1785 1249 1821 δισμυρίους
1274 1784 1386 1814 ἱππέας.
1415 1783 1471 1810 Kal.
1489 1783 1609 1818 πολέμου
1627 1783 1814 1818 συρραγέντος

1019 1831 1135 1866 Περσῶν
1148 1831 1196 1857 καὶ⁹
1211 1830 1350 1866 Δερϐίκων
1366 1830 1430 1865 νικᾷ
1443 1829 1515 1856 κατὰ
1531 1829 1633 1864 κράτος
1649 1829 1662 1855 ὀ
1678 1828 1813 1863 Περσικὸς

1019 1877 1067 1904 καὶ
1082 1876 1177 1904 Σακῶν
1193 1876 1309 1912 στρατὸς
1321 1895 1329 1907 ,
1344 1876 1496 1911 ἀναιρεῖται
1510 1875 1539 1901 δὲ
1552 1875 1599 1902 καὶ
1611 1874 1633 1891 ¹⁸
1651 1875 1666 1900 ὁ
1679 1875 1732 1900 τῶν
1746 1878 1814 1908 Δερ-

1020 1923 1104 1950 ϐίκων
1115 1923 1240 1958 βασιλεὺς
1254 1923 1401 1957 Ἀμοραῖος
1409 1922 1456 1948 καὶ
1468 1921 1549 1953 αὐτὸς
1562 1921 1609 1948 κα)⁸
1617 1921 1641 1947 οί
1653 1920 1699 1947 δύο
1717 1920 1813 1952 παῖδες

1019 1969 1114 1996 αὑτοῦ.
1122 1968 1270 1996 Ἀπέθανον
1279 1968 1306 1994 δὲ
1312 1968 1452 2004 Δερϐίκων
1461 1967 1512 2003 μὲν
1518 1967 1687 2003 τρισμύριοι,
1697 1967 1812 2002 Περσῶν

1019 2015 1047 2043 δὲ
1064 2014 1282 2050 ὲνακισχίλιοιη,
1298 2013 1346 2040 καὶ
1358 2013 1571 2049 προσεχώρησεν
1586 2014 1602 2048 ὴ
1620 2013 1696 2048 χώρα
1713 2012 1810 2048 Κύρῳ.

175 2063 273 2089 derunt
290 2066 318 2088 et
341 2060 486 2089 Derbicum
510 2062 620 2097 triginta
640 2062 734 2094 millia.
749 2061 893 2090 Persarum
914 2070 1024 2090 novem.
1048 2063 1087 2089 lla
1111 2063 1186 2097 regio
1209 2061 1253 2089 illa
1284 2061 1311 2088 in
1337 2059 1402 2096 Cyri
1418 2061 1547 2088 ditionem
1559 2060 1705 2087 concessit.

212 2106 301 2142 Cyrus
313 2114 379 2135 vero
395 2107 445 2135 sub
457 2108 556 2135 mortis
572 2112 679 2143 tempus
692 2107 777 2135 lilium
789 2113 855 2136 natu
874 2108 963 2135 maxi-

176 2161 250 2181 mum
268 2153 422 2190 Cambysen
440 2162 531 2189 regem
550 2161 626 2182 creat
639 2155 796 2190 :[juniorem
811 2155 874 2182 dein
893 2155 962 2190 (82),

176 2198 382 2235 Tauyoxarcem
413 2200 533 2233 nomine,
552 2200 721 2228 Bactriorum
741 2200 798 2237 (85)
824 2200 963 2228 dominqu

175 2246 316 2282 ipsiusque
343 2246 472 2282 regionis,
497 2255 602 2275 necnon
627 2246 875 2281 Choramniorum,
895 2246 964 2274 Par-

175 2292 369 2328 thiorumque,
393 2299 421 2320 et
448 2293 654 2320 Carmaniorum
677 2293 840 2325 constituit,
867 2292 965 2320 immn-

1052 2108 1143 2144 Κῦρος
1155 2108 1184 2134 δὲ
1196 2107 1302 2143 μέλλων
1310 2107 1438 2142 τελευτᾷν
1451 2105 1605 2141 Καμϐύσην
1616 2106 1667 2141 μὲν
1676 2106 1721 2132 τὸν
1732 2105 1810 2141 πρῶ-

1017 2163 1062 2181 τον
1074 2154 1131 2181 υίδν
1148 2154 1261 2190 βασιλέα
1272 2153 1399 2188 καθίστη,
1412 2153 1607 2188 Τανυοξάρκην
1615 2152 1644 2179 δὲ
1653 2151 1699 2178 τὸν
1710 2151 1809 2178 νεώτε-

1020 2209 1065 2236 ρον
1082 2200 1218 2235 ἐπέστησε
1235 2200 1259 2216 ²⁰
1278 2200 1412 2235 δεσπότην
1428 2199 1570 2234 Βακτρίων
1585 2199 1634 2226 καὶ
1652 2199 1701 2234 τῆς
1715 2198 1810 2235 χώρας

1018 2245 1067 2272 καὶ
1083 2245 1247 2280 Χοραμνίων
1267 2245 1314 2271 καὶ
1329 2245 1457 2280 Παροίων
1477 2245 1524 2271 καὶ
1545 2244 1725 2280 Καρμανίων,
1747 2245 1811 2270 ἀτε-

1019 2291 1074 2322 λεῖς
1090 2291 1163 2326 ἔχειν
1178 2291 1228 2322 τὰς
1239 2290 1331 2326 χώρας
1341 2291 1541 2326 διορισάμενος.
1559 2291 1621 2318 Τῶν
1635 2291 1663 2317 δὲ
1680 2291 1811 2325 Σπιτάμα

175 2343 277 2371 nesque
300 2344 365 2365 suas
388 2337 439 2365 sibi
455 2338 578 2372 regiones
595 2344 609 2364 a
627 2337 727 2364 tributo
750 2337 851 2364 habere
871 2337 960 2371 jubet.

1021 2336 1121 2363 παίδων
1141 2336 1282 2371 Σπιτάκην
1297 2336 1318 2352 ¹¹
1341 2336 1391 2371 μὲν
1406 2337 1547 2373 Δερϐίκων
1564 2337 1690 2369 ἀπέδειξε
1704 2337 1810 2372 σατρά-

175 2380 197 2407 Ε
215 2379 343 2416 Spitainae
368 2389 433 2410 vero
455 2382 557 2416 liberis,
580 2382 711 2417 Spitaden
727 2382 785 2419 (84)
804 2383 964 2411 Derbicibus

175 2426 308 2461 praefecit,
339 2426 530 2463 Megabernem
562 2428 713 2461 Barcaniis,
741 2435 843 2463 eosque
873 2429 964 2465 Amyti

1014 2392 1080 2418 ¹ιιήν.
1095 2383 1276 2418 Μεγαϐέρνην
1292 2382 1320 2409 δὲ
1333 2383 1512 2419 Βαρκανίων·
1529 2384 1563 2419 τῇ
1580 2384 1665 2419 μητρὶ
1679 2383 1707 2410 δὲ
1720 2384 1811 2409 πάντα

1015 2430 1156 2458 πείθεσθαι
1178 2431 1354 2466 προσέταττε.
1376 2431 1432 2458 Καὶ
1453 2431 1592 2467 Ἀμόργην
1612 2432 1689 2466 φίλον
1703 2431 1809 2462 τούτοις

175 2473 256 2500 matri
283 2473 310 2500 in
341 2474 467 2501 omnibus
491 2481 586 2508 parere
618 2474 754 2509 praecipit.
775 2474 852 2515 Datis
881 2475 964 2503 etiam

1021 2475 1068 2503 τῶν
1089 2475 1185 2508 δεξιῶν
1207 2476 1419 2511 ἐμϐαλλομένων
1443 2477 1573 2510 ἐποιεῖτο,
1593 2477 1641 2504 καὶ
1664 2475 1808 2511 ἀλλήλοις·

175 2517 292 2551 dextris,
318 2522 346 2544 et
374 2518 444 2545 inter
474 2525 515 2550 se,
538 2523 566 2546 et
586 2526 647 2546 cum
670 2519 790 2555 Amorge
814 2520 963 2547 amicitiam

175 2560 247 2588 inire
259 2561 355 2596 voluit,
368 2562 457 2590 fausta
474 2563 527 2591 illis
542 2564 633 2592 omnia
650 2569 787 2599 precatus,
805 2566 850 2600 qui
864 2565 890 2592 in
904 2574 964 2594 niu-

1014 2521 1079 2558 1112
1092 2521 1136 2558 IL]
1153 2522 1200 2549 καὶ
1214 2523 1270 2554 τοῖς
1284 2522 1333 2558 μὲν
1349 2522 1500 2558 ἐμμένουσι
1516 2524 1576 2554 ταῖς
1590 2521 1659 2557 πρὸς
1674 2521 1810 2557 ἀλλήλους

1018 2568 1138 2600 εὐνοίαις
1152 2568 1244 2602 ἀγαθὰ
1263 2567 1373 2604 ηὔχετο,
1391 2569 1515 2604 ἐπηρᾶτο
1536 2569 1565 2595 δὲ
1578 2569 1634 2599 τοῖς
1648 2568 1747 2603 χειρῶν
1759 2569 1810 2604 ἄρ-

831 2621 946 2649 νΑιιιΑι
966 2611 1168 2652 LECTIONE'S.

209 2667 226 2712 'n
236 2665 318 2712 sigla;
328 2667 380 2712 Aaut!
537 2676 584 2712 ος.Δ
608 2668 618 2683 ⁷
633 2667 789 2712 fissura)ng
803 2677 832 2701 ς.
869 2669 880 2684 ⁸
898 2669 1027 2712 εὐνοῇχον
1042 2670 1062 2698 Α
1083 2680 1089 2712 ξ
1106 2671 1281 2712 ήμιάρῤενας
1301 2680 1331 2712 ς.
1366 2675 1381 2712 ι’
1399 2672 1555 2712 Πετι-σακᾶν
1569 2680 1619 2712 Ξ.-
1644 2672 1669 2712 ’ξ
1682 2671 1747 2712 δίψῃ
1777 2681 1809 2704 ς.

214 2701 355 2738 ιρόηΑ.
396 2701 549 2738 ¹¹ξπήσεται
568 2702 601 2730 Δ.

174 2702 195 2717 ’¹
214 2702 228 2728 ὅ
243 2702 305 2729 add.
322 2702 355 2729 Α.
396 2702 418 2717 “
432 2703 549 2738 πήσεται
568 2702 601 2730 Δ.
650 2704 673 2719 ¹⁸
693 2702 756 2740 μὲν]
777 2704 851 2738 ὅμως
877 2713 907 2738 ς.

171 2736 195 2753 ¹⁷
209 2735 236 2773 ὁ]
249 2737 296 2764 οὖν
307 2737 321 2764 ὁ
337 2746 368 2770 ς.
412 2737 435 2754 ³⁸
451 2738 499 2765 καὶ
512 2739 573 2765 add.
586 2738 619 2765 Α.
658 2738 680 2755 ⁸⁸
693 2739 901 2773 ὲννεακισχίλιοι

961 2705 983 2721 ίδ
994 2705 1133 2733 πετισάκα
1146 2715 1177 2739 ς.

412 2737 435 2754 ³⁸
451 2737 499 2765 καὶ
512 2739 573 2765 add.
586 2738 619 2765 Α.
658 2738 680 2755 ¹⁹
693 2737 901 2774 έννέακισχίλιοι
913 2749 943 2773 ς.
983 2741 1006 2757 ²⁰
1021 2741 1124 2777 ἐπέστη
1206 2742 1227 2758 ¹¹
1244 2737 1390 2777 Σπίξάδὴνξ
1407 2742 1462 2770 vid.
1478 2737 1555 2777 p.56
1569 2751 1585 2768 a
1601 2737 1645 2770 16'.

1217 2707 1238 2722 "
1250 2706 1317 2742 γὰρ]
1342 2706 1397 2742 γὰρ
1428 2707 1476 2734 καὶ
1500 2716 1529 2739 ς.
1546 2741 1549 2742 ν
1569 2707 1591 2722 ¹⁶
1604 2706 1759 2742 δερϐικέσῐν
1774 2710 1807 2736 Δ.

945 2788 1064 2818 ΝΟΤᾸΕ.

199 2831 266 2872 -ίξυ
286 2831 424 2872 Det-hicat,
444 2832 533 2872 inquit
557 2833 652 2872 Steph.
681 2832 807 2872 Byzant..
836 2834 952 2872 populus

171 2871 214 2904 est
228 2866 354 2904 Iljrcanis
367 2868 482 2904 vicinus.
495 2866 661 2904 Apollonius
681 2866 881 2904 perrduplex'cé
891 2871 959 2899 scri-

171 2900 213 2930 bit
236 2902 341 2930 Ctesias
356 2910 420 2931 vero
434 2900 544 2931 Dubia}
562 2908 651 2938 vocat,
667 2900 715 2932 a'ut
728 2900 878 2933 Ter'biuoa.

1041 2835 1099 2870 (8‘2)
1115 2835 1242 2864 Smerden
1260 2835 1324 2871 Cyri
1336 2840 1469 2870 perpetuo
1485 2835 1640 2865 Herodotus
1657 2838 1792 2866 nominat.

1050 2872 1105 2906 (85)
1118 2871 1256 2899 Videndus
1277 2874 1311 2900 de
1323 2872 1366 2899 his
1377 2871 1511 2906 Stephan.
1529 2879 1556 2900 et
1571 2873 1678 2901 Strabo.

1047 2906 1104 2942 (86)
1120 2906 1246 2941 Spitacm
1259 2914 1353 2943 supra.
