1934 3089
187 143 237 177 179

767 144 899 175 ΡΗΟΤῙΙ
918 144 1172 174 ΡΑΤΒΙΑΗΟΗιΕ
1191 144 1247 174 CP.

1763 139 1815 172 180

185 207 258 230 ctum
273 207 325 231 est.
342 202 462 230 Taurino
485 202 542 238 (86)
566 202 638 230 enim
665 203 760 231 hausto
780 203 911 239 sanguine
926 203 974 230 Ta-

1028 203 1232 240 Τανυοξάρκης.
1248 202 1303 230 Καὶ
1322 202 1449 229 λανθάνει
1467 202 1571 233 πάντας
1588 200 1636 228 ἐπὶ
1650 200 1734 227 πολὺν
1748 200 1815 235 χρό-

186 255 338 283 nyoxarces
359 248 464 280 interit,
481 252 510 275 et
523 247 596 275 illius
619 247 728 276 indutus
742 253 844 276 vestem
867 257 971 283 magus,

186 302 235 327 pro
262 289 629 330 Tanyoxarce'agnoscltur.
655 294 755 330 diuque
781 295 847 323 latet
867 302 972 327 omnes,

186 345 284 374 praeter
310 342 480 377 Artosyran,
510 340 666 376 Bagapaten
687 361 695 373 ,
722 347 805 375 alque
832 341 972 369 izabaten.

187 385 234 412 His
248 386 348 421 quippe
369 387 438 414 solis
455 394 511 414 rem
526 387 634 421 aperire
656 386 804 422 Cambyses
820 395 902 415 ausus
919 393 971 415 est.

186 431 242 458 Rex
263 433 325 460 inde
350 433 500 468 Labyzum,
518 433 564 467 qui
588 433 661 460 inter
683 433 868 469 Tanyoxarca;
884 441 973 460 eunu-

186 478 252 506 chos
266 478 346 506 facile
362 479 466 514 primus
479 484 550 512 erat,
563 483 591 506 et
607 485 706 514 praeter
721 480 794 507 hunc
805 480 875 508 alios
891 479 925 507 ad
945 487 974 507 se

185 529 264 551 vocat
282 533 289 551 :
308 532 415 559 magum
431 525 457 551 in
481 524 527 552 illa
546 529 622 552 veste
639 525 780 553 sedentem
806 526 929 559 exhibet,
947 529 975 553 et

186 569 317 603 numquid
339 569 411 596 hunc
431 568 624 605 Tanyoxarren
645 576 836 605 agnoscerent,
854 571 973 599 interro-

184 619 238 649 gat.
255 615 296 641 Ad
313 622 374 649 quae
398 614 541 650 Labyzus:
557 615 589 643 Et
601 623 759 651 quemnam,
775 617 873 651 inquit,
890 617 972 644 alium

184 660 413 694 agnosceremus?
434 661 502 688 adeo
527 662 594 689 texit
618 668 727 697 magum
752 662 875 696 corporis
898 662 974 690 babi-

186 709 284 739 tnsque
320 705 479 733 similitudo.
519 706 634 734 Mittitur
666 714 732 742 ergo
768 708 794 735 in
826 707 972 740 Bactrius,

183 752 328 786 Omniaque
338 751 407 779 haud
416 752 494 780 aliter
500 760 580 788 quam
589 753 611 780 si
620 753 735 788 ipsemet
742 753 975 789 esset'i‘anyoxar-

183 807 240 831 ces,
256 800 437 828 administrat.
455 801 523 829 Post
534 802 660 837 quintum
678 803 786 830 tandem
808 810 908 830 annum
931 810 974 831 res

187 848 244 871 tota
269 853 319 879 per
338 844 507 880 Tybetheum
537 847 705 880 eunuchum,
730 847 804 882 33a
822 855 903 882 quem
920 855 972 875 ma-

186 901 237 927 gus
249 893 417 927 pulsaverat,
433 894 524 930 Amyli
538 894 693 929 exponitur.
709 894 832 921 Postulat
847 895 904 922 hac
919 894 969 922 sibi

185 939 394 974 Sphendadaton
412 948 426 967 a
448 941 584 977 Cambyse
604 941 678 968 dedi.
696 942 731 968 At
748 949 796 969 rex
810 941 909 969 dedere
924 949 972 969 no-

183 984 231 1012 iuit
247 986 439 1021 :qnamobrem
451 986 525 1014 diras
543 987 580 1014 iiii
597 987 755 1022 imprecala,
775 994 909 1024 epotoque
925 996 972 1016 ve-

183 1038 267 1064 neno,
288 1032 411 1059 moritur.
436 1033 542 1060 Accidit
566 1033 664 1061 deinde
688 1039 726 1067 ut,
742 1041 819 1061 sacra
841 1040 972 1068 operante

183 1075 330 1111 Cambyse,
348 1084 410 1104 cum
432 1077 550 1105 victimas
569 1078 772 1113 iugularentur,
790 1079 901 1114 sanguis
919 1086 972 1106 non

183 1121 294 1157 ﬂueret;
309 1131 362 1158 qua
375 1131 442 1152 sane
454 1132 486 1152 ex
506 1132 536 1152 re
553 1125 645 1152 animo
662 1125 809 1153 concidere
824 1125 908 1161 coepit
922 1134 929 1159 ς
942 1133 975 1153 ae

183 1169 270 1204 magis
297 1170 379 1196 etiam
403 1175 506 1205 postea.
525 1172 635 1206 quando
660 1172 684 1199 ei
704 1172 817 1199 Roxane
833 1177 973 1200 carentem

183 1215 274 1249 capite
303 1222 418 1250 puerum
450 1217 573 1251 peperit;
604 1222 631 1244 et
663 1217 734 1252 magi
763 1218 972 1250 renuntiarunt,

183 1260 286 1289 nullum
302 1262 336 1288 ab
351 1269 383 1289 eo
396 1262 471 1297 regni
485 1270 672 1290 successorem
690 1263 813 1290 relictum
831 1263 876 1296 iri,
895 1263 972 1291 hisce

183 1307 313 1334 monstris
325 1308 458 1340 portendi.
481 1307 550 1341 Quin
575 1313 602 1335 et
618 1312 711 1336 astans
728 1314 810 1336 noctu
827 1309 852 1335 in
868 1310 972 1337 somnis

185 1358 281 1386 mater,
296 1353 438 1388 minasque
455 1354 489 1381 ob
505 1358 688 1388 perpetratam
708 1355 809 1382 caedem
823 1355 973 1387 intentans,

989 878 1010 905 Β

1025 257 1081 281 νον,
1093 248 1164 284 πλὴν
1181 248 1337 284 Ἀρτασύρα
1352 249 1400 275 καὶ
1423 247 1589 282 Βαγαπάτου
1604 246 1627 262 ³⁹
1642 246 1690 272 καὶ
1707 245 1816 277 ἰζαϐά-

1025 301 1091 322 του·
1108 295 1214 326 τούτοις
1230 294 1286 329 γὰρ
1313 294 1404 329 μόνοις
1428 292 1581 328 Καμϐύσης
1604 292 1742 327 ὲθάρῤησε
1767 292 1817 326 τὴν

1025 341 1136 377 πρᾶξιν.
1152 340 1275 372 Δάϐυξον
1290 340 1313 356 ’⁸ο
1329 340 1357 366 δὲ
1377 339 1430 366 τῶν
1448 338 1584 374 εὐνούχων
1598 337 1619 354 ⁸¹
1635 337 1682 364 τὸν
1696 337 1816 372 πρῶτον,

1025 388 1050 414 οἳ
1063 386 1132 423 ἦσαν
1142 387 1349 422 Τανυοξάρκεω,
1363 385 1620 422 προσκαλεσάμενος
1635 385 1649 411 ὁ
1663 383 1817 419 Καμϐύσης

1025 434 1073 460 καὶ
1086 434 1150 465 τοὺς
1163 433 1270 465 ἄλλους,
1286 432 1430 465 ὑποδείξας
1441 431 1463 448 δ’
1475 431 1522 458 τὸν
1541 430 1628 467 μάγον
1641 430 1679 462 ὥς
1691 428 1817 465 ἐσχημά-

1024 487 1101 505 τιστο
1128 478 1330 514 καθεζόμενον,
1355 478 1456 505 Τοῦτον
1482 477 1534 514 ἔφη
1559 476 1684 512 νομίζετε
1715 476 1819 502 Tumo-

1028 526 1152 561 ξάρκην;
1178 525 1206 552 '0
1229 525 1258 552 δὲ
1277 525 1401 558 Δάϐυεος
1415 525 1559 560 θαυμάσας
1582 523 1638 550 Καὶ
1652 523 1714 549 τίνα
1725 522 1816 554 ἄλλον,

1026 573 1090 608 ἔφη,
1125 571 1291 607 νομιοῦμεν;
1328 570 1392 606 [H5
1407 570 1453 607 IL]
1484 570 1612 598 τοσοῦτον
1633 569 1762 597 ἐλάνθανε
1781 569 1817 603 τῇ

1025 618 1167 653 ὁμοιότητι
1183 618 1197 644 ὸ
1214 617 1310 652 μάγος.
1330 617 1519 652 Ἐκπέμπεται
1538 615 1585 643 οὖν
1598 617 1638 648 είς
1654 615 1817 651 Βακτρίους,

1025 665 1073 692 καὶ
1081 665 1194 700 πράττει
1204 663 1336 696 πάνταὼς
1346 664 1549 700 Τανυοξάρκης.
1559 663 1642 690 Πέντε
1649 663 1677 689 δὲ
1686 662 1818 689 ἐνιαυτῶν

1025 711 1194 744 διελθόντων,
1204 710 1336 746 μηνύεται
1345 711 1363 746 ὴ
1370 710 1483 746 Ἀμύτις
1490 709 1520 736 τὸ
1528 710 1620 745 δρᾶμα
1628 709 1672 735 διὰ
1681 707 1819 739 Τιϐἐθεως

1024 757 1072 784 τοῦ
1085 757 1213 792 εὐνούχου
1228 757 1261 790 ⁸⁸,
1274 757 1303 783 ὃν
1317 757 1332 783 ὁ
1345 757 1432 792 μάγος
1444 756 1589 791 τυπτήσας
1604 754 1736 790 ἐτύγχανε
1746 762 1753 769 °
1770 754 1819 781 καὶ

1026 804 1096 830 αἰτεῖ
1109 803 1155 830 τδν
1170 803 1359 838 Σφενδαδάτην
1368 802 1392 818 ⁵⁸
1409 801 1485 836 παρὰ
1510 800 1663 836 Καμϐύσου
1677 808 1685 815 ·
1707 800 1721 826 ὁ
1745 799 1772 826 δὲ
1785 799 1818 825 οὗ

1025 849 1143 876 δίδωσιν.
1165 849 1198 876 Ἡ
1210 849 1239 876 δὲ
1261 850 1410 885 ἐπαρᾶται,
1426 848 1475 875 καὶ
1491 847 1591 875 πιοῦσα
1613 848 1758 882 φάρμακον
1772 854 1819 872 τε-

1026 895 1118 930 λευτᾷ.
1136 894 1200 921 Θύει
1218 895 1231 921 ό
1248 894 1414 929 Καμϐύσης,
1430 893 1478 920 καὶ
1493 893 1547 920 τῶν
1558 893 1665 928 ἱερείων
1680 891 1821 927 σφαζομέ-

1025 950 1078 969 νων
1101 940 1170 977 αἷμα
1194 941 1244 968 οὐκ
1269 941 1396 977 ἀπορρεῖ,
1413 940 1460 976 [56
1483 939 1530 976 H.]
1554 939 1601 966 καὶ
1625 938 1735 973 ἀθυμεῖ.
1762 937 1820 964 Καὶ

1025 987 1112 1014 τίκτει
1127 986 1202 1022 αὐτῷ
1217 987 1234 1022 ή
1252 986 1373 1022 Ῥωξάνη
1391 986 1497 1013 παιδίον
1512 985 1659 1020 ἀκέφαλον,
1674 984 1721 1011 καὶ
1737 983 1820 1010 πλέον

1026 1031 1125 1067 ἀθυμεῖ
1137 1040 1144 1047 ·
1160 1032 1208 1059 καὶ
1229 1033 1253 1059 οε
1271 1032 1355 1067 μάγοι
1370 1031 1496 1066 λέγουσιν
1510 1031 1586 1066 αὐτῷ
1601 1031 1651 1066 τὴν
1666 1030 1719 1057 τῶν
1733 1029 1820 1064 τερά-

1023 1085 1077 1104 των
1087 1077 1213 1113 δήλωσιν,
1230 1078 1271 1104 ὅτι
1289 1078 1320 1104 οὐ
1341 1077 1501 1112 καταλείψει
1516 1077 1539 1093 ⁵⁵
1551 1078 1601 1112 τῆς
1621 1076 1711 1112 ἀρχῆς
1730 1075 1821 1102 διάδο-

1022 1133 1079 1160 χον.
1096 1125 1150 1152 Καὶ
1171 1125 1315 1159 ἐφίσταται
1336 1124 1411 1159 αὐτῷ
1434 1125 1450 1159 ή
1478 1124 1571 1159 μήτηρ
1586 1124 1615 1149 ὲν
1639 1122 1718 1149 νυκτὶ
1737 1122 1819 1148 ἀπει-

1022 1170 1108 1198 λοῦσα
1117 1171 1166 1206 τῆς
1180 1171 1347 1206 μιαιφονίας,
1362 1170 1410 1197 καὶ
1422 1170 1503 1197 πλέον
1513 1170 1623 1205 ἀθυμεῖ.
1639 1168 1821 1203 Ἀφικόμενος

1022 1216 1051 1243 δὲ
1065 1217 1104 1248 εἰς
1115 1215 1276 1247 Βαϐυλῶνα.
1288 1215 1336 1241 καὶ
1350 1215 1418 1248 ξέων
1434 1215 1561 1250 ξυλάριον
1575 1213 1698 1249 μαχαίρᾳ
1713 1212 1820 1247 διατρι-

1026 1262 1076 1298 ϐῆς
1091 1262 1189 1298 χάριν,
1216 1261 1292 1288 παίει
1317 1261 1362 1288 τὸν
1385 1260 1472 1296 μηρὸν
1488 1261 1529 1292 είς
1556 1259 1603 1286 τὸν
1620 1259 1682 1294 μῦν,
1704 1259 1751 1285 καὶ
1774 1258 1821 1284 ὲν-

1026 1308 1166 1340 δεκαταϊος
1199 1308 1334 1342 τελευτᾷ,
1369 1306 1533 1342 βασιλεύσας
1559 1306 1633 1332 δυοῖν
1657 1305 1752 1332 δέοντα
1780 1303 1821 1331 εἴ-

1028 1363 1100 1383 κοσι.

184 1400 264 1436 longe
290 1401 409 1428 maxime
440 1409 530 1436 regem
555 1402 680 1436 perculit.
700 1401 768 1430 Cum
798 1403 888 1437 itaque
912 1402 1082 1438 Babylonem
1101 1403 1230 1436 venisset,
1263 1408 1345 1437 atque
1377 1402 1413 1430 ibi
1451 1408 1564 1436 parvum
1599 1399 1700 1434 lignum
1732 1397 1823 1425 cultro

183 1447 299 1482 poiiens,
324 1455 378 1482 quo
403 1452 509 1485 tempus
535 1446 652 1481 falleret,
675 1447 787 1476 femoris
813 1448 964 1476 musculum
986 1449 1180 1483 percussisset.
1205 1449 1348 1476 undecimo
1363 1452 1425 1483 post
1443 1448 1486 1475 die
1497 1450 1612 1475 mortem
1645 1445 1724 1476 obiit.
1753 1452 1817 1472 cum

184 1501 269 1520 annos
284 1498 425 1530 regnasset
440 1493 636 1529 duodeviginti.

219 1561 369 1596 Bagapates
387 1567 476 1589 autem
499 1567 526 1590 et
553 1563 697 1595 Artasyras
719 1563 873 1595 consilium,
898 1567 974 1590 ante-

1064 1559 1231 1594 Βαγαπάτης
1244 1558 1273 1585 δὲ
1284 1558 1332 1586 καὶ
1347 1558 1531 1594 ’Δρτασύρας,
1553 1557 1618 1592 πρὶν
1633 1557 1649 1592 ἢ
1667 1556 1823 1592 Καμϐύσης

185 1614 267 1641 quam
291 1606 439 1642 Cambyses
456 1613 619 1641 moreretur,
637 1608 768 1641 inierunt,
788 1609 821 1636 de
845 1616 928 1644 regno
942 1607 976 1635 ad

186 1658 304 1687 magum:
318 1651 480 1686 deferendo;
508 1658 536 1681 et
550 1661 614 1682 vero
632 1659 692 1689 post
709 1654 781 1681 illius
796 1658 910 1681 mortem
928 1654 976 1681 de.

187 1700 284 1726 Iniere.
301 1699 406 1733 Corpus
417 1699 560 1735 Cambysae
575 1699 697 1728 lzabates
711 1705 847 1733 sumptum
866 1701 892 1726 in
908 1699 977 1727 Per-

186 1744 271 1772 sidem
296 1745 397 1773 avexit.
417 1744 492 1772 Unde
506 1745 649 1780 aliquando
666 1753 801 1779 reversus,
821 1751 976 1781 regnantem

184 1790 240 1824 iam
256 1790 306 1817 sub
322 1789 505 1825 Tanyoxarcm
522 1791 632 1818 nomine
647 1799 754 1826 magum
775 1792 889 1826 prodere
906 1791 977 1825 apud

187 1835 344 1862 universum
380 1837 540 1868 exercitum,
566 1841 648 1871 atque
662 1837 797 1864 infamare
818 1844 977 1871 aggressus,

187 1882 214 1908 in
233 1881 361 1917 templum
376 1882 507 1917 confugit,
529 1875 709 1911 νειηιηιἿηᾱθ-
719 1888 870 1915 extractus,
889 1883 978 1918 capite

186 1934 281 1961 pmnas
294 1928 354 1955 luit.
375 1927 443 1956 Hinc
459 1934 562 1964 septem
578 1931 648 1957 inter
672 1929 770 1957 Persas
784 1930 904 1957 illustres
927 1929 978 1957 viri

187 1981 239 2000 una
254 1974 386 2002 adversus
406 1983 513 2010 magum
527 1976 731 2011 conspiravere,
752 1976 890 2010 Onophas,
909 1977 979 2004 lder-

185 2027 246 2052 nes,
267 2020 466 2054 Norodabares,
480 2021 647 2054 Mardonius.
667 2023 783 2055 Barises,
798 2024 978 2057 Atapbernes.

185 2070 214 2094 et
227 2067 323 2095 Darius
338 2066 469 2102 Hystaspe
482 2068 563 2095 lilius.
573 2068 606 2095 Hi
618 2076 679 2096 cum
691 2068 770 2103 primi
781 2069 852 2096 inter
861 2077 890 2096 se
898 2069 977 2096 ﬁdem

186 2112 337 2145 dedissent,
358 2118 418 2148 post
443 2114 526 2141 etiam
548 2115 694 2149 Artasyras
705 2114 866 2146 assumitur,
885 2120 912 2141 et
927 2114 979 2142 Ba—

186 2163 297 2194 gapates
305 2164 446 2194 praetorea,
459 2160 504 2193 qui
516 2159 606 2187 claves
620 2167 714 2187 omnes
731 2160 867 2195 regiarum
879 2161 978 2188 aedium

187 2204 215 2231 in
244 2209 379 2239 potestate
396 2204 525 2233 habebat.
547 2205 656 2239 Septem
673 2213 738 2240 ergo
756 2205 804 2238 illi,
836 2205 980 2241 Bagapataa

186 2256 282 2283 opera,
313 2249 339 2277 in
367 2250 455 2285 regias
479 2251 552 2278 aedes
568 2250 694 2285 ingressi.
721 2251 900 2278 dormientem
917 2259 978 2278 cum

186 2294 332 2331 Babylonia
358 2295 455 2330 pellice
476 2303 584 2332 magqu
607 2295 759 2323 offendunt.
780 2296 854 2329 Quos
881 2297 935 2330 ille,
950 2302 980 2324 ut

185 2340 263 2370 vidit.
287 2341 377 2368 subito
401 2341 529 2376 prosiliit,
552 2346 579 2368 et
607 2349 668 2368 cum
691 2342 793 2369 nullum
817 2350 877 2369 sese
895 2343 977 2370 telum

186 2385 312 2414 bellicum
331 2386 444 2414 oii'erret
457 2386 538 2421 (clam
549 2387 622 2414 enim
636 2387 727 2414 omnia
746 2387 897 2422 Bagapates
912 2388 977 2416 sui)-

186 2431 330 2466 traxerat).
345 2432 432 2460 sedile
456 2432 525 2459 forte
551 2439 663 2459 aureum
691 2433 836 2468 confregit,
864 2434 978 2469 ejusque

185 2483 296 2511 arrepto
316 2479 384 2512 pede
411 2486 530 2513 pugnare
546 2478 639 2513 cmpit,
669 2479 732 2506 dum
763 2479 871 2507 tandem
891 2488 905 2506 a
934 2488 977 2508 se-

996 2273 1017 2301 D

1028 1605 1198 1641 τελευτήσει,
1214 1605 1412 1632 ἐϐουλεύσαντο
1424 1604 1583 1640 βασιλεῦσαι
1597 1603 1642 1630 τὸν
1657 1603 1758 1638 μάγον·
1774 1602 1825 1629 καὶ

1028 1652 1203 1679 ἐϐασίλευσεν
1219 1651 1242 1668 ⁸⁸
1256 1651 1363 1678 ἐκείνου
1386 1651 1609 1686 τελευτήσαντος.
1625 1649 1723 1677 Λαϐὼν
1742 1649 1771 1676 δὲ
1791 1648 1825 1675 τὸ

1029 1697 1180 1732 Καμϐύσου
1199 1697 1279 1732 σῶμα
1302 1696 1444 1732 ’ῐζαϐάτης
1460 1697 1482 1712 ⁸⁷
1498 1694 1566 1732 ἦγεν
1582 1697 1622 1728 είς
1634 1697 1751 1728 Πέρσας.
1767 1694 1824 1722 Τοῦ

1031 1744 1119 1778 μάγου
1136 1743 1165 1770 δὲ
1184 1742 1395 1779 βασιλεύσαντος
1415 1743 1459 1770 ἐπ’
1478 1742 1590 1778 ὀνόματι
1604 1742 1651 1769 τοῦ
1667 1741 1825 1775 Τανυοξάρ-

1029 1797 1078 1817 κου
1094 1787 1162 1826 ἧκεν
1181 1789 1322 1824 Ἰζαϐάτης
1347 1789 1380 1816 ἐκ
1399 1788 1541 1824 Περσίδος,
1562 1788 1611 1816 καὶ
1629 1787 1767 1814 κατειπὼν
1789 1788 1825 1822 τῇ

1031 1837 1147 1872 στρατιᾷ
1160 1836 1252 1867 πάντα
1266 1836 1290 1852 ⁸⁸
1306 1836 1353 1864 καὶ
1379 1835 1568 1871 θριαμϐεύσας
1591 1834 1636 1861 τὸν
1654 1833 1740 1869 μάγον
1756 1841 1826 1860 κατ-

1030 1883 1132 1917 έφυγεν
1142 1884 1182 1914 είς
1196 1882 1225 1909 τὸ
1237 1882 1322 1918 ἱερὸν,
1333 1882 1440 1909 ἐκεῖθέν
1447 1889 1477 1907 τε
1489 1880 1654 1916 συλληφθεὶς
1663 1879 1826 1914 ἀπετμήθη.

1030 1927 1173 1954 Ἐντεῦθεν
1190 1928 1260 1954 ἑπτὰ
1275 1928 1330 1955 τῶν
1348 1927 1462 1962 Περσῶν
1476 1928 1608 1962 ἐπίσημοι
1623 1927 1767 1953 συνέθεντο
1781 1925 1828 1951 ἀλ-

1029 1974 1122 2009 λήλοις
1136 1974 1208 2001 κατὰ
1222 1974 1270 2001 τοῦ
1286 1975 1385 2010 μάγου,
1399 1975 1525 2009 Ὀνόφας,
1546 1973 1673 2009 Ίδέρνης,
1689 1972 1828 2006 Νορονδα-

1030 2020 1116 2056 ϐάτης
1132 2021 1165 2054 δ’,
1187 2021 1349 2055 Μαρδόνιος,
1378 2021 1517 2056 Βαρίσσης
1536 2020 1571 2052 ⁵ο,
1587 2019 1758 2054 Ἀταφέρνης
1779 2018 1828 2045 καὶ

1030 2067 1142 2102 Δαρεῖος
1159 2066 1330 2095 Ὑστάσπεω.
1346 2066 1455 2093 Τούτων
1468 2065 1594 2100 ἀλλήλοις
1608 2065 1713 2095 πίστεις
1725 2064 1826 2090 δόντων

1030 2112 1274 2148 προσλαμϐάνεται
1289 2112 1337 2139 καὶ
1350 2113 1364 2139 ὁ
1377 2112 1560 2148 Ἀρτασύρας,
1576 2109 1635 2138 εἶτα
1652 2111 1699 2137 καὶ
1711 2112 1725 2137 ὁ
1737 2111 1828 2144 Βαγα-

1030 2160 1132 2193 πάτης,
1146 2158 1174 2190 ὃς
1189 2159 1239 2190 τὰς
1262 2158 1337 2190 κλεῖς
1353 2159 1443 2190 πάσας
1453 2158 1508 2184 τῶν
1528 2157 1672 2193 βασιλείων
1687 2155 1754 2191 εἶχε.
1770 2157 1828 2182 Καὶ

1030 2203 1197 2236 εἰσελθόντες
1208 2204 1253 2231 διὰ
1267 2205 1314 2232 τοῦ
1330 2205 1495 2239 Βαγαπάτου
1509 2205 1535 2230 οἱ
1555 2204 1624 2230 ἑπτὰ
1640 2204 1680 2234 είς
1696 2203 1731 2229 τὰ
1746 2202 1826 2237 βασί-

1032 2251 1092 2277 λεια
1106 2251 1264 2286 εὑρίσκουσι
1278 2251 1324 2278 τον
1340 2252 1428 2285 μάγον
1441 2250 1568 2286 παλλακῇ
1587 2249 1748 2286 Βαϐυλωνίᾳ
1761 2258 1827 2282 συγ-

1032 2297 1208 2325 καθεύδοντα.
1224 2297 1284 2330 ιὨς
1317 2298 1346 2324 δὲ
1369 2296 1450 2330 εἶδεν,
1476 2297 1645 2332 ἀνεπήδησε,
1669 2296 1717 2323 καὶ
1743 2296 1828 2331 μηδὲν

1031 2343 1119 2379 εὑρὼν
1134 2344 1189 2370 τῶν
1204 2343 1363 2379 πολεμικῶν
1382 2344 1506 2379 ὀργάνων
1526 2343 1626 2379 (πάντα
1639 2343 1693 2377 γὰρ
1707 2343 1722 2368 ὁ
1736 2341 1827 2375 Βαγα-

1031 2390 1121 2425 πάτης
1134 2390 1223 2426 λάθρα
1237 2389 1407 2425 ὑπεξήγαγε)
1425 2390 1521 2426 δίφρον
1537 2388 1654 2425 χρύσεον
1676 2387 1828 2422 συντρίψας

1030 2437 1077 2464 καὶ
1092 2437 1182 2464 λαϐὼν
1201 2437 1248 2464 τὸν
1263 2437 1332 2464 πόδα
1346 2437 1474 2472 ἐμάχετο,
1491 2437 1539 2463 καὶ
1557 2437 1635 2467 τέλος
1651 2441 1825 2467 κατακεντη-

1030 2483 1086 2514 θεὶς
1102 2483 1155 2510 ὑπὸ
1169 2483 1224 2510 τῶν
1237 2483 1308 2510 ἑπτὰ
1320 2483 1452 2515 ἀπέθανε,
1465 2481 1628 2518 βασιλεύσας
1641 2481 1728 2517 μῆνας
1742 2478 1824 2506 ἑπτά.

846 2575 964 2603 νΑιιιᾹι
989 2576 1195 2604 LECTIONES.

224 2629 246 2670 '_’
264 2628 429 2670 Bayaﬁdoou
445 2639 475 2662 ς.
506 2630 528 2670 ff
544 2630 831 2670 A_d6uCov—Iid§u§o;
847 2643 877 2667 ς.
891 2669 894 2670 ν
910 2634 932 2650 ιι
948 2632 1124 2670 ἡμιαρρένων
1141 2644 1170 2667 ς.
1205 2635 1227 2651 ιι
1244 2634 1337 2670 ὑποδ.]
1355 2634 1403 2661 και
1423 2633 1546 2670 ὐποδης.
1570 2629 1596 2670 ξ’
1611 2629 1778 2670 mutarive:
1795 2635 1828 2660 ς.

185 2662 211 2714 3
225 2663 420 2714 ξφανξαξάτης
440 2675 470 2698 ς.
537 2662 800 2714 τοὺκιὲγκαταλείψει

199 2699 210 2716 ³
225 2699 419 2736 Νοροδαὸάτης
434 2710 464 2734 ς.
504 2702 527 2719 ⁸ο
537 2702 658 2737 Βαρίσης
675 2710 706 2735 ς’.

889 2669 913 2687 ⁵⁸
927 2665 989 2698 libri
1004 2665 1195 2698 ἐϐασίλευσαν.
1236 2670 1258 2686 ⁵⁷
1280 2665 1422 2706 Ὶξᾰϐάνης
1440 2679 1471 2702 ς.
1503 2667 1526 2682 ⁸⁸
1541 2665 1663 2693 πάνταΑ
1675 2673 1685 2692 :
1701 2665 1776 2699 πάσῃ
1795 2672 1826 2696 ς.

960 2780 1066 2810 ΝΟΤιΕ

223 2827 278 2862 (86i
293 2827 465 2856 Venenosuut
481 2816 546 2857 eum
558 2837 619 2857 esse
638 2830 894 2861 docentmcdiei,et
928 2837 980 2858 non
1018 2829 1072 2858 alio
1096 2837 1201 2859 veneno
1235 2829 1362 2858 exstincti
1395 2828 1494 2862 Midas.
1522 2826 1731 2860 Themistoeies,
1761 2825 1819 2854 alii.

187 2861 256 2893 Vide
270 2863 334 2893 intr.
347 2865 408 2892 cod.
427 2864 489 2898 190,
504 2866 550 2893 lih.
563 2865 730 2901 ttt,_Ptolem.
747 2865 883 2901 iiephaast.
