1934 3089
88 141 137 177 181

641 148 904 180 BIBLIOTHECA.
916 162 952 168 -·
961 150 1042 180 COD.
1053 149 1172 181 LXXII.

1670 149 1722 181 182

88 199 231 228 Βασιλεύσι
254 201 283 229 δι
298 201 354 229 τῶν
369 203 440 230 ἑπτὰ
452 203 468 230 ό
488 205 612 239 Δαρεῖος,
627 205 676 232 τοῦ
696 207 790 240 ἵππου,
811 207 882 234 καθά

934 212 1007 243 ptem
1032 207 1087 236 illis
1107 208 1174 236 viris
1188 208 1329 236 confossus
1353 205 1490 241 occubuit,
1513 206 1629 243 septimo
1644 210 1719 244 regni

90 246 230 274 συνέκειτο
240 247 380 283 ἀλλήλοις,
392 249 502 285 πρώτου
516 250 538 266 ⁵³
549 253 658 287 μηχανῇ
670 261 724 279 τινι
734 253 781 279 καὶ
789 253 882 289 τέχνῃ,

937 253 1001 281 aditi
1017 261 1120 281 mense.

88 292 200 321 ιπειδὰν
214 294 318 329 όῆλιος
331 296 400 331 πρὸς
430 296 564 329 ἀνατολὰς
598 298 720 332 ἐγένετο,
754 300 976 335 χρεμετίσαντος.
995 300 1108 335 ’Δγεται
1132 301 1189 333 τοῖς
1212 300 1330 336 Πέρσαις
1350 300 1431 335 ἑορτὴ
1465 299 1515 334 τῆς
1542 296 1722 334 μαγοφονίας,

89 339 150 366 καθ’
165 340 201 374 ἢν
215 340 406 377 Σφενδαδάτης
420 342 435 369 ὸ
449 342 536 377 μάγος
551 343 699 379 ἀνῄρηται.

121 389 238 424 Δαριῖος
254 390 423 425 προστάσσει
445 390 532 426 τάφον
547 391 636 428 ἑαυτῷ
650 393 883 429 ζκατασιιευασθῆ-

88 441 131 460 ναι
146 434 177 461 ὲν
190 434 232 469 τῷ
249 434 335 471 δισσῷ
350 436 419 471 δρει,
439 437 487 464 καὶ
504 437 752 471 κατασκευάζεται.
768 439 883 467 Ἐπιθυ-

89 480 182 515 μήσας
203 480 233 507 δὲ
247 481 312 509 ίδεῖν
325 481 410 509 αὑτὸν
424 482 478 509 ὑπό
491 491 522 509 τι
536 483 592 510 τῶν
612 483 754 511 Χαλδαίων
766 484 813 511 καὶ
827 484 883 511 τῶν

88 526 192 560 γονέων
207 526 356 555 κωλύεται.
368 529 400 555 Οἱ
413 528 443 555 δὲ
455 530 546 563 γονεῐς
559 529 681 557 ἀνελθεῖν
696 529 883 565 βουληθέντες,

89 571 152 598 imi
165 572 191 598 oi.
203 573 288 608 ἱεραῖς
300 571 372 600 εἶδον
384 573 460 608 ὄφεις
468 575 492 591 ⁸²
505 574 531 601 οι
543 574 702 608 ἀνέλκοντες
713 575 824 609 αὐτοὺς,
833 576 881 603 καὶ

89 617 277 653 ἐφοϐήθησαν,
292 619 342 646 καὶ
372 619 539 655 φοϐηθέντες
565 621 676 656 ἀφῆκαν
701 621 736 648 τὰ
764 621 879 657 σχοινία,
907 643 910 646 .

87 662 187 690 ἔπεσον
201 664 251 691 καὶ
265 664 458 701 ἐτελεύτησαν.
474 666 531 694 Καὶ
544 666 668 702 ἐλυπήθη
682 667 795 702 Δαρεῖος
807 666 880 700 λίαν,

88 709 136 736 καὶ
143 710 348 748 ἀπετμήθησαν
354 713 382 739 αἱ
391 712 510 748 κεφαλαὶ
516 713 720 748 τεσσαράκοντα
729 712 815 740 ϐντων
825 713 880 740 τῶν

87 754 268 784 ἁνιλκόντων.

968 392 1073 425 Regnat
1086 389 1183 417 deinde
1198 396 1231 415 ex
1254 391 1357 422 septem
1378 386 1432 415 illis
1453 386 1517 414 viris
1534 386 1642 420 Darius,
1657 394 1719 414 cum

931 438 990 473 ejus
1006 444 1092 472 equus
1106 435 1157 471 (sic
1175 435 1246 462 inter
1258 433 1318 462 illos
1333 432 1510 468 convenerat)
1529 440 1588 460 arte
1602 433 1718 468 quadam

931 483 1074 515 adhibita,
1107 481 1209 516 primus
1237 483 1300 514 post
1330 484 1419 506 ortum
1449 478 1532 506 solem
1565 478 1719 506 hinuiisset.

931 529 1064 558 Caeterum
1080 534 1133 562 quo
1148 526 1192 554 die
1218 525 1424 562 Spbendadates
1446 531 1541 559 rnagus
1561 523 1720 552 interfectus

933 579 984 606 est.
1011 573 1109 602 festum
1131 580 1165 600 ex
1187 579 1220 600 eo
1238 571 1307 606 apud
1327 570 1441 602 Persas.
1470 569 1648 605 Magophonia
1675 568 1720 596 di-

934 625 1007 648 ctum
1024 619 1092 655 (87),
1117 618 1278 646 celebralnr.
1295 617 1391 644 Darius
1416 615 1461 643 hic
1487 615 1640 649 sepulcrum
1668 614 1720 644 sibi

933 666 961 695 in
987 665 1091 699 bicipiti
1113 669 1204 693 monte
1222 664 1325 692 exstrui
1344 663 1497 698 imperabat
1518 660 1591 697 (88),
1615 664 1644 687 et
1662 660 1718 695 jam

933 711 1145 744 exstruebatur;
1163 710 1236 746 quod
1253 709 1346 737 videre
1359 709 1416 743 ipse
1433 715 1493 735 cum
1514 707 1690 738 desideraret,
1704 713 1720 733 a

931 757 1066 787 Chaldaeis
1081 761 1162 791 atque
1177 755 1335 791 parentibus
1349 754 1500 790 prohibitus
1513 758 1566 781 est.
1576 753 1615 780 Eo
1630 757 1719 780 tamen

87 808 220 837 parentes
236 803 298 839 ejus
323 805 473 833 ascendere
496 806 643 834 voluerunt
672 806 756 843 380,
771 807 819 835 sed
841 807 869 834 in
888 813 1010 842 praeceps
1026 805 1082 833 acti
1106 803 1209 832 mortui
1232 803 1420 834 conciderunt,
1445 809 1507 829 cum
1540 801 1574 828 ad
1610 808 1721 835 serpen-

86 853 145 877 tum
185 855 326 885 aspectum
351 851 430 881 funes
459 853 547 880 territi
574 854 755 888 remisissent,
782 855 894 889 quieos
933 862 1041 882 sursum
1071 853 1226 886 trahebant,
1241 852 1408 884 sacerdotes,
1438 857 1497 885 quae
1518 857 1562 878 res
1584 850 1720 885 ingentem

89 895 174 922 Dario
203 903 352 932 mter-orem
379 897 488 932 attulit,
505 901 534 926 et
558 907 624 927 vero
640 900 728 940 capita
749 900 804 928 illis
822 901 1000 937 quadraginta
1016 900 1084 928 viris
1101 902 1239 934 amputata
1261 902 1336 930 sunt,
1356 897 1402 931 qui
1424 896 1473 923 bos
1492 899 1671 923 attraxerant.

119 942 187 970 Ὀτι
201 943 347 971 ἐπιτάσσει
359 945 471 980 Δαρεῖος
482 945 656 983 ’Δριαράμνῃ
668 947 692 964 ³³
701 946 742 982 τῷ
754 947 882 982 σατράπῃ

966 946 1123 974 Ariammen
1150 949 1281 980 praeterea
1309 942 1486 978 Cappadocus
1510 946 1648 976 satrapam
1671 942 1721 969 ad-

86 989 288 1019 Καππαδοκίας
304 990 353 1017 ἐπὶ
367 990 474 1023 Σκύθας
496 990 625 1027 διαϐῆναι
646 992 696 1019 καὶ
717 992 816 1027 ἀνδρας
832 993 880 1020 καὶ

84 1036 221 1069 γυναῖκας
241 1036 462 1071 αἰχμαλωτίσαι·
486 1036 502 1063 ὁ
523 1037 553 1064 δὲ
577 1037 676 1069 διαϐὰς
699 1038 880 1073 πεντηκοντό-

87 1080 179 1116 ροιςλ’
192 1081 382 1117 miratam“.
410 1082 547 1110 Συνὲλαϐε
571 1082 601 1109 δὲ
622 1083 670 1111 καὶ
697 1083 810 1119 ἀδελφὸν
832 1084 880 1111 τοῦ

86 1126 220 1162 βασιλέως
237 1127 284 1154 τοῦ
304 1127 416 1154 Σκυθῶν
436 1128 621 1165 Μαρσαγέτην
635 1130 670 1163 ⁸⁵,
688 1130 736 1157 ἐπὶ
758 1130 881 1158 κακώσει

85 1172 176 1208 εὑρὼν
190 1173 268 1209 παρά
282 1173 332 1200 τοῦ
343 1173 445 1201 οἰκείου
455 1174 573 1209 ἀδελφοῦ
587 1175 740 1211 δεδεμένον.
753 1176 818 1212 [illi
834 1176 880 1213 8.]

85 1218 251 1254 Σκυθάρϐης
267 1219 291 1236 ⁸⁸
304 1219 334 1246 δὲ
348 1219 364 1246 ὁ
377 1219 489 1247 Σκυθῶν
503 1219 630 1255 βασιλεὺς
644 1220 784 1256 ὀργισθεὶς
799 1221 882 1257 ἐγρα-

84 1266 138 1300 ᾁεν
153 1265 275 1302 ὑϐρίζων
295 1267 420 1303 Δαρεῖον,
436 1267 485 1294 καὶ
499 1267 659 1303 ἀντεγράφη
677 1267 752 1302 αὐτῷ
769 1268 881 1303 ὁμοίως.

86 1312 254 1348 Στράτευμα
267 1312 296 1339 δὲ
308 1312 424 1349 ἀγείρας
434 1313 546 1348 Δαρεῖος
561 1316 587 1340 π’
599 1313 744 1349 μυριάδας,
757 1312 806 1340 καὶ
819 1312 882 1344 ζεύ-

86 1358 136 1391 ξας
152 1358 200 1384 τὸν
219 1358 360 1393 Βόσπορον
380 1358 427 1385 καὶ
451 1357 499 1385 τὸν
512 1358 630 1394 Ἴστρον,
652 1358 730 1393 διέϐη
753 1358 799 1384 ἐπὶ
811 1357 882 1384 Σκύ-

86 1403 148 1436 θας,
163 1403 224 1430 δδδν
241 1403 343 1435 ἐλάσας
355 1403 467 1439 ἡμερῶν
481 1407 523 1431 ιε’.
538 1404 594 1431 Καὶ
607 1403 785 1439 ἀντέπεμπον
800 1403 884 1438 ἀλλή-

86 1449 143 1480 λοις
154 1449 231 1482 τόξα.
252 1450 499 1486 Ἐπικρατέστερον
511 1449 533 1476 δ’
545 1447 580 1486 ἦν
590 1449 615 1465 ⁸⁸
629 1448 662 1476 τὸ
677 1450 700 1466 ⁵⁷
712 1449 766 1475 τῶν
783 1448 826 1485 [57
836 1448 882 1486 H.]

86 1494 218 1522 Σκυθῶν·
240 1495 281 1522 διὸ
299 1495 348 1523 καὶ
363 1495 472 1531 φεύγων
499 1496 612 1531 Δαρεῖος
631 1494 707 1529 διέϐη
728 1496 777 1526 τὰς
799 1503 883 1530 γεφυ-

89 1540 198 1576 ρώσεις,
216 1541 265 1567 καὶ
278 1540 358 1567 ελυσε
381 1540 504 1567 σπεύδων
524 1541 591 1576 πρὶν
603 1541 620 1576 ἢ
637 1541 669 1568 τὸ
681 1541 742 1568 ὅλον
754 1540 884 1576 διαϐῆναι

89 1585 259 1620 στράτευμα.
276 1586 333 1613 Καὶ
349 1585 485 1612 ἀπέθανον
503 1586 557 1613 ὑπὸ
576 1585 743 1622 Σκυθάρϐιω
755 1586 778 1602 ³⁸
792 1586 817 1612 οἱ
834 1594 884 1612 κα-

932 999 1027 1020 versus
1044 991 1162 1027 Scythas
1178 989 1326 1025 proﬁcisci,
1350 994 1377 1016 et
1390 989 1463 1016 viros
1480 988 1542 1015 inde
1558 995 1590 1016 ac
1605 987 1720 1015 feminas

931 1040 1053 1075 captivos
1066 1037 1201 1066 abducere
1212 1037 1311 1064 Darius
1325 1036 1450 1071 imperat.
1464 1035 1510 1062 Ille
1527 1042 1588 1062 cum
1610 1035 1719 1070 triginta

931 1086 1044 1113 navibus
1064 1083 1259 1120 quinquaginta
1277 1089 1413 1110 remorum
1424 1081 1572 1116 trajiciens,
1591 1080 1719 1107 mandata

930 1130 1056 1167 perfecit.
1078 1129 1155 1164 Cepit
1167 1129 1240 1156 inter
1256 1127 1325 1155 alios
1341 1129 1412 1164 regis
1426 1126 1588 1162 Scytharum
1605 1125 1719 1153 fratrem

930 1176 1097 1212 Masageten,
1118 1183 1198 1210 quem
1219 1174 1255 1202 ob
1279 1173 1356 1201 illata
1373 1173 1444 1200 mala
1461 1173 1487 1200 in
1501 1171 1607 1200 vincula
1625 1179 1641 1198 a
1655 1178 1719 1206 rege

931 1222 1016 1250 fratre
1023 1221 1174 1257 conjectum
1191 1221 1300 1256 reperit.
1316 1219 1385 1255 Ergo
1396 1218 1558 1254 Scythnrces
1569 1217 1638 1254 (89),
1649 1217 1719 1252 Scy-

932 1269 1040 1296 tharum
1057 1275 1114 1300 rex,
1132 1267 1299 1301 indignatus,
1311 1265 1482 1294 contumeliis
1503 1264 1596 1299 plenas
1615 1264 1648 1291 ad
1664 1263 1719 1291 Da-

932 1315 1001 1342 rium
1025 1314 1130 1342 litteras
1151 1313 1277 1348 scripsit;
1298 1317 1325 1340 et
1355 1311 1438 1340 simili
1458 1312 1491 1338 ad
1524 1312 1610 1346 ipsum
1640 1310 1720 1338 modo

932 1360 1093 1395 rescriptum
1110 1364 1163 1387 est.
1185 1359 1280 1386 Darius
1294 1357 1400 1385 tandem
1415 1357 1631 1392 octingentorum
1658 1355 1720 1383 mil-

933 1407 997 1434 lium
1013 1411 1106 1433 ooacto
1133 1405 1272 1437 exercitu,
1300 1409 1328 1432 et
1351 1404 1472 1439 Bosporo
1495 1402 1619 1438 lstroque
1637 1407 1720 1438 ponto

934 1451 1091 1483 constratis,
1108 1452 1238 1478 adversus
1252 1450 1368 1486 Scythas
1379 1449 1535 1485 quindecim
1551 1449 1656 1476 dierum
1672 1448 1718 1479 iti-

933 1505 997 1526 nere
1012 1505 1170 1533 progressus
1194 1501 1244 1525 est.
1260 1496 1294 1524 Hi
1311 1503 1391 1524 arcus
1405 1496 1461 1532 (90)
1486 1496 1540 1524 sibi
1554 1500 1646 1522 mutuo
1673 1493 1720 1522 mi-

933 1547 1037 1571 serunt.
1054 1543 1108 1571 Sed
1130 1551 1192 1571 cum
1209 1543 1352 1578 Scythicus
1369 1541 1483 1569 validior
1495 1549 1555 1569 esse
1569 1540 1718 1575 deprehen-

934 1590 1053 1622 deretur,
1069 1589 1174 1624 fugiens
1189 1595 1237 1623 per
1249 1592 1346 1623 pontes
1363 1587 1470 1620 Darius,
1487 1586 1649 1614 festinanter
1661 1592 1719 1617 eos,

88 1631 281 1666 «meum;
300 1632 330 1660 ὲν
340 1633 374 1667 τῇ
391 1631 512 1667 Εὐρώπῃ
532 1632 662 1668 μυριάδες
675 1632 757 1659 ὀκτώ.
771 1633 882 1668 Δαρεῖος

935 1638 1078 1669 antequam
1117 1638 1188 1662 totus
1221 1633 1375 1661 transiisset
1404 1632 1552 1664 exercitus,
1584 1630 1718 1661 dissolvit.

87 1676 117 1704 δι
137 1677 189 1713 τὴν
209 1677 335 1713 γέφυραν
360 1677 459 1710 διαϐάς
481 1677 674 1713 Χαλκηδονίων
687 1678 709 1694 ³⁸
724 1677 813 1710 οίκίας
836 1677 884 1705 καὶ

90 1723 150 1759 ἱερὰ
163 1723 330 1759 ἐνέπρησεν,
347 1724 410 1750 ἐπεὶ
422 1724 472 1757 τὰς
490 1723 559 1759 πρὸς
578 1723 671 1756 αὐτοῖς
683 1723 804 1758 γεφύρας
818 1723 884 1759 ἐμε-

87 1768 208 1804 λέτησαν
234 1768 327 1802 λῦσαι,
353 1769 401 1796 καὶ
429 1770 470 1796 ὅτι
498 1768 544 1796 τὸν
567 1768 670 1804 βωμὸν,
694 1768 724 1795 ὃν
753 1768 845 1804 περῶν
862 1768 884 1785 ‘°

87 1816 201 1850 Δαρεῖος
231 1815 363 1843 κατέθετο
388 1815 432 1842 ἐπ’
456 1816 571 1851 ὀνόματι
601 1815 780 1851 διαϐατηρίου
804 1816 883 1848 Διὸς,

88 1861 236 1896 ἠφάνισαν.
256 1862 338 1894 Δᾶτις
350 1861 378 1888 δὲ
394 1861 514 1890 ἐπανιὼν
531 1863 565 1889 ὲκ
578 1862 682 1889 Πόντου
699 1862 747 1888 καὶ
760 1862 808 1889 τοῦ
824 1862 886 1897 Μη-

88 1906 163 1933 δικοῦ
178 1907 202 1923 ⁶¹
220 1907 316 1934 πόλου
338 1906 492 1943 ⁴ἡγούμενος
510 1907 623 1942 ἐπόρθει
646 1907 745 1942 νήσους
768 1906 817 1933 καὶ
835 1907 885 1941 τὴν

244 1951 288 1978 Ἐν
306 1951 457 1987 Μαραθῶνι
484 1952 513 1979 δὲ
535 1951 686 1987 Μιλτιάδης
713 1952 883 1984 ὑπαντιάζει,

90 1997 136 2023 καὶ
148 1998 216 2032 νικᾷ
229 1997 295 2028 τοὺς
312 1997 478 2033 βαρϐάρους,
495 1997 544 2025 καὶ
561 1998 656 2025 πίπτει
673 1997 721 2024 καὶ
736 1997 817 2029 αὐτὸς
828 1998 882 2024 Δᾶ-

89 2050 130 2074 τις
140 2051 148 2058 ·
173 2044 221 2070 καὶ
231 2043 294 2071 οὐδὲ
312 2044 343 2070 re
356 2044 437 2079 σῶμα
451 2044 572 2079 Πέρσαις
583 2044 778 2079 αίτησαμένοις
793 2043 883 2078 ἐδόθη.

90 2089 205 2123 Δαρεῖος
229 2088 258 2116 δὲ
282 2089 438 2117 ἐπανελθὼν
454 2090 495 2121 εις
521 2090 629 2123 Πέρσας
657 2090 705 2116 καὶ
731 2088 815 2121 θύσας
838 2090 886 2117 καὶ

90 2135 199 2170 ἡμέρας
220 2135 340 2170 νοσήσας
351 2136 373 2162 λι
392 2136 518 2172 τελευτᾷ,
541 2135 628 2171 ζήσας
655 2135 704 2171 μὲν
732 2134 781 2170 ιτη
798 2135 835 2170 οβ’
851 2135 884 2167 ιι,

91 2180 256 2215 βασιλεύσας
269 2181 299 2208 δὲ
310 2181 356 2218 ἐτη
369 2181 421 2209 λα’.
442 2181 575 2210 ’Δπέθανε
593 2181 622 2208 δὲ
639 2181 687 2209 καὶ
704 2181 884 2217 Ἀρτασύρας.

90 2227 146 2255 Καὶ
156 2230 171 2256 ό
186 2229 357 2265 Βαγατέάτης
376 2229 405 2256 δὲ
417 2229 447 2256 to
468 2229 545 2265 σῆμα
559 2229 674 2265 Δαρείου
689 2228 886 2265 παρακαθίσας

91 2273 138 2309 ιτη
154 2274 178 2307 ζ’
190 2275 365 2310 ἐτελεύτησε.

935 1679 993 1713 Qua
1017 1686 1047 1707 re
1069 1678 1171 1706 factum
1197 1683 1250 1716 est,
1277 1682 1307 1705 ut
1333 1678 1381 1712 qui
1405 1676 1503 1712 reliqui
1532 1676 1566 1703 ad
1581 1675 1720 1710 octoginta

935 1725 1019 1754 millia
1039 1725 1066 1752 in
1089 1724 1197 1759 Europa
1221 1723 1308 1752 relicti
1323 1728 1413 1756 erant,
1428 1730 1442 1749 a
1460 1721 1609 1757 Scytbarce
1624 1727 1720 1747 omnes

935 1770 1069 1800 interfecti
1087 1770 1196 1798 fuerint.
1213 1769 1309 1797 Darius
1319 1772 1423 1801 autem,
1445 1772 1529 1803 ponte
1548 1765 1720 1798 transmisso,

935 1817 1050 1844 ﬂammis
1085 1816 1346 1846 Chalcedonensium
1377 1816 1471 1843 domos
1510 1818 1592 1848 atque
1623 1811 1721 1846 templa

935 1861 1104 1891 combussit:
1126 1865 1182 1889 tum
1206 1862 1278 1898 quod
1299 1869 1347 1889 eos
1375 1861 1421 1896 qui
1441 1860 1513 1895 apud
1535 1860 1610 1895 ipsos
1624 1862 1722 1893 pontes

934 1912 1023 1940 erant,
1053 1907 1207 1935 rescindere
1236 1911 1386 1934 tentassent
1412 1915 1420 1934 :
1445 1912 1500 1934 tum
1531 1905 1604 1940 quod
1632 1911 1721 1934 aram,

935 1960 1015 1988 quam
1046 1953 1106 1988 ipse
1126 1952 1331 1985 transmittens,
1352 1951 1379 1979 in
1408 1951 1482 1979 Jovis
1502 1950 1646 1978 Diabaterii
1664 1948 1721 1984 (9i)

935 1999 1066 2026 honorem
1084 2002 1229 2030 statuerat,
1256 1998 1293 2026 illi
1321 1998 1494 2025 evertissent.
1521 1997 1597 2028 Datis
1611 2002 1675 2025 vero
1688 2002 1722 2022 ex

935 2044 1022 2072 Ponto
1038 2048 1188 2076 revertens,
1199 2048 1228 2071 ut
1244 2043 1363 2071 Pontica:
1380 2048 1493 2078 praeerat
1507 2043 1598 2075 classi,
1620 2041 1723 2070 insulas

936 2091 1036 2125 passim
1055 2089 1244 2125 Graeciamque
1261 2090 1393 2117 vastabat.
1411 2089 1478 2116 Iluia:
1498 2089 1568 2124 apud
1582 2088 1720 2116 Maratho-

936 2144 997 2165 nem
1017 2136 1075 2172 (92)
1093 2136 1229 2164 Miltiades
1244 2144 1393 2164 occurrens
1409 2136 1546 2167 Barbaros
1564 2136 1640 2168 vicit,
1663 2135 1722 2170 ipso

936 2182 1017 2210 etiam
1034 2182 1214 2211 occumbente
1239 2181 1317 2215 Date,
1343 2181 1420 2216 cujus
1433 2180 1475 2209 vel
1491 2181 1609 2210 cadaver
1625 2183 1721 2214 peten-

937 2227 1009 2254 tibus
1022 2226 1112 2254 Persis
1127 2226 1288 2261 denegatum
1309 2230 1362 2252 est.
1379 2224 1476 2252 Darius
1490 2231 1599 2260 quoque
1608 2223 1642 2249 ad
1658 2221 1722 2249 Per-

936 2281 982 2301 sas
998 2279 1133 2305 reversus,
1149 2277 1210 2307 post
1224 2272 1315 2299 oblata
1333 2271 1479 2304 sacriﬁcia,
1502 2276 1530 2299 et
1544 2271 1649 2298 dierum
1674 2270 1721 2297 tri-

93 2321 167 2354 ginta
205 2323 349 2356 morbum,
379 2323 436 2350 vita
471 2322 580 2351 functus
613 2327 674 2357 est,
706 2331 768 2351 cum
800 2330 887 2350 annos
904 2322 1018 2350 vixisset
1050 2328 1147 2353 unt,
1182 2325 1243 2356 post
1275 2327 1388 2355 regnum
1415 2319 1516 2347 aditum
1550 2319 1661 2354 triginta
1695 2323 1723 2345 ct

737 2382 857 2410 VABUE
875 2379 1083 2410 LECTIONES.

145 2441 167 2457 "
188 2441 298 2476 πρῶτον
314 2450 344 2474 ς.
381 2442 405 2458 "
421 2442 497 2477 ϐφεις
510 2450 565 2469 om.
582 2449 624 2475 pr.
641 2441 673 2469 Α.
712 2441 735 2457 ⁵³
758 2441 899 2477 Ἀριάμμη
913 2449 943 2473 ς.
982 2440 1006 2457 ⁸⁸
1019 2440 1188 2477 Μασαγέτην
1203 2450 1233 2473 ς.
1255 2441 1277 2457 ⁵⁸
1294 2441 1455 2477 Σκυθαρκης
1539 2443 1562 2458 ⁸⁸
1577 2442 1600 2468 δ’
1614 2439 1652 2477 ἦν
1665 2449 1721 2469 om.

93 2483 133 2510 pr.
145 2476 179 2504 Δ.
210 2477 237 2512 f‘
252 2477 283 2503 τὸ
305 2485 375 2512 οιιιη
389 2478 423 2504 Α.
443 2476 446 2477 ⁷
460 2477 484 2493 ⁸⁸
500 2477 649 2512 Σκυθάρῳν
664 2485 694 2508 ς.
709 2511 713 2512 ν
732 2477 755 2512 ’ξ
771 2477 956 2511 καρχηδονίων
977 2485 1008 2508 ς.

93 2511 224 2539 ποντιχοῦ
240 2521 271 2544 ς.
309 2513 331 2527 ⁸³
349 2511 387 2547 οβ’
403 2514 427 2540 Α
443 2520 450 2539 :
464 2512 497 2546 ιβ’
512 2512 566 2547 πρὸ
578 2511 628 2538 τοῦ
643 2511 803 2546 βασιλεῦσαι
822 2520 853 2543 ς.

1047 2476 1073 2493 σα
1083 2476 1177 2512 περῶν
1203 2477 1226 2502 Α
1241 2486 1249 2504 :
1272 2476 1400 2512 περσῶν]
1418 2476 1448 2510 ς.
1500 2477 1522 2494 ⁸¹
1538 2476 1661 2513 Μηδικοῦ
1675 2477 1696 2503 Α
1715 2488 1720 2504 ι

869 2567 982 2598 NOTAE.

139 2629 186 2663 87)
205 2627 360 2663 Herodotus
377 2627 424 2657 lib.
439 2635 481 2660 Ill,
492 2631 521 2654 et
533 2627 674 2661 Agatbias,
687 2626 734 2654 lib.
749 2634 780 2653 ιι.

138 2660 186 2699 88)
206 2663 280 2699 Lege
297 2662 475 2699 Persepoleos
498 2660 884 2699 arcisdescriptionernapud

94 2695 205 2727 Diodor.
231 2695 318 2726 Sicul.
346 2695 393 2724 lib.
422 2705 477 2724 xvu
505 2696 634 2729 Biblioth,
665 2697 710 2724 ubi
742 2695 882 2731 βασιλικὸν

96 2735 156 2770 apo;
184 2734 260 2770 hunc
288 2733 503 2770 locumuvocat.
540 2731 711 2770 Potentiores
734 2737 824 2758 autem
858 2731 885 2770 i_n

97 2766 232 2797 montibus
249 2768 306 2796 fere
323 2767 432 2802 sepeliri
443 2767 548 2800 solitos,
573 2767 655 2794 multa
668 2771 792 2794 veterum
817 2766 885 2793 scri-

97 2811 199 2840 piorum
209 2804 372 2840 testimonia
389 2802 497 2840 docent.

131 2840 187 2874 (89)
201 2838 352 2874 Juncyrum
366 2837 488 2874 nominat
503 2836 604 2865 Justin.
619 2836 667 2874 lib.
681 2843 731 2874 xu.

133 2871 187 2910 (90)
204 2876 242 2903 De
257 2871 322 2903 arcu
342 2873 376 2901 ab
386 2871 544 2908 Ethiopum
558 2879 621 2908 rege
631 2872 671 2901 sic
686 2873 719 2900 ad
732 2871 882 2908 Cambysen

900 2627 927 2657 D
942 2628 1036 2658 misso.
1053 2628 1111 2663 lege
1124 2627 1225 2655 Herod.
1242 2628 1290 2655 lib.
1311 2635 1353 2660 Ill,
1372 2627 1509 2663 postrinit.

971 2663 1031 2704 _(9l)
1048 2662 1173 2706 Solemne
1183 2664 1281 2704 quippe
1283 2662 1416 2725 Igentibus
1432 2662 1492 2695 luit,
1504 2662 1633 2690 transitus
1641 2668 1721 2702 causa

971 2706 993 2725 IS
1020 2699 1185 2725 sacrificare.
1215 2697 1261 2725 Sic
1308 2699 1390 2725 ucull.
1418 2699 1489 2725 aoud
1504 2697 1576 2725 Plut.
1591 2696 1721 2725 Euphrati

940 2696 993 2725 diis
1020 2696 1200 2733 Sacrificaref
1215 2696 1261 2726 Sic
1283 2696 1390 2726 Eucull.
1418 2699 1489 2733 apud
1504 2697 1576 2725 Plut.
1591 2696 1722 2731 Euphrati

940 2739 1046 2761 taurum
1065 2732 1139 2760 fecit.

972 2768 1028 2804 (92)
1045 2767 1214 2795 Marathonia
1228 2775 1316 2803 pugna
1329 2768 1408 2804 rnihil
1423 2776 1541 2803 unquam
1557 2766 1721 2804 celebratum

939 2802 1035 2839 magis,
1049 2804 1102 2831 500
1119 2804 1225 2839 ad‘eam
1239 2802 1445 2839 describendam
1470 2802 1611 2838 occupatis
1627 2802 1722 2833 (loeto:

939 2837 997 2867 ruui
1014 2839 1139 2874 ingeniis,
1156 2837 1304 2868 Plutarcho
1320 2843 1400 2868 teste.
