1934 3089
191 140 242 172 183

775 139 908 170 ΡΗΟΤΙΙ
932 140 1186 172 ΡΑΤΒΙΑΒΟΗᾹΞ
1206 140 1261 171 CP.

1769 138 1821 172 184

191 194 285 229 unum.
301 201 376 230 Obiit
392 201 457 229 ltem
472 204 625 228 extremum
645 200 705 227 vitae
718 200 789 228 diem
811 200 978 242 Artasyras;
1001 200 1117 235 Bagates
1131 200 1214 227 etiam
1246 205 1308 226 cum
1343 198 1445 234 septem
1461 197 1496 225 ad
1517 197 1594 225 Darii
1608 195 1763 233 sepulcrum
1781 205 1823 224 re-

193 248 308 276 sedisset
319 255 414 276 annos.

226 293 349 329 Regnum
362 293 463 329 excipit
472 294 576 321 Xerxes
589 293 670 326 ﬁlius,
682 295 752 329 apud
764 301 844 330 quem
854 301 981 329 magnam

1077 292 1221 319 Βασιλεύει
1243 291 1346 328 Ξέρξης
1375 291 1390 318 ὀ
1412 291 1470 323 υίὸς
1489 291 1523 324 ⁸³,
1549 291 1597 318 καὶ
1617 290 1786 326 ’Δρτάπανος
1809 290 1825 316 ὁ

193 340 299 367 obtinet
322 339 510 367 auctoritatem
528 341 694 375 Artapanus,
725 341 866 376 Artasyrte
900 341 981 372 ﬁlius,

194 392 270 419 aeque
291 389 320 412 ut
339 385 421 420 hujus
436 392 514 420 pater
531 386 600 420 apud
616 386 687 420 regis
702 391 807 421 patrem
830 387 894 414 olitn
911 387 982 414 obti—

194 436 306 459 nuerat:
322 432 440 466 itemque
459 431 614 460 Mardonius
641 432 685 460 ille
702 434 815 467 priscus.
838 432 876 460 De
898 441 984 460 eunu-

194 477 253 504 chis
277 481 367 504 autem
390 478 511 511 potentia
535 479 680 512 praestabat
708 478 838 506 Natacas.
864 478 982 506 Uxorem

194 522 292 550 deinde
305 522 379 550 ducit
392 522 449 558 (95)
464 522 568 550 Xerxes
582 524 724 558 Amistrin,
744 524 868 560 Onophaa
879 525 961 552 tiliam
975 534 983 552 :

194 575 227 595 ex
248 576 302 603 qua
322 568 359 596 illi
377 568 449 596 ﬁlius
477 570 599 597 nascitur
624 570 757 602 Dariasus,
778 575 805 598 et
832 576 893 606 post
916 571 985 598 duos

196 620 282 642 annos
306 615 385 648 alter,
412 614 561 651 Hystaspes
589 617 718 651 nomine;
739 618 859 653 itemque
879 620 983 651 tertius,

196 660 363 688 Artaxerxes
391 671 398 688 :
425 663 484 689 dum
508 670 616 696 quoque
644 663 721 697 tiliae,
749 671 865 699 quarum
899 665 984 692 altera

196 707 230 733 de
257 707 324 734 avia:
354 707 461 735 nomine
489 708 595 743 Amytis
619 708 711 742 dicta;
751 710 838 738 altera
876 710 985 738 Rhodo-

197 758 269 787 gune
284 752 351 789 (94).

233 797 338 826 Xerxes
354 799 484 829 adversus
499 801 610 830 Grtecos
629 800 830 836 expeditionem
852 804 986 837 suscepit,

199 848 256 871 tum
270 847 342 880 quod
359 845 436 881 39a
449 847 684 876 Chalcedonenses
700 848 850 876 dissolvere
864 855 985 884 pontem,

197 895 227 917 ut
244 891 325 918 modo
338 891 438 919 dictum
452 898 503 927 est,
517 894 607 921 conati
622 899 731 923 essent:
744 899 799 922 tum
809 895 881 930 quod
897 903 984 929 aram,

159 945 162 946 '
196 944 278 972 quam
303 937 400 965 Darius
418 939 562 973 excitarat,
584 940 803 974 disturbassent;
832 945 887 969 tum
903 942 985 969 etiam

196 984 269 1018 quod
301 984 380 1012 Datin
401 985 583 1014 Athenienses
603 987 777 1021 occidissent,
804 987 917 1023 ejusque
940 996 984 1017 ca-
1001 977 1023 1005 Β

197 1029 281 1057 daver
292 1031 399 1059 tradere
412 1036 595 1061 recusassent.
613 1032 712 1060 Verum
727 1039 805 1060 antea
819 1033 986 1070 Babylonem

195 1075 346 1109 proﬁcisci,
375 1081 403 1104 et
430 1077 562 1105 Belitanae
589 1077 646 1114 (95)
671 1079 825 1114 sepulcrum
851 1081 988 1115 inspicere

195 1121 300 1154 voluit;
320 1125 346 1150 et
361 1122 489 1158 inspexit,
505 1123 643 1152 Mardonio
653 1124 810 1159 adiuvante,
828 1126 874 1153 sed
891 1134 986 1154 urnam

195 1166 248 1194 olei
265 1175 319 1195 non
345 1169 433 1203 potuit
460 1169 699 1204 (quemadmodum
726 1171 858 1206 scriptum
886 1171 986 1208 fuerat)

197 1213 320 1248 implere.
345 1214 409 1242 inde
436 1215 573 1243 Ecbatana
605 1216 726 1251 profecto
752 1216 849 1244 Xerxze
876 1218 987 1246 nuntius

197 1259 310 1287 alertur
324 1260 357 1288 de
369 1260 580 1297 Babyloniorum
591 1262 756 1296 defectione,
769 1263 857 1298 deque
869 1263 986 1300 Zopyro,

196 1305 259 1333 belli
274 1309 346 1341 apud
362 1306 422 1335 illos
434 1307 512 1341 duce,
529 1308 563 1335 ab
578 1308 679 1336 eisdem
696 1314 801 1337 necato.
813 1310 902 1345 Atque
915 1310 987 1338 hunc

197 1351 306 1386 quidem
326 1352 353 1380 in
372 1354 482 1381 modum
508 1355 540 1382 de
562 1355 605 1383 his
628 1355 747 1390 loquitur
773 1356 888 1388 Ctesias,
907 1357 988 1384 aliter

196 1403 280 1434 atque
300 1398 464 1428 Herodotus.
486 1401 552 1434 Quae
568 1408 632 1429 vero
652 1402 685 1430 de
707 1402 814 1437 Zopyro
834 1403 880 1430 ille
904 1402 988 1430 refert

197 1444 261 1478 (hoc
287 1452 340 1472 uno
369 1451 483 1481 excepto
506 1447 577 1481 quod
612 1447 682 1476 mula
711 1448 796 1483 ipsius
828 1448 985 1484 pepererit),

197 1495 295 1518 caetera
329 1491 424 1519 saltem
450 1497 542 1521 noster
557 1493 601 1522 hic
630 1499 726 1522 auctor
750 1494 873 1523 confecta
896 1501 988 1522 narrat.

198 1543 246 1569 per
272 1535 447 1573 Megabyzum
474 1539 519 1572 qui
551 1538 649 1566 Xerxa:
679 1547 773 1575 gener,
814 1541 895 1567 ducta
930 1541 988 1574 ejus

198 1580 253 1608 ﬁlia
280 1582 389 1618 Amyli,
415 1582 470 1617 jam
489 1584 576 1611 factus
609 1589 678 1612 erat.
711 1584 750 1612 lta
785 1585 904 1621 Babylon
940 1593 988 1621 per

199 1626 372 1676 Megabyzum
389 1635 478 1676 capta,
499 1629 543 1657 cui
571 1629 687 1662 Xerxes,
704 1636 802 1665 praeter
824 1631 875 1658 alia
893 1631 985 1665 multa,
1001 1647 1023 1676 α

198 1673 297 1701 molam
332 1675 443 1702 donavit
487 1683 596 1703 auream
636 1683 684 1704 sex
726 1677 888 1705 talentorum
921 1686 988 1712 pon-

198 1720 251 1747 do:
273 1721 346 1755 quod
357 1728 456 1749 munus
469 1721 539 1757 apud
551 1721 649 1750 Persas
666 1722 788 1749 omnium
806 1723 922 1750 habt-tur
943 1731 987 1750 re-

199 1766 304 1802 giorum
322 1775 464 1795 munerum
490 1768 754 1802 praestantissimum.
778 1768 881 1796 Xerxes
898 1770 989 1804 itaque

199 1812 309 1841 Persico
343 1814 464 1841 exercitu
499 1818 594 1841 coacto
627 1813 788 1850 (constabat
815 1814 860 1848 is,
889 1821 989 1849 praeter

198 1868 307 1893 currus,
329 1860 449 1888 millibus
475 1860 613 1888 hominum
651 1859 826 1897 octingentis,
850 1866 876 1888 ct
907 1862 987 1889 trire-

198 1905 287 1933 mibus
301 1906 395 1940 mille),
413 1913 474 1933 cum
485 1907 607 1942 Abydum
624 1912 705 1941 ponte
716 1906 863 1941 junxisset,
877 1907 903 1934 in
914 1907 988 1935 Grae-

197 1951 267 1978 ciam
284 1952 377 1987 copias
387 1953 475 1979 duxit.
492 1951 532 1979 lbi
551 1952 667 1987 primum
685 1952 847 1981 Demaratus
858 1953 986 1981 Lacedre.

200 1998 306 2026 monius
332 1997 365 2025 ad
388 2005 450 2028 eum
467 1998 594 2030 accessit,
611 2003 692 2033 atque
710 2006 763 2026 una
783 1999 898 2033 trajecit,
913 2005 940 2026 et
955 2007 988 2027 ne

197 2042 393 2071 Lacedaemona
424 2051 469 2071 rex
496 2044 647 2076 invaderet,
675 2044 826 2080 impedivit.
847 2044 912 2072 Inde
940 2052 987 2080 per

197 2090 378 2124 Artapanum,
393 2089 485 2117 decetn
503 2090 641 2116 hominum
655 2090 740 2116 millia
754 2090 908 2122 ducentem,
922 2098 987 2117 con-

198 2135 266 2161 llixit
280 2134 385 2162 Xerxes
400 2135 432 2161 ad
456 2133 652 2170 Thermopylas
667 2143 727 2161 cum
753 2135 871 2163 Leonida
900 2135 987 2164 Lace-

198 2181 392 2209 dmmoniorum
406 2181 490 2214 duce;
509 2188 563 2216 quo
575 2181 601 2207 in
615 2181 707 2214 praelio
719 2189 796 2208 caesa:
814 2182 913 2209 misere
923 2188 988 2209 sunt

198 2227 343 2254 Persarum
362 2226 456 2261 copim,
476 2234 492 2254 e
514 2226 727 2254 Lacedaemoniis
747 2228 790 2254 vix
817 2228 922 2256 dnohus
939 2234 987 2256 aut

199 2273 285 2300 tribus
307 2272 478 2300 desideratis.
498 2271 601 2308 Viginti
619 2280 712 2307 postea
741 2274 824 2300 millia
849 2274 874 2301 in
901 2274 986 2302 aciem

1041 339 1196 376 ’Δρτασύρα
1220 340 1286 370 παῖς
1303 337 1409 372 γίνεται
1433 336 1545 369 δυνατὸς
1568 337 1634 373 παρ’
1652 336 1726 372 αὐτῷ
1751 337 1791 368 ὡς
1810 336 1827 363 6

1035 385 1127 420 πατὴρ
1155 385 1231 419 παρὰ
1246 384 1286 418 τῷ
1310 384 1405 419 πατρὶ,
1422 384 1470 411 καὶ
1491 383 1642 419 Μαρδόνιος
1657 382 1671 409 ὁ
1690 382 1824 414 παλαιὸςο

1034 432 1169 467 εὐνούχων
1182 431 1205 447 ⁸³
1226 431 1255 458 δὲ
1272 431 1403 466 μέγιστον
1416 430 1532 466 ἠδύνατο
1545 429 1677 461 Νατάκας
1692 429 1726 456 ⁸³.
1738 429 1826 463 Γαμεῖ

1033 479 1063 506 δὲ
1079 478 1182 514 Ξέρξης
1200 478 1299 512 Ὀνόφα
1312 478 1335 494 ⁸⁸
1349 474 1489 512 θυγατέρα
1507 476 1656 512 ’Λμῆστριν
1671 477 1704 509 ⁸⁷,
1721 477 1769 503 καὶ
1782 476 1826 510 γί-

1036 533 1111 551 νεται
1124 524 1199 559 αὑτῷ
1214 523 1279 556 παῖς
1303 524 1447 559 Δαρειαῑος
1460 523 1494 556 ⁸⁸,
1510 523 1559 549 καὶ
1579 522 1675 557 ἕτερος
1696 522 1767 557 μετὰ
1779 522 1827 549 δύο

1036 570 1084 607 ιτη
1106 570 1275 606 Ὑστάσπης,
1288 570 1335 597 καὶ
1357 568 1585 605 ἕτι¹Ᾱρτοξέρξης
1596 568 1630 602 ⁸⁸,
1645 569 1693 596 καὶ
1709 568 1826 603 θυγατέ-

1037 626 1086 652 ρες
1098 617 1155 650 δύο,
1170 613 1208 644 ὧν
1223 618 1239 652 ἡ
1257 616 1307 652 μὲν
1327 616 1438 651 Ἀμύτις
1456 614 1528 643 idid
1547 615 1598 652 τὴν
1614 616 1761 652 ὀνομασίαν
1775 616 1827 652 τῆς

1037 665 1168 700 μάμμης,
1182 664 1199 700 ἡ
1212 662 1241 690 δὲ
1257 662 1429 698 Ῥοδογούνη.

1078 799 1148 827 ὀδὲ
1167 799 1200 834 δὴ
1224 798 1328 834 Ξέρξης
1357 796 1501 833 στρατεύει
1525 796 1573 824 ἐπὶ
1599 796 1664 828 τοὺς
1678 795 1827 832 Ἓλληνας,

1035 846 1077 873 ὅτι
1099 854 1130 872 τε
1158 844 1337 880 Καλχηδόνιοι
1350 843 1374 860 ⁷⁰
1388 843 1468 870 λῦσαι
1486 842 1536 879 τὴν
1557 842 1692 878 γέφυραν,
1715 842 1754 874 ὡς
1774 842 1827 878 ήδη

1036 892 1155 927 εῐρηται,
1171 891 1368 926 ἐπειράθησαν,
1381 889 1430 917 καὶ
1453 890 1494 916 ὅτι
1505 889 1552 916 τὸν
1572 888 1664 924 βωμὸν
1682 888 1713 915 ὃν
1727 888 1829 923 Eme:

1037 939 1150 975 Δαρεῖος
1167 937 1303 969 καθεῖλον,
1326 936 1375 963 καὶ
1396 935 1438 962 ὅτι
1459 935 1540 962 Δᾶτιν
1562 934 1698 970 Ἀθηναῖοι
1722 934 1829 961 ἀνεῖλον

1037 985 1084 1011 καὶ
1096 984 1157 1011 οὐδὲ
1174 983 1221 1010 τὸν
1236 983 1331 1019 νεκρδν
1346 981 1452 1009 ἔδοσαν.
1474 981 1611 1017 Πρότερον
1626 980 1655 1007 δὲ
1681 980 1720 1012 είς
1735 980 1829 1007 Βαϐυ-

1036 1032 1110 1059 λῶνα
1124 1031 1248 1067 ἀφίκετο,
1263 1030 1311 1058 καὶ
1325 1030 1389 1057 ῐδεῖν
1402 1028 1560 1065 ἐπεθύμησε
1571 1028 1617 1055 τδν
1632 1027 1765 1054 Βελιτανᾶ
1777 1026 1830 1053 τά-

1037 1087 1098 1114 φον,
1111 1079 1160 1105 καὶ
1172 1076 1225 1105 εῐδε
1236 1077 1280 1104 διὰ
1291 1075 1453 1112 Μαρδονίου,
1465 1075 1513 1102 καὶ
1527 1075 1576 1109 τὴν
1588 1073 1686 1100 πύελον
1703 1072 1793 1100 ἐλαίου
1804 1073 1829 1089 ⁷³

1036 1126 1087 1153 οὐκ
1102 1127 1223 1160 ῐσχυσεν,
1239 1123 1334 1158 ὥσπερ
1346 1123 1394 1149 καὶ
1408 1122 1574 1157 ἐγέγραπτο,
1597 1120 1752 1155 πληρῶσαι.
1770 1119 1830 1151 Ἐξ-

1037 1171 1145 1198 ελαύνει
1160 1169 1264 1205 Ξέρξης
1279 1169 1320 1201 είς
1337 1168 1501 1201 Ἐκϐάτανα,
1517 1167 1564 1193 καὶ
1579 1166 1741 1200 ἀγγέλλεται
1753 1165 1830 1199 αὐτῷ

1038 1216 1188 1247 ἀπόστασις
1206 1213 1384 1241 Βαϐυλωνίων
1397 1213 1445 1240 καὶ
1460 1212 1593 1248 Ζωπύρου
1608 1212 1655 1239 τοῦ
1672 1210 1830 1246 στρατηγοῦ

1036 1262 1126 1290 αὐτῶν
1143 1261 1196 1288 ὑπὸ
1213 1261 1288 1296 σφῶν
1314 1260 1463 1295 ἀναίρεσις.
1479 1258 1558 1285 Οὕτω
1573 1258 1620 1285 καὶ
1645 1258 1710 1293 περὶ
1724 1256 1832 1284 τούτων

1038 1308 1105 1344 φησὶ
1133 1306 1265 1341 Κτησίας.
1284 1306 1332 1333 καὶ
1346 1306 1396 1341 οὐχ
1425 1305 1463 1336 ὡς
1483 1304 1644 1340 Ἡρόδοτος·
1669 1302 1687 1330 ἃ
1710 1302 1738 1329 δὲ
1763 1302 1831 1337 περὶ

1038 1355 1168 1390 Ζωπύρου
1183 1353 1286 1384 ἰκεῖνος
1305 1352 1389 1386 λέγει,
1410 1351 1480 1387 πλὴν
1495 1351 1535 1377 ὅτι
1554 1350 1666 1385 ἡμίονος
1681 1348 1755 1384 αὐτῷ
1765 1348 1831 1374 ἐτε-

1038 1409 1096 1433 κεν,
1111 1401 1171 1427 ἐπεὶ
1186 1400 1221 1426 τά
1230 1408 1263 1434 γε
1278 1397 1346 1427 ἄλλα
1355 1397 1517 1432 Μεγάϐυζον
1532 1393 1610 1428 οὗτος
1623 1396 1697 1430 λέγει
1710 1395 1832 1430 διαπρά-

1039 1447 1147 1480 ξασθαι,
1164 1445 1194 1478 ὃς
1216 1443 1250 1481 ἦν
1264 1444 1391 1480 γαμϐρὸς
1409 1444 1456 1470 ἐπὶ
1474 1445 1508 1479 τῇ
1529 1442 1646 1478 θυγατρὶ
1669 1441 1766 1476 Ἀμύτι
1779 1440 1831 1468 τοῦ

1038 1492 1149 1528 Ξέρξου.
1168 1491 1245 1519 Οὕτω
1255 1492 1304 1527 μὲν
1319 1491 1377 1526 ἥλω
1392 1490 1435 1517 διὰ
1447 1490 1494 1517 τοῦ
1507 1488 1671 1523 Μεγαϐύζου
1687 1487 1829 1514 Βαϐυλών.

1037 1540 1134 1566 Δίδωσι
1147 1539 1176 1565 δὲ
1191 1539 1213 1554 ⁷³
1230 1537 1304 1573 αὐτῷ
1319 1537 1425 1574 Ξέρξης
1440 1535 1507 1564 ἄλλα
1522 1545 1552 1563 τε
1568 1535 1655 1563 πολλὰ
1676 1534 1724 1561 καὶ
1741 1534 1832 1569 μύλην

1038 1586 1142 1622 χρυσῆν
1160 1585 1190 1619 ἓξ
1200 1585 1333 1611 ἕλκουσαν
1346 1584 1465 1612 τάλαντα
1477 1592 1485 1599 ⁸
1501 1583 1516 1610 ὃ
1528 1581 1691 1617 τιμιώτατον
1707 1581 1762 1608 τῶν
1778 1580 1831 1616 βαρ

1040 1633 1149 1659 σιλικῶν
1172 1631 1265 1667 δώρων
1282 1631 1358 1666 παρὰ
1379 1631 1498 1664 Πέρσαις
1514 1629 1582 1656 ὲστί.
1606 1628 1708 1664 Ξέρξης
1722 1627 1750 1654 δὲ
1767 1636 1834 1654 συν-

1039 1678 1153 1713 αγείρας
1166 1677 1296 1713 στρατιὰν
1313 1677 1336 1693 ⁷³
1350 1675 1503 1712 Περσικὴν,
1529 1675 1592 1702 ἄνευ
1613 1674 1669 1702 τῶν
1696 1674 1832 1708 ἁρμάτων

1038 1723 1205 1759 ὁγδοήκοντα
1223 1724 1369 1760 μυριάδας,
1387 1723 1436 1749 καὶ
1456 1721 1580 1758 τριήρεις
1596 1721 1695 1756 χιλίας,
1711 1721 1832 1756 ἤλαυνεν

1039 1770 1086 1797 ἐπὶ
1107 1769 1156 1805 τὴν
1176 1769 1298 1802 Ἐλλάδα,
1317 1769 1432 1803 ζευγνὺς
1453 1768 1503 1803 τὴν
1520 1768 1644 1795 Ἀϐυδον.
1665 1768 1832 1802 Δημάρατος

1038 1816 1066 1843 δὲ
1080 1816 1103 1832 ⁷⁸
1119 1817 1133 1843 ὁ
1148 1815 1363 1851 Λακεδαιμόνιος
1388 1814 1554 1850 παρεγένετο
1570 1814 1620 1849 ἤδη
1644 1813 1763 1848 πρῶτον,
1780 1813 1833 1839 καὶ

1039 1863 1121 1898 συνῆν
1143 1861 1216 1897 αὐτῷ
1241 1862 1270 1888 ὲν
1291 1861 1325 1897 τῇ
1347 1861 1481 1893 διαϐάσει,
1499 1860 1562 1896 [H7
1582 1859 1628 1895 1L]
1647 1859 1696 1886 καὶ
1711 1859 1831 1894 ἀπεῖργε

1037 1908 1088 1943 τῆς
1102 1908 1140 1938 είς
1161 1907 1352 1942 Λακεδαίμονα
1373 1906 1479 1940 ἐφόδου.
1494 1904 1598 1940 Ξέρξης
1617 1904 1646 1931 δὲ
1662 1903 1831 1939 προσϐάλλει

1038 1954 1067 1980 ὲν
1089 1953 1280 1989 Θερμοπύλαις
1302 1953 1422 1987 Λεωνίδα
1441 1952 1480 1988 τῷ
1500 1950 1646 1987 στρατηγῷ
1668 1951 1722 1977 τῶν
1739 1951 1832 1977 Λακε-

1037 2000 1183 2036 δαιμονίων
1211 1999 1245 2026 δι’
1264 1999 1447 2034 Ἀρταπάνου,
1477 1999 1584 2034 ἔχοντος
1614 1998 1746 2033 μυρίους’
1780 1998 1832 2023 καὶ

1037 2046 1176 2081 κατεκόπη
1192 2045 1222 2072 τὸ
1235 2045 1370 2080 Περσικὸν
1395 2045 1509 2079 πλῆθος,
1529 2045 1584 2071 τῶν
1608 2043 1830 2078 Λακεδαιμονίων

1037 2092 1083 2118 δύο
1096 2092 1112 2128 ἢ
1130 2092 1215 2127 τριῶν
1231 2091 1440 2127 ἀναιρεθέντων.
1454 2090 1521 2118 Εἶτα
1540 2091 1705 2126 προσϐαλεῖν
1720 2090 1830 2117 κελεύει

1040 2137 1108 2173 μετὰ
1125 2138 1286 2172 δισμυρίων,
1309 2138 1356 2164 καὶ
1370 2134 1440 2172 ἧττα
1463 2137 1567 2172 γίνεται
1594 2137 1740 2164 κάκείνων.
1762 2134 1831 2162 Εἶτα

1040 2183 1235 2218 μαστιγοῦνται
1247 2183 1293 2209 ἐπὶ
1308 2182 1347 2218 τῷ
1361 2183 1383 2198 ⁷⁵
1397 2182 1538 2217 πολεμεῖν,
1554 2183 1600 2208 καὶ
1615 2181 1830 2216 μαστιγούμενοι

1038 2229 1078 2255 ἔτι
1097 2228 1141 2264 [58
1161 2228 1206 2264 ΙΙ.]
1232 2229 1362 2263 ἡττῶντο.
1383 2229 1422 2263 Τῇ
1443 2228 1471 2256 δὲ
1497 2228 1627 2264 ὑστεραῖᾳ
1651 2227 1755 2254 κελεύει
1774 2228 1830 2262 μά-

1037 2275 1132 2310 χεσοαι
1148 2274 1215 2309 μετὰ
1230 2274 1470 2310 πεντακισμυρίων
1481 2283 1488 2290 ·
1504 2274 1551 2300 καὶ
1571 2275 1632 2300 ἐπεὶ
1644 2273 1720 2300 οὐδὲν
1734 2273 1830 2310 ἤνυεν,

196 2319 275 2345 educi
292 2318 378 2352 jubet,
406 2319 496 2353 quiet
524 2318 574 2353 ipsi
601 2324 774 2352 superantur.
799 2319 866 2346 Cum
894 2324 983 2347 autent

1038 2320 1114 2347 ἔλυσε
1130 2320 1189 2347 τότε
1214 2320 1260 2346 τὸν
1284 2320 1411 2355 πόλεμον.
1428 2319 1526 2355 Θώραξ
1545 2320 1573 2346 δὲ
1594 2321 1609 2346 ὁ
1630 2319 1766 2350 Θεσσαλὸς
1780 2321 1832 2345 καὶ

201 2363 356 2391 verberibus
390 2364 416 2390 in
443 2372 560 2398 pugnam
584 2365 682 2397 adacti,
712 2365 776 2392 victi
808 2365 985 2392 nihilominus

196 2410 279 2437 etiam
304 2414 368 2438 tunc
384 2409 510 2442 fuissent,
529 2410 723 2446 quinquaginta
753 2411 882 2445 postridie
900 2411 984 2438 millia

197 2455 276 2483 educi
289 2456 427 2491 praecepit.
444 2456 480 2483 At
492 2464 554 2483 cmn
574 2464 608 2483 ne
632 2457 658 2483 hi
677 2457 785 2491 quidem
805 2457 906 2491 aliquid
920 2457 987 2485 eil'e-

197 2501 310 2534 cissent,
333 2509 454 2537 pugnare
480 2502 549 2529 ultra
564 2502 677 2530 destitit.
700 2502 847 2530 Thessalus
870 2508 897 2530 et
916 2502 985 2531 Tra-

1037 2367 1191 2403 Τραχινίων
1208 2367 1234 2393 οἱ
1259 2366 1378 2399 δυνατοὶ,
1394 2366 1549 2402 Καλλιάδης
1573 2368 1621 2394 καὶ
1645 2366 1667 2392 Τ
1671 2365 1829 2401 ιμαφέρνης

1039 2413 1165 2448 παρῆσαν
1181 2412 1310 2448 στρατιὰν
1325 2412 1443 2447 ἔχοντες,
1460 2412 1586 2444 Καλέσας
1599 2412 1628 2438 δὲ
1642 2411 1746 2447 Ξέρξης
1765 2411 1830 2437 τού-

1039 2466 1100 2489 τους
1113 2466 1144 2484 τε
1159 2457 1206 2485 καὶ
1217 2455 1263 2484 τὸν
1276 2457 1439 2493 Δημάρατον
1454 2458 1556 2484 καὶτὸν
1575 2457 1671 2491 Ἡγίαν
1682 2457 1726 2483 τὸν
1747 2456 1829 2490 Ἐφέ·

1040 2512 1107 2537 σιον,
1121 2503 1223 2538 ἔμαθεν
1235 2503 1271 2535 ὡς
1287 2504 1337 2530 οὐκ
1357 2503 1390 2530 ἂν
1403 2504 1545 2538 ὴττηῡεῖεν
1564 2502 1784 2537 Λακεδαιμόνιοι,
1803 2504 1829 2529 εἰ

841 2571 957 2599 νΑιιιΑε
978 2572 1183 2603 LECTIONES.

235 2620 257 2635 ⁵³
271 2619 329 2650 uio;
341 2618 424 2645 αὐτοῦ
442 2620 490 2646 καὶ
508 2628 538 2651 ς.
575 2619 599 2634 ⁸⁵
615 2618 789 2653 ἡμιαρῤένων
803 2627 832 2650 ς.

199 2655 220 2670 ι·
242 2653 423 2690 Ἀρταξέρξης
440 2663 471 2686 ς.
507 2654 531 2670 ⁷⁸
547 2653 718 2690 καρχηδόνιοι
737 2661 766 2685 ς.

197 2689 259 2716 add.
273 2690 307 2716 Α.
345 2690 368 2706 ⁷⁵
386 2690 418 2716 τὺ
435 2699 466 2722 ς.

872 2619 894 2634 ⁸⁵
910 2620 1041 2651 Ναθάχας
1059 2630 1088 2652 ς.
1126 2621 1149 2636 ⁸⁸
1162 2620 1247 2654 ὀνοφᾶ
1267 2620 1300 2647 Α.
1338 2620 1361 2635 ⁸⁷
1379 2619 1526 2654 Ἀμιστριν
1548 2628 1579 2651 ς.

804 2653 824 2668 “
842 2653 934 2686 ἐλαίας
949 2656 983 2684 Α,
1007 2656 1029 2671 ⁷³
1047 2656 1075 2682 δὲ
1095 2663 1150 2682 (int.
1179 2655 1211 2682 A.

1617 2619 1639 2634 ⁸⁸
1654 2618 1775 2653 δαριαῖος
1791 2618 1823 2653 Af

1249 2655 1273 2672 ¹¹³
1288 2652 1422 2690 στρατιὰν
1437 2652 1490 2688 mg.
1505 2663 1514 2682 :
1531 2655 1675 2689 στρατείαν
1687 2652 1718 2685 ς.
1758 2652 1781 2669 ’⁷⁵
1796 2652 1826 2679 δὲ

967 2747 1084 2776 NOTAE.

234 2791 291 2827 (93)
307 2791 426 2820 Xerxem
443 2797 470 2818 et
484 2791 613 2819 Amistrin
644 2790 765 2827 Scaliger
782 2793 932 2820 Assuerum
956 2799 984 2821 ct

198 2826 343 2890 Fsth‘erem
366 2828 571 2862 interpretatur,
590 2827 662 2862 quod
689 2826 749 2855 Nic.
772 2828 898 2856 Serarius
918 2836 985 2856 cou-

211 2869 256 2890 uta
272 2884 280 2890 .

1077 2793 1133 2829 (94)
1159 2793 1341 2829 Rhodogunes
1364 2793 1506 2828 cujusdam
1535 2793 1653 2820 Persicae
1678 2793 1823 2827 imaginem

1039 2829 1124 2856 habes
1140 2830 1210 2863 apud
1224 2828 1430 2860 Philostratutn,
1448 2828 1495 2855 lib.
1509 2837 1539 2861 ir,
1551 2829 1622 2856 icon.
1637 2829 1664 2854 5.

1074 2863 1130 2899 (95)
1143 2861 1285 2899 [Legendus
1299 2863 1402 2892 Elian.
1417 2865 1464 2893 lib.
1484 2872 1534 2892 xm
1549 2864 1702 2897 Ποικίλης,
1718 2870 1778 2898 cap.
1794 2861 1820 2890 5.
