1934 3089
217 147 268 180 18Ἶ

802 145 935 177 ΡΗΟἸῚΙ
953 146 1207 176 ΡΑΤΒῙΑΒΟΗᾸΞ
1225 147 1281 178 CP.

1786 151 1838 186 188

215 210 293 241 dent,
310 207 445 235 abarian
464 205 550 233 altero
571 205 626 232 lilio
647 209 749 240 patrem
775 213 838 233 esse
863 210 998 232 necatum.

1053 206 1108 232 Καὶ
1132 205 1312 240 παραγίνεται
1328 206 1500 242 Δαρειαῐοςκ
1515 207 1647 244 ἀγόμενος
1669 209 1722 238 ὑπὸ
1740 211 1838 248 Ἀρτα-

217 254 368 282 Adducitur
381 259 446 288 ergo
460 252 495 279 ab
517 252 656 286 Artapano
672 253 698 278 in
716 251 876 278 Artaxerxa
890 251 1001 278 dotnum

219 300 349 331 Dariaus,
367 297 454 325 multo
469 304 530 324 cum
547 296 665 324 clamore
686 296 833 324 identidem
849 304 1002 331 pernegaris

218 353 248 373 se
265 344 426 380 parricidam
442 350 513 375 esse,
530 343 554 370 is
572 348 661 370 tamen
677 343 766 378 capite
777 342 872 378 plexus
887 342 1001 370 moritur

218 391 404 418 nihilominus.

254 436 419 463 Artaxerxes
432 434 488 471 (96)
508 434 604 462 deinde
613 433 744 468 Artapani
758 441 839 468 opera
855 440 938 466 regno
951 439 1002 467 po-

218 483 293 510 titur.
309 482 436 508 Attamen
447 481 529 507 etiam
542 480 621 515 hujus
635 479 697 507 vitae
712 479 866 513 Artapanus
877 479 947 506 idem
962 478 1003 505 in-

216 526 301 554 sidias
319 525 416 558 tendit,
433 529 460 552 et
478 525 678 552 communicato
698 531 761 552 cum
776 524 920 559 Megabyso
935 531 1002 551 con-

216 573 280 599 silio
293 572 352 608 (qui
362 573 418 606 jam
434 572 469 599 ob
483 576 635 607 suspectam
650 571 775 599 adulterii
794 578 905 598 uxorem
924 578 1002 598 suam

216 618 335 652 Amytin.
363 617 510 652 magnoin
537 623 656 644 maerore
685 615 866 650 versabatur),
896 615 1001 649 jureju-

217 664 301 690 ramlo
318 663 369 690 sibi
386 667 478 690 mutuo
497 667 606 690 cavent.
619 662 720 690 Verum
739 669 768 689 re
790 665 844 689 tota
864 661 1001 697 Megabyzi

217 708 317 735 indicio
333 708 447 743 prodita,
459 708 554 735 eodem
569 708 664 735 mortis
676 715 776 742 genere
789 707 859 742 quod
870 707 1001 735 Artaxer-

219 760 266 780 xes
285 753 418 780 tollendus
440 752 539 785 fuerat,
567 752 722 787 Artapanus
750 752 807 786 ipse
827 751 941 784 tollitur,
957 756 1002 779 at-

217 806 270 834 que
284 799 352 826 adeo
368 805 536 833 quacunque
551 798 578 825 in
598 797 715 824 Xerxem
737 805 769 824 ac
791 797 922 824 Dariaaum
938 804 1000 831 per-

216 849 320 879 petrata
341 844 459 877 fuerant,
485 845 614 880 patefiunt
639 846 739 872 omnia.
763 844 854 877 Quare
875 844 1001 878 Aspami-

217 897 272 918 tres
287 891 343 926 (97)
359 899 477 926 quoque,
501 892 546 926 qui
572 891 670 918 Xerxis
692 896 774 926 atque
796 890 891 918 Dariaai
919 879 1037 917 caedisB

215 938 340 965 conscius
351 937 448 970 fueral,
458 938 556 965 acerbo
573 939 598 965 in
612 938 706 972 primis
717 944 748 963 ac
758 935 895 972 duro’(98)
905 936 1000 964 mortis

215 990 324 1017 genere,
346 983 475 1010 adhibitis
486 991 534 1017 per
549 983 678 1018 scapham
699 983 855 1013 tormentis,
871 981 998 1009 afﬁcitur.

214 1028 278 1055 Post
298 1028 429 1062 Artapani
445 1032 560 1056 mortem
586 1036 674 1064 pugna
687 1028 808 1056 exoritur
824 1028 895 1055 inter
905 1027 1001 1063 conju-

214 1073 327 1100 rationls
344 1073 417 1101 illius
440 1075 530 1101 socios
554 1074 728 1109 reliquosque
754 1073 875 1100 Persas:
902 1080 955 1108 qua
971 1072 999 1100 in

213 1125 300 1153 pugna
316 1119 446 1153 Artapani
468 1119 515 1145 filii
529 1119 643 1151 cadunt,
660 1118 806 1154 Megabyzo
819 1125 926 1152 quoque
938 1125 1000 1152 gra-

212 1164 282 1191 viter
297 1165 398 1192 saucio.
420 1164 505 1198 Quem
519 1164 599 1200 hujus
613 1172 706 1192 casum
724 1164 900 1195 Artaxerxes.
917 1163 998 1191 item-

211 1217 264 1244 que
277 1210 382 1246 Amytis
396 1215 423 1238 et
435 1209 614 1243 Rhodogune,
639 1209 813 1244 ipsarumque
828 1212 915 1235 mater
925 1207 1000 1234 Ami-

211 1258 278 1284 stris
302 1256 478 1283 vehementer
505 1255 644 1282 luxerunt.
675 1254 796 1281 Tandem
821 1258 922 1286 tamen,
948 1253 998 1280 etsi

212 1310 283 1337 aegre
311 1302 475 1332 admodum,
526 1301 625 1334 insigni
655 1295 796 1335 diligentia
830 1298 998 1334 Apollonida:

210 1348 258 1375 Coi
276 1347 373 1374 medici
388 1351 510 1373 servatus
524 1351 575 1374 est.

247 1392 408 1420 Desciscunt
422 1393 456 1419 ab
482 1392 635 1419 Artaxerxe
660 1392 768 1425 Bactra,
795 1399 849 1419 una
873 1400 934 1420 cum
955 1399 1000 1420 aa-

212 1444 287 1473 trapa
310 1438 448 1473 Artapano
472 1438 559 1465 altero
577 1442 605 1465 et
622 1442 757 1472 pugnatur
777 1445 856 1472 asquo
872 1439 1001 1473 utrluque

210 1484 307 1512 Marte.
322 1483 377 1511 Sed
393 1492 453 1512 cum
467 1484 625 1518 jamfaltero
640 1484 708 1511 inito
724 1483 817 1518 praelia
835 1484 861 1511 in
875 1484 1000 1512 Bactrio-

210 1537 270 1557 rum
296 1529 393 1557 faciem
415 1533 512 1558 ventus
529 1529 658 1564 spiraret,
684 1530 810 1565 superior
831 1530 998 1558 Artaxerxes

209 1575 337 1608 edicitur,
361 1580 442 1611 atque
464 1578 490 1603 ln
515 1575 575 1610 ejus
595 1575 726 1603 ditionem
742 1576 851 1603 Baetria
874 1576 999 1604 concedit

210 1623 348 1650 «universa.

244 1668 347 1697 Defecit
361 1668 541 1704 euEgyptus,
552 1668 631 1696 lnaro
644 1668 739 1704 Lydia.
755 1668 898 1702 alteroque
914 1667 999 1703 Egy-

210 1716 267 1750 ptio
282 1715 398 1750 quodam
411 1715 573 1742 defectionis
594 1715 763 1748 auctoribus,
779 1718 806 1741 et
822 1715 914 1742 omnia
929 1715 999 1742 bello

209 1761 328 1796 gerendo
354 1760 506 1788 necessaria
537 1764 741 1794 comparantur.
769 1759 839 1793 Quiu
863 1763 891 1786 et
915 1759 999 1786 Athe-

211 1807 319 1834 uienses
344 1806 424 1834 lnaro
447 1807 548 1840 petenti
570 1806 751 1841 quadraginta
782 1806 865 1833 naves
885 1805 999 1832 submit-

210 1858 280 1880 tunt.
294 1852 476 1886 Quamobrem
498 1853 664 1881 Artaxerxes
686 1852 743 1887 ipse
759 1853 785 1879 in
801 1853 871 1879 hanc
887 1851 997 1887 expedi-

209 1899 309 1926 tionem
327 1899 461 1934 proﬁcisci
475 1900 623 1934 cogitabat.
642 1898 741 1926 Verqu
759 1899 785 1926 id
797 1900 821 1926 ei
833 1899 928 1926 amicis
942 1898 999 1926 dis-

207 1946 396 1979 suadentibus,
420 1945 637 1973 Acliaamenidem
657 1945 768 1973 fratrem
792 1953 854 1972 cum
878 1944 997 1979 peditum

209 1992 328 2019 millibus
340 1992 558 2028 quadringentis.
595 1996 623 2020 et
661 1992 774 2019 navibus
800 1991 938 2026 octoginta
971 1991 998 2018 in

208 2038 354 2074 Egyptum
374 2039 467 2066 mittit.
494 2038 621 2074 Conﬂigit
643 2038 738 2066 lnarus
767 2046 828 2066 cum
858 2038 999 2065 Achaeme-

209 2085 290 2118 niilex;
314 2089 443 2118 superant
472 2084 617 2120 Egyptii;
643 2084 849 2112 Achaemenides
875 2083 934 2118 ipse
964 2083 998 2110 ab

209 2129 288 2156 luaro
303 2137 448 2164 percussus
463 2130 592 2162 moritur,
610 2136 763 2164 corpusque
777 2128 811 2155 ad
826 2129 997 2155 Artaxerxen

209 2176 335 2203 mittitur.
362 2175 391 2202 ln
414 2176 483 2202 mari
505 2182 613 2210 quoque
636 2175 780 2202 victoriam
809 2173 904 2201 lnarus
925 2173 998 2201 obti-

1052 250 1137 278 πάνου
1156 253 1197 282 είς
1212 252 1262 285 τὴν
1272 252 1363 278 οίκίαν
1384 252 1559 288 Ἀρτοξέρξου
1568 255 1601 286 ",
1620 255 1707 283 πολλὰ
1729 256 1774 293 [59
1791 257 1837 294 Η.]

1052 297 1122 332 βοῶν
1146 297 1193 324 καὶ
1221 296 1426 333 άπαρνοὺμενος
1436 299 1460 315 ’⁸
1470 298 1509 331 ὠς
1533 299 1584 326 οὐκ
1600 300 1644 336 εἴη
1680 303 1777 337 φονεὺς
1790 304 1838 331 τοῦ

1051 344 1166 379 πατρὸς,
1180 343 1228 370 καὶ
1240 343 1417 380 ἀποθνήσκει.

1087 431 1142 458 Καὶ
1171 431 1307 466 βασιλεύει
1330 432 1508 468 Ἀρτοξέρξης
1531 434 1632 470 σπουδῇ
1655 435 1837 471 ’Δρταπάνου.

1051 476 1108 504 Καὶ
1127 477 1329 505 ἐπιϐουλεύεται
1358 479 1441 506 πάλιν
1453 479 1607 512 ὑπἀὐτοῦ,
1634 480 1680 507 καὶ
1704 481 1839 517 λαμϐάνει

1052 523 1179 550 κοινωνὸν
1207 525 1258 559 τῆς
1280 524 1377 561 βουλῆς
1397 526 1566 562 Ἀρτάπανος
1591 527 1755 561 Μεγάϐυζον
1786 529 1838 564 ἤδη

1051 568 1237 605 λελυπημένον
1261 570 1308 597 ἐπὶ
1330 572 1363 606 τῇ
1375 571 1428 605 ἰδίᾳ
1455 572 1566 606 γυναικὶ
1589 573 1686 608 ’Δμύτι
1714 574 1759 601 διά
1787 575 1840 610 τὴν

1050 613 1100 647 τῆς
1116 614 1237 648 μοιχείας
1266 614 1415 650 ὑπόληψινι
1429 616 1478 643 καὶ
1490 617 1584 652 ὅρκοις
1600 617 1732 652 ἀλλήλους
1745 619 1840 654 άσφα-

1051 660 1180 691 λίζονται.
1216 661 1296 688 Ἀλλά
1327 662 1423 698 μηνύει
1453 663 1543 690 πάντα
1573 664 1737 698 Μεγάϐυζος
1751 686 1759 699 ,
1787 667 1838 694 καὶ

1051 706 1202 742 ἀναιρεῖται
1225 707 1392 743 Ἀρτάπανος
1410 705 1432 742 ᾧ
1458 709 1552 745 τρόπῳ
1577 709 1691 745 ἔμελλεν
1714 712 1841 748 ἀναιρεῖν

1057 752 1245 788 Ἀρτοξέρξην.
1255 754 1311 780 Καὶ
1323 753 1427 788 γίνεται
1444 756 1534 782 πάντα
1543 755 1612 790 δῆλα
1623 756 1659 783 τὰ
1666 757 1840 793 εἰργασμένα

1051 797 1099 824 ἐπὶ
1117 797 1205 834 Ξέρξῃ
1223 799 1270 825 καὶ
1283 800 1430 835 Δαριιαίῳ.
1463 801 1511 828 καὶ
1525 802 1674 830 ἀπόλλυται
1687 804 1778 840 πικρῷ
1789 805 1841 831 καὶ

1052 844 1174 879 κακίστῳ
1202 844 1309 880 θανάτῳ
1333 846 1531 882 ’Δσπαμίτρης,
1547 847 1577 878 ὃς
1591 845 1625 884 ἦν
1639 849 1767 880 κοινωνὸς
1789 851 1841 876 ἐπὶ.

1049 890 1106 920 τοῖς
1123 889 1214 924 φόνοις
1230 890 1330 926 Ξέρξου
1347 892 1394 918 καὶ
1410 893 1556 928 Δαρειαίου
1568 902 1575 909 ·
1592 894 1760 929 σκαφεύιται
1781 895 1842 931 γὰρ

1050 935 1098 961 καὶ
1125 934 1211 968 οὕτως
1234 937 1397 972 ἀναιρεῖται.
1427 938 1511 974 Μάχη
1524 939 1553 965 δὲ
1568 938 1674 974 γίνεται
1701 940 1768 976 μετὰ
1789 940 1840 967 τὸν

1050 980 1164 1008 θάνατον
1185 983 1354 1018 Ἀρταπάνου
1374 984 1428 1012 τῶν
1437 994 1468 1012 τε
1482 986 1645 1021 συνωμοτῶν
1668 987 1751 1014 αὐτοῦ
1788 987 1842 1014 καὶ

1048 1027 1103 1054 τῶν
1124 1027 1212 1055 ἄλλων
1241 1029 1363 1065 Περσῶν,
1390 1031 1437 1058 καὶ
1467 1031 1611 1059 πίπτουσιν
1625 1033 1654 1060 ἐν
1670 1034 1702 1069 τῇ
1725 1033 1799 1069 μάχῃ
1809 1033 1840 1059 οἱ

1048 1075 1125 1110 τρεῖς
1150 1075 1196 1101 τοῦ
1233 1076 1402 1111 ’Δρταπάνου
1431 1079 1494 1111 υἱοὶ,
1513 1079 1728 1114 τραυματίζεται
1744 1079 1772 1106 δὲ
1789 1081 1843 1107 καὶ

1048 1119 1211 1154 Μεγάϐυζος
1233 1121 1370 1158 ίσχυρῶς·
1397 1123 1445 1150 καὶ
1474 1123 1570 1159 θρηνεῖ
1587 1124 1767 1160 Ἀρτοξέρξης
1788 1125 1843 1152 καὶ

1050 1165 1197 1200 ἠἊμύτις
1228 1168 1303 1203 καὶὴ
1324 1168 1482 1204 Ῥοδογούνη
1512 1170 1558 1197 καὶ
1581 1171 1599 1206 ἠ
1628 1171 1720 1206 μήτηρ
1745 1170 1842 1198 αὐτῶν

1055 1211 1217 1247 ’Δμῆστρις,
1236 1213 1284 1240 καὶ
1298 1213 1374 1248 μόλις
1391 1215 1475 1251 πολλῇ
1491 1216 1637 1252 ἐπιμελείᾳ
1653 1217 1842 1253 περισώζεται

1056 1258 1279 1285 ’Δπολλωνίδουη
1297 1260 1390 1296 ἰατροῦ
1403 1261 1450 1288 τοῦ
1465 1263 1556 1298 Κῴου.

1091 1391 1250 1427 Ἀφίσταται
1269 1393 1444 1430 Ἀρτοξέρξου
1463 1395 1574 1431 Βάκτρα
1588 1397 1635 1424 καὶ
1650 1397 1664 1423 ό
1679 1397 1838 1433 σατράπης,

1049 1437 1129 1470 ἄλλος
1149 1439 1328 1474 Ἀρτάϐανος·
1345 1441 1393 1467 καὶ
1407 1441 1513 1474 γίνεται
1529 1442 1602 1477 μάχη
1620 1443 1762 1478 ίσοπαλής.
1781 1444 1843 1471 Καὶ

1049 1482 1154 1517 γίνεται
1177 1484 1258 1511 πάλιν
1279 1485 1311 1511 ἐκ
1329 1485 1468 1521 δευτέρου,
1485 1487 1533 1513 καὶ
1546 1487 1648 1522 ἀνέμου
1663 1487 1735 1514 κατὰ
1755 1488 1844 1523 πρόσ-

1050 1538 1124 1557 ωπον
1145 1530 1287 1566 Βακτρίων
1310 1531 1480 1564 πνεύσαντος
1493 1533 1558 1568 νικᾷ
1578 1532 1767 1569 1Δρτοξέρξης,
1789 1534 1844 1561 καὶ

1051 1577 1207 1612 προσχωρεί
1218 1576 1292 1613 αὑτῷ
1305 1578 1379 1604 πᾶσα
1393 1578 1525 1614 Βακτρία.

1090 1665 1250 1700 ’Δφίσταται
1279 1666 1437 1701 Αἴγυπτος,
1460 1667 1564 1704 Ἰνάρου
1586 1666 1683 1694 Λυδίου
1691 1666 1715 1683 ³⁸
1742 1667 1845 1703 ἀνδρὸς

1049 1713 1098 1739 καὶ
1112 1711 1205 1748 ἑτέρου
1221 1712 1369 1746 Αἰγυπτίου
1389 1713 1438 1748 τὴν
1454 1713 1604 1741 ἀπόστασιν
1628 1713 1842 1749 μελετήσαντος,

1049 1757 1095 1784 καὶ
1121 1757 1313 1792 εὐτρεπίζεται
1325 1758 1360 1785 τά
1379 1758 1447 1793 πρὸς
1476 1759 1614 1794 πόλεμον*
1634 1758 1777 1794 πέμπουσι
1793 1759 1845 1786 καὶ

1055 1803 1192 1839 Ἀθηναῖοι
1219 1804 1404 1840 αἰτησαμένου
1426 1804 1510 1832 αὐτοῦ
1534 1806 1741 1841 τεσσαράκοντα
1759 1806 1841 1842 νῆας.

1049 1850 1104 1877 Καὶ
1130 1850 1230 1886 μελετᾷ
1258 1852 1341 1883 αὐτὸς
1358 1851 1538 1888 Ἀρτοξέρξης
1564 1853 1777 1889 ἐκστρατεῦσαι,
1790 1854 1844 1880 καὶ

1047 1895 1103 1923 τῶν
1118 1896 1203 1930 φίλων
1219 1896 1249 1923 οὐ
1267 1897 1507 1932 συμϐουλευόντων
1527 1898 1632 1933 πέμπει
1650 1898 1845 1934 Ἀχαιμεδίνην

1048 1942 1094 1969 τὸν
1106 1942 1231 1978 ἀδελφὸν,
1246 1943 1451 1979 τεσσαράκοντα
1463 1943 1513 1979 μὲν
1530 1944 1662 1979 μυριάδας
1670 1945 1845 1980 ἐπαγόμενον

1049 1989 1207 2024 στράτευμα
1223 1989 1347 2022 πεζικὸν,
1365 1990 1432 2025 νῆας
1445 1990 1473 2017 δὲ
1489 1993 1527 2018 π’.
1553 1990 1708 2026 Συμϐάλλει
1723 1991 1845 2026 πόλεμον

1050 2034 1158 2069 Ἴναρος
1171 2034 1240 2070 πρὸς
1263 2034 1466 2070 1Δχαιμενίδην,
1484 2035 1532 2062 καὶ
1556 2035 1668 2063 νικῶσιν
1684 2036 1844 2070 Αίγύπτιοι,

1049 2079 1095 2106 καὶ
1110 2078 1238 2114 βάλλεται
1259 2080 1447 2116 Ἀχαιμενίδης
1464 2081 1518 2108 ὑπὸ
1530 2082 1644 2118 Ἰνάρω,
1659 2082 1706 2110 κα)⁸
1718 2081 1844 2117 Θνήσκει,

1048 2126 1096 2153 καὶ
1121 2125 1318 2161 ἀποπέμπεται
1339 2127 1353 2154 ό
1371 2127 1469 2163 νεκρὸς
1487 2128 1570 2155 αὑτοῦ
1587 2129 1628 2161 είς
1649 2128 1844 2164 Ἀρτοξέρξην.

1055 2173 1198 2208 Ἐνίκησεν
1215 2173 1324 2209 Ἴναρος
1337 2174 1386 2200 καὶ
1402 2174 1473 2201 κατὰ
1502 2174 1638 2201 θάλατταν
1646 2174 1681 2207 ⁵³,
1692 2174 1847 2210 Χαριτιμί-

209 2223 278 2255 nuit,
310 2231 436 2257 magnam
457 2223 492 2250 ibi
520 2222 634 2258 gloriam
667 2221 780 2256 indepto
804 2219 994 2253 Charitimide,

1053 2220 1125 2247 500"
1139 2221 1380 2257 εὐδοκιμήσαντος,
1396 2222 1427 2254 ὃς
1451 2221 1505 2249 τῶν
1520 2222 1550 2256 ἐξ
1574 2222 1694 2257 Ἀθηνῶν
1717 2225 1742 2258 μ’
1768 2222 1845 2258 νηῶν

207 2269 254 2304 qui
266 2269 446 2304 quadraginta
459 2268 566 2296 illarum
589 2267 709 2300 navium,
724 2274 784 2301 qua:
798 2266 832 2293 ab
847 2265 998 2292 Atheuien-

208 2315 283 2342 sibus
310 2315 488 2346 advenerant,
509 2313 653 2348 praefectus
672 2318 742 2340 erat.
765 2311 834 2339 Nam
853 2319 887 2339 ex
910 2311 990 2346 quin-

207 2361 338 2396 quaginta
362 2361 476 2389 navibus
488 2359 618 2391 Persicis,
633 2359 726 2395 viginti
742 2366 804 2386 cum
820 2359 886 2394 ipsis
905 2357 996 2385 homi-

209 2408 292 2435 nibus
314 2412 402 2442 capta:
426 2412 500 2438 sunt,
524 2406 634 2441 reliqua:
650 2405 760 2440 triginta
790 2405 906 2440 periere.
924 2404 994 2440 500

207 2453 325 2481 Mittitur
354 2458 415 2488 post
443 2453 500 2480 haec
521 2452 683 2488 Megabyzus
717 2452 847 2479 adversus
871 2450 993 2482 luarum,

206 2500 251 2534 qui
266 2500 298 2526 ad
321 2500 415 2535 copias
431 2506 490 2534 quae
509 2499 620 2535 reliqua:
645 2498 765 2531 fuerant,
780 2498 862 2525 alium
880 2497 996 2524 ducebat

207 2545 357 2573 exercitum
379 2546 558 2574 ducentorum
577 2545 703 2579 millium,
726 2551 789 2572 cum
809 2543 922 2571 navibus
943 2547 996 2570 tre-

1025 2294 1027 2296 τ
1050 2267 1248 2302 ἑχρημάτιζεπ
1268 2268 1404 2304 ναύαρχος
1414 2276 1421 2283 ·
1437 2269 1484 2296 καὶ
1497 2272 1519 2296 ν’
1538 2269 1651 2304 Περσῶν
1664 2271 1738 2305 νῆες,
1752 2270 1780 2296 αἱ
1793 2269 1848 2304 μὲν

1050 2313 1075 2341 κ’
1083 2313 1175 2354 αὐτοῖς
1190 2313 1319 2350 ἀνδράσιν
1336 2313 1505 2350 ἐλήφθησαν.
1520 2315 1549 2342 αἱ
1562 2315 1591 2342 δὲ
1606 2315 1627 2341 λ’
1641 2314 1845 2350 διεφθάρησαν,

1049 2356 1109 2386 εἶτα
1119 2359 1260 2394 πέμπεται
1274 2359 1345 2386 κατὰ
1363 2359 1468 2394 Ἰνάρου
1483 2359 1657 2394 Μεγάϐυζος,
1669 2360 1845 2395 ἑπαγόμενος

1048 2404 1113 2432 ἄλλο
1125 2405 1284 2440 στράτευμα
1299 2405 1370 2441 προς
1385 2405 1425 2440 τῷ
1442 2405 1643 2440 ὑπολειφθέντι,
1656 2405 1790 2441 μυριάδας
1807 2408 1845 2437 κ’,

1048 2450 1096 2477 καὶ
1123 2451 1191 2486 νῆας
1204 2450 1238 2483 τ’,
1270 2450 1318 2478 καὶ
1344 2451 1495 2487 ἐπιστάτην
1524 2451 1620 2483 αὑταῖς
1630 2451 1653 2467 ’³
1673 2451 1844 2486 Ὀρίσκον⁹⁹,

1048 2495 1086 2528 ὡς
1096 2494 1166 2524 εἶναι
1177 2498 1262 2533 χωρὶς
1269 2497 1324 2524 τῶν
1337 2498 1407 2524 νεῶν
1417 2498 1448 2524 τὸ
1460 2498 1524 2525 ἄλλο
1538 2497 1641 2534 πλῆθος
1656 2497 1678 2524 ν’
1692 2497 1843 2532 μυριάδαςο

1055 2542 1250 2578 Ἀχαιμενίδης
1275 2543 1330 2579 γάρ
1358 2543 1404 2570 ὅτε
1417 2542 1512 2577 ἔπεσε,
1526 2543 1593 2570 δέκα
1610 2541 1740 2579 μυριάδες
1754 2541 1845 2577 αὐτῷ,

842 2599 955 2627 VARle
972 2599 1177 2628 LECTIONES.

241 2648 266 2663 "
288 2647 473 2683 Ἀρταξέρξης
505 2657 536 2680 ς.
574 2648 597 2664 ⁹¹
617 2647 898 2683 Ἀρτοξέρξουηροτικ
923 2646 945 2673 A
961 2645 1132 2683 ;_Aapeta£t_zu
1154 2655 1185 2678 ς.
1225 2646 1475 2683 ⁶γ¹>άπαρνουμεχος
1503 2647 1561 2683 AV;
1578 2646 1844 2683 «apatvotipsvogg.

211 2683 235 2699 ”
249 2681 443 2710 Ἀπολλωνίδου
456 2683 611 2716 Stephanus
629 2692 637 2710 :
651 2681 715 2710 'libri
729 2681 922 2709 Ἀπολλωνίου.
963 2681 987 2698 ³⁵
1001 2681 1112 2718 Λυδίου]
1126 2682 1211 2718 immo
1227 2681 1336 2718 Λίϐυος.
1350 2681 1406 2718 vid.
1421 2681 1574 2718 Thucydid.
1600 2681 1625 2716 Ι,
1641 2682 1702 2710 104-
1717 2681 1722 2683 ἡ
1739 2682 1763 2699 ³⁸
1779 2682 1846 2709 Θάλ-

211 2717 314 2746 λασσαν
328 2728 359 2751 ς.
397 2719 420 2735 ³⁸
436 2718 626 2754 χαριστιμίδου
636 2718 668 2745 A.
708 2718 731 2734 "
744 2717 914 2754 ἐχρημάτισε
929 2726 960 2750 ς.

999 2717 1022 2732 ’⁸
1039 2716 1216 2749 Ιίὶπῖαὑτοίς.

1256 2717 1278 2733 ³³
1297 2716 1423 2753 Ὠρίσκον
1440 2726 1471 2750 ς.

971 2775 1085 2806 NOTAE.

245 2823 303 2858 (96y
319 2823 496 2887 Lonft'mautts
512 2827 702 2858 cognomento.

248 2860 305 2887 (97)
317 2859 372 2887 Pau
384 2868 401 2887 o
417 2863 480 2887 ante
494 2858 640 2887 Snamttm
651 2859 702 2887 dict

248 2860 305 2895 (97)
317 2858 401 2888 Paulo
417 2863 480 2888 ante
494 2858 640 2894 Spamttm
651 2859 749 2888 dictus.

1089 2821 1146 2858 (98)
1161 2821 1250 2850 Habes
1263 2822 1289 2850 id
1304 2830 1319 2849 a
1335 2821 1484 2860 Plutarcho
1496 2823 1663 2860 descriptum
1674 2823 1700 2852 in
1714 2822 1774 2851 Vita
1790 2822 1844 2850 Ar-

1053 2862 1184 2891 taxerxae,
1196 2866 1259 2886 mox
1276 2866 1292 2886 a
1308 2859 1454 2894 principio.
