1934 3089
75 150 114 182 mg
594 151 903 184 BIBLIOTHECA.-—
921 155 1001 186 con.
1017 156 1136 188 Lxxn.

1628 161 1678 195 190

73 203 136 238 ἑξῶν
149 202 197 241 ἦγε
213 207 250 240 μ’,
263 204 507 241 συνδιεφθάρησαν.
538 205 647 233 Γίνεται
675 207 722 234 οὖν
758 209 833 244 μάχη

894 211 984 245 :entls,
1000 213 1099 247 quibus
1122 213 1234 242 Oriscus
1257 221 1388 249 praeerat:
1414 221 1443 244 ut
1469 222 1568 253 praeter
1584 227 1676 250 naves.

74 252 186 286 κρατερὰ.
194 251 240 277 καὶ
250 251 397 278 πίπτουσιν
406 252 602 287 ἀμφοτέρωθεν
612 252 716 286 πολλοὶ,
729 254 838 287 πλείους

73 299 95 324 δὲ
112 298 252 331 Αἰγύπτιοι,
277 298 324 324 καὶ
342 298 435 333 βάλλει
449 298 613 332 Μεγάϐυζος
635 299 677 330 εἰς
689 300 735 326 τὸν
753 300 839 335 μηρὸν

75 344 188 379 Ἰναρονί,
220 344 266 370 καὶ¹
292 345 433 380 τρέπεται,
458 345 506 371 καὶ
516 344 612 371 νικῶσι
639 345 742 380 Πέρσαι
769 345 839 372 κατὰ

74 391 164 424 κράτος.
176 388 272 422 Φεὺγει
282 389 311 415 δὲ
330 389 399 424 πρὸς
425 389 474 424 τὴν
488 389 590 416 Βύϐλον
604 390 710 425 Ἴναρος
723 390 812 425 (πόλις
828 392 838 406 ¹

74 436 154 471 ἰσχυρά
166 435 194 461 ὲν
204 435 335 470 Αἰγύπτῳ
365 434 457 473 αὕτη).
480 435 527 462 καὶ
545 437 569 461 οἰ
587 435 720 470 Ἕλληνες
736 435 763 462 δὲ
779 436 839 471 μετ’

73 480 149 511 αὑτοῦ,
171 480 225 506 ὅσοι
242 480 280 515 μὴ
293 480 322 506 ὲν
333 481 366 515 τῇ
377 480 387 495 ⁸
405 480 479 516 μάχῃ
497 480 546 506 καὶ
570 480 640 515 μετά
658 480 839 515 Χαριτιμίδου

71 526 194 552 ἀπέθανον.
226 524 288 561 [121
312 525 359 561 R.]
380 526 541 561 Προσχωρεῖ
552 526 581 552 δὲ
595 526 732 560 Αῐγυπτος
765 527 837 562 πλὴν

71 572 157 598 Βύϐλου
171 571 235 606 πρὸς
255 571 430 605 Μεγάϐυζον.
453 571 531 598 Ἐπεὶ
546 571 574 598 δὲ
594 571 687 607 ὲκείνη
701 572 840 604 ἀνάλωτος

71 618 152 650 ἐδόκει,
175 617 317 644 σπένδεται
338 617 406 652 πρὸς
426 617 532 652 Ἰναρον
543 618 590 644 καὶ
614 618 678 649 τοὺς
688 617 835 654 Ἕλληνας,

71 663 244 698 ἑξακισχιλίους
264 663 346 695 ὄντας
359 663 406 690 καὶ
419 663 460 690 ἐτι
478 663 558 699 πρὸς,
577 664 591 690 ό
607 663 781 697 Μεγάϐυζος,
795 665 839 699 ἐφ’

69 706 87 743 ᾧ
99 710 170 745 μηδὲν
196 710 282 737 κακὸν
308 709 385 746 παρὰ
401 709 532 745 βασιλέως
549 709 594 746 [60
612 709 658 747 IL]
673 710 777 742 λαϐεῖν,
791 711 840 738 καὶ

69 758 119 788 τοὺς
131 757 267 792 Ἕλληνας,
291 757 335 783 ὅτε
350 756 498 792 βούλοιντο,
516 756 586 792 πρὸς
601 757 637 783 τὸ.
647 758 736 784 οἰκεῖα
754 757 839 784 ἐπαν-

69 803 148 830 ελθεῖν.
159 804 309 839 Καθίστησι
323 803 350 829 δὲ
362 803 412 839 τῆς
422 803 563 837 Αἰγύπτου
575 804 718 839 σατράπην
727 804 837 838 Σαρσά-

71 848 136 882 μανλ.
149 849 199 875 Καὶ
210 847 304 875 λαϐὼν
328 849 435 883 Ἶναρον
455 848 578 879 καὶτοὺς
596 848 731 884 Ἕλληνας
748 857 838 884 παρα-

892 257 1002 291 reliquae
1027 257 1112 292 copiae
1145 259 1357 294 quingentorum
1394 262 1508 290 millium
1536 272 1679 292 numerum

890 303 1041 337 explerent.
1063 303 1131 330 Nam
1148 312 1209 332 cum
1231 305 1436 335 Achaemenides
1450 309 1558 342 cecidit,
1578 317 1593 337 e
1608 317 1678 344 qua-

890 349 1040 384 dringentis
1058 350 1175 377 millibus
1185 359 1245 385 quae
1260 352 1511 385 duxerat,.centum
1529 364 1582 382 una
1594 356 1678 383 millia

890 396 1038 429 perierant.
1054 394 1193 430 Pugnatur
1208 398 1298 432 itaque
1323 400 1402 426 modo
1422 400 1532 431 acriter,
1555 409 1587 428 ac
1613 402 1680 429 mul-

891 441 925 468 tis
941 442 1067 476 utrinque
1093 444 1264 477 cadentibus,
1279 445 1370 479 plures
1391 451 1479 474 tamen
1496 446 1617 482 [Egyptii
1634 435 1683 476 oc?

890 487 1032 515 cumbunt.
1059 488 1166 516 luarum
1196 491 1304 517 tandem
1341 491 1504 527 Megabysz
1526 494 1551 519 in
1576 493 1679 521 femore

891 534 1024 566 vulnerat,
1039 539 1120 569 alque
1142 536 1168 563 in
1186 536 1274 572 fugam
1298 539 1378 564 vertit
1394 547 1400 564 :
1424 544 1451 565 et
1474 539 1576 566 viribus
1590 540 1679 568 Persa:

891 578 1018 607 fortiores
1057 579 1122 607 facti
1155 581 1278 609 vincunt.
1309 582 1427 618 Fugieus
1453 589 1544 611 autem
1572 584 1678 618 lnarus,

891 624 1002 660 Byblum
1018 632 1048 652 se
1061 627 1162 660 recepit
1176 625 1252 661 (urbs
1271 628 1328 654 haec
1345 628 1372 654 in
1391 627 1509 663 Egypto
1529 633 1571 656 est
1584 630 1679 656 admo-

890 671 953 698 dum
972 671 1086 707 munita)
1110 677 1138 700 et
1156 680 1217 700 cum
1235 681 1267 701 eo
1287 673 1372 701 Graeci
1398 682 1502 708 omnes,
1526 676 1680 710 quicunque

889 719 931 746 vel
948 719 974 746 in
986 719 1089 754 praelia,
1099 720 1142 747 vel
1154 727 1214 748 cum
1225 720 1405 749 Cbarimitide
1417 722 1480 749 caesi
1497 730 1548 749 non
1562 722 1678 750 fuerant.

890 765 947 799 Qua
959 773 993 792 ex
1013 773 1043 792 re
1059 771 1159 800 praeter
1183 766 1309 802 Byblum,
1341 767 1475 803 Egyptus
1499 768 1624 795 universa
1645 767 1680 794 ad

891 809 1026 844 Megabazi
1051 815 1142 844 partes
1168 818 1198 838 se
1215 811 1347 846 adiunxit.
1372 811 1405 839 Et
1428 812 1556 846 quoniam
1578 812 1680 847 Byblus

890 856 1037 890 expugnari
1067 863 1121 883 nou
1139 863 1222 891 posse
1249 858 1403 889 videbatur,
1434 857 1597 893 Megabyzus
1618 866 1678 885 cum

69 895 153 927 γίνεται
165 895 228 928 πρὸς
241 894 357 930 Ξέρξην,
374 895 420 921 καὶ
436 894 558 929 εὑρίσκει
569 894 630 921 λίαν
648 895 832 930 κατάΊνὰρου

894 899 971 928 lnaro
987 906 1014 928 et
1033 900 1145 933 Graecis,
1166 909 1280 937 quorum
1303 908 1381 930 erant
1406 911 1487 938 supra
1514 911 1559 931 sex
1582 904 1680 935 millia,

69 941 245 976 τεθυμωμένον,
259 941 303 968 ὅτι
313 941 358 968 τὸν
376 941 490 976 ἀδελφὸν
505 940 698 976 Ἀχαιμενίδην
710 941 828 967 ἀπεκτο-

69 988 110 1018 νὼς
127 987 174 1022 εἴη.
197 988 338 1022 Διηγεῖται
352 987 387 1014 τὰ
409 987 541 1022 γεγονότα
569 986 732 1020 Μεγάϐυζος
741 987 762 1018 ⁵,
789 986 837 1013 καὶ

69 1032 98 1064 ὡς
107 1033 201 1065 πίστεις
224 1033 289 1066 δοὺς
316 1034 412 1069 Ἰνάρῳ
439 1033 484 1060 καὶ
512 1034 569 1063 τοῖς
589 1032 703 1067 Ἕλλησι
735 1032 836 1059 Βύϐλον

69 1080 156 1113 ani-we-
178 1081 223 1106 καὶ
248 1080 398 1112 ὲξαιτεῖται
421 1079 546 1114 λιπαρῶς
571 1078 684 1113 βασιλέα
698 1079 763 1114 περὶ
780 1079 830 1112 τῆς

70 1125 159 1151 αὐτῶν⁵
185 1125 333 1160 σωτηρίας,
362 1125 410 1151 καὶ
432 1124 577 1159 λαμϐάνει,
604 1124 650 1150 καὶ
683 1123 834 1157 ἐξάγεταιτ

70 1172 130 1205 τέλος
142 1174 170 1208 τῇ
184 1173 300 1209 στρατιᾷ
323 1172 362 1204 ὼς
374 1173 481 1207 Ἰναρος
509 1171 558 1198 καὶ
573 1171 598 1198 ol
615 1170 745 1206 Ἕλληνες
759 1170 837 1197 οὐδὲν

70 1220 137 1246 κακὸν
150 1221 285 1247 πείσονται
294 1219 316 1247 ⁸.

892 946 945 974 ﬁde
959 947 1022 974 data
1044 948 1202 981 paciscitur,
1226 949 1329 976 nullum
1351 957 1399 976 eos
1415 957 1429 976 a
1448 957 1511 985 rege
1531 950 1681 977 incommo-

891 991 953 1018 dum
979 997 1150 1027 accepturos,
1171 1001 1204 1021 ac
1228 993 1337 1022 Graecos
1363 995 1457 1028 etiam,
1482 1003 1543 1023 cum
1570 995 1678 1026 liberet.

891 1038 1000 1064 domum
1026 1046 1194 1066 reversuros.
1212 1039 1356 1067 Sartaman
1375 1041 1456 1075 igitur
1478 1049 1538 1068 cum
1562 1041 1681 1076 Egypto

891 1083 1069 1117 praefecisset,
1098 1089 1239 1118 assumpto
1264 1091 1356 1112 secum
1381 1084 1461 1112 luaro
1475 1085 1632 1119 Graecisque
1646 1084 1680 1111 ad

891 1127 1061 1155 Artaxerxen
1082 1129 1294 1162 ’proflciscitur:
1316 1136 1395 1164 quem
1417 1129 1521 1156 invenit
1542 1128 1620 1156 lnaro
1636 1136 1682 1155 ve-

892 1172 1035 1199 hementer
1051 1173 1163 1205 iratum,
1179 1173 1249 1208 quod
1268 1174 1290 1201 is
1304 1173 1521 1200 Achaemenidem
1545 1174 1614 1208 regis
1627 1172 1682 1199 fra-

892 1221 961 1245 trem
991 1218 1175 1247 interfecerat.
1202 1218 1288 1247 Porro
1320 1219 1494 1254 Megabyzus,
1520 1227 1581 1254 quae
1605 1223 1680 1253 gesta

71 1267 168 1300 fueram,
184 1267 272 1294 omnia
289 1270 399 1300 narrat,
413 1270 442 1295 et
459 1266 596 1301 quomodo
610 1266 663 1293 ﬁde
674 1265 755 1293 lnaro
769 1265 926 1300 Graecisque
943 1266 1006 1294 data
1040 1267 1154 1302 Byblum
1179 1267 1300 1302 ceperit:
1329 1267 1456 1301 precibus
1490 1267 1551 1294 dein
1586 1266 1679 1293 inultis

71 1316 126 1348 apud
149 1323 232 1351 regem
258 1315 400 1349 instando,
422 1321 453 1342 ut
474 1315 565 1343 salvos
593 1322 641 1343 eos
668 1322 730 1342 esse
754 1314 847 1346 vellet,
868 1314 1004 1349 postulata
1024 1314 1176 1350 impetrat:
1197 1315 1362 1351 tandemque
1386 1317 1420 1342 ad
1454 1314 1605 1343 exercitum
1628 1315 1682 1341 de-

70 1361 147 1393 fertur.
170 1362 276 1390 luarum
307 1370 339 1390 ac
355 1362 467 1390 Graecos
490 1362 558 1390 nihil
579 1362 644 1389 mali
666 1369 727 1389 esse
752 1368 891 1396 passuros.

96 1419 195 1454 ’Δμύτις
204 1420 232 1447 δὲ
247 1420 322 1455 ὑπὲρ
338 1419 386 1446 τοῦ
414 1419 510 1451 παιδὸς
526 1419 736 1455 ’Δχαιμενίδου⁹
763 1418 838 1445 δεινά

70 1465 181 1498 ἐποιεῖτο,
205 1467 229 1493 εἰ
260 1467 301 1502 μὴ
327 1467 515 1502 τιμωρήσαιτο
525 1466 546 1481 ¹⁰
565 1466 672 1501 Ἰναρον
695 1465 744 1492 καὶ
775 1465 839 1495 τοὺς

70 1510 198 1546 Ἕλληναςῤ
228 1513 276 1539 καὶ
301 1512 419 1539 αἰτεῖται
441 1512 528 1538 ταῦτα
553 1511 671 1546 βασιλεῖ,
691 1511 706 1537 ὁ
735 1510 765 1536 δὲ
790 1510 841 1537 οὐκ

69 1556 202 1584 ἐνδίδωσιν
228 1556 289 1586 εἶτα
320 1558 519 1594 Μεγαϐύζῳίί,
544 1559 558 1585 ὁ
584 1558 612 1584 δὲ
631 1557 839 1592 ἀποπέμπεται.

70 1600 122 1630 Εἶτα
133 1605 187 1631 ἐπεὶ
203 1605 314 1641 διώχλει
327 1605 373 1632 τὸν
383 1606 451 1638 υἱὸν,
464 1605 678 1640 κατειργάσατο,
699 1604 747 1630 καὶ
760 1603 839 1629 πέντε

69 1651 233 1685 παρελθόντων
247 1653 320 1680 ἑτῶν
333 1652 467 1688 λαμϐάνει
483 1652 530 1679 τδν
546 1653 654 1687 Ἴναρον
669 1651 745 1686 παρὰ
762 1651 841 1686 βασι-

69 1697 124 1729 λέως
145 1699 188 1726 καὶ
200 1700 264 1732 τοὺς
276 1699 423 1735 Ἕλληνας.
440 1699 496 1726 Καὶ
511 1698 704 1734 ἀνεσταύρωσε
728 1697 778 1732 μὲν
797 1697 843 1723 ἐπὶ

70 1745 128 1779 τρισὶ
152 1747 275 1782 σταυροῖς
295 1753 302 1761 ·
337 1746 509 1781 πεντήκοντα
528 1745 557 1772 δὲ
587 1745 721 1780 Ἑλλήνων
736 1764 743 1776 ,
765 1744 844 1774 ὅσους

72 1790 146 1818 λαϐεῖν
170 1792 273 1827 (quas,
308 1791 413 1819 τούτων
434 1792 514 1828 Et:st
541 1791 592 1823 τὰς
622 1790 754 1825 κεφαλάς.
786 1789 843 1816 Καὶ

71 1836 172 1873 ἐλυπήθη
193 1838 282 1874 λύπην
299 1838 419 1874 σφοδρὰν
434 1837 611 1872 Μεγάϐυζος,
627 1837 675 1864 καὶ
698 1835 843 1871 ἐπένθησε,

71 1884 108 1909 καὶ
127 1885 239 1920 ᾐτήσατο
249 1885 297 1912 ἐπὶ
309 1885 411 1920 Συρίαν
424 1885 474 1919 τὴν
489 1884 587 1911 ἑαυτοῦ
606 1883 701 1919 χώραν
717 1883 841 1909 ἀπιέναι⁸

71 1929 169 1958 trra-38a
177 1931 264 1966 λάθρα
288 1931 338 1958 καὶ
353 1931 416 1962 τοὺς
429 1930 526 1963 ἀλλους
547 1930 602 1957 τῶν
622 1929 760 1964 Ἐλλήνων
777 1937 844 1964 προ-

71 1974 169 2010 έπεμπε.
195 1977 251 2004 Καὶ
279 1977 376 2012 ἀπῄει,
403 1976 452 2003 καὶ
484 1976 594 2012 ἀπέστη
625 1975 768 2011 βασιλέως,
798 1975 844 2001 καὶ

71 2020 170 2055 tamen
195 2023 319 2058 μεγάλην
331 2023 456 2058 δύναμιν,
473 2022 538 2057 ἄχρι
552 2022 581 2048 ιε’
600 2021 738 2057 μυριάδων
759 2020 845 2055 χωρὶς

71 2066 114 2093 τῶν
123 2069 219 2095 ἱππέων
233 2068 349 2097 καὶτῶν
365 2069 464 2101 πεζῶν.
480 2069 535 2095 Καὶ
544 2068 685 2103 πέμπεται
701 2066 845 2101 Οὖσιρις,¹¹

72 2113 120 2139 κατ’
132 2114 207 2141 αὺτοῦ
218 2116 267 2142 σὺν
285 2115 311 2142 κ’
330 2115 452 2150 μυριάσι,
468 2114 516 2141 καὶ
532 2113 698 2140 συνάπτεται
714 2112 844 2147 πόλεμος,

73 2159 109 2185 καὶ
134 2159 268 2194 βάλλουσιν
302 2161 435 2196 ἀλλήλους
458 2159 622 2195 Μεγάϐυζος
631 2160 678 2186 καὶ
692 2158 816 2194 Οὖσιρις,
833 2159 848 2184 ὁ

75 2205 114 2240 μὲν
126 2208 243 2243 ἀκοντίῳ,
259 2209 308 2235 καὶ
322 2208 451 2243 τυγχάνει
464 2206 627 2241 Μεγαϐύζου
642 2206 682 2238 εἰς
696 2206 742 2232 τὸν
760 2205 846 2241 μηρὸν

75 2252 111 2277 καὶ
132 2253 271 2289 τιτρώσκει
297 2254 364 2289 ἄχρι
392 2254 530 2280 δακτύλων
549 2252 605 2284 δύο,
630 2253 644 2279 ὁ
660 2251 689 2278 δὲ
716 2250 847 2282 ὡσαύτως

932 1419 1076 1446 Enimvero
1091 1419 1196 1455 Amytis
1209 1418 1277 1454 (99).
1295 1426 1349 1453 pne
1363 1418 1456 1445 dolore
1479 1424 1511 1445 ex
1526 1418 1573 1444 fllii
1586 1417 1670 1444 Achze

897 1465 1012 1493 menidaa
1026 1465 1149 1498 interitu,
1173 1466 1309 1500 indignam
1335 1472 1392 1492 rem
1411 1463 1468 1490 fore
1487 1463 1680 1493 arbitrabatur,

896 1511 947 1538 nisi
965 1519 1026 1538 cum
1046 1510 1147 1538 Graecis
1162 1511 1257 1538 luarus
1281 1517 1389 1546 quoque
1403 1517 1499 1544 poenas
1514 1508 1566 1536 sibi
1584 1510 1680 1541 daret;

894 1564 979 1592 quare
995 1557 1030 1584 ab
1047 1564 1110 1591 rege
1123 1557 1175 1584 sibi
1200 1557 1261 1584 illos
1283 1556 1422 1592 poposcit;
1446 1562 1539 1582 verum
1564 1554 1609 1581 ille
1629 1562 1683 1581 non

894 1603 1022 1636 tradidit;
1055 1603 1152 1631 deinde
1186 1603 1220 1631 ab
1246 1602 1304 1637 ipso
1335 1602 1498 1638 Mcgabyso,
1533 1601 1579 1628 sed
1607 1607 1684 1635 atque

896 1651 1036 1686 repellitur
1057 1659 1065 1678 :
1088 1650 1175 1678 douec
1192 1650 1309 1682 tandem,
1329 1651 1391 1677 dum
1415 1649 1469 1675 lilio
1493 1648 1604 1675 molesta
1622 1654 1684 1674 esse

894 1705 947 1725 non
974 1697 1088 1729 desinit.
1117 1696 1187 1731 quod
1210 1694 1476 1735 optabat_confecit,
1505 1694 1684 1728 quintumque

894 1748 956 1778 post
968 1751 1067 1770 annum
1080 1742 1187 1770 luarum
1204 1742 1308 1777 pariter
1322 1746 1351 1769 et
1365 1741 1475 1769 Graecos
1495 1748 1509 1767 a
1527 1747 1589 1774 rege
1602 1747 1684 1766 ncce-

895 1789 943 1825 pit.
958 1788 991 1816 Et
1006 1787 1132 1816 crucibus
1154 1788 1261 1822 quidem
1287 1787 1374 1814 tribus
1397 1786 1435 1822 (1)
1461 1786 1535 1813 illum
1561 1784 1682 1812 suﬂixit:

894 1835 928 1863 de
941 1835 1043 1862 Grmcis
1059 1842 1124 1861 vero
1145 1834 1341 1869 quinquaginta
1359 1838 1410 1868 (tot
1433 1832 1504 1860 enim
1523 1839 1621 1866 capere
1635 1838 1685 1864 po-

895 1880 957 1916 tuit)
977 1881 1064 1915 capita
1085 1880 1192 1908 curavit
1218 1879 1363 1914 amputari.
1387 1877 1484 1913 Magno
1510 1884 1573 1911 ergo
1594 1875 1685 1910 Mega-

895 1928 980 1962 byzus
998 1926 1090 1954 dolore
1105 1926 1232 1960 luctuque
1244 1931 1400 1960 oppressus,
1420 1929 1448 1950 ut
1463 1923 1514 1950 sibi
1532 1923 1559 1949 in
1578 1922 1684 1956 Syriam

896 1973 1034 2007 regionem
1052 1979 1127 1999 suam
1152 1969 1289 2005 proficisci
1315 1969 1421 2000 liceret,
1447 1968 1535 2003 petiit,
1554 1975 1608 2001 quo
1629 1966 1685 2001 jam

896 2017 1002 2045 occulte
1025 2020 1138 2044 caeteros
1155 2015 1312 2042 Graecorum
1337 2013 1516 2048 prazmiserat,
1536 2019 1622 2045 eoque
1636 2010 1687 2036 ali—

897 2064 1004 2099 quando
1018 2062 1167 2097 profectus,
1191 2069 1206 2088 a
1228 2068 1290 2094 rege
1307 2059 1432 2092 descivit,
1449 2065 1562 2092 magnas
1575 2056 1687 2083 omnino

897 2109 990 2143 copias
1006 2107 1145 2142 colligens,
1162 2107 1195 2133 ad
1211 2110 1319 2133 centum
1339 2111 1424 2138 usque
1445 2109 1472 2130 et
1487 2101 1687 2138 quinquaginta

898 2154 992 2187 millia,
1023 2161 1144 2181 seorsum
1179 2152 1301 2186 equitum
1335 2151 1518 2185 peditumque.
1549 2150 1688 2176 Adversus

897 2209 958 2229 eum
986 2199 1057 2236 5.1a
1072 2199 1159 2227 Osiris
1184 2198 1300 2226 mittitur
1324 2205 1384 2225 cum
1404 2196 1530 2224 ducentis
1554 2195 1686 2222 millibus.

899 2248 1031 2275 Conserta
1055 2246 1116 2273 dein
1133 2253 1226 2276 manu,
1250 2249 1343 2271 mutuo
1359 2251 1419 2271 sese
1433 2243 1576 2269 vulnerant
1600 2241 1688 2268 Osiris

75 2286 179 2334 dato/tim.
196 2300 241 2326 τον
267 2286 470 2334 τοῦἾ-Οὐσῐριος
488 2299 593 2334 μηρόν·
606 2297 667 2324 εἶτα
687 2297 779 2333 βάλλει
802 2297 840 2328 είς

895 2302 928 2322 ac
943 2293 1122 2328 Megabyzus:
1137 2291 1181 2318 ille
1204 2290 1294 2323 jaculo
1320 2289 1461 2324 Megabyzi
1490 2287 1578 2315 femur
1604 2286 1689 2313 attin-

75 2342 110 2368 τὸν
119 2340 194 2378 ὦμον,
210 2346 339 2377 κάκεῖνος
354 2345 447 2371 πίπτει
462 2346 494 2371 ὲκ
508 2345 555 2371 τοῦ
590 2344 686 2376 ἵππου,
705 2343 752 2370 καὶ
769 2351 847 2377 περι-

77 2389 134 2423 σχὼν
145 2391 303 2425 Μεγάϐυζος
318 2391 485 2426 προστάσσει
499 2390 646 2417 ἀναλαϐεῖν
660 2390 708 2416 καὶ
725 2388 846 2424 περισῶ-

79 2442 123 2462 σαι.
139 2436 272 2464 Ἔπιπτον
286 2437 317 2464 δὲ
332 2437 426 2463 πολλοὶ
440 2436 493 2463 τῶν
510 2435 635 2471 Περσῶν,
648 2435 697 2462 καὶ
713 2435 847 2470 ἐμάχοντο

77 2479 188 2516 ἀνδρείως
202 2484 225 2510 οἱ
250 2483 298 2510 τοῦ
319 2482 484 2517 Μεγαϐύζου
512 2482 607 2514 παῖδες
636 2481 767 2517 Ζώπυρος
799 2480 848 2506 καὶ

83 2526 207 2562 ’Δρτὺφιος
217 2530 248 2563 ⁸³,
269 2530 319 2557 καὶ
346 2529 407 2565 νίκη
420 2529 526 2564 γίνεται
546 2527 703 2563 Μεγαϐύζῳ
714 2525 844 2562 κραταιά.

898 2347 974 2375 gens,
992 2339 1061 2365 duos
1074 2337 1158 2363 altum
1175 2336 1274 2371 digitos
1288 2336 1386 2362 vulnus
1401 2333 1517 2365 inﬂixit;
1530 2333 1577 2360 hic
1594 2333 1687 2360 itidem

896 2385 987 2421 jaculo
1014 2383 1101 2412 Osiris
1119 2383 1236 2417 primmn
1262 2381 1361 2414 femur,
1378 2381 1474 2409 deinde
1497 2387 1524 2408 et
1544 2381 1686 2408 humerum

898 2430 935 2458 ita
949 2429 1097 2465 percussit,
1120 2433 1149 2454 ut
1165 2428 1248 2454 etiam
1264 2434 1297 2453 ex
1317 2433 1387 2461 equo
1401 2426 1551 2459 ceciderit;
1567 2430 1595 2452 at
1610 2432 1688 2452 com-

899 2476 993 2510 plexus
1014 2482 1075 2501 eum
1097 2473 1271 2508 Megabyzus,
1304 2471 1441 2499 sublatum
1465 2472 1568 2498 servari
1597 2469 1689 2505 jussit.

899 2521 975 2549 Multi
990 2521 1044 2548 illic
1058 2520 1148 2547 Persae
1165 2518 1333 2550 ceciderunt,
1350 2517 1453 2552 Zopiro
1470 2521 1551 2551 atque
1566 2515 1692 2549 Artiphio

699 2596 818 2625 VARIIE
835 2593 981 2623 LECTION
987 2591 1035 2619 ES.

108 2667 207 2708 ξ-ἰνάρω
218 2668 271 2708 Δ...
292 2668 304 2684 ²
318 2668 397 2708 πόλις
406 2668 434 2695 δὲ
518 2677 551 2708 ς.
576 2666 660 2708 ἐπιῇ]

82 2696 218 2740 ’.ἐξέγέται
232 2703 311 2740 τέλος
329 2703 339 2740 ]
356 2696 425 2740 inira
445 2696 536 2740 (νηί
549 2712 565 2729 a
576 2696 880 2740 3O.)'_':ré).o;"!mp1re,
919 2696 933 2714 '7
945 2696 1082 2740 στήσονται

689 2666 756 2700 αὐτῇ
787 2663 818 2691 Α.
858 2664 870 2680 δ
886 2661 1034 2700 Σαρτᾴμαν
1064 2670 1110 2700 ς..
1128 2661 1139 2677 ⁵
1156 2669 1218 2700 γεγι
1250 2659 1346 2700 πάιν-ιιι.⁵
1368 2658 1441 2700 Μεγ.
1462 2666 1493 2700 ςἸ

1529 2657 1540 2673 ⁸
1551 2654 1635 2682 αὑτοῦ
1659 2663 1690 2686 ς.

1176 2696 1187 2712 ⁹
1196 2691 1393 2730 ’ἀχαιμενίδους
1406 2691 1439 2720 Α.
1489 2693 1511 2708 ¹⁰
1524 2691 1683 2726 τιμωρῆσαι

79 2731 225 2774 τιν-ιαμ»
243 2748 264 2772 ς
301 2731 505 2773 ῖ¹’Μεγάϐυζον
522 2747 551 2771 ς.
592 2740 613 2757 ¹²
627 2731 738 2772 ’Ὄσιρις
751 2745 780 2768 ς.
798 2731 838 2762 sic
851 2739 879 2762 et
896 2731 1021 2768 posthac.
1060 2732 1083 2747 ¹³
1097 2731 1242 2767 Ἀρτίφυος
1255 2739 1286 2762 ς.

825 2794 930 2822 NOTAE

82 2840 204 2904 ψέξῃῆῆ
233 2844 359 2872 Amistris
370 2844 415 2873 illa
445 2844 566 2880 Ouophae
596 2843 661 2876 tilia,
692 2841 852 2871 Artaxerxae

906 2855 907 2858 η
927 2840 982 2873 ~(l)
997 2840 1033 2867 lta
1051 2839 1122 2868 Plut.
1149 2839 1174 2866 in
1191 2838 1342 2865 Artaxerxe
1367 2836 1450 2863 refert
1468 2832 1612 2873 Mesabatu:
1631 2839 1694 2859 cor-

902 2868 952 2912 pus
969 2868 1154 2903 transversum
1170 2874 1256 2901 tribus
1271 2873 1353 2902 fuisse
1368 2873 1450 2899 lixuui
1467 2868 1604 2898 crucibus.
