  <div class='ocr_page' id='page_1' title='image "/cluster/home/n/w/nwhite01/storage/ocr_20150623/103/njp.32101010943882/141.png"; bbox 0 0 1934 3089; ppageno 0'>
   <div class='ocr_carea' id='block_1_1' title="bbox 223 154 273 187">
    <p class='ocr_par' dir='ltr' id='par_1_1' title="bbox 223 154 273 187">
     <span class='ocr_line' id='line_1_1' title="bbox 223 154 273 187; baseline 0.02 -1"><span class='ocrx_word' id='word_1_1' title='bbox 223 154 273 187; x_wconf 77' lang='grc'><strong>191</strong></span> 
     </span>
    </p>
   </div>
   <div class='ocr_carea' id='block_1_2' title="bbox 812 152 1298 185">
    <p class='ocr_par' dir='ltr' id='par_1_2' title="bbox 812 152 1298 185">
     <span class='ocr_line' id='line_1_2' title="bbox 812 152 1298 185; baseline -0.006 0"><span class='ocrx_word' id='word_1_2' title='bbox 812 153 945 185; x_wconf 85' lang='grc' dir='ltr'><strong>ΡΗΟΤῙῙ</strong></span> <span class='ocrx_word' id='word_1_3' title='bbox 965 152 1222 184; x_wconf 67' lang='grc' dir='ltr'><strong>ΡΑΤΒΙΑΒΟΗΕ</strong></span> <span class='ocrx_word' id='word_1_4' title='bbox 1243 152 1298 183; x_wconf 88' lang='lat' dir='ltr'><strong>CP.</strong></span> 
     </span>
    </p>
   </div>
   <div class='ocr_carea' id='block_1_3' title="bbox 1802 152 1856 186">
    <p class='ocr_par' dir='ltr' id='par_1_3' title="bbox 1802 152 1856 186">
     <span class='ocr_line' id='line_1_3' title="bbox 1802 152 1856 186; baseline 0.019 -1"><span class='ocrx_word' id='word_1_5' title='bbox 1802 152 1856 186; x_wconf 79' lang='lat'><strong>192</strong></span> 
     </span>
    </p>
   </div>
   <div class='ocr_carea' id='block_1_4' title="bbox 220 200 1009 247">
    <p class='ocr_par' dir='ltr' id='par_1_4' title="bbox 220 211 1009 247">
     <span class='ocr_line' id='line_1_4' title="bbox 220 211 1009 247; baseline -0.003 -8"><span class='ocrx_word' id='word_1_6' title='bbox 220 211 361 247; x_wconf 73' lang='lat' dir='ltr'><strong>Megabyzi</strong></span> <span class='ocrx_word' id='word_1_7' title='bbox 395 211 459 238; x_wconf 82' lang='lat' dir='ltr'><strong>filiis</strong></span> <span class='ocrx_word' id='word_1_8' title='bbox 483 215 594 239; x_wconf 89' lang='lat' dir='ltr'><strong>strenue</strong></span> <span class='ocrx_word' id='word_1_9' title='bbox 627 211 820 247; x_wconf 71' lang='lat' dir='ltr'><strong>pugnantibus,</strong></span> <span class='ocrx_word' id='word_1_10' title='bbox 855 211 1009 247; x_wconf 74' lang='lat' dir='ltr'><strong>ingentique</strong></span> 
     </span>
    </p>
   </div>
   <div class='ocr_carea' id='block_1_5' title="bbox 1061 200 1852 247">
    <p class='ocr_par' dir='ltr' id='par_1_5' title="bbox 1063 200 1852 246">
     <span class='ocr_line' id='line_1_5' title="bbox 1063 200 1852 246; baseline -0.001 -10"><span class='ocrx_word' id='word_1_11' title='bbox 1063 210 1250 245; x_wconf 80' lang='grc' dir='ltr'>Περιποιεῖται</span> <span class='ocrx_word' id='word_1_12' title='bbox 1284 208 1399 246; x_wconf 75' lang='grc' dir='ltr'>Οὖσιριν</span> <span class='ocrx_word' id='word_1_13' title='bbox 1426 200 1576 244; x_wconf 72' lang='grc' dir='ltr'>ἐπιμελῶς,</span> <span class='ocrx_word' id='word_1_14' title='bbox 1600 209 1648 237; x_wconf 81' lang='grc' dir='ltr'>καὶ</span> <span class='ocrx_word' id='word_1_15' title='bbox 1690 210 1852 246; x_wconf 76' lang='grc' dir='ltr'><strong>ἀποπέμπει</strong></span> 
     </span>
    </p>
   </div>
   <div class='ocr_carea' id='block_1_6' title="bbox 223 257 1009 294">
    <p class='ocr_par' dir='ltr' id='par_1_6' title="bbox 223 257 1009 294">
     <span class='ocr_line' id='line_1_6' title="bbox 223 257 1009 294; baseline 0 -9"><span class='ocrx_word' id='word_1_16' title='bbox 223 258 386 294; x_wconf 77' lang='lat' dir='ltr'><strong>llegabyzus</strong></span> <span class='ocrx_word' id='word_1_17' title='bbox 418 258 521 293; x_wconf 86' lang='lat' dir='ltr'><strong>potitur</strong></span> <span class='ocrx_word' id='word_1_18' title='bbox 540 259 664 285; x_wconf 83' lang='lat' dir='ltr'><strong>victoria.</strong></span> <span class='ocrx_word' id='word_1_19' title='bbox 696 257 786 285; x_wconf 88' lang='lat' dir='ltr'><strong>Osirin</strong></span> <span class='ocrx_word' id='word_1_20' title='bbox 816 263 907 286; x_wconf 89' lang='lat' dir='ltr'><strong>autem</strong></span> <span class='ocrx_word' id='word_1_21' title='bbox 935 258 1009 285; x_wconf 92' lang='lat' dir='ltr'><strong>omni</strong></span> 
     </span>
    </p>
   </div>
   <div class='ocr_carea' id='block_1_7' title="bbox 223 304 1011 338">
    <p class='ocr_par' dir='ltr' id='par_1_7' title="bbox 223 304 1011 338">
     <span class='ocr_line' id='line_1_7' title="bbox 223 304 1011 338; baseline 0.001 -8"><span class='ocrx_word' id='word_1_22' title='bbox 223 311 289 331; x_wconf 87' lang='lat' dir='ltr'><strong>cura</strong></span> <span class='ocrx_word' id='word_1_23' title='bbox 314 311 478 331; x_wconf 79' lang='lat' dir='ltr'><strong>conservare</strong></span> <span class='ocrx_word' id='word_1_24' title='bbox 503 304 604 336; x_wconf 82' lang='lat' dir='ltr'><strong>studet,</strong></span> <span class='ocrx_word' id='word_1_25' title='bbox 629 311 709 338; x_wconf 84' lang='lat' dir='ltr'><strong>quem</strong></span> <span class='ocrx_word' id='word_1_26' title='bbox 734 304 814 331; x_wconf 90' lang='lat' dir='ltr'><strong>etiam</strong></span> <span class='ocrx_word' id='word_1_27' title='bbox 830 305 863 331; x_wconf 89' lang='lat' dir='ltr'><strong>ad</strong></span> <span class='ocrx_word' id='word_1_28' title='bbox 879 304 1011 331; x_wconf 83' lang='lat' dir='ltr'><strong>Artaxer-</strong></span> 
     </span>
    </p>
   </div>
   <div class='ocr_carea' id='block_1_8' title="bbox 224 349 1010 384">
    <p class='ocr_par' dir='ltr' id='par_1_8' title="bbox 224 349 1010 384">
     <span class='ocr_line' id='line_1_8' title="bbox 224 349 1010 384; baseline -0.003 -7"><span class='ocrx_word' id='word_1_29' title='bbox 224 358 273 377; x_wconf 82' lang='lat' dir='ltr'><strong>xen</strong></span> <span class='ocrx_word' id='word_1_30' title='bbox 286 370 292 381; x_wconf 83' lang='lat'><strong>.</strong></span> <span class='ocrx_word' id='word_1_31' title='bbox 311 351 398 384; x_wconf 88' lang='lat' dir='ltr'><strong>ipsmn</strong></span> <span class='ocrx_word' id='word_1_32' title='bbox 415 354 595 383; x_wconf 71' lang='lat' dir='ltr'><strong>repetentem,</strong></span> <span class='ocrx_word' id='word_1_33' title='bbox 610 350 724 377; x_wconf 79' lang='lat' dir='ltr'><strong>dimisit.</strong></span> <span class='ocrx_word' id='word_1_34' title='bbox 741 349 856 377; x_wconf 88' lang='lat' dir='ltr'><strong>Mittitur</strong></span> <span class='ocrx_word' id='word_1_35' title='bbox 871 349 969 377; x_wconf 87' lang='lat' dir='ltr'><strong>deinde</strong></span> <span class='ocrx_word' id='word_1_36' title='bbox 983 353 1010 376; x_wconf 87' lang='lat' dir='ltr'><strong>et</strong></span> 
     </span>
    </p>
   </div>
   <div class='ocr_carea' id='block_1_9' title="bbox 222 394 1010 431">
    <p class='ocr_par' dir='ltr' id='par_1_9' title="bbox 222 394 1010 431">
     <span class='ocr_line' id='line_1_9' title="bbox 222 394 1010 431; baseline -0.001 -8"><span class='ocrx_word' id='word_1_37' title='bbox 222 397 291 423; x_wconf 90' lang='lat' dir='ltr'><strong>alter</strong></span> <span class='ocrx_word' id='word_1_38' title='bbox 305 396 435 422; x_wconf 87' lang='lat' dir='ltr'><strong>adversus</strong></span> <span class='ocrx_word' id='word_1_39' title='bbox 460 395 636 431; x_wconf 76' lang='lat' dir='ltr'><strong>Megabyzum</strong></span> <span class='ocrx_word' id='word_1_40' title='bbox 661 395 809 427; x_wconf 83' lang='lat' dir='ltr'><strong>exercitus,</strong></span> <span class='ocrx_word' id='word_1_41' title='bbox 826 403 934 430; x_wconf 85' lang='lat' dir='ltr'><strong>unaque</strong></span> <span class='ocrx_word' id='word_1_42' title='bbox 954 394 1010 422; x_wconf 86' lang='lat' dir='ltr'><strong>Me-</strong></span> 
     </span>
    </p>
   </div>
   <div class='ocr_carea' id='block_1_10' title="bbox 221 440 1010 476">
    <p class='ocr_par' dir='ltr' id='par_1_10' title="bbox 221 440 1010 476">
     <span class='ocr_line' id='line_1_10' title="bbox 221 440 1010 476; baseline -0.001 -7"><span class='ocrx_word' id='word_1_43' title='bbox 221 446 370 474; x_wconf 79' lang='lat' dir='ltr'><strong>nostrates,</strong></span> <span class='ocrx_word' id='word_1_44' title='bbox 395 441 496 468; x_wconf 85' lang='lat' dir='ltr'><strong>Arlarii</strong></span> <span class='ocrx_word' id='word_1_45' title='bbox 517 441 609 468; x_wconf 84' lang='lat' dir='ltr'><strong>ﬁlius:</strong></span> <span class='ocrx_word' id='word_1_46' title='bbox 634 445 692 468; x_wconf 89' lang='lat' dir='ltr'><strong>erat</strong></span> <span class='ocrx_word' id='word_1_47' title='bbox 723 440 847 468; x_wconf 68' lang='lat' dir='ltr'><strong>Artorius</strong></span> <span class='ocrx_word' id='word_1_48' title='bbox 863 440 1010 476; x_wconf 74' lang='lat' dir='ltr'><strong>Babylonis</strong></span> 
     </span>
    </p>
   </div>
   <div class='ocr_carea' id='block_1_11' title="bbox 221 484 1010 521">
    <p class='ocr_par' dir='ltr' id='par_1_11' title="bbox 221 484 1010 521">
     <span class='ocr_line' id='line_1_11' title="bbox 221 484 1010 521; baseline -0.001 -8"><span class='ocrx_word' id='word_1_49' title='bbox 221 491 347 521; x_wconf 81' lang='lat' dir='ltr'><strong>satrapa,</strong></span> <span class='ocrx_word' id='word_1_50' title='bbox 381 492 408 513; x_wconf 88' lang='lat' dir='ltr'><strong>et</strong></span> <span class='ocrx_word' id='word_1_51' title='bbox 428 487 586 512; x_wconf 67' lang='lat' dir='ltr'><strong>Artaxerxae</strong></span> <span class='ocrx_word' id='word_1_52' title='bbox 612 485 697 520; x_wconf 80' lang='lat' dir='ltr'><strong>ipsius</strong></span> <span class='ocrx_word' id='word_1_53' title='bbox 719 485 815 512; x_wconf 78' lang='lat' dir='ltr'><strong>frater.</strong></span> <span class='ocrx_word' id='word_1_54' title='bbox 837 484 1010 512; x_wconf 86' lang='lat' dir='ltr'><strong>Concurrunt</strong></span> 
     </span>
    </p>
   </div>
   <div class='ocr_carea' id='block_1_12' title="bbox 220 529 1009 564">
    <p class='ocr_par' dir='ltr' id='par_1_12' title="bbox 220 529 1009 564">
     <span class='ocr_line' id='line_1_12' title="bbox 220 529 1009 564; baseline -0.004 -5"><span class='ocrx_word' id='word_1_55' title='bbox 220 532 319 559; x_wconf 84' lang='lat' dir='ltr'><strong>iterum</strong></span> <span class='ocrx_word' id='word_1_56' title='bbox 332 532 470 559; x_wconf 86' lang='lat' dir='ltr'><strong>exercitus</strong></span> <span class='ocrx_word' id='word_1_57' title='bbox 484 540 491 558; x_wconf 91' lang='lat'><strong>:</strong></span> <span class='ocrx_word' id='word_1_58' title='bbox 507 531 554 558; x_wconf 91' lang='lat' dir='ltr'><strong>sed</strong></span> <span class='ocrx_word' id='word_1_59' title='bbox 571 531 659 558; x_wconf 67' lang='lat' dir='ltr'><strong>Persa:</strong></span> <span class='ocrx_word' id='word_1_60' title='bbox 676 531 792 564; x_wconf 79' lang='lat' dir='ltr'><strong>fugiunt,</strong></span> <span class='ocrx_word' id='word_1_61' title='bbox 807 535 833 558; x_wconf 82' lang='lat' dir='ltr'><strong>et</strong></span> <span class='ocrx_word' id='word_1_62' title='bbox 845 529 1009 557; x_wconf 83' lang='lat' dir='ltr'><strong>Menostates</strong></span> 
     </span>
    </p>
   </div>
   <div class='ocr_carea' id='block_1_13' title="bbox 221 576 1009 612">
    <p class='ocr_par' dir='ltr' id='par_1_13' title="bbox 221 576 1009 612">
     <span class='ocr_line' id='line_1_13' title="bbox 221 576 1009 612; baseline -0.003 -7"><span class='ocrx_word' id='word_1_63' title='bbox 221 579 247 605; x_wconf 94' lang='lat' dir='ltr'><strong>in</strong></span> <span class='ocrx_word' id='word_1_64' title='bbox 269 578 382 605; x_wconf 83' lang='lat' dir='ltr'><strong>humero</strong></span> <span class='ocrx_word' id='word_1_65' title='bbox 412 584 426 603; x_wconf 73' lang='grc' dir='ltr'>ει</span> <span class='ocrx_word' id='word_1_66' title='bbox 450 577 595 612; x_wconf 79' lang='lat' dir='ltr'><strong>Megabyzo</strong></span> <span class='ocrx_word' id='word_1_67' title='bbox 619 576 781 612; x_wconf 89' lang='lat' dir='ltr'><strong>percutitur,</strong></span> <span class='ocrx_word' id='word_1_68' title='bbox 803 581 863 610; x_wconf 88' lang='lat' dir='ltr'><strong>post</strong></span> <span class='ocrx_word' id='word_1_69' title='bbox 883 576 1009 603; x_wconf 87' lang='lat' dir='ltr'><strong>etiamin</strong></span> 
     </span>
    </p>
   </div>
   <div class='ocr_carea' id='block_1_14' title="bbox 220 621 1007 659">
    <p class='ocr_par' dir='ltr' id='par_1_14' title="bbox 220 621 1007 659">
     <span class='ocr_line' id='line_1_14' title="bbox 220 621 1007 659; baseline -0.001 -9"><span class='ocrx_word' id='word_1_70' title='bbox 220 623 319 657; x_wconf 82' lang='lat' dir='ltr'><strong>capite,</strong></span> <span class='ocrx_word' id='word_1_71' title='bbox 345 627 374 649; x_wconf 90' lang='lat' dir='ltr'><strong>at</strong></span> <span class='ocrx_word' id='word_1_72' title='bbox 407 630 461 649; x_wconf 91' lang='lat' dir='ltr'><strong>non</strong></span> <span class='ocrx_word' id='word_1_73' title='bbox 489 621 582 648; x_wconf 83' lang='lat' dir='ltr'><strong>letbali</strong></span> <span class='ocrx_word' id='word_1_74' title='bbox 599 621 722 654; x_wconf 84' lang='lat' dir='ltr'><strong>vulnere,</strong></span> <span class='ocrx_word' id='word_1_75' title='bbox 747 622 862 659; x_wconf 79' lang='lat' dir='ltr'><strong>sagitam</strong></span> <span class='ocrx_word' id='word_1_76' title='bbox 890 621 1007 656; x_wconf 82' lang='lat' dir='ltr'><strong>excepit.</strong></span> 
     </span>
    </p>
   </div>
   <div class='ocr_carea' id='block_1_15' title="bbox 218 667 1009 703">
    <p class='ocr_par' dir='ltr' id='par_1_15' title="bbox 218 667 1009 703">
     <span class='ocr_line' id='line_1_15' title="bbox 218 667 1009 703; baseline -0.001 -8"><span class='ocrx_word' id='word_1_77' title='bbox 218 668 299 702; x_wconf 85' lang='lat' dir='ltr'><strong>Fugit</strong></span> <span class='ocrx_word' id='word_1_78' title='bbox 316 673 404 694; x_wconf 86' lang='lat' dir='ltr'><strong>tamen</strong></span> <span class='ocrx_word' id='word_1_79' title='bbox 427 676 486 695; x_wconf 90' lang='lat' dir='ltr'><strong>cum</strong></span> <span class='ocrx_word' id='word_1_80' title='bbox 503 667 561 695; x_wconf 86' lang='lat' dir='ltr'><strong>suis</strong></span> <span class='ocrx_word' id='word_1_81' title='bbox 585 668 723 699; x_wconf 88' lang='lat' dir='ltr'><strong>omnibus,</strong></span> <span class='ocrx_word' id='word_1_82' title='bbox 740 673 768 695; x_wconf 88' lang='lat' dir='ltr'><strong>et</strong></span> <span class='ocrx_word' id='word_1_83' title='bbox 785 667 932 703; x_wconf 83' lang='lat' dir='ltr'><strong>Megabyzo</strong></span> <span class='ocrx_word' id='word_1_84' title='bbox 946 667 1009 694; x_wconf 92' lang='lat' dir='ltr'><strong>illu-</strong></span> 
     </span>
    </p>
   </div>
   <div class='ocr_carea' id='block_1_16' title="bbox 220 713 1009 748">
    <p class='ocr_par' dir='ltr' id='par_1_16' title="bbox 220 713 1009 748">
     <span class='ocr_line' id='line_1_16' title="bbox 220 713 1009 748; baseline 0.001 -9"><span class='ocrx_word' id='word_1_85' title='bbox 220 718 304 740; x_wconf 89' lang='lat' dir='ltr'><strong>strem</strong></span> <span class='ocrx_word' id='word_1_86' title='bbox 319 713 462 740; x_wconf 86' lang='lat' dir='ltr'><strong>victoriam</strong></span> <span class='ocrx_word' id='word_1_87' title='bbox 478 713 615 742; x_wconf 79' lang='lat' dir='ltr'><strong>concedit.</strong></span> <span class='ocrx_word' id='word_1_88' title='bbox 633 713 680 740; x_wconf 85' lang='lat' dir='ltr'><strong>His</strong></span> <span class='ocrx_word' id='word_1_89' title='bbox 695 713 776 741; x_wconf 83' lang='lat' dir='ltr'><strong>rebus</strong></span> <span class='ocrx_word' id='word_1_90' title='bbox 788 713 824 740; x_wconf 85' lang='lat' dir='ltr'><strong>ita</strong></span> <span class='ocrx_word' id='word_1_91' title='bbox 839 715 932 748; x_wconf 78' lang='lat' dir='ltr'><strong>gestis,</strong></span> <span class='ocrx_word' id='word_1_92' title='bbox 951 721 1009 740; x_wconf 82' lang='lat' dir='ltr'><strong>mo-</strong></span> 
     </span>
    </p>
   </div>
   <div class='ocr_carea' id='block_1_17' title="bbox 219 757 1010 793">
    <p class='ocr_par' dir='ltr' id='par_1_17' title="bbox 219 757 1010 793">
     <span class='ocr_line' id='line_1_17' title="bbox 219 757 1010 793; baseline 0.001 -9"><span class='ocrx_word' id='word_1_93' title='bbox 219 763 266 784; x_wconf 90' lang='lat' dir='ltr'><strong>net</strong></span> <span class='ocrx_word' id='word_1_94' title='bbox 279 758 457 793; x_wconf 73' lang='lat' dir='ltr'><strong>Megabyzum</strong></span> <span class='ocrx_word' id='word_1_95' title='bbox 479 765 526 792; x_wconf 87' lang='lat' dir='ltr'><strong>per</strong></span> <span class='ocrx_word' id='word_1_96' title='bbox 540 757 646 792; x_wconf 82' lang='lat' dir='ltr'><strong>legatos</strong></span> <span class='ocrx_word' id='word_1_97' title='bbox 670 759 808 789; x_wconf 87' lang='lat' dir='ltr'><strong>Artarius,</strong></span> <span class='ocrx_word' id='word_1_98' title='bbox 825 765 885 785; x_wconf 84' lang='lat' dir='ltr'><strong>cum</strong></span> <span class='ocrx_word' id='word_1_99' title='bbox 901 765 964 793; x_wconf 84' lang='lat' dir='ltr'><strong>rege</strong></span> <span class='ocrx_word' id='word_1_100' title='bbox 979 761 1010 785; x_wconf 90' lang='lat' dir='ltr'><strong>nt</strong></span> 
     </span>
    </p>
   </div>
   <div class='ocr_carea' id='block_1_18' title="bbox 217 803 1008 839">
    <p class='ocr_par' dir='ltr' id='par_1_18' title="bbox 217 803 1008 839">
     <span class='ocr_line' id='line_1_18' title="bbox 217 803 1008 839; baseline 0 -9"><span class='ocrx_word' id='word_1_101' title='bbox 217 804 384 839; x_wconf 81' lang='lat' dir='ltr'><strong>paciscatur.</strong></span> <span class='ocrx_word' id='word_1_102' title='bbox 402 803 450 831; x_wconf 88' lang='lat' dir='ltr'><strong>Ille</strong></span> <span class='ocrx_word' id='word_1_103' title='bbox 471 810 501 831; x_wconf 88' lang='lat' dir='ltr'><strong>se</strong></span> <span class='ocrx_word' id='word_1_104' title='bbox 518 804 618 838; x_wconf 76' lang='lat' dir='ltr'><strong>pacisci</strong></span> <span class='ocrx_word' id='word_1_105' title='bbox 635 804 744 839; x_wconf 83' lang='lat' dir='ltr'><strong>quidem</strong></span> <span class='ocrx_word' id='word_1_106' title='bbox 765 811 826 831; x_wconf 89' lang='lat' dir='ltr'><strong>cum</strong></span> <span class='ocrx_word' id='word_1_107' title='bbox 844 810 907 838; x_wconf 88' lang='lat' dir='ltr'><strong>rege</strong></span> <span class='ocrx_word' id='word_1_108' title='bbox 926 810 1008 837; x_wconf 89' lang='lat' dir='ltr'><strong>para-</strong></span> 
     </span>
    </p>
   </div>
   <div class='ocr_carea' id='block_1_19' title="bbox 221 848 1007 884">
    <p class='ocr_par' dir='ltr' id='par_1_19' title="bbox 221 848 1007 884">
     <span class='ocr_line' id='line_1_19' title="bbox 221 848 1007 884; baseline 0 -9"><span class='ocrx_word' id='word_1_109' title='bbox 221 854 276 875; x_wconf 91' lang='lat' dir='ltr'><strong>tnm</strong></span> <span class='ocrx_word' id='word_1_110' title='bbox 292 849 423 881; x_wconf 87' lang='lat' dir='ltr'><strong>ostendit,</strong></span> <span class='ocrx_word' id='word_1_111' title='bbox 448 856 501 876; x_wconf 90' lang='lat' dir='ltr'><strong>non</strong></span> <span class='ocrx_word' id='word_1_112' title='bbox 520 854 609 876; x_wconf 92' lang='lat' dir='ltr'><strong>tamen</strong></span> <span class='ocrx_word' id='word_1_113' title='bbox 633 849 666 875; x_wconf 89' lang='lat' dir='ltr'><strong>ad</strong></span> <span class='ocrx_word' id='word_1_114' title='bbox 681 856 741 875; x_wconf 90' lang='lat' dir='ltr'><strong>eum</strong></span> <span class='ocrx_word' id='word_1_115' title='bbox 756 848 902 884; x_wconf 83' lang='lat' dir='ltr'><strong>proﬁcisci,</strong></span> <span class='ocrx_word' id='word_1_116' title='bbox 919 848 967 875; x_wconf 85' lang='lat' dir='ltr'><strong>sed</strong></span> <span class='ocrx_word' id='word_1_117' title='bbox 979 848 1007 875; x_wconf 91' lang='lat' dir='ltr'><strong>in</strong></span> 
     </span>
    </p>
   </div>
   <div class='ocr_carea' id='block_1_20' title="bbox 1060 255 1854 292">
    <p class='ocr_par' dir='ltr' id='par_1_20' title="bbox 1060 255 1854 292">
     <span class='ocr_line' id='line_1_20' title="bbox 1060 255 1854 292; baseline 0.001 -10"><span class='ocrx_word' id='word_1_118' title='bbox 1060 255 1140 282; x_wconf 79' lang='grc' dir='ltr'>τοῦτο</span> <span class='ocrx_word' id='word_1_119' title='bbox 1156 255 1340 291; x_wconf 74' lang='grc' dir='ltr'><strong>αἰτησάμενον</strong></span> <span class='ocrx_word' id='word_1_120' title='bbox 1365 255 1434 291; x_wconf 79' lang='grc' dir='ltr'>πρὸς</span> <span class='ocrx_word' id='word_1_121' title='bbox 1455 256 1646 292; x_wconf 74' lang='grc' dir='ltr'><strong>Ἀρτοξέρξην.</strong></span> <span class='ocrx_word' id='word_1_122' title='bbox 1661 256 1806 291; x_wconf 80' lang='grc' dir='ltr'>ιῐὲμπεται</span> <span class='ocrx_word' id='word_1_123' title='bbox 1823 257 1854 283; x_wconf 76' lang='grc' dir='ltr'>δὲ</span> 
     </span>
    </p>
   </div>
   <div class='ocr_carea' id='block_1_21' title="bbox 1060 301 1853 338">
    <p class='ocr_par' dir='ltr' id='par_1_21' title="bbox 1060 301 1853 338">
     <span class='ocr_line' id='line_1_21' title="bbox 1060 301 1853 338; baseline 0.001 -10"><span class='ocrx_word' id='word_1_124' title='bbox 1060 302 1122 329; x_wconf 78' lang='grc' dir='ltr'>κατ’</span> <span class='ocrx_word' id='word_1_125' title='bbox 1141 301 1223 328; x_wconf 81' lang='grc' dir='ltr'>αὑτοῦ</span> <span class='ocrx_word' id='word_1_126' title='bbox 1249 301 1331 337; x_wconf 78' lang='grc' dir='ltr'>ἑτέρα</span> <span class='ocrx_word' id='word_1_127' title='bbox 1360 302 1487 337; x_wconf 81' lang='grc' dir='ltr'>στρατιὰ.</span> <span class='ocrx_word' id='word_1_128' title='bbox 1514 301 1562 329; x_wconf 79' lang='grc' dir='ltr'><strong>καὶ</strong></span> <span class='ocrx_word' id='word_1_129' title='bbox 1578 302 1755 338; x_wconf 81' lang='grc' dir='ltr'>Μενοστάτης</span> <span class='ocrx_word' id='word_1_130' title='bbox 1772 303 1786 328; x_wconf 83' lang='grc' dir='ltr'><strong>ό</strong></span> <span class='ocrx_word' id='word_1_131' title='bbox 1804 303 1853 329; x_wconf 70' lang='grc' dir='ltr'><strong>τοῦ</strong></span> 
     </span>
    </p>
   </div>
   <div class='ocr_carea' id='block_1_22' title="bbox 1065 346 1852 383">
    <p class='ocr_par' dir='ltr' id='par_1_22' title="bbox 1065 346 1852 383">
     <span class='ocr_line' id='line_1_22' title="bbox 1065 346 1852 383; baseline 0 -10"><span class='ocrx_word' id='word_1_132' title='bbox 1065 347 1209 383; x_wconf 79' lang='grc' dir='ltr'>Ἀρταρίου</span> <span class='ocrx_word' id='word_1_133' title='bbox 1235 348 1317 378; x_wconf 79' lang='grc' dir='ltr'>παῖςο</span> <span class='ocrx_word' id='word_1_134' title='bbox 1334 347 1349 374; x_wconf 81' lang='grc' dir='ltr'><strong>ὁ</strong></span> <span class='ocrx_word' id='word_1_135' title='bbox 1360 347 1389 373; x_wconf 76' lang='grc' dir='ltr'>δὲ</span> <span class='ocrx_word' id='word_1_136' title='bbox 1405 347 1551 383; x_wconf 79' lang='grc' dir='ltr'>Ἀρτάριος</span> <span class='ocrx_word' id='word_1_137' title='bbox 1578 347 1722 383; x_wconf 79' lang='grc' dir='ltr'><strong>σατράπης</strong></span> <span class='ocrx_word' id='word_1_138' title='bbox 1751 348 1800 382; x_wconf 79' lang='grc' dir='ltr'>μὲν</span> <span class='ocrx_word' id='word_1_139' title='bbox 1815 346 1852 383; x_wconf 84' lang='grc' dir='ltr'>ἦν</span> 
     </span>
    </p>
   </div>
   <div class='ocr_carea' id='block_1_23' title="bbox 1060 392 1854 429">
    <p class='ocr_par' dir='ltr' id='par_1_23' title="bbox 1060 392 1854 429">
     <span class='ocr_line' id='line_1_23' title="bbox 1060 392 1854 429; baseline 0 -9"><span class='ocrx_word' id='word_1_140' title='bbox 1060 393 1229 424; x_wconf 87' lang='grc' dir='ltr'>Βαϐυλῶνος,</span> <span class='ocrx_word' id='word_1_141' title='bbox 1250 393 1426 429; x_wconf 77' lang='grc' dir='ltr'><strong>Ἀρτοξέρξου</strong></span> <span class='ocrx_word' id='word_1_142' title='bbox 1443 393 1472 419; x_wconf 84' lang='grc' dir='ltr'>δὲ</span> <span class='ocrx_word' id='word_1_143' title='bbox 1483 392 1606 427; x_wconf 77' lang='grc' dir='ltr'>ἀδελφός.</span> <span class='ocrx_word' id='word_1_144' title='bbox 1640 393 1695 420; x_wconf 78' lang='grc' dir='ltr'><strong>Καὶ</strong></span> <span class='ocrx_word' id='word_1_145' title='bbox 1726 394 1854 428; x_wconf 85' lang='grc' dir='ltr'>συμϐάλ-</span> 
     </span>
    </p>
   </div>
   <div class='ocr_carea' id='block_1_24' title="bbox 1060 438 1855 475">
    <p class='ocr_par' dir='ltr' id='par_1_24' title="bbox 1060 438 1855 475">
     <span class='ocr_line' id='line_1_24' title="bbox 1060 438 1855 475; baseline 0.001 -9"><span class='ocrx_word' id='word_1_146' title='bbox 1060 439 1151 466; x_wconf 82' lang='grc' dir='ltr'><strong>λουσιν</strong></span> <span class='ocrx_word' id='word_1_147' title='bbox 1165 439 1301 474; x_wconf 86' lang='grc' dir='ltr'>άλλήλοις,</span> <span class='ocrx_word' id='word_1_148' title='bbox 1314 439 1363 466; x_wconf 77' lang='grc' dir='ltr'><strong>καὶ</strong></span> <span class='ocrx_word' id='word_1_149' title='bbox 1383 438 1479 474; x_wconf 79' lang='grc' dir='ltr'><strong>φεύγει</strong></span> <span class='ocrx_word' id='word_1_150' title='bbox 1492 439 1508 473; x_wconf 87' lang='grc' dir='ltr'><strong>ἡ</strong></span> <span class='ocrx_word' id='word_1_151' title='bbox 1526 439 1648 475; x_wconf 82' lang='grc' dir='ltr'>Περσικὴ</span> <span class='ocrx_word' id='word_1_152' title='bbox 1662 439 1788 474; x_wconf 78' lang='grc' dir='ltr'>στρατιά,</span> <span class='ocrx_word' id='word_1_153' title='bbox 1804 439 1855 467; x_wconf 78' lang='grc' dir='ltr'><strong>καὶ</strong></span> 
     </span>
    </p>
   </div>
   <div class='ocr_carea' id='block_1_25' title="bbox 1059 480 1854 520">
    <p class='ocr_par' dir='ltr' id='par_1_25' title="bbox 1059 480 1854 520">
     <span class='ocr_line' id='line_1_25' title="bbox 1059 480 1854 520; baseline -0.001 -8"><span class='ocrx_word' id='word_1_154' title='bbox 1059 485 1235 520; x_wconf 83' lang='grc' dir='ltr'>Μενοστάτης</span> <span class='ocrx_word' id='word_1_155' title='bbox 1253 484 1378 519; x_wconf 77' lang='grc' dir='ltr'><strong>βάλλεται</strong></span> <span class='ocrx_word' id='word_1_156' title='bbox 1392 485 1432 516; x_wconf 83' lang='grc' dir='ltr'>εἰς</span> <span class='ocrx_word' id='word_1_157' title='bbox 1447 484 1493 510; x_wconf 71' lang='grc' dir='ltr'><strong>τὸν</strong></span> <span class='ocrx_word' id='word_1_158' title='bbox 1509 480 1583 518; x_wconf 77' lang='grc' dir='ltr'>ὦμον</span> <span class='ocrx_word' id='word_1_159' title='bbox 1600 483 1653 510; x_wconf 72' lang='grc' dir='ltr'><strong>ὑπὸ</strong></span> <span class='ocrx_word' id='word_1_160' title='bbox 1676 484 1854 518; x_wconf 76' lang='grc' dir='ltr'>Μεγαϐύζου,</span> 
     </span>
    </p>
   </div>
   <div class='ocr_carea' id='block_1_26' title="bbox 1059 528 1856 565">
    <p class='ocr_par' dir='ltr' id='par_1_26' title="bbox 1059 528 1856 565">
     <span class='ocr_line' id='line_1_26' title="bbox 1059 528 1856 565; baseline 0.001 -8"><span class='ocrx_word' id='word_1_161' title='bbox 1059 528 1120 558; x_wconf 84' lang='grc' dir='ltr'>εἷτα</span> <span class='ocrx_word' id='word_1_162' title='bbox 1139 530 1179 563; x_wconf 82' lang='grc' dir='ltr'><strong>εἰς</strong></span> <span class='ocrx_word' id='word_1_163' title='bbox 1195 529 1245 564; x_wconf 84' lang='grc' dir='ltr'><strong>τὴν</strong></span> <span class='ocrx_word' id='word_1_164' title='bbox 1264 530 1385 564; x_wconf 81' lang='grc' dir='ltr'>κεφαλὴν</span> <span class='ocrx_word' id='word_1_165' title='bbox 1402 529 1540 563; x_wconf 79' lang='grc' dir='ltr'>τοξεύεται</span> <span class='ocrx_word' id='word_1_166' title='bbox 1555 529 1585 556; x_wconf 86' lang='grc' dir='ltr'>οὐ</span> <span class='ocrx_word' id='word_1_167' title='bbox 1600 529 1723 565; x_wconf 78' lang='grc' dir='ltr'>καιρίαν.</span> <span class='ocrx_word' id='word_1_168' title='bbox 1755 531 1856 565; x_wconf 79' lang='grc' dir='ltr'><strong>φεύγει</strong></span> 
     </span>
    </p>
   </div>
   <div class='ocr_carea' id='block_1_27' title="bbox 1059 574 1857 612">
    <p class='ocr_par' dir='ltr' id='par_1_27' title="bbox 1059 574 1857 612">
     <span class='ocr_line' id='line_1_27' title="bbox 1059 574 1857 612; baseline 0 -9"><span class='ocrx_word' id='word_1_169' title='bbox 1059 575 1087 603; x_wconf 80' lang='grc' dir='ltr'>δὲ</span> <span class='ocrx_word' id='word_1_170' title='bbox 1099 577 1173 612; x_wconf 80' lang='grc' dir='ltr'>ὅμως</span> <span class='ocrx_word' id='word_1_171' title='bbox 1187 575 1268 607; x_wconf 79' lang='grc' dir='ltr'>αὐτὸς</span> <span class='ocrx_word' id='word_1_172' title='bbox 1294 575 1341 602; x_wconf 78' lang='grc' dir='ltr'><strong>καὶ</strong></span> <span class='ocrx_word' id='word_1_173' title='bbox 1356 575 1381 602; x_wconf 77' lang='lat' dir='ltr'><strong>oi</strong></span> <span class='ocrx_word' id='word_1_174' title='bbox 1396 576 1454 610; x_wconf 82' lang='grc' dir='ltr'>μετ’</span> <span class='ocrx_word' id='word_1_175' title='bbox 1481 574 1578 608; x_wconf 85' lang='grc' dir='ltr'>αὑτοῦ,</span> <span class='ocrx_word' id='word_1_176' title='bbox 1595 576 1641 602; x_wconf 71' lang='grc' dir='ltr'>καὶ</span> <span class='ocrx_word' id='word_1_177' title='bbox 1657 575 1718 612; x_wconf 87' lang='grc' dir='ltr'>νίκη</span> <span class='ocrx_word' id='word_1_178' title='bbox 1737 577 1857 612; x_wconf 61' lang='grc' dir='ltr'>λαμπρὰ</span> 
     </span>
    </p>
   </div>
   <div class='ocr_carea' id='block_1_28' title="bbox 1058 620 1857 658">
    <p class='ocr_par' dir='ltr' id='par_1_28' title="bbox 1058 620 1857 658">
     <span class='ocr_line' id='line_1_28' title="bbox 1058 620 1857 658; baseline 0.001 -10"><span class='ocrx_word' id='word_1_179' title='bbox 1058 621 1163 656; x_wconf 89' lang='grc' dir='ltr'>γίνεται</span> <span class='ocrx_word' id='word_1_180' title='bbox 1185 621 1353 657; x_wconf 78' lang='grc' dir='ltr'>Μεγαϐύζῳ.</span> <span class='ocrx_word' id='word_1_181' title='bbox 1384 620 1532 657; x_wconf 81' lang='grc' dir='ltr'>Ἀρτάριος</span> <span class='ocrx_word' id='word_1_182' title='bbox 1546 621 1575 648; x_wconf 80' lang='grc' dir='ltr'>δὲ</span> <span class='ocrx_word' id='word_1_183' title='bbox 1589 621 1695 657; x_wconf 78' lang='grc' dir='ltr'><strong>πέμπει</strong></span> <span class='ocrx_word' id='word_1_184' title='bbox 1711 622 1780 658; x_wconf 80' lang='grc' dir='ltr'>πρὸς</span> <span class='ocrx_word' id='word_1_185' title='bbox 1796 623 1857 649; x_wconf 88' lang='grc' dir='ltr'>Με-</span> 
     </span>
    </p>
   </div>
   <div class='ocr_carea' id='block_1_29' title="bbox 1059 667 1857 703">
    <p class='ocr_par' dir='ltr' id='par_1_29' title="bbox 1059 667 1857 703">
     <span class='ocr_line' id='line_1_29' title="bbox 1059 667 1857 703; baseline 0.001 -9"><span class='ocrx_word' id='word_1_186' title='bbox 1059 667 1191 701; x_wconf 78' lang='grc' dir='ltr'>γάϐυζον,</span> <span class='ocrx_word' id='word_1_187' title='bbox 1217 668 1265 694; x_wconf 72' lang='grc' dir='ltr'>καὶ</span> <span class='ocrx_word' id='word_1_188' title='bbox 1296 668 1425 703; x_wconf 83' lang='grc' dir='ltr'>παραινεῖ</span> <span class='ocrx_word' id='word_1_189' title='bbox 1451 667 1616 694; x_wconf 86' lang='grc' dir='ltr'>σπείσασθαι</span> <span class='ocrx_word' id='word_1_190' title='bbox 1646 667 1770 702; x_wconf 77' lang='grc' dir='ltr'>βασιλεῖ’</span> <span class='ocrx_word' id='word_1_191' title='bbox 1790 669 1804 694; x_wconf 80' lang='grc' dir='ltr'><strong>ὁ</strong></span> <span class='ocrx_word' id='word_1_192' title='bbox 1824 669 1857 695; x_wconf 76' lang='grc' dir='ltr'>δὲ</span> 
     </span>
    </p>
   </div>
   <div class='ocr_carea' id='block_1_30' title="bbox 1058 712 1858 750">
    <p class='ocr_par' dir='ltr' id='par_1_30' title="bbox 1058 712 1858 750">
     <span class='ocr_line' id='line_1_30' title="bbox 1058 712 1858 750; baseline 0 -10"><span class='ocrx_word' id='word_1_193' title='bbox 1058 713 1132 750; x_wconf 87' lang='grc' dir='ltr'><strong>δηλοί</strong></span> <span class='ocrx_word' id='word_1_194' title='bbox 1149 713 1312 741; x_wconf 83' lang='grc' dir='ltr'>σπείσασθαι</span> <span class='ocrx_word' id='word_1_195' title='bbox 1328 714 1378 748; x_wconf 83' lang='grc' dir='ltr'>μὲν</span> <span class='ocrx_word' id='word_1_196' title='bbox 1393 712 1535 749; x_wconf 79' lang='grc' dir='ltr'>βούλεσθαι</span> <span class='ocrx_word' id='word_1_197' title='bbox 1548 714 1595 740; x_wconf 78' lang='grc' dir='ltr'>καὶ</span> <span class='ocrx_word' id='word_1_198' title='bbox 1610 713 1704 747; x_wconf 77' lang='grc' dir='ltr'>αὑτὸν,</span> <span class='ocrx_word' id='word_1_199' title='bbox 1715 714 1747 740; x_wconf 77' lang='grc' dir='ltr'>οὐ</span> <span class='ocrx_word' id='word_1_200' title='bbox 1761 714 1858 749; x_wconf 85' lang='grc' dir='ltr'>μέντοι</span> 
     </span>
    </p>
   </div>
   <div class='ocr_carea' id='block_1_31' title="bbox 1060 757 1856 797">
    <p class='ocr_par' dir='ltr' id='par_1_31' title="bbox 1060 757 1856 797">
     <span class='ocr_line' id='line_1_31' title="bbox 1060 757 1856 797; baseline 0 -10"><span class='ocrx_word' id='word_1_201' title='bbox 1060 760 1264 797; x_wconf 81' lang='grc' dir='ltr'><strong>παραγενέσθαι</strong></span> <span class='ocrx_word' id='word_1_202' title='bbox 1282 760 1351 796; x_wconf 80' lang='grc' dir='ltr'>πρὸς</span> <span class='ocrx_word' id='word_1_203' title='bbox 1363 759 1486 795; x_wconf 87' lang='grc' dir='ltr'>βασιλέα,</span> <span class='ocrx_word' id='word_1_204' title='bbox 1503 759 1560 787; x_wconf 81' lang='grc' dir='ltr'>ἀλλ’</span> <span class='ocrx_word' id='word_1_205' title='bbox 1574 760 1616 794; x_wconf 76' lang='grc' dir='ltr'><strong>ἐφ’</strong></span> <span class='ocrx_word' id='word_1_206' title='bbox 1670 760 1762 796; x_wconf 75' lang='grc' dir='ltr'>μένειν</span> <span class='ocrx_word' id='word_1_207' title='bbox 1774 761 1803 787; x_wconf 86' lang='grc' dir='ltr'>ὲν</span> <span class='ocrx_word' id='word_1_208' title='bbox 1819 761 1856 796; x_wconf 82' lang='grc' dir='ltr'><strong>τῇ</strong></span> 
     </span>
    </p>
   </div>
   <div class='ocr_carea' id='block_1_32' title="bbox 1058 805 1856 841">
    <p class='ocr_par' dir='ltr' id='par_1_32' title="bbox 1058 805 1856 841">
     <span class='ocr_line' id='line_1_32' title="bbox 1058 805 1856 841; baseline -0.001 -8"><span class='ocrx_word' id='word_1_209' title='bbox 1058 806 1156 834; x_wconf 82' lang='grc' dir='ltr'>ἑαυτοῦ</span> <span class='ocrx_word' id='word_1_210' title='bbox 1168 807 1199 834; x_wconf 76' lang='grc'><strong>¹⁵.</strong></span> <span class='ocrx_word' id='word_1_211' title='bbox 1212 806 1429 841; x_wconf 78' lang='grc' dir='ltr'>’Δπαγγέλλεται</span> <span class='ocrx_word' id='word_1_212' title='bbox 1449 806 1536 833; x_wconf 80' lang='grc' dir='ltr'>ταῦτα</span> <span class='ocrx_word' id='word_1_213' title='bbox 1559 805 1675 841; x_wconf 83' lang='grc' dir='ltr'>βασιλεῖ,</span> <span class='ocrx_word' id='word_1_214' title='bbox 1705 806 1753 833; x_wconf 77' lang='grc' dir='ltr'><strong>καὶ</strong></span> <span class='ocrx_word' id='word_1_215' title='bbox 1775 815 1856 841; x_wconf 79' lang='grc' dir='ltr'>συμ-</span> 
     </span>
    </p>
   </div>
   <div class='ocr_carea' id='block_1_33' title="bbox 1059 851 1855 888">
    <p class='ocr_par' dir='ltr' id='par_1_33' title="bbox 1059 851 1855 888">
     <span class='ocr_line' id='line_1_33' title="bbox 1059 851 1855 888; baseline 0 -10"><span class='ocrx_word' id='word_1_216' title='bbox 1059 851 1234 878; x_wconf 83' lang='grc' dir='ltr'>ϐουλεύουσιν</span> <span class='ocrx_word' id='word_1_217' title='bbox 1258 851 1428 888; x_wconf 79' lang='grc' dir='ltr'>Ἀρτοξάρης</span> <span class='ocrx_word' id='word_1_218' title='bbox 1437 856 1468 878; x_wconf 84' lang='grc' dir='ltr'>τε</span> <span class='ocrx_word' id='word_1_219' title='bbox 1487 852 1502 878; x_wconf 81' lang='grc' dir='ltr'>ὁ</span> <span class='ocrx_word' id='word_1_220' title='bbox 1517 851 1673 886; x_wconf 84' lang='grc' dir='ltr'>Παφλαγὼν</span> <span class='ocrx_word' id='word_1_221' title='bbox 1710 852 1855 887; x_wconf 76' lang='grc' dir='ltr'>εὐνοῦχος,</span> 
     </span>
    </p>
   </div>
   <div class='ocr_carea' id='block_1_34' title="bbox 217 892 1009 933">
    <p class='ocr_par' dir='ltr' id='par_1_34' title="bbox 217 895 1005 931">
     <span class='ocr_line' id='line_1_34' title="bbox 217 895 1005 931; baseline -0.004 -7"><span class='ocrx_word' id='word_1_222' title='bbox 217 903 268 924; x_wconf 69' lang='lat' dir='ltr'><strong>sua</strong></span> <span class='ocrx_word' id='word_1_223' title='bbox 284 904 393 923; x_wconf 85' lang='lat' dir='ltr'><strong>manere</strong></span> <span class='ocrx_word' id='word_1_224' title='bbox 411 896 550 931; x_wconf 87' lang='lat' dir='ltr'><strong>provincia</strong></span> <span class='ocrx_word' id='word_1_225' title='bbox 572 895 651 922; x_wconf 83' lang='lat' dir='ltr'><strong>velle.</strong></span> <span class='ocrx_word' id='word_1_226' title='bbox 669 895 732 923; x_wconf 63' lang='lat' dir='ltr'><strong>Haec</strong></span> <span class='ocrx_word' id='word_1_227' title='bbox 754 895 809 930; x_wconf 81' lang='lat' dir='ltr'><strong>regi</strong></span> <span class='ocrx_word' id='word_1_228' title='bbox 834 895 1005 926; x_wconf 85' lang='lat' dir='ltr'><strong>nuntiantur.</strong></span> 
     </span>
    </p>
   </div>
   <div class='ocr_carea' id='block_1_35' title="bbox 1061 892 1859 933">
    <p class='ocr_par' dir='ltr' id='par_1_35' title="bbox 1061 897 1859 933">
     <span class='ocr_line' id='line_1_35' title="bbox 1061 897 1859 933; baseline 0 -9"><span class='ocrx_word' id='word_1_229' title='bbox 1061 897 1186 925; x_wconf 83' lang='grc' dir='ltr'>ἀλλὰκαὶ</span> <span class='ocrx_word' id='word_1_230' title='bbox 1198 898 1215 933; x_wconf 79' lang='grc' dir='ltr'>ἡ</span> <span class='ocrx_word' id='word_1_231' title='bbox 1230 897 1393 933; x_wconf 81' lang='grc' dir='ltr'>Ἀμῆστρις,</span> <span class='ocrx_word' id='word_1_232' title='bbox 1426 897 1529 933; x_wconf 76' lang='grc' dir='ltr'>σπουδῇ</span> <span class='ocrx_word' id='word_1_233' title='bbox 1548 897 1723 924; x_wconf 80' lang='grc' dir='ltr'>σπείσασθαι.</span> <span class='ocrx_word' id='word_1_234' title='bbox 1741 898 1859 933; x_wconf 82' lang='grc' dir='ltr'>Πέμπε-</span> 
     </span>
    </p>
   </div>
   <div class='ocr_carea' id='block_1_36' title="bbox 218 941 1004 977">
    <p class='ocr_par' dir='ltr' id='par_1_36' title="bbox 218 941 1004 977">
     <span class='ocr_line' id='line_1_36' title="bbox 218 941 1004 977; baseline 0.001 -9"><span class='ocrx_word' id='word_1_235' title='bbox 218 949 299 977; x_wconf 86' lang='lat' dir='ltr'><strong>quem</strong></span> <span class='ocrx_word' id='word_1_236' title='bbox 318 943 474 974; x_wconf 77' lang='lat' dir='ltr'><strong>Artoxares,</strong></span> <span class='ocrx_word' id='word_1_237' title='bbox 495 949 510 970; x_wconf 85' lang='lat' dir='ltr'><strong>e</strong></span> <span class='ocrx_word' id='word_1_238' title='bbox 523 941 704 977; x_wconf 71' lang='lat' dir='ltr'><strong>Paphlagonia</strong></span> <span class='ocrx_word' id='word_1_239' title='bbox 725 942 876 974; x_wconf 88' lang='lat' dir='ltr'><strong>eunuchus,</strong></span> <span class='ocrx_word' id='word_1_240' title='bbox 891 941 1004 976; x_wconf 79' lang='lat' dir='ltr'><strong>ipsaque</strong></span> 
     </span>
    </p>
   </div>
   <div class='ocr_carea' id='block_1_37' title="bbox 220 987 1009 1023">
    <p class='ocr_par' dir='ltr' id='par_1_37' title="bbox 220 987 1009 1023">
     <span class='ocr_line' id='line_1_37' title="bbox 220 987 1009 1023; baseline 0 -9"><span class='ocrx_word' id='word_1_241' title='bbox 220 988 288 1014; x_wconf 82' lang='lat' dir='ltr'><strong>adeo</strong></span> <span class='ocrx_word' id='word_1_242' title='bbox 314 988 443 1015; x_wconf 81' lang='lat' dir='ltr'><strong>Amistris</strong></span> <span class='ocrx_word' id='word_1_243' title='bbox 473 989 627 1019; x_wconf 86' lang='lat' dir='ltr'><strong>hortantur.</strong></span> <span class='ocrx_word' id='word_1_244' title='bbox 658 995 772 1023; x_wconf 87' lang='lat' dir='ltr'><strong>propere</strong></span> <span class='ocrx_word' id='word_1_245' title='bbox 794 991 823 1014; x_wconf 93' lang='lat' dir='ltr'><strong>ut</strong></span> <span class='ocrx_word' id='word_1_246' title='bbox 843 987 1009 1022; x_wconf 84' lang='lat' dir='ltr'><strong>paciscatur.</strong></span> 
     </span>
    </p>
   </div>
   <div class='ocr_carea' id='block_1_38' title="bbox 219 1033 1010 1068">
    <p class='ocr_par' dir='ltr' id='par_1_38' title="bbox 219 1033 1010 1068">
     <span class='ocr_line' id='line_1_38' title="bbox 219 1033 1010 1068; baseline 0 -8"><span class='ocrx_word' id='word_1_247' title='bbox 219 1033 279 1067; x_wconf 86' lang='lat' dir='ltr'><strong>Ipse</strong></span> <span class='ocrx_word' id='word_1_248' title='bbox 302 1034 393 1067; x_wconf 85' lang='lat' dir='ltr'><strong>itaque</strong></span> <span class='ocrx_word' id='word_1_249' title='bbox 411 1033 546 1064; x_wconf 80' lang='lat' dir='ltr'><strong>Artarius,</strong></span> <span class='ocrx_word' id='word_1_250' title='bbox 562 1037 590 1060; x_wconf 84' lang='lat' dir='ltr'><strong>et</strong></span> <span class='ocrx_word' id='word_1_251' title='bbox 609 1033 716 1068; x_wconf 83' lang='lat' dir='ltr'><strong>Amytis</strong></span> <span class='ocrx_word' id='word_1_252' title='bbox 743 1040 823 1065; x_wconf 83' lang='lat' dir='ltr'><strong>uxor,</strong></span> <span class='ocrx_word' id='word_1_253' title='bbox 840 1040 948 1067; x_wconf 83' lang='lat' dir='ltr'><strong>unaque</strong></span> <span class='ocrx_word' id='word_1_254' title='bbox 962 1034 1010 1060; x_wconf 79' lang='lat' dir='ltr'><strong>Ar~</strong></span> 
     </span>
    </p>
   </div>
   <div class='ocr_carea' id='block_1_39' title="bbox 219 1076 1010 1113">
    <p class='ocr_par' dir='ltr' id='par_1_39' title="bbox 219 1076 1010 1113">
     <span class='ocr_line' id='line_1_39' title="bbox 219 1076 1010 1113; baseline 0 -8"><span class='ocrx_word' id='word_1_255' title='bbox 219 1083 340 1111; x_wconf 86' lang='lat' dir='ltr'><strong>toxares,</strong></span> <span class='ocrx_word' id='word_1_256' title='bbox 359 1079 519 1106; x_wconf 88' lang='lat' dir='ltr'><strong>vicesimum</strong></span> <span class='ocrx_word' id='word_1_257' title='bbox 533 1078 590 1113; x_wconf 83' lang='lat' dir='ltr'><strong>jam</strong></span> <span class='ocrx_word' id='word_1_258' title='bbox 617 1085 700 1111; x_wconf 80' lang='lat' dir='ltr'><strong>agens</strong></span> <span class='ocrx_word' id='word_1_259' title='bbox 724 1085 835 1110; x_wconf 85' lang='lat' dir='ltr'><strong>annum,</strong></span> <span class='ocrx_word' id='word_1_260' title='bbox 854 1082 882 1104; x_wconf 90' lang='lat' dir='ltr'><strong>et</strong></span> <span class='ocrx_word' id='word_1_261' title='bbox 896 1076 1010 1106; x_wconf 83' lang='lat' dir='ltr'><strong>Osioros</strong></span> 
     </span>
    </p>
   </div>
   <div class='ocr_carea' id='block_1_40' title="bbox 219 1123 1009 1160">
    <p class='ocr_par' dir='ltr' id='par_1_40' title="bbox 219 1123 1009 1160">
     <span class='ocr_line' id='line_1_40' title="bbox 219 1123 1009 1160; baseline 0 -9"><span class='ocrx_word' id='word_1_262' title='bbox 219 1125 293 1152; x_wconf 88' lang='lat' dir='ltr'><strong>[llius</strong></span> <span class='ocrx_word' id='word_1_263' title='bbox 310 1125 424 1156; x_wconf 83' lang='lat' dir='ltr'><strong>Petisas,</strong></span> <span class='ocrx_word' id='word_1_264' title='bbox 441 1125 485 1160; x_wconf 87' lang='lat' dir='ltr'><strong>qni</strong></span> <span class='ocrx_word' id='word_1_265' title='bbox 503 1128 529 1152; x_wconf 89' lang='lat' dir='ltr'><strong>et</strong></span> <span class='ocrx_word' id='word_1_266' title='bbox 545 1124 676 1159; x_wconf 65' lang='lat' dir='ltr'><strong>Spitamae</strong></span> <span class='ocrx_word' id='word_1_267' title='bbox 697 1128 785 1159; x_wconf 86' lang='lat' dir='ltr'><strong>pater,</strong></span> <span class='ocrx_word' id='word_1_268' title='bbox 802 1124 960 1152; x_wconf 86' lang='lat' dir='ltr'><strong>mittuntur.</strong></span> <span class='ocrx_word' id='word_1_269' title='bbox 977 1123 1009 1151; x_wconf 87' lang='lat' dir='ltr'><strong>Hi</strong></span> 
     </span>
    </p>
   </div>
   <div class='ocr_carea' id='block_1_41' title="bbox 221 1169 1008 1204">
    <p class='ocr_par' dir='ltr' id='par_1_41' title="bbox 221 1169 1008 1204">
     <span class='ocr_line' id='line_1_41' title="bbox 221 1169 1008 1204; baseline -0.003 -7"><span class='ocrx_word' id='word_1_270' title='bbox 221 1171 310 1197; x_wconf 84' lang='lat' dir='ltr'><strong>multis</strong></span> <span class='ocrx_word' id='word_1_271' title='bbox 335 1171 508 1197; x_wconf 84' lang='lat' dir='ltr'><strong>sermonibus</strong></span> <span class='ocrx_word' id='word_1_272' title='bbox 523 1178 554 1198; x_wconf 91' lang='lat' dir='ltr'><strong>ac</strong></span> <span class='ocrx_word' id='word_1_273' title='bbox 577 1170 742 1204; x_wconf 79' lang='lat' dir='ltr'><strong>iuramentis</strong></span> <span class='ocrx_word' id='word_1_274' title='bbox 764 1177 890 1196; x_wconf 89' lang='lat' dir='ltr'><strong>securum</strong></span> <span class='ocrx_word' id='word_1_275' title='bbox 918 1169 1008 1204; x_wconf 78' lang='lat' dir='ltr'><strong>Mega-</strong></span> 
     </span>
    </p>
   </div>
   <div class='ocr_carea' id='block_1_42' title="bbox 217 1215 1008 1252">
    <p class='ocr_par' dir='ltr' id='par_1_42' title="bbox 217 1215 1008 1252">
     <span class='ocr_line' id='line_1_42' title="bbox 217 1215 1008 1252; baseline -0.004 -8"><span class='ocrx_word' id='word_1_276' title='bbox 217 1217 316 1252; x_wconf 82' lang='lat' dir='ltr'><strong>byzum</strong></span> <span class='ocrx_word' id='word_1_277' title='bbox 342 1217 498 1249; x_wconf 82' lang='lat' dir='ltr'><strong>reddentcs,</strong></span> <span class='ocrx_word' id='word_1_278' title='bbox 525 1224 598 1251; x_wconf 69' lang='lat' dir='ltr'><strong>aegre</strong></span> <span class='ocrx_word' id='word_1_279' title='bbox 623 1221 713 1244; x_wconf 89' lang='lat' dir='ltr'><strong>tamen</strong></span> <span class='ocrx_word' id='word_1_280' title='bbox 737 1216 912 1250; x_wconf 81' lang='lat' dir='ltr'><strong>persuadent,</strong></span> <span class='ocrx_word' id='word_1_281' title='bbox 930 1220 960 1241; x_wconf 94' lang='lat' dir='ltr'><strong>ut</strong></span> <span class='ocrx_word' id='word_1_282' title='bbox 975 1215 1008 1242; x_wconf 87' lang='lat' dir='ltr'><strong>ad</strong></span> 
     </span>
    </p>
   </div>
   <div class='ocr_carea' id='block_1_43' title="bbox 219 1260 1010 1297">
    <p class='ocr_par' dir='ltr' id='par_1_43' title="bbox 219 1260 1010 1297">
     <span class='ocr_line' id='line_1_43' title="bbox 219 1260 1010 1297; baseline -0.001 -9"><span class='ocrx_word' id='word_1_283' title='bbox 219 1270 310 1297; x_wconf 80' lang='lat' dir='ltr'><strong>regem</strong></span> <span class='ocrx_word' id='word_1_284' title='bbox 338 1262 536 1297; x_wconf 81' lang='lat' dir='ltr'><strong>proficiscatur.</strong></span> <span class='ocrx_word' id='word_1_285' title='bbox 564 1262 615 1289; x_wconf 90' lang='lat' dir='ltr'><strong>Cui</strong></span> <span class='ocrx_word' id='word_1_286' title='bbox 633 1263 742 1289; x_wconf 92' lang='lat' dir='ltr'><strong>tandem</strong></span> <span class='ocrx_word' id='word_1_287' title='bbox 765 1269 887 1292; x_wconf 82' lang='lat' dir='ltr'><strong>reverso,</strong></span> <span class='ocrx_word' id='word_1_288' title='bbox 905 1269 952 1288; x_wconf 82' lang='lat' dir='ltr'><strong>rex</strong></span> <span class='ocrx_word' id='word_1_289' title='bbox 972 1260 1010 1288; x_wconf 88' lang='lat' dir='ltr'><strong>si-</strong></span> 
     </span>
    </p>
   </div>
   <div class='ocr_carea' id='block_1_44' title="bbox 218 1307 1006 1343">
    <p class='ocr_par' dir='ltr' id='par_1_44' title="bbox 218 1307 1006 1343">
     <span class='ocr_line' id='line_1_44' title="bbox 218 1307 1006 1343; baseline -0.001 -9"><span class='ocrx_word' id='word_1_290' title='bbox 218 1309 368 1343; x_wconf 77' lang='lat' dir='ltr'><strong>gniﬁcavit,</strong></span> <span class='ocrx_word' id='word_1_291' title='bbox 390 1309 497 1335; x_wconf 83' lang='lat' dir='ltr'><strong>veniam</strong></span> <span class='ocrx_word' id='word_1_292' title='bbox 523 1316 552 1336; x_wconf 91' lang='lat' dir='ltr'><strong>se</strong></span> <span class='ocrx_word' id='word_1_293' title='bbox 577 1309 614 1335; x_wconf 84' lang='lat' dir='ltr'><strong>illi</strong></span> <span class='ocrx_word' id='word_1_294' title='bbox 639 1315 733 1336; x_wconf 90' lang='lat' dir='ltr'><strong>eorum</strong></span> <span class='ocrx_word' id='word_1_295' title='bbox 759 1315 819 1343; x_wconf 64' lang='lat' dir='ltr'><strong>qua;</strong></span> <span class='ocrx_word' id='word_1_296' title='bbox 841 1307 1006 1339; x_wconf 75' lang='lat' dir='ltr'><strong>admisisset,</strong></span> 
     </span>
    </p>
   </div>
   <div class='ocr_carea' id='block_1_45' title="bbox 219 1354 1006 1389">
    <p class='ocr_par' dir='ltr' id='par_1_45' title="bbox 219 1354 1006 1389">
     <span class='ocr_line' id='line_1_45' title="bbox 219 1354 1006 1389; baseline -0.003 -7"><span class='ocrx_word' id='word_1_297' title='bbox 219 1356 295 1382; x_wconf 87' lang='lat' dir='ltr'><strong>dare.</strong></span> <span class='ocrx_word' id='word_1_298' title='bbox 318 1354 453 1389; x_wconf 74' lang='lat' dir='ltr'><strong>Egressus</strong></span> <span class='ocrx_word' id='word_1_299' title='bbox 467 1359 527 1389; x_wconf 89' lang='lat' dir='ltr'><strong>post</strong></span> <span class='ocrx_word' id='word_1_300' title='bbox 550 1354 608 1381; x_wconf 68' lang='lat' dir='ltr'><strong>hmc</strong></span> <span class='ocrx_word' id='word_1_301' title='bbox 624 1354 770 1388; x_wconf 79' lang='lat' dir='ltr'><strong>aliquando</strong></span> <span class='ocrx_word' id='word_1_302' title='bbox 785 1354 818 1380; x_wconf 87' lang='lat' dir='ltr'><strong>ad</strong></span> <span class='ocrx_word' id='word_1_303' title='bbox 835 1354 1006 1381; x_wconf 81' lang='lat' dir='ltr'><strong>venationem</strong></span> 
     </span>
    </p>
   </div>
   <div class='ocr_carea' id='block_1_46' title="bbox 219 1399 1009 1434">
    <p class='ocr_par' dir='ltr' id='par_1_46' title="bbox 219 1399 1009 1434">
     <span class='ocr_line' id='line_1_46' title="bbox 219 1399 1009 1434; baseline -0.001 -7"><span class='ocrx_word' id='word_1_304' title='bbox 219 1408 278 1434; x_wconf 92' lang='lat' dir='ltr'><strong>rex,</strong></span> <span class='ocrx_word' id='word_1_305' title='bbox 297 1408 312 1427; x_wconf 89' lang='lat' dir='ltr'><strong>a</strong></span> <span class='ocrx_word' id='word_1_306' title='bbox 336 1400 416 1427; x_wconf 85' lang='lat' dir='ltr'><strong>leone</strong></span> <span class='ocrx_word' id='word_1_307' title='bbox 433 1401 580 1431; x_wconf 81' lang='lat' dir='ltr'><strong>invaditur,</strong></span> <span class='ocrx_word' id='word_1_308' title='bbox 601 1407 682 1434; x_wconf 89' lang='lat' dir='ltr'><strong>quem</strong></span> <span class='ocrx_word' id='word_1_309' title='bbox 702 1400 728 1426; x_wconf 95' lang='lat' dir='ltr'><strong>in</strong></span> <span class='ocrx_word' id='word_1_310' title='bbox 754 1399 868 1427; x_wconf 84' lang='lat' dir='ltr'><strong>sublime</strong></span> <span class='ocrx_word' id='word_1_311' title='bbox 891 1407 952 1427; x_wconf 87' lang='lat' dir='ltr'><strong>sese</strong></span> <span class='ocrx_word' id='word_1_312' title='bbox 965 1403 1009 1426; x_wconf 87' lang='lat' dir='ltr'><strong>at-</strong></span> 
     </span>
    </p>
   </div>
   <div class='ocr_carea' id='block_1_47' title="bbox 219 1445 1005 1481">
    <p class='ocr_par' dir='ltr' id='par_1_47' title="bbox 219 1445 1005 1481">
     <span class='ocr_line' id='line_1_47' title="bbox 219 1445 1005 1481; baseline -0.001 -8"><span class='ocrx_word' id='word_1_313' title='bbox 219 1447 371 1478; x_wconf 74' lang='lat' dir='ltr'><strong>tollentem,</strong></span> <span class='ocrx_word' id='word_1_314' title='bbox 389 1445 480 1479; x_wconf 75' lang='lat' dir='ltr'><strong>jacnlo</strong></span> <span class='ocrx_word' id='word_1_315' title='bbox 504 1445 661 1480; x_wconf 86' lang='lat' dir='ltr'><strong>percutiens</strong></span> <span class='ocrx_word' id='word_1_316' title='bbox 682 1445 845 1481; x_wconf 82' lang='lat' dir='ltr'><strong>Megabyzus</strong></span> <span class='ocrx_word' id='word_1_317' title='bbox 866 1445 1005 1473; x_wconf 84' lang='lat' dir='ltr'><strong>interficit.</strong></span> 
     </span>
    </p>
   </div>
   <div class='ocr_carea' id='block_1_48' title="bbox 219 1490 1008 1526">
    <p class='ocr_par' dir='ltr' id='par_1_48' title="bbox 219 1490 1008 1526">
     <span class='ocr_line' id='line_1_48' title="bbox 219 1490 1008 1526; baseline 0.001 -9"><span class='ocrx_word' id='word_1_318' title='bbox 219 1491 247 1517; x_wconf 86' lang='lat' dir='ltr'><strong>Id</strong></span> <span class='ocrx_word' id='word_1_319' title='bbox 281 1491 382 1519; x_wconf 76' lang='lat' dir='ltr'><strong>factum</strong></span> <span class='ocrx_word' id='word_1_320' title='bbox 407 1492 525 1526; x_wconf 76' lang='lat' dir='ltr'><strong>graviter</strong></span> <span class='ocrx_word' id='word_1_321' title='bbox 546 1490 608 1518; x_wconf 87' lang='lat' dir='ltr'><strong>tulit</strong></span> <span class='ocrx_word' id='word_1_322' title='bbox 629 1491 806 1523; x_wconf 79' lang='lat' dir='ltr'><strong>Artaxerxes,</strong></span> <span class='ocrx_word' id='word_1_323' title='bbox 833 1491 905 1525; x_wconf 87' lang='lat' dir='ltr'><strong>quod</strong></span> <span class='ocrx_word' id='word_1_324' title='bbox 929 1495 1008 1518; x_wconf 85' lang='lat' dir='ltr'><strong>ante-</strong></span> 
     </span>
    </p>
   </div>
   <div class='ocr_carea' id='block_1_49' title="bbox 218 1537 1007 1573">
    <p class='ocr_par' dir='ltr' id='par_1_49' title="bbox 218 1537 1007 1573">
     <span class='ocr_line' id='line_1_49' title="bbox 218 1537 1007 1573; baseline 0.003 -10"><span class='ocrx_word' id='word_1_325' title='bbox 218 1545 301 1572; x_wconf 86' lang='lat' dir='ltr'><strong>quam</strong></span> <span class='ocrx_word' id='word_1_326' title='bbox 326 1538 385 1572; x_wconf 86' lang='lat' dir='ltr'><strong>ipse</strong></span> <span class='ocrx_word' id='word_1_327' title='bbox 419 1538 503 1564; x_wconf 84' lang='lat' dir='ltr'><strong>feram</strong></span> <span class='ocrx_word' id='word_1_328' title='bbox 534 1542 630 1565; x_wconf 87' lang='lat' dir='ltr'><strong>nactus</strong></span> <span class='ocrx_word' id='word_1_329' title='bbox 649 1542 732 1569; x_wconf 86' lang='lat' dir='ltr'><strong>esset,</strong></span> <span class='ocrx_word' id='word_1_330' title='bbox 761 1545 821 1564; x_wconf 89' lang='lat' dir='ltr'><strong>eam</strong></span> <span class='ocrx_word' id='word_1_331' title='bbox 844 1537 1007 1573; x_wconf 79' lang='lat' dir='ltr'><strong>Megabyzns</strong></span> 
     </span>
    </p>
   </div>
   <div class='ocr_carea' id='block_1_50' title="bbox 218 1583 1007 1618">
    <p class='ocr_par' dir='ltr' id='par_1_50' title="bbox 218 1583 1007 1618">
     <span class='ocr_line' id='line_1_50' title="bbox 218 1583 1007 1618; baseline 0.001 -8"><span class='ocrx_word' id='word_1_332' title='bbox 218 1583 402 1616; x_wconf 79' lang='lat' dir='ltr'><strong>confecisset;</strong></span> <span class='ocrx_word' id='word_1_333' title='bbox 418 1591 504 1617; x_wconf 86' lang='lat' dir='ltr'><strong>quare</strong></span> <span class='ocrx_word' id='word_1_334' title='bbox 529 1589 611 1618; x_wconf 87' lang='lat' dir='ltr'><strong>caput</strong></span> <span class='ocrx_word' id='word_1_335' title='bbox 629 1583 654 1611; x_wconf 86' lang='lat' dir='ltr'><strong>ei</strong></span> <span class='ocrx_word' id='word_1_336' title='bbox 672 1583 795 1611; x_wconf 88' lang='lat' dir='ltr'><strong>abscindi</strong></span> <span class='ocrx_word' id='word_1_337' title='bbox 812 1583 936 1618; x_wconf 90' lang='lat' dir='ltr'><strong>imperat.</strong></span> <span class='ocrx_word' id='word_1_338' title='bbox 953 1584 1007 1611; x_wconf 88' lang='lat' dir='ltr'><strong>Sed</strong></span> 
     </span>
    </p>
   </div>
   <div class='ocr_carea' id='block_1_51' title="bbox 219 1629 1009 1665">
    <p class='ocr_par' dir='ltr' id='par_1_51' title="bbox 219 1629 1009 1665">
     <span class='ocr_line' id='line_1_51' title="bbox 219 1629 1009 1665; baseline 0.001 -9"><span class='ocrx_word' id='word_1_339' title='bbox 219 1629 359 1663; x_wconf 81' lang='lat' dir='ltr'><strong>Amistris,</strong></span> <span class='ocrx_word' id='word_1_340' title='bbox 387 1635 416 1657; x_wconf 89' lang='lat' dir='ltr'><strong>et</strong></span> <span class='ocrx_word' id='word_1_341' title='bbox 430 1631 548 1665; x_wconf 77' lang='lat' dir='ltr'><strong>Amytis,</strong></span> <span class='ocrx_word' id='word_1_342' title='bbox 560 1635 588 1658; x_wconf 92' lang='lat' dir='ltr'><strong>et</strong></span> <span class='ocrx_word' id='word_1_343' title='bbox 608 1630 724 1657; x_wconf 89' lang='lat' dir='ltr'><strong>aliorum</strong></span> <span class='ocrx_word' id='word_1_344' title='bbox 745 1630 883 1665; x_wconf 83' lang='lat' dir='ltr'><strong>precibus,</strong></span> <span class='ocrx_word' id='word_1_345' title='bbox 912 1629 1009 1657; x_wconf 85' lang='lat' dir='ltr'><strong>mortis</strong></span> 
     </span>
    </p>
   </div>
   <div class='ocr_carea' id='block_1_52' title="bbox 218 1674 1009 1711">
    <p class='ocr_par' dir='ltr' id='par_1_52' title="bbox 218 1674 1009 1711">
     <span class='ocr_line' id='line_1_52' title="bbox 218 1674 1009 1711; baseline 0.001 -9"><span class='ocrx_word' id='word_1_346' title='bbox 218 1677 244 1702; x_wconf 88' lang='lat' dir='ltr'><strong>ei</strong></span> <span class='ocrx_word' id='word_1_347' title='bbox 274 1682 352 1710; x_wconf 83' lang='lat' dir='ltr'><strong>pcena</strong></span> <span class='ocrx_word' id='word_1_348' title='bbox 376 1675 542 1708; x_wconf 84' lang='lat' dir='ltr'><strong>condonata,</strong></span> <span class='ocrx_word' id='word_1_349' title='bbox 570 1675 604 1703; x_wconf 88' lang='lat' dir='ltr'><strong>ad</strong></span> <span class='ocrx_word' id='word_1_350' title='bbox 620 1676 713 1703; x_wconf 88' lang='lat' dir='ltr'><strong>urbem</strong></span> <span class='ocrx_word' id='word_1_351' title='bbox 747 1675 892 1709; x_wconf 86' lang='lat' dir='ltr'><strong>quamdam</strong></span> <span class='ocrx_word' id='word_1_352' title='bbox 919 1674 1009 1711; x_wconf 72' lang='lat' dir='ltr'><strong>Cyria:</strong></span> 
     </span>
    </p>
   </div>
   <div class='ocr_carea' id='block_1_53' title="bbox 220 1721 1009 1757">
    <p class='ocr_par' dir='ltr' id='par_1_53' title="bbox 220 1721 1009 1757">
     <span class='ocr_line' id='line_1_53' title="bbox 220 1721 1009 1757; baseline 0 -9"><span class='ocrx_word' id='word_1_353' title='bbox 220 1722 340 1753; x_wconf 87' lang='lat' dir='ltr'><strong>nomine,</strong></span> <span class='ocrx_word' id='word_1_354' title='bbox 365 1721 437 1749; x_wconf 88' lang='lat' dir='ltr'><strong>circa</strong></span> <span class='ocrx_word' id='word_1_355' title='bbox 457 1729 531 1749; x_wconf 81' lang='lat' dir='ltr'><strong>mare</strong></span> <span class='ocrx_word' id='word_1_356' title='bbox 549 1722 682 1755; x_wconf 74' lang='lat' dir='ltr'><strong>Rubrum,</strong></span> <span class='ocrx_word' id='word_1_357' title='bbox 700 1721 845 1757; x_wconf 78' lang='lat' dir='ltr'><strong>relegatur.</strong></span> <span class='ocrx_word' id='word_1_358' title='bbox 861 1721 1009 1749; x_wconf 83' lang='lat' dir='ltr'><strong>Artoxares</strong></span> 
     </span>
    </p>
   </div>
   <div class='ocr_carea' id='block_1_54' title="bbox 221 1768 1009 1803">
    <p class='ocr_par' dir='ltr' id='par_1_54' title="bbox 221 1768 1009 1803">
     <span class='ocr_line' id='line_1_54' title="bbox 221 1768 1009 1803; baseline 0.004 -11"><span class='ocrx_word' id='word_1_359' title='bbox 221 1774 329 1802; x_wconf 82' lang='lat' dir='ltr'><strong>quoque</strong></span> <span class='ocrx_word' id='word_1_360' title='bbox 357 1768 511 1800; x_wconf 88' lang='lat' dir='ltr'><strong>eunuchus,</strong></span> <span class='ocrx_word' id='word_1_361' title='bbox 535 1768 607 1803; x_wconf 88' lang='lat' dir='ltr'><strong>quod</strong></span> <span class='ocrx_word' id='word_1_362' title='bbox 629 1768 729 1802; x_wconf 69' lang='lat' dir='ltr'><strong>sacpius</strong></span> <span class='ocrx_word' id='word_1_363' title='bbox 750 1769 821 1802; x_wconf 85' lang='lat' dir='ltr'><strong>apud</strong></span> <span class='ocrx_word' id='word_1_364' title='bbox 843 1775 934 1803; x_wconf 86' lang='lat' dir='ltr'><strong>regem</strong></span> <span class='ocrx_word' id='word_1_365' title='bbox 959 1776 1009 1803; x_wconf 89' lang='lat' dir='ltr'><strong>pro</strong></span> 
     </span>
    </p>
   </div>
   <div class='ocr_carea' id='block_1_55' title="bbox 219 1812 1008 1848">
    <p class='ocr_par' dir='ltr' id='par_1_55' title="bbox 219 1812 1008 1848">
     <span class='ocr_line' id='line_1_55' title="bbox 219 1812 1008 1848; baseline 0.001 -8"><span class='ocrx_word' id='word_1_366' title='bbox 219 1812 368 1848; x_wconf 80' lang='lat' dir='ltr'><strong>Megabyzo</strong></span> <span class='ocrx_word' id='word_1_367' title='bbox 394 1813 506 1842; x_wconf 91' lang='lat' dir='ltr'><strong>liberius</strong></span> <span class='ocrx_word' id='word_1_368' title='bbox 530 1815 637 1841; x_wconf 85' lang='lat' dir='ltr'><strong>locutus</strong></span> <span class='ocrx_word' id='word_1_369' title='bbox 660 1814 768 1846; x_wconf 87' lang='lat' dir='ltr'><strong>fuisset,</strong></span> <span class='ocrx_word' id='word_1_370' title='bbox 797 1815 823 1841; x_wconf 92' lang='lat' dir='ltr'><strong>in</strong></span> <span class='ocrx_word' id='word_1_371' title='bbox 852 1814 1008 1842; x_wconf 82' lang='lat' dir='ltr'><strong>Armeniam</strong></span> 
     </span>
    </p>
   </div>
   <div class='ocr_carea' id='block_1_56' title="bbox 219 1859 1010 1896">
    <p class='ocr_par' dir='ltr' id='par_1_56' title="bbox 219 1859 1010 1896">
     <span class='ocr_line' id='line_1_56' title="bbox 219 1859 1010 1896; baseline 0.003 -10"><span class='ocrx_word' id='word_1_372' title='bbox 219 1859 336 1887; x_wconf 86' lang='lat' dir='ltr'><strong>mittitur</strong></span> <span class='ocrx_word' id='word_1_373' title='bbox 346 1861 510 1887; x_wconf 86' lang='lat' dir='ltr'><strong>exsulatum.</strong></span> <span class='ocrx_word' id='word_1_374' title='bbox 525 1860 561 1888; x_wconf 80' lang='lat' dir='ltr'><strong>At</strong></span> <span class='ocrx_word' id='word_1_375' title='bbox 578 1860 749 1896; x_wconf 78' lang='lat' dir='ltr'><strong>Megabyzus,</strong></span> <span class='ocrx_word' id='word_1_376' title='bbox 764 1860 885 1895; x_wconf 86' lang='lat' dir='ltr'><strong>quinque</strong></span> <span class='ocrx_word' id='word_1_377' title='bbox 897 1861 922 1888; x_wconf 96' lang='lat' dir='ltr'><strong>in</strong></span> <span class='ocrx_word' id='word_1_378' title='bbox 937 1861 1010 1888; x_wconf 86' lang='lat' dir='ltr'><strong>exsi-</strong></span> 
     </span>
    </p>
   </div>
   <div class='ocr_carea' id='block_1_57' title="bbox 219 1905 1009 1942">
    <p class='ocr_par' dir='ltr' id='par_1_57' title="bbox 219 1905 1009 1942">
     <span class='ocr_line' id='line_1_57' title="bbox 219 1905 1009 1942; baseline 0.001 -10"><span class='ocrx_word' id='word_1_379' title='bbox 219 1905 256 1932; x_wconf 89' lang='lat' dir='ltr'><strong>lio</strong></span> <span class='ocrx_word' id='word_1_380' title='bbox 276 1905 420 1933; x_wconf 83' lang='lat' dir='ltr'><strong>transactis</strong></span> <span class='ocrx_word' id='word_1_381' title='bbox 445 1907 524 1933; x_wconf 84' lang='lat' dir='ltr'><strong>annis</strong></span> <span class='ocrx_word' id='word_1_382' title='bbox 546 1905 616 1942; x_wconf 67' lang='grc'><strong>411)</strong></span> <span class='ocrx_word' id='word_1_383' title='bbox 640 1907 750 1941; x_wconf 80' lang='lat' dir='ltr'><strong>pisagan</strong></span> <span class='ocrx_word' id='word_1_384' title='bbox 771 1913 832 1934; x_wconf 85' lang='lat' dir='ltr'><strong>sese</strong></span> <span class='ocrx_word' id='word_1_385' title='bbox 854 1906 1009 1934; x_wconf 88' lang='lat' dir='ltr'><strong>simulando</strong></span> 
     </span>
    </p>
   </div>
   <div class='ocr_carea' id='block_1_58' title="bbox 220 1951 1010 1988">
    <p class='ocr_par' dir='ltr' id='par_1_58' title="bbox 220 1951 1010 1988">
     <span class='ocr_line' id='line_1_58' title="bbox 220 1951 1010 1988; baseline 0.004 -11"><span class='ocrx_word' id='word_1_386' title='bbox 220 1951 345 1987; x_wconf 67' lang='lat' dir='ltr'><strong>(pingas</strong></span> <span class='ocrx_word' id='word_1_387' title='bbox 370 1957 459 1980; x_wconf 88' lang='lat' dir='ltr'><strong>autem</strong></span> <span class='ocrx_word' id='word_1_388' title='bbox 486 1952 577 1979; x_wconf 84' lang='lat' dir='ltr'><strong>Persis</strong></span> <span class='ocrx_word' id='word_1_389' title='bbox 599 1951 700 1979; x_wconf 91' lang='lat' dir='ltr'><strong>dicitur</strong></span> <span class='ocrx_word' id='word_1_390' title='bbox 718 1951 852 1986; x_wconf 72' lang='lat' dir='ltr'><strong>leprosus.</strong></span> <span class='ocrx_word' id='word_1_391' title='bbox 878 1952 910 1980; x_wconf 91' lang='lat' dir='ltr'><strong>ad</strong></span> <span class='ocrx_word' id='word_1_392' title='bbox 930 1960 1010 1988; x_wconf 87' lang='lat' dir='ltr'><strong>quem</strong></span> 
     </span>
    </p>
   </div>
   <div class='ocr_carea' id='block_1_59' title="bbox 219 1997 1007 2034">
    <p class='ocr_par' dir='ltr' id='par_1_59' title="bbox 219 1997 1007 2034">
     <span class='ocr_line' id='line_1_59' title="bbox 219 1997 1007 2034; baseline 0.003 -10"><span class='ocrx_word' id='word_1_393' title='bbox 219 1997 321 2025; x_wconf 84' lang='lat' dir='ltr'><strong>nemini</strong></span> <span class='ocrx_word' id='word_1_394' title='bbox 333 1999 455 2026; x_wconf 91' lang='lat' dir='ltr'><strong>omnium</strong></span> <span class='ocrx_word' id='word_1_395' title='bbox 469 1998 599 2026; x_wconf 87' lang='lat' dir='ltr'><strong>accedere</strong></span> <span class='ocrx_word' id='word_1_396' title='bbox 614 1997 805 2034; x_wconf 88' lang='lat' dir='ltr'><strong>permittitur),</strong></span> <span class='ocrx_word' id='word_1_397' title='bbox 823 1998 939 2033; x_wconf 87' lang='lat' dir='ltr'><strong>aufugit,</strong></span> <span class='ocrx_word' id='word_1_398' title='bbox 962 1999 1007 2026; x_wconf 79' lang='lat' dir='ltr'><strong>do~</strong></span> 
     </span>
    </p>
   </div>
   <div class='ocr_carea' id='block_1_60' title="bbox 220 2044 1007 2080">
    <p class='ocr_par' dir='ltr' id='par_1_60' title="bbox 220 2044 1007 2080">
     <span class='ocr_line' id='line_1_60' title="bbox 220 2044 1007 2080; baseline 0.003 -10"><span class='ocrx_word' id='word_1_399' title='bbox 220 2051 351 2078; x_wconf 91' lang='lat' dir='ltr'><strong>mumque</strong></span> <span class='ocrx_word' id='word_1_400' title='bbox 368 2044 401 2071; x_wconf 83' lang='lat' dir='ltr'><strong>ad</strong></span> <span class='ocrx_word' id='word_1_401' title='bbox 424 2044 535 2080; x_wconf 73' lang='lat' dir='ltr'><strong>Amytin</strong></span> <span class='ocrx_word' id='word_1_402' title='bbox 558 2051 696 2076; x_wconf 87' lang='lat' dir='ltr'><strong>reversus,</strong></span> <span class='ocrx_word' id='word_1_403' title='bbox 715 2051 786 2080; x_wconf 65' lang='lat' dir='ltr'><strong>aegre</strong></span> <span class='ocrx_word' id='word_1_404' title='bbox 802 2045 911 2072; x_wconf 84' lang='lat' dir='ltr'><strong>tandem</strong></span> <span class='ocrx_word' id='word_1_405' title='bbox 928 2044 1007 2080; x_wconf 85' lang='lat' dir='ltr'><strong>agni-</strong></span> 
     </span>
    </p>
   </div>
   <div class='ocr_carea' id='block_1_61' title="bbox 220 2089 1010 2126">
    <p class='ocr_par' dir='ltr' id='par_1_61' title="bbox 220 2089 1010 2126">
     <span class='ocr_line' id='line_1_61' title="bbox 220 2089 1010 2126; baseline 0.001 -10"><span class='ocrx_word' id='word_1_406' title='bbox 220 2093 265 2116; x_wconf 84' lang='lat' dir='ltr'><strong>tus</strong></span> <span class='ocrx_word' id='word_1_407' title='bbox 280 2095 332 2116; x_wconf 87' lang='lat' dir='ltr'><strong>est.</strong></span> <span class='ocrx_word' id='word_1_408' title='bbox 344 2089 413 2117; x_wconf 84' lang='lat' dir='ltr'><strong>Hinc</strong></span> <span class='ocrx_word' id='word_1_409' title='bbox 429 2098 478 2124; x_wconf 87' lang='lat' dir='ltr'><strong>per</strong></span> <span class='ocrx_word' id='word_1_410' title='bbox 491 2090 622 2117; x_wconf 83' lang='lat' dir='ltr'><strong>Amistrin</strong></span> <span class='ocrx_word' id='word_1_411' title='bbox 648 2096 730 2125; x_wconf 86' lang='lat' dir='ltr'><strong>atque</strong></span> <span class='ocrx_word' id='word_1_412' title='bbox 746 2091 856 2126; x_wconf 87' lang='lat' dir='ltr'><strong>Amytin</strong></span> <span class='ocrx_word' id='word_1_413' title='bbox 867 2098 928 2118; x_wconf 93' lang='lat' dir='ltr'><strong>cum</strong></span> <span class='ocrx_word' id='word_1_414' title='bbox 947 2097 1010 2125; x_wconf 80' lang='lat' dir='ltr'><strong>rege</strong></span> 
     </span>
    </p>
   </div>
   <div class='ocr_carea' id='block_1_62' title="bbox 222 2136 450 2163">
    <p class='ocr_par' dir='ltr' id='par_1_62' title="bbox 222 2136 450 2163">
     <span class='ocr_line' id='line_1_62' title="bbox 222 2136 450 2163; baseline 0.018 -4"><span class='ocrx_word' id='word_1_415' title='bbox 222 2136 413 2163; x_wconf 86' lang='lat' dir='ltr'><strong>reconciliatur</strong></span> <span class='ocrx_word' id='word_1_416' title='bbox 443 2144 450 2163; x_wconf 86' lang='lat'>:</span> 
     </span>
    </p>
   </div>
   <div class='ocr_carea' id='block_1_63' title="bbox 1062 941 1860 979">
    <p class='ocr_par' dir='ltr' id='par_1_63' title="bbox 1062 941 1860 979">
     <span class='ocr_line' id='line_1_63' title="bbox 1062 941 1860 979; baseline 0 -9"><span class='ocrx_word' id='word_1_417' title='bbox 1062 952 1106 970; x_wconf 87' lang='grc' dir='ltr'><strong>ται</strong></span> <span class='ocrx_word' id='word_1_418' title='bbox 1118 941 1165 971; x_wconf 83' lang='grc' dir='ltr'>οὖν</span> <span class='ocrx_word' id='word_1_419' title='bbox 1194 943 1336 979; x_wconf 80' lang='grc' dir='ltr'>’Λρτάριός</span> <span class='ocrx_word' id='word_1_420' title='bbox 1354 952 1384 970; x_wconf 84' lang='grc' dir='ltr'><strong>τε</strong></span> <span class='ocrx_word' id='word_1_421' title='bbox 1396 943 1477 975; x_wconf 80' lang='grc' dir='ltr'>αὐτὸς</span> <span class='ocrx_word' id='word_1_422' title='bbox 1499 943 1547 970; x_wconf 78' lang='grc' dir='ltr'><strong>καὶ</strong></span> <span class='ocrx_word' id='word_1_423' title='bbox 1559 943 1673 979; x_wconf 81' lang='grc' dir='ltr'>’Ᾱμύτις</span> <span class='ocrx_word' id='word_1_424' title='bbox 1691 944 1708 979; x_wconf 88' lang='grc' dir='ltr'><strong>ή</strong></span> <span class='ocrx_word' id='word_1_425' title='bbox 1721 944 1791 979; x_wconf 76' lang='grc' dir='ltr'>γυνὴ</span> <span class='ocrx_word' id='word_1_426' title='bbox 1805 945 1860 970; x_wconf 79' lang='grc' dir='ltr'><strong>καὶ</strong></span> 
     </span>
    </p>
   </div>
   <div class='ocr_carea' id='block_1_64' title="bbox 1067 989 1859 1027">
    <p class='ocr_par' dir='ltr' id='par_1_64' title="bbox 1067 989 1859 1027">
     <span class='ocr_line' id='line_1_64' title="bbox 1067 989 1859 1027; baseline 0 -10"><span class='ocrx_word' id='word_1_427' title='bbox 1067 990 1234 1027; x_wconf 81' lang='grc' dir='ltr'>Ἀρτοξάρης</span> <span class='ocrx_word' id='word_1_428' title='bbox 1246 990 1314 1017; x_wconf 76' lang='grc' dir='ltr'>ἐτῶν</span> <span class='ocrx_word' id='word_1_429' title='bbox 1340 990 1392 1027; x_wconf 77' lang='grc' dir='ltr'>ἢδη</span> <span class='ocrx_word' id='word_1_430' title='bbox 1402 989 1440 1017; x_wconf 85' lang='grc' dir='ltr'><strong>ὣν</strong></span> <span class='ocrx_word' id='word_1_431' title='bbox 1458 990 1556 1022; x_wconf 72' lang='grc' dir='ltr'>εἴκοσι,</span> <span class='ocrx_word' id='word_1_432' title='bbox 1586 991 1634 1017; x_wconf 71' lang='grc' dir='ltr'><strong>καὶ</strong></span> <span class='ocrx_word' id='word_1_433' title='bbox 1666 991 1792 1026; x_wconf 82' lang='grc' dir='ltr'>Πετὴσας</span> <span class='ocrx_word' id='word_1_434' title='bbox 1806 992 1830 1008; x_wconf 77' lang='grc'><strong>⁸⁸</strong></span> <span class='ocrx_word' id='word_1_435' title='bbox 1840 991 1859 1017; x_wconf 78' lang='grc' dir='ltr'><strong><em>ὁ</em></strong></span> 
     </span>
    </p>
   </div>
   <div class='ocr_carea' id='block_1_65' title="bbox 1061 1036 1860 1074">
    <p class='ocr_par' dir='ltr' id='par_1_65' title="bbox 1061 1036 1860 1074">
     <span class='ocr_line' id='line_1_65' title="bbox 1061 1036 1860 1074; baseline -0.003 -9"><span class='ocrx_word' id='word_1_436' title='bbox 1061 1038 1187 1074; x_wconf 82' lang='grc' dir='ltr'>Οὺσίριος</span> <span class='ocrx_word' id='word_1_437' title='bbox 1211 1037 1259 1065; x_wconf 78' lang='grc' dir='ltr'><strong>καὶ</strong></span> <span class='ocrx_word' id='word_1_438' title='bbox 1275 1037 1403 1072; x_wconf 80' lang='grc' dir='ltr'>Σπιτάμα</span> <span class='ocrx_word' id='word_1_439' title='bbox 1419 1037 1522 1073; x_wconf 83' lang='grc' dir='ltr'>πατήρ.</span> <span class='ocrx_word' id='word_1_440' title='bbox 1539 1036 1602 1072; x_wconf 70' lang='grc'><strong>[124</strong></span> <span class='ocrx_word' id='word_1_441' title='bbox 1617 1036 1663 1073; x_wconf 62' lang='lat' dir='ltr'><strong>IL]</strong></span> <span class='ocrx_word' id='word_1_442' title='bbox 1684 1037 1794 1068; x_wconf 78' lang='grc' dir='ltr'><strong>Πολλοῖς</strong></span> <span class='ocrx_word' id='word_1_443' title='bbox 1806 1036 1860 1063; x_wconf 76' lang='grc' dir='ltr'>οὖν</span> 
     </span>
    </p>
   </div>
   <div class='ocr_carea' id='block_1_66' title="bbox 1060 1082 1859 1119">
    <p class='ocr_par' dir='ltr' id='par_1_66' title="bbox 1060 1082 1859 1119">
     <span class='ocr_line' id='line_1_66' title="bbox 1060 1082 1859 1119; baseline -0.003 -8"><span class='ocrx_word' id='word_1_444' title='bbox 1060 1085 1152 1119; x_wconf 82' lang='grc' dir='ltr'><strong>ὅρκοις</strong></span> <span class='ocrx_word' id='word_1_445' title='bbox 1180 1083 1228 1110; x_wconf 77' lang='grc' dir='ltr'><strong>καὶ</strong></span> <span class='ocrx_word' id='word_1_446' title='bbox 1259 1083 1351 1118; x_wconf 85' lang='grc' dir='ltr'>λόγοις</span> <span class='ocrx_word' id='word_1_447' title='bbox 1386 1083 1646 1118; x_wconf 84' lang='grc' dir='ltr'>πληροφορήσαντες</span> <span class='ocrx_word' id='word_1_448' title='bbox 1687 1082 1859 1117; x_wconf 74' lang='grc' dir='ltr'><strong>Μεγάβυζον</strong></span> 
     </span>
    </p>
   </div>
   <div class='ocr_carea' id='block_1_67' title="bbox 1062 1127 1858 1167">
    <p class='ocr_par' dir='ltr' id='par_1_67' title="bbox 1062 1127 1858 1167">
     <span class='ocr_line' id='line_1_67' title="bbox 1062 1127 1858 1167; baseline -0.003 -11"><span class='ocrx_word' id='word_1_449' title='bbox 1062 1129 1138 1165; x_wconf 75' lang='grc' dir='ltr'>μόλις</span> <span class='ocrx_word' id='word_1_450' title='bbox 1167 1129 1245 1167; x_wconf 73' lang='grc' dir='ltr'>ὅμως</span> <span class='ocrx_word' id='word_1_451' title='bbox 1262 1128 1385 1155; x_wconf 84' lang='grc' dir='ltr'>πείθουσι</span> <span class='ocrx_word' id='word_1_452' title='bbox 1403 1128 1472 1163; x_wconf 82' lang='grc' dir='ltr'>πρὸς</span> <span class='ocrx_word' id='word_1_453' title='bbox 1497 1127 1610 1163; x_wconf 76' lang='grc' dir='ltr'>βασιλέα</span> <span class='ocrx_word' id='word_1_454' title='bbox 1636 1127 1858 1163; x_wconf 81' lang='grc' dir='ltr'>παραγενέσθαι,</span> 
     </span>
    </p>
   </div>
   <div class='ocr_carea' id='block_1_68' title="bbox 1060 1173 1858 1211">
    <p class='ocr_par' dir='ltr' id='par_1_68' title="bbox 1060 1173 1858 1211">
     <span class='ocr_line' id='line_1_68' title="bbox 1060 1173 1858 1211; baseline -0.004 -8"><span class='ocrx_word' id='word_1_455' title='bbox 1060 1176 1108 1203; x_wconf 69' lang='grc' dir='ltr'><strong>καὶ</strong></span> <span class='ocrx_word' id='word_1_456' title='bbox 1133 1176 1258 1211; x_wconf 80' lang='grc' dir='ltr'>βασιλεὺς</span> <span class='ocrx_word' id='word_1_457' title='bbox 1282 1175 1358 1207; x_wconf 81' lang='grc' dir='ltr'>τέλος</span> <span class='ocrx_word' id='word_1_458' title='bbox 1386 1174 1431 1210; x_wconf 82' lang='grc'><strong>[61</strong></span> <span class='ocrx_word' id='word_1_459' title='bbox 1449 1173 1494 1210; x_wconf 69' lang='grc'><strong>[1.]</strong></span> <span class='ocrx_word' id='word_1_460' title='bbox 1507 1174 1614 1210; x_wconf 78' lang='grc' dir='ltr'>ἔπεμπε</span> <span class='ocrx_word' id='word_1_461' title='bbox 1634 1174 1858 1210; x_wconf 76' lang='grc' dir='ltr'><strong>παραγενομένῳ</strong></span> 
     </span>
    </p>
   </div>
   <div class='ocr_carea' id='block_1_69' title="bbox 1060 1220 1858 1257">
    <p class='ocr_par' dir='ltr' id='par_1_69' title="bbox 1060 1220 1858 1257">
     <span class='ocr_line' id='line_1_69' title="bbox 1060 1220 1858 1257; baseline -0.005 -8"><span class='ocrx_word' id='word_1_462' title='bbox 1060 1222 1227 1257; x_wconf 83' lang='grc' dir='ltr'><strong>συγγνώμην</strong></span> <span class='ocrx_word' id='word_1_463' title='bbox 1253 1222 1325 1257; x_wconf 72' lang='grc' dir='ltr'>ἔχειν</span> <span class='ocrx_word' id='word_1_464' title='bbox 1353 1221 1408 1248; x_wconf 86' lang='grc' dir='ltr'><strong>τῶν</strong></span> <span class='ocrx_word' id='word_1_465' title='bbox 1438 1220 1654 1256; x_wconf 81' lang='grc' dir='ltr'>ἡμαρτημένων,</span> <span class='ocrx_word' id='word_1_466' title='bbox 1693 1220 1858 1256; x_wconf 78' lang='grc' dir='ltr'>Ἐξέρχεται</span> 
     </span>
    </p>
   </div>
   <div class='ocr_carea' id='block_1_70' title="bbox 1060 1266 1855 1304">
    <p class='ocr_par' dir='ltr' id='par_1_70' title="bbox 1060 1266 1855 1304">
     <span class='ocr_line' id='line_1_70' title="bbox 1060 1266 1855 1304; baseline -0.001 -10"><span class='ocrx_word' id='word_1_467' title='bbox 1060 1267 1187 1304; x_wconf 73' lang='grc' dir='ltr'>βασιλεὺς</span> <span class='ocrx_word' id='word_1_468' title='bbox 1204 1268 1250 1294; x_wconf 73' lang='grc' dir='ltr'><strong>ἐπὶ</strong></span> <span class='ocrx_word' id='word_1_469' title='bbox 1277 1267 1375 1303; x_wconf 84' lang='grc' dir='ltr'><strong>Θήραν,</strong></span> <span class='ocrx_word' id='word_1_470' title='bbox 1413 1267 1460 1294; x_wconf 77' lang='grc' dir='ltr'>καὶ</span> <span class='ocrx_word' id='word_1_471' title='bbox 1488 1266 1558 1294; x_wconf 76' lang='grc' dir='ltr'>λέων</span> <span class='ocrx_word' id='word_1_472' title='bbox 1585 1266 1734 1301; x_wconf 78' lang='grc' dir='ltr'>ἐπέρχεται</span> <span class='ocrx_word' id='word_1_473' title='bbox 1765 1266 1855 1300; x_wconf 75' lang='grc' dir='ltr'>αὐτῷ,</span> 
     </span>
    </p>
   </div>
   <div class='ocr_carea' id='block_1_71' title="bbox 1060 1312 1859 1350">
    <p class='ocr_par' dir='ltr' id='par_1_71' title="bbox 1060 1312 1859 1350">
     <span class='ocr_line' id='line_1_71' title="bbox 1060 1312 1859 1350; baseline -0.003 -10"><span class='ocrx_word' id='word_1_474' title='bbox 1060 1313 1198 1350; x_wconf 84' lang='grc' dir='ltr'>μετεώρου</span> <span class='ocrx_word' id='word_1_475' title='bbox 1213 1314 1242 1340; x_wconf 83' lang='grc' dir='ltr'>δὲ</span> <span class='ocrx_word' id='word_1_476' title='bbox 1261 1313 1413 1349; x_wconf 82' lang='grc' dir='ltr'>φερομένου</span> <span class='ocrx_word' id='word_1_477' title='bbox 1442 1312 1490 1340; x_wconf 82' lang='grc' dir='ltr'>τοῦ</span> <span class='ocrx_word' id='word_1_478' title='bbox 1504 1312 1601 1348; x_wconf 86' lang='grc' dir='ltr'>θηρίου</span> <span class='ocrx_word' id='word_1_479' title='bbox 1625 1312 1718 1348; x_wconf 79' lang='grc' dir='ltr'>βάλλει</span> <span class='ocrx_word' id='word_1_480' title='bbox 1732 1312 1859 1348; x_wconf 81' lang='grc' dir='ltr'>ἀκοντίῳ</span> 
     </span>
    </p>
   </div>
   <div class='ocr_carea' id='block_1_72' title="bbox 1062 1357 1859 1395">
    <p class='ocr_par' dir='ltr' id='par_1_72' title="bbox 1062 1357 1859 1395">
     <span class='ocr_line' id='line_1_72' title="bbox 1062 1357 1859 1395; baseline -0.004 -8"><span class='ocrx_word' id='word_1_481' title='bbox 1062 1360 1227 1395; x_wconf 83' lang='grc' dir='ltr'>Μεγάϐυζος</span> <span class='ocrx_word' id='word_1_482' title='bbox 1239 1360 1286 1386; x_wconf 79' lang='grc' dir='ltr'><strong>καὶ</strong></span> <span class='ocrx_word' id='word_1_483' title='bbox 1311 1360 1434 1394; x_wconf 82' lang='grc' dir='ltr'>ἀναιρεῖ-</span> <span class='ocrx_word' id='word_1_484' title='bbox 1450 1359 1499 1386; x_wconf 65' lang='lat' dir='ltr'><strong>aut</strong></span> <span class='ocrx_word' id='word_1_485' title='bbox 1516 1358 1657 1394; x_wconf 78' lang='grc' dir='ltr'>ὀργίζεται</span> <span class='ocrx_word' id='word_1_486' title='bbox 1671 1357 1859 1394; x_wconf 67' lang='grc' dir='ltr'>Ἀρτοξέρξης</span> 
     </span>
    </p>
   </div>
   <div class='ocr_carea' id='block_1_73' title="bbox 1058 1404 1859 1443">
    <p class='ocr_par' dir='ltr' id='par_1_73' title="bbox 1058 1404 1859 1443">
     <span class='ocr_line' id='line_1_73' title="bbox 1058 1404 1859 1443; baseline -0.005 -9"><span class='ocrx_word' id='word_1_487' title='bbox 1058 1407 1100 1434; x_wconf 83' lang='grc' dir='ltr'>ὅτι</span> <span class='ocrx_word' id='word_1_488' title='bbox 1113 1407 1177 1443; x_wconf 78' lang='grc' dir='ltr'>πρὶν</span> <span class='ocrx_word' id='word_1_489' title='bbox 1188 1407 1204 1442; x_wconf 80' lang='grc' dir='ltr'>ἦ</span> <span class='ocrx_word' id='word_1_490' title='bbox 1219 1407 1300 1438; x_wconf 72' lang='grc' dir='ltr'>αὐτος</span> <span class='ocrx_word' id='word_1_491' title='bbox 1314 1406 1384 1443; x_wconf 84' lang='grc' dir='ltr'><strong>τύχῃ</strong></span> <span class='ocrx_word' id='word_1_492' title='bbox 1394 1405 1558 1441; x_wconf 76' lang='grc' dir='ltr'>Μεγάϐυζος</span> <span class='ocrx_word' id='word_1_493' title='bbox 1571 1405 1652 1432; x_wconf 73' lang='grc' dir='ltr'>ἔϐαλε</span> <span class='ocrx_word' id='word_1_494' title='bbox 1663 1404 1695 1435; x_wconf 73' lang='grc' dir='ltr'><strong>ιθ.</strong></span> <span class='ocrx_word' id='word_1_495' title='bbox 1708 1404 1756 1431; x_wconf 84' lang='grc' dir='ltr'>καὶ</span> <span class='ocrx_word' id='word_1_496' title='bbox 1766 1413 1859 1440; x_wconf 88' lang='grc' dir='ltr'>προσ-</span> 
     </span>
    </p>
   </div>
   <div class='ocr_carea' id='block_1_74' title="bbox 1057 1450 1857 1487">
    <p class='ocr_par' dir='ltr' id='par_1_74' title="bbox 1057 1450 1857 1487">
     <span class='ocr_line' id='line_1_74' title="bbox 1057 1450 1857 1487; baseline -0.003 -7"><span class='ocrx_word' id='word_1_497' title='bbox 1057 1453 1152 1480; x_wconf 82' lang='grc' dir='ltr'><strong>τάσσει</strong></span> <span class='ocrx_word' id='word_1_498' title='bbox 1177 1453 1228 1487; x_wconf 76' lang='grc' dir='ltr'>τὴν</span> <span class='ocrx_word' id='word_1_499' title='bbox 1260 1453 1385 1487; x_wconf 76' lang='grc' dir='ltr'>κεφαλὴν</span> <span class='ocrx_word' id='word_1_500' title='bbox 1400 1453 1447 1480; x_wconf 78' lang='grc' dir='ltr'><strong>τὸν</strong></span> <span class='ocrx_word' id='word_1_501' title='bbox 1464 1451 1628 1486; x_wconf 78' lang='grc' dir='ltr'>Μεγάϐυζον</span> <span class='ocrx_word' id='word_1_502' title='bbox 1645 1450 1857 1485; x_wconf 81' lang='grc' dir='ltr'>ἀποτμηθῆναι.</span> 
     </span>
    </p>
   </div>
   <div class='ocr_carea' id='block_1_75' title="bbox 1038 1497 1858 1538">
    <p class='ocr_par' dir='ltr' id='par_1_75' title="bbox 1038 1497 1858 1538">
     <span class='ocr_line' id='line_1_75' title="bbox 1038 1497 1858 1538; baseline -0.004 -13"><span class='ocrx_word' id='word_1_503' title='bbox 1038 1536 1040 1538; x_wconf 8' lang='grc' dir='ltr'>ἱ</span> <span class='ocrx_word' id='word_1_504' title='bbox 1065 1499 1227 1535; x_wconf 79' lang='grc' dir='ltr'>Ἀμήστριος</span> <span class='ocrx_word' id='word_1_505' title='bbox 1238 1499 1267 1526; x_wconf 82' lang='grc' dir='ltr'>δὲ</span> <span class='ocrx_word' id='word_1_506' title='bbox 1281 1499 1329 1526; x_wconf 82' lang='grc' dir='ltr'><strong>καὶ</strong></span> <span class='ocrx_word' id='word_1_507' title='bbox 1339 1498 1469 1533; x_wconf 80' lang='grc' dir='ltr'>’Δμύτιος</span> <span class='ocrx_word' id='word_1_508' title='bbox 1481 1498 1529 1525; x_wconf 72' lang='grc' dir='ltr'><strong>καὶ</strong></span> <span class='ocrx_word' id='word_1_509' title='bbox 1541 1498 1596 1524; x_wconf 87' lang='grc' dir='ltr'><strong>τῶν</strong></span> <span class='ocrx_word' id='word_1_510' title='bbox 1608 1497 1695 1525; x_wconf 79' lang='grc' dir='ltr'>ἄλλων</span> <span class='ocrx_word' id='word_1_511' title='bbox 1703 1497 1735 1532; x_wconf 79' lang='grc' dir='ltr'><strong>τῇ</strong></span> <span class='ocrx_word' id='word_1_512' title='bbox 1749 1504 1838 1532; x_wconf 88' lang='grc' dir='ltr'>παραι</span> <span class='ocrx_word' id='word_1_513' title='bbox 1846 1511 1858 1517; x_wconf 72' lang='lat'><strong><em>~</em></strong></span> 
     </span>
    </p>
   </div>
   <div class='ocr_carea' id='block_1_76' title="bbox 1058 1539 1859 1578">
    <p class='ocr_par' dir='ltr' id='par_1_76' title="bbox 1058 1539 1859 1578">
     <span class='ocr_line' id='line_1_76' title="bbox 1058 1539 1859 1578; baseline -0.005 -8"><span class='ocrx_word' id='word_1_514' title='bbox 1058 1544 1136 1578; x_wconf 88' lang='grc' dir='ltr'>τήσει</span> <span class='ocrx_word' id='word_1_515' title='bbox 1147 1542 1195 1570; x_wconf 78' lang='grc' dir='ltr'>τοῦ</span> <span class='ocrx_word' id='word_1_516' title='bbox 1212 1543 1261 1578; x_wconf 76' lang='grc' dir='ltr'>μὲν</span> <span class='ocrx_word' id='word_1_517' title='bbox 1284 1543 1400 1570; x_wconf 86' lang='grc' dir='ltr'>θανάτου</span> <span class='ocrx_word' id='word_1_518' title='bbox 1416 1541 1523 1578; x_wconf 79' lang='grc' dir='ltr'>ῥύεται,</span> <span class='ocrx_word' id='word_1_519' title='bbox 1549 1541 1723 1571; x_wconf 80' lang='grc' dir='ltr'><strong>ἀνάσπαστος</strong></span> <span class='ocrx_word' id='word_1_520' title='bbox 1735 1539 1764 1566; x_wconf 74' lang='grc' dir='ltr'>δὲ</span> <span class='ocrx_word' id='word_1_521' title='bbox 1778 1539 1859 1574; x_wconf 82' lang='grc' dir='ltr'>γίνε-</span> 
     </span>
    </p>
   </div>
   <div class='ocr_carea' id='block_1_77' title="bbox 1058 1577 1856 1625">
    <p class='ocr_par' dir='ltr' id='par_1_77' title="bbox 1058 1577 1856 1625">
     <span class='ocr_line' id='line_1_77' title="bbox 1058 1577 1856 1625; baseline -0.005 -9"><span class='ocrx_word' id='word_1_522' title='bbox 1058 1577 1104 1616; x_wconf 75' lang='grc' dir='ltr'><strong>ται</strong></span> <span class='ocrx_word' id='word_1_523' title='bbox 1115 1590 1155 1621; x_wconf 81' lang='grc' dir='ltr'><strong>είς</strong></span> <span class='ocrx_word' id='word_1_524' title='bbox 1165 1577 1217 1625; x_wconf 81' lang='grc' dir='ltr'>τὴν</span> <span class='ocrx_word' id='word_1_525' title='bbox 1225 1588 1361 1625; x_wconf 80' lang='grc' dir='ltr'>Ἐρυθρὰν</span> <span class='ocrx_word' id='word_1_526' title='bbox 1376 1588 1405 1616; x_wconf 75' lang='grc' dir='ltr'>ἐν</span> <span class='ocrx_word' id='word_1_527' title='bbox 1418 1577 1472 1615; x_wconf 74' lang='grc' dir='ltr'>τινι</span> <span class='ocrx_word' id='word_1_528' title='bbox 1484 1577 1580 1621; x_wconf 28' lang='grc' dir='ltr'>λπόλει,</span> <span class='ocrx_word' id='word_1_529' title='bbox 1601 1587 1715 1622; x_wconf 82' lang='grc' dir='ltr'>ὀνόματι</span> <span class='ocrx_word' id='word_1_530' title='bbox 1732 1585 1856 1622; x_wconf 84' lang='grc' dir='ltr'>Κύρται.</span> 
     </span>
    </p>
   </div>
   <div class='ocr_carea' id='block_1_78' title="bbox 1066 1631 1859 1670">
    <p class='ocr_par' dir='ltr' id='par_1_78' title="bbox 1066 1631 1859 1670">
     <span class='ocr_line' id='line_1_78' title="bbox 1066 1631 1859 1670; baseline -0.006 -9"><span class='ocrx_word' id='word_1_531' title='bbox 1066 1633 1233 1670; x_wconf 77' lang='grc' dir='ltr'>Ἐξορίζεται</span> <span class='ocrx_word' id='word_1_532' title='bbox 1247 1634 1276 1661; x_wconf 86' lang='grc' dir='ltr'>δὲ</span> <span class='ocrx_word' id='word_1_533' title='bbox 1288 1634 1334 1661; x_wconf 78' lang='grc' dir='ltr'><strong>καὶ</strong></span> <span class='ocrx_word' id='word_1_534' title='bbox 1346 1633 1513 1670; x_wconf 79' lang='grc' dir='ltr'>’Δρτοξάρης</span> <span class='ocrx_word' id='word_1_535' title='bbox 1524 1634 1538 1659; x_wconf 83' lang='grc' dir='ltr'>ὁ</span> <span class='ocrx_word' id='word_1_536' title='bbox 1553 1631 1681 1667; x_wconf 77' lang='grc' dir='ltr'>εὐνοῦχος</span> <span class='ocrx_word' id='word_1_537' title='bbox 1694 1631 1735 1663; x_wconf 77' lang='grc' dir='ltr'>εἰς</span> <span class='ocrx_word' id='word_1_538' title='bbox 1752 1631 1859 1665; x_wconf 79' lang='grc' dir='ltr'>Ἀρμε-</span> 
     </span>
    </p>
   </div>
   <div class='ocr_carea' id='block_1_79' title="bbox 1059 1676 1857 1714">
    <p class='ocr_par' dir='ltr' id='par_1_79' title="bbox 1059 1676 1857 1714">
     <span class='ocr_line' id='line_1_79' title="bbox 1059 1676 1857 1714; baseline -0.003 -9"><span class='ocrx_word' id='word_1_539' title='bbox 1059 1678 1129 1712; x_wconf 86' lang='grc' dir='ltr'>νίαν,</span> <span class='ocrx_word' id='word_1_540' title='bbox 1158 1679 1200 1706; x_wconf 86' lang='grc' dir='ltr'>ὃτι</span> <span class='ocrx_word' id='word_1_541' title='bbox 1227 1679 1360 1711; x_wconf 84' lang='grc' dir='ltr'>πολλάκις</span> <span class='ocrx_word' id='word_1_542' title='bbox 1378 1679 1448 1714; x_wconf 81' lang='grc' dir='ltr'><strong>ὑπὲρ</strong></span> <span class='ocrx_word' id='word_1_543' title='bbox 1461 1676 1627 1712; x_wconf 76' lang='grc' dir='ltr'>Μεγαϐύζου</span> <span class='ocrx_word' id='word_1_544' title='bbox 1645 1676 1751 1711; x_wconf 86' lang='grc' dir='ltr'>βασιλεῖ</span> <span class='ocrx_word' id='word_1_545' title='bbox 1762 1676 1857 1711; x_wconf 67' lang='lat' dir='ltr'><strong>smp—</strong></span> 
     </span>
    </p>
   </div>
   <div class='ocr_carea' id='block_1_80' title="bbox 1061 1717 1857 1759">
    <p class='ocr_par' dir='ltr' id='par_1_80' title="bbox 1061 1717 1857 1759">
     <span class='ocr_line' id='line_1_80' title="bbox 1061 1717 1857 1759; baseline -0.004 -9"><span class='ocrx_word' id='word_1_546' title='bbox 1061 1724 1220 1759; x_wconf 80' lang='grc' dir='ltr'>ῥησιάσατο.</span> <span class='ocrx_word' id='word_1_547' title='bbox 1242 1724 1272 1751; x_wconf 92' lang='lat'><strong>&#39;0</strong></span> <span class='ocrx_word' id='word_1_548' title='bbox 1283 1724 1311 1750; x_wconf 82' lang='grc' dir='ltr'>δὲ</span> <span class='ocrx_word' id='word_1_549' title='bbox 1326 1723 1490 1758; x_wconf 79' lang='grc' dir='ltr'>Μεγάϐυζος</span> <span class='ocrx_word' id='word_1_550' title='bbox 1518 1723 1599 1749; x_wconf 86' lang='grc' dir='ltr'>πέντε</span> <span class='ocrx_word' id='word_1_551' title='bbox 1625 1717 1769 1756; x_wconf 78' lang='grc' dir='ltr'>διατρίψας</span> <span class='ocrx_word' id='word_1_552' title='bbox 1784 1722 1819 1756; x_wconf 80' lang='grc' dir='ltr'>τῇ</span> <span class='ocrx_word' id='word_1_553' title='bbox 1832 1721 1857 1737; x_wconf 81' lang='grc'><strong>⁸⁷</strong></span> 
     </span>
    </p>
   </div>
   <div class='ocr_carea' id='block_1_81' title="bbox 1060 1764 1859 1802">
    <p class='ocr_par' dir='ltr' id='par_1_81' title="bbox 1060 1764 1859 1802">
     <span class='ocr_line' id='line_1_81' title="bbox 1060 1764 1859 1802; baseline -0.001 -11"><span class='ocrx_word' id='word_1_554' title='bbox 1060 1766 1153 1802; x_wconf 79' lang='grc' dir='ltr'>ἐξορίᾳ</span> <span class='ocrx_word' id='word_1_555' title='bbox 1168 1766 1214 1802; x_wconf 78' lang='grc' dir='ltr'>ἔτη</span> <span class='ocrx_word' id='word_1_556' title='bbox 1225 1766 1427 1802; x_wconf 80' lang='grc' dir='ltr'>ἀποδιδράσκει,</span> <span class='ocrx_word' id='word_1_557' title='bbox 1443 1764 1603 1800; x_wconf 75' lang='grc' dir='ltr'>ὑποκριθεὶς</span> <span class='ocrx_word' id='word_1_558' title='bbox 1628 1764 1674 1792; x_wconf 86' lang='grc' dir='ltr'><strong>τδν</strong></span> <span class='ocrx_word' id='word_1_559' title='bbox 1684 1764 1706 1780; x_wconf 76' lang='grc'><strong>¹⁸</strong></span> <span class='ocrx_word' id='word_1_560' title='bbox 1722 1765 1859 1799; x_wconf 77' lang='grc' dir='ltr'>πισάγαν·</span> 
     </span>
    </p>
   </div>
   <div class='ocr_carea' id='block_1_82' title="bbox 1061 1806 1862 1847">
    <p class='ocr_par' dir='ltr' id='par_1_82' title="bbox 1061 1806 1862 1847">
     <span class='ocr_line' id='line_1_82' title="bbox 1061 1806 1862 1847; baseline -0.002 -8"><span class='ocrx_word' id='word_1_561' title='bbox 1061 1813 1181 1847; x_wconf 81' lang='grc' dir='ltr'>πισάγας</span> <span class='ocrx_word' id='word_1_562' title='bbox 1202 1812 1231 1839; x_wconf 83' lang='grc' dir='ltr'>δὲ</span> <span class='ocrx_word' id='word_1_563' title='bbox 1254 1811 1363 1847; x_wconf 85' lang='grc' dir='ltr'>λέγεται</span> <span class='ocrx_word' id='word_1_564' title='bbox 1393 1811 1469 1847; x_wconf 80' lang='grc' dir='ltr'>παρὰ</span> <span class='ocrx_word' id='word_1_565' title='bbox 1496 1812 1616 1846; x_wconf 81' lang='grc' dir='ltr'>Πέρσαις</span> <span class='ocrx_word' id='word_1_566' title='bbox 1632 1811 1646 1837; x_wconf 80' lang='grc' dir='ltr'><strong>ὸ</strong></span> <span class='ocrx_word' id='word_1_567' title='bbox 1664 1806 1778 1846; x_wconf 79' lang='grc' dir='ltr'><strong>λεπρὸς,</strong></span> <span class='ocrx_word' id='word_1_568' title='bbox 1807 1811 1862 1837; x_wconf 71' lang='grc' dir='ltr'><strong>καὶ</strong></span> 
     </span>
    </p>
   </div>
   <div class='ocr_carea' id='block_1_83' title="bbox 1061 1859 1862 1896">
    <p class='ocr_par' dir='ltr' id='par_1_83' title="bbox 1061 1859 1862 1896">
     <span class='ocr_line' id='line_1_83' title="bbox 1061 1859 1862 1896; baseline -0.002 -8"><span class='ocrx_word' id='word_1_569' title='bbox 1061 1861 1119 1888; x_wconf 77' lang='grc' dir='ltr'>ἔστι</span> <span class='ocrx_word' id='word_1_570' title='bbox 1143 1862 1225 1888; x_wconf 73' lang='grc' dir='ltr'>πᾶσιν</span> <span class='ocrx_word' id='word_1_571' title='bbox 1251 1860 1412 1896; x_wconf 80' lang='grc' dir='ltr'>ἀπρόσιτος.</span> <span class='ocrx_word' id='word_1_572' title='bbox 1439 1859 1576 1895; x_wconf 78' lang='grc' dir='ltr'>Ἀποδράς</span> <span class='ocrx_word' id='word_1_573' title='bbox 1596 1859 1644 1886; x_wconf 80' lang='grc' dir='ltr'>οὖν</span> <span class='ocrx_word' id='word_1_574' title='bbox 1670 1859 1862 1895; x_wconf 85' lang='grc' dir='ltr'>παραγίνεται</span> 
     </span>
    </p>
   </div>
   <div class='ocr_carea' id='block_1_84' title="bbox 1062 1903 1861 1942">
    <p class='ocr_par' dir='ltr' id='par_1_84' title="bbox 1062 1903 1861 1942">
     <span class='ocr_line' id='line_1_84' title="bbox 1062 1903 1861 1942; baseline -0.003 -8"><span class='ocrx_word' id='word_1_575' title='bbox 1062 1907 1131 1942; x_wconf 78' lang='grc' dir='ltr'>πρὸς</span> <span class='ocrx_word' id='word_1_576' title='bbox 1142 1907 1171 1933; x_wconf 87' lang='lat' dir='ltr'><strong>&#39;A</strong></span> <span class='ocrx_word' id='word_1_577' title='bbox 1176 1906 1256 1942; x_wconf 80' lang='grc' dir='ltr'>μύτιν</span> <span class='ocrx_word' id='word_1_578' title='bbox 1272 1906 1320 1933; x_wconf 71' lang='grc' dir='ltr'><strong>καὶ</strong></span> <span class='ocrx_word' id='word_1_579' title='bbox 1330 1906 1376 1932; x_wconf 85' lang='grc' dir='ltr'><strong>τὸν</strong></span> <span class='ocrx_word' id='word_1_580' title='bbox 1383 1903 1467 1938; x_wconf 78' lang='grc' dir='ltr'>οἷκον,</span> <span class='ocrx_word' id='word_1_581' title='bbox 1482 1905 1530 1932; x_wconf 74' lang='grc' dir='ltr'><strong>καὶ</strong></span> <span class='ocrx_word' id='word_1_582' title='bbox 1542 1905 1619 1940; x_wconf 83' lang='grc' dir='ltr'>μόλις</span> <span class='ocrx_word' id='word_1_583' title='bbox 1627 1904 1861 1939; x_wconf 79' lang='grc' dir='ltr'>ἐπιγινώσκεται.</span> 
     </span>
    </p>
   </div>
   <div class='ocr_carea' id='block_1_85' title="bbox 1062 1948 1861 1987">
    <p class='ocr_par' dir='ltr' id='par_1_85' title="bbox 1062 1948 1861 1987">
     <span class='ocr_line' id='line_1_85' title="bbox 1062 1948 1861 1987; baseline -0.001 -8"><span class='ocrx_word' id='word_1_584' title='bbox 1062 1952 1119 1979; x_wconf 75' lang='grc' dir='ltr'><strong>Καὶ</strong></span> <span class='ocrx_word' id='word_1_585' title='bbox 1135 1952 1169 1979; x_wconf 80' lang='grc' dir='ltr'>δι’</span> <span class='ocrx_word' id='word_1_586' title='bbox 1190 1952 1352 1987; x_wconf 78' lang='grc' dir='ltr'>Ἀμήστριος</span> <span class='ocrx_word' id='word_1_587' title='bbox 1383 1951 1431 1978; x_wconf 72' lang='grc' dir='ltr'>καὶ</span> <span class='ocrx_word' id='word_1_588' title='bbox 1453 1950 1611 1986; x_wconf 73' lang='grc' dir='ltr'><strong>Ἀμύτιοςη</strong></span> <span class='ocrx_word' id='word_1_589' title='bbox 1635 1948 1861 1978; x_wconf 83' lang='grc' dir='ltr'>καταλλάσσεται</span> 
     </span>
    </p>
   </div>
   <div class='ocr_carea' id='block_1_86' title="bbox 1063 1996 1863 2034">
    <p class='ocr_par' dir='ltr' id='par_1_86' title="bbox 1063 1996 1863 2034">
     <span class='ocr_line' id='line_1_86' title="bbox 1063 1996 1863 2034; baseline 0 -9"><span class='ocrx_word' id='word_1_590' title='bbox 1063 1999 1078 2025; x_wconf 83' lang='grc' dir='ltr'>ὁ</span> <span class='ocrx_word' id='word_1_591' title='bbox 1094 1998 1231 2034; x_wconf 79' lang='grc' dir='ltr'>βασιλεὺς,</span> <span class='ocrx_word' id='word_1_592' title='bbox 1253 1998 1302 2025; x_wconf 76' lang='grc' dir='ltr'>καὶ</span> <span class='ocrx_word' id='word_1_593' title='bbox 1321 1998 1395 2024; x_wconf 84' lang='grc' dir='ltr'>ποιεῖ</span> <span class='ocrx_word' id='word_1_594' title='bbox 1408 1997 1490 2024; x_wconf 80' lang='grc' dir='ltr'>αὑτὸν</span> <span class='ocrx_word' id='word_1_595' title='bbox 1505 1997 1544 2029; x_wconf 87' lang='grc' dir='ltr'>ὡς</span> <span class='ocrx_word' id='word_1_596' title='bbox 1559 1997 1590 2024; x_wconf 82' lang='grc' dir='ltr'>τὸ</span> <span class='ocrx_word' id='word_1_597' title='bbox 1602 1996 1721 2033; x_wconf 85' lang='grc' dir='ltr'>πρόσθεν</span> <span class='ocrx_word' id='word_1_598' title='bbox 1732 1998 1863 2033; x_wconf 79' lang='grc' dir='ltr'>ὁμοτρά-</span> 
     </span>
    </p>
   </div>
   <div class='ocr_carea' id='block_1_87' title="bbox 1063 2043 1861 2080">
    <p class='ocr_par' dir='ltr' id='par_1_87' title="bbox 1063 2043 1861 2080">
     <span class='ocr_line' id='line_1_87' title="bbox 1063 2043 1861 2080; baseline 0.001 -9"><span class='ocrx_word' id='word_1_599' title='bbox 1063 2045 1155 2078; x_wconf 80' lang='grc' dir='ltr'>πεζον.</span> <span class='ocrx_word' id='word_1_600' title='bbox 1184 2045 1275 2080; x_wconf 88' lang='grc' dir='ltr'>Ζήσας</span> <span class='ocrx_word' id='word_1_601' title='bbox 1290 2044 1319 2071; x_wconf 75' lang='grc' dir='ltr'>δὲ</span> <span class='ocrx_word' id='word_1_602' title='bbox 1331 2044 1360 2077; x_wconf 77' lang='grc' dir='ltr'><strong>ἒξ</strong></span> <span class='ocrx_word' id='word_1_603' title='bbox 1376 2043 1424 2072; x_wconf 78' lang='grc' dir='ltr'><strong>καὶ</strong></span> <span class='ocrx_word' id='word_1_604' title='bbox 1447 2044 1634 2080; x_wconf 78' lang='grc' dir='ltr'>ἑϐδομήκοντα</span> <span class='ocrx_word' id='word_1_605' title='bbox 1656 2044 1704 2080; x_wconf 81' lang='grc' dir='ltr'>ἐτη</span> <span class='ocrx_word' id='word_1_606' title='bbox 1721 2044 1861 2079; x_wconf 82' lang='grc' dir='ltr'>ἀπέθανε,</span> 
     </span>
    </p>
   </div>
   <div class='ocr_carea' id='block_1_88' title="bbox 1063 2090 1500 2126">
    <p class='ocr_par' dir='ltr' id='par_1_88' title="bbox 1063 2090 1500 2126">
     <span class='ocr_line' id='line_1_88' title="bbox 1063 2090 1500 2126; baseline 0 -9"><span class='ocrx_word' id='word_1_607' title='bbox 1063 2092 1111 2117; x_wconf 71' lang='grc' dir='ltr'><strong>καὶ</strong></span> <span class='ocrx_word' id='word_1_608' title='bbox 1126 2090 1215 2126; x_wconf 88' lang='grc' dir='ltr'>κάρτα</span> <span class='ocrx_word' id='word_1_609' title='bbox 1228 2090 1346 2126; x_wconf 81' lang='grc' dir='ltr'>ἠχθέσθη</span> <span class='ocrx_word' id='word_1_610' title='bbox 1363 2090 1500 2126; x_wconf 82' lang='grc' dir='ltr'>βασιλεύς.</span> 
     </span>
    </p>
   </div>
   <div class='ocr_carea' id='block_1_89' title="bbox 479 2135 1863 2172">
    <p class='ocr_par' dir='ltr' id='par_1_89' title="bbox 479 2135 1863 2172">
     <span class='ocr_line' id='line_1_89' title="bbox 479 2135 1863 2172; baseline 0.001 -10"><span class='ocrx_word' id='word_1_611' title='bbox 479 2135 525 2171; x_wconf 92' lang='lat' dir='ltr'><strong>qui</strong></span> <span class='ocrx_word' id='word_1_612' title='bbox 558 2143 631 2166; x_wconf 90' lang='lat' dir='ltr'><strong>eum,</strong></span> <span class='ocrx_word' id='word_1_613' title='bbox 660 2136 698 2163; x_wconf 91' lang='lat' dir='ltr'><strong>uti</strong></span> <span class='ocrx_word' id='word_1_614' title='bbox 718 2141 809 2167; x_wconf 81' lang='lat' dir='ltr'><strong>antea,</strong></span> <span class='ocrx_word' id='word_1_615' title='bbox 831 2143 887 2162; x_wconf 74' lang='lat' dir='ltr'><strong>suae</strong></span> <span class='ocrx_word' id='word_1_616' title='bbox 914 2143 1014 2162; x_wconf 74' lang='lat' dir='ltr'><strong>mensae</strong></span> <span class='ocrx_word' id='word_1_617' title='bbox 1033 2137 1193 2170; x_wconf 80' lang='lat' dir='ltr'><strong>participem</strong></span> <span class='ocrx_word' id='word_1_618' title='bbox 1221 2136 1294 2164; x_wconf 84' lang='lat' dir='ltr'><strong>fecit.</strong></span> <span class='ocrx_word' id='word_1_619' title='bbox 1314 2135 1412 2163; x_wconf 84' lang='lat' dir='ltr'><strong>Verum</strong></span> <span class='ocrx_word' id='word_1_620' title='bbox 1435 2143 1498 2163; x_wconf 89' lang='lat' dir='ltr'><strong>cum</strong></span> <span class='ocrx_word' id='word_1_621' title='bbox 1517 2143 1564 2164; x_wconf 85' lang='lat' dir='ltr'><strong>sex</strong></span> <span class='ocrx_word' id='word_1_622' title='bbox 1581 2135 1639 2171; x_wconf 87' lang='lat' dir='ltr'><strong>jam</strong></span> <span class='ocrx_word' id='word_1_623' title='bbox 1677 2141 1706 2164; x_wconf 86' lang='lat' dir='ltr'><strong>et</strong></span> <span class='ocrx_word' id='word_1_624' title='bbox 1745 2141 1863 2172; x_wconf 77' lang='lat' dir='ltr'><strong>septua-</strong></span> 
     </span>
    </p>
   </div>
   <div class='ocr_carea' id='block_1_90' title="bbox 223 2180 1123 2215">
    <p class='ocr_par' dir='ltr' id='par_1_90' title="bbox 223 2180 1123 2215">
     <span class='ocr_line' id='line_1_90' title="bbox 223 2180 1123 2215; baseline 0.002 -9"><span class='ocrx_word' id='word_1_625' title='bbox 223 2181 297 2214; x_wconf 82' lang='lat' dir='ltr'><strong>ginta</strong></span> <span class='ocrx_word' id='word_1_626' title='bbox 311 2181 425 2208; x_wconf 77' lang='lat' dir='ltr'><strong>vixisset</strong></span> <span class='ocrx_word' id='word_1_627' title='bbox 440 2188 536 2213; x_wconf 81' lang='lat' dir='ltr'><strong>annos,</strong></span> <span class='ocrx_word' id='word_1_628' title='bbox 555 2188 653 2215; x_wconf 83' lang='lat' dir='ltr'><strong>magno</strong></span> <span class='ocrx_word' id='word_1_629' title='bbox 669 2181 739 2215; x_wconf 76' lang='lat' dir='ltr'><strong>regis</strong></span> <span class='ocrx_word' id='word_1_630' title='bbox 752 2188 813 2207; x_wconf 87' lang='lat' dir='ltr'><strong>cum</strong></span> <span class='ocrx_word' id='word_1_631' title='bbox 828 2180 921 2207; x_wconf 89' lang='lat' dir='ltr'><strong>dolore</strong></span> <span class='ocrx_word' id='word_1_632' title='bbox 936 2184 1058 2208; x_wconf 88' lang='lat' dir='ltr'><strong>mortuus</strong></span> <span class='ocrx_word' id='word_1_633' title='bbox 1071 2184 1123 2208; x_wconf 89' lang='lat' dir='ltr'><strong>est.</strong></span> 
     </span>
    </p>
   </div>
   <div class='ocr_carea' id='block_1_91' title="bbox 257 2223 1009 2262">
    <p class='ocr_par' dir='ltr' id='par_1_91' title="bbox 257 2225 1009 2261">
     <span class='ocr_line' id='line_1_91' title="bbox 257 2225 1009 2261; baseline -0.001 -9"><span class='ocrx_word' id='word_1_634' title='bbox 257 2225 322 2253; x_wconf 86' lang='lat' dir='ltr'><strong>Post</strong></span> <span class='ocrx_word' id='word_1_635' title='bbox 343 2225 482 2261; x_wconf 76' lang='lat' dir='ltr'><strong>Mcgabyzi</strong></span> <span class='ocrx_word' id='word_1_636' title='bbox 508 2231 634 2257; x_wconf 85' lang='lat' dir='ltr'><strong>mortem,</strong></span> <span class='ocrx_word' id='word_1_637' title='bbox 661 2233 722 2252; x_wconf 92' lang='lat' dir='ltr'><strong>cum</strong></span> <span class='ocrx_word' id='word_1_638' title='bbox 747 2226 839 2252; x_wconf 89' lang='lat' dir='ltr'><strong>nmltis</strong></span> <span class='ocrx_word' id='word_1_639' title='bbox 863 2225 1009 2252; x_wconf 89' lang='lat' dir='ltr'><strong>admodum</strong></span> 
     </span>
    </p>
   </div>
   <div class='ocr_carea' id='block_1_92' title="bbox 1061 2223 1865 2262">
    <p class='ocr_par' dir='ltr' id='par_1_92' title="bbox 1102 2223 1865 2262">
     <span class='ocr_line' id='line_1_92' title="bbox 1102 2223 1865 2262; baseline 0.003 -11"><span class='ocrx_word' id='word_1_640' title='bbox 1102 2225 1319 2262; x_wconf 83' lang='grc' dir='ltr'>Τελευτήσαντος</span> <span class='ocrx_word' id='word_1_641' title='bbox 1345 2225 1373 2252; x_wconf 79' lang='grc' dir='ltr'>δὲ</span> <span class='ocrx_word' id='word_1_642' title='bbox 1394 2225 1558 2260; x_wconf 75' lang='grc' dir='ltr'>Μεγαϐύζου</span> <span class='ocrx_word' id='word_1_643' title='bbox 1579 2225 1669 2262; x_wconf 81' lang='grc' dir='ltr'>κάρτα</span> <span class='ocrx_word' id='word_1_644' title='bbox 1684 2223 1865 2261; x_wconf 77' lang='grc' dir='ltr'>ἦν”Δμύτις</span> 
     </span>
    </p>
   </div>
   <div class='ocr_carea' id='block_1_93' title="bbox 223 2272 1012 2308">
    <p class='ocr_par' dir='ltr' id='par_1_93' title="bbox 223 2272 1012 2308">
     <span class='ocr_line' id='line_1_93' title="bbox 223 2272 1012 2308; baseline 0.001 -10"><span class='ocrx_word' id='word_1_645' title='bbox 223 2272 290 2300; x_wconf 88' lang='lat' dir='ltr'><strong>viris</strong></span> <span class='ocrx_word' id='word_1_646' title='bbox 305 2273 410 2308; x_wconf 79' lang='lat' dir='ltr'><strong>Amytis</strong></span> <span class='ocrx_word' id='word_1_647' title='bbox 426 2273 632 2303; x_wconf 85' lang='lat' dir='ltr'><strong>consuescebat,</strong></span> <span class='ocrx_word' id='word_1_648' title='bbox 648 2277 676 2297; x_wconf 89' lang='lat' dir='ltr'><strong>ut</strong></span> <span class='ocrx_word' id='word_1_649' title='bbox 693 2277 756 2299; x_wconf 79' lang='lat' dir='ltr'><strong>ante</strong></span> <span class='ocrx_word' id='word_1_650' title='bbox 773 2279 833 2298; x_wconf 90' lang='lat' dir='ltr'><strong>eam</strong></span> <span class='ocrx_word' id='word_1_651' title='bbox 847 2276 933 2299; x_wconf 89' lang='lat' dir='ltr'><strong>mater</strong></span> <span class='ocrx_word' id='word_1_652' title='bbox 944 2279 1012 2306; x_wconf 89' lang='lat' dir='ltr'><strong>quo-</strong></span> 
     </span>
    </p>
   </div>
   <div class='ocr_carea' id='block_1_94' title="bbox 224 2316 1013 2352">
    <p class='ocr_par' dir='ltr' id='par_1_94' title="bbox 224 2316 1013 2352">
     <span class='ocr_line' id='line_1_94' title="bbox 224 2316 1013 2352; baseline -0.001 -8"><span class='ocrx_word' id='word_1_653' title='bbox 224 2325 278 2352; x_wconf 81' lang='lat' dir='ltr'><strong>que</strong></span> <span class='ocrx_word' id='word_1_654' title='bbox 290 2317 428 2344; x_wconf 80' lang='lat' dir='ltr'><strong>Amistris.</strong></span> <span class='ocrx_word' id='word_1_655' title='bbox 452 2317 645 2351; x_wconf 81' lang='lat' dir='ltr'><strong>Appollonides</strong></span> <span class='ocrx_word' id='word_1_656' title='bbox 669 2324 744 2351; x_wconf 83' lang='lat' dir='ltr'><strong>ergo,</strong></span> <span class='ocrx_word' id='word_1_657' title='bbox 760 2316 835 2343; x_wconf 91' lang='lat' dir='ltr'><strong>Cous</strong></span> <span class='ocrx_word' id='word_1_658' title='bbox 857 2316 902 2343; x_wconf 90' lang='lat' dir='ltr'><strong>ille</strong></span> <span class='ocrx_word' id='word_1_659' title='bbox 926 2317 1013 2344; x_wconf 91' lang='lat' dir='ltr'><strong>medi-</strong></span> 
     </span>
    </p>
   </div>
   <div class='ocr_carea' id='block_1_95' title="bbox 223 2360 1014 2395">
    <p class='ocr_par' dir='ltr' id='par_1_95' title="bbox 223 2360 1014 2395">
     <span class='ocr_line' id='line_1_95' title="bbox 223 2360 1014 2395; baseline -0.003 -6"><span class='ocrx_word' id='word_1_660' title='bbox 223 2368 284 2394; x_wconf 86' lang='lat' dir='ltr'><strong>cus,</strong></span> <span class='ocrx_word' id='word_1_661' title='bbox 307 2368 370 2389; x_wconf 90' lang='lat' dir='ltr'><strong>cum</strong></span> <span class='ocrx_word' id='word_1_662' title='bbox 393 2361 498 2395; x_wconf 82' lang='lat' dir='ltr'><strong>Amytis</strong></span> <span class='ocrx_word' id='word_1_663' title='bbox 521 2360 617 2387; x_wconf 88' lang='lat' dir='ltr'><strong>leviter</strong></span> <span class='ocrx_word' id='word_1_664' title='bbox 638 2364 793 2395; x_wconf 81' lang='lat' dir='ltr'><strong>a-grotaret,</strong></span> <span class='ocrx_word' id='word_1_665' title='bbox 817 2364 845 2387; x_wconf 80' lang='lat' dir='ltr'><strong>et</strong></span> <span class='ocrx_word' id='word_1_666' title='bbox 869 2360 929 2395; x_wconf 84' lang='lat' dir='ltr'><strong>ejus</strong></span> <span class='ocrx_word' id='word_1_667' title='bbox 956 2361 1014 2395; x_wconf 88' lang='lat' dir='ltr'><strong>ipse</strong></span> 
     </span>
    </p>
   </div>
   <div class='ocr_carea' id='block_1_96' title="bbox 224 2406 1012 2441">
    <p class='ocr_par' dir='ltr' id='par_1_96' title="bbox 224 2406 1012 2441">
     <span class='ocr_line' id='line_1_96' title="bbox 224 2406 1012 2441; baseline 0 -8"><span class='ocrx_word' id='word_1_668' title='bbox 224 2414 319 2434; x_wconf 81' lang='lat' dir='ltr'><strong>amore</strong></span> <span class='ocrx_word' id='word_1_669' title='bbox 334 2412 433 2441; x_wconf 86' lang='lat' dir='ltr'><strong>captus</strong></span> <span class='ocrx_word' id='word_1_670' title='bbox 456 2412 538 2440; x_wconf 83' lang='lat' dir='ltr'><strong>esset,</strong></span> <span class='ocrx_word' id='word_1_671' title='bbox 560 2406 618 2434; x_wconf 82' lang='lat' dir='ltr'><strong>tore</strong></span> <span class='ocrx_word' id='word_1_672' title='bbox 633 2406 703 2433; x_wconf 78' lang='lat' dir='ltr'><strong>dixit</strong></span> <span class='ocrx_word' id='word_1_673' title='bbox 726 2411 755 2439; x_wconf 83' lang='lat' dir='ltr'><strong>ut</strong></span> <span class='ocrx_word' id='word_1_674' title='bbox 779 2414 810 2433; x_wconf 89' lang='lat' dir='ltr'><strong>ea</strong></span> <span class='ocrx_word' id='word_1_675' title='bbox 829 2406 855 2434; x_wconf 93' lang='lat' dir='ltr'><strong>in</strong></span> <span class='ocrx_word' id='word_1_676' title='bbox 869 2407 1012 2440; x_wconf 82' lang='lat' dir='ltr'><strong>pristinam</strong></span> 
     </span>
    </p>
   </div>
   <div class='ocr_carea' id='block_1_97' title="bbox 224 2451 1014 2487">
    <p class='ocr_par' dir='ltr' id='par_1_97' title="bbox 224 2451 1014 2487">
     <span class='ocr_line' id='line_1_97' title="bbox 224 2451 1014 2487; baseline 0.001 -9"><span class='ocrx_word' id='word_1_677' title='bbox 224 2452 406 2480; x_wconf 83' lang='lat' dir='ltr'><strong>valetudinem</strong></span> <span class='ocrx_word' id='word_1_678' title='bbox 424 2452 625 2485; x_wconf 87' lang='lat' dir='ltr'><strong>restitueretur,</strong></span> <span class='ocrx_word' id='word_1_679' title='bbox 645 2452 667 2479; x_wconf 86' lang='lat' dir='ltr'><strong>si</strong></span> <span class='ocrx_word' id='word_1_680' title='bbox 690 2459 752 2479; x_wconf 74' lang='lat' dir='ltr'><strong>cum</strong></span> <span class='ocrx_word' id='word_1_681' title='bbox 775 2451 841 2479; x_wconf 85' lang='lat' dir='ltr'><strong>viris</strong></span> <span class='ocrx_word' id='word_1_682' title='bbox 864 2452 1014 2487; x_wconf 87' lang='lat' dir='ltr'><strong>congrede-</strong></span> 
     </span>
    </p>
   </div>
   <div class='ocr_carea' id='block_1_98' title="bbox 225 2497 1013 2531">
    <p class='ocr_par' dir='ltr' id='par_1_98' title="bbox 225 2497 1013 2531">
     <span class='ocr_line' id='line_1_98' title="bbox 225 2497 1013 2531; baseline 0 -6"><span class='ocrx_word' id='word_1_683' title='bbox 225 2503 311 2531; x_wconf 89' lang='lat' dir='ltr'><strong>retur,</strong></span> <span class='ocrx_word' id='word_1_684' title='bbox 328 2506 389 2525; x_wconf 88' lang='lat' dir='ltr'><strong>nam</strong></span> <span class='ocrx_word' id='word_1_685' title='bbox 407 2498 492 2525; x_wconf 70' lang='lat' dir='ltr'><strong>vulva:</strong></span> <span class='ocrx_word' id='word_1_686' title='bbox 515 2498 608 2525; x_wconf 84' lang='lat' dir='ltr'><strong>vexari</strong></span> <span class='ocrx_word' id='word_1_687' title='bbox 628 2497 732 2525; x_wconf 89' lang='lat' dir='ltr'><strong>morbo.</strong></span> <span class='ocrx_word' id='word_1_688' title='bbox 750 2498 815 2531; x_wconf 69' lang='lat' dir='ltr'><strong>Quae</strong></span> <span class='ocrx_word' id='word_1_689' title='bbox 836 2506 897 2524; x_wconf 93' lang='lat' dir='ltr'><strong>cum</strong></span> <span class='ocrx_word' id='word_1_690' title='bbox 917 2498 954 2525; x_wconf 87' lang='lat' dir='ltr'><strong>illi</strong></span> <span class='ocrx_word' id='word_1_691' title='bbox 967 2506 1013 2526; x_wconf 89' lang='lat' dir='ltr'><strong>ars</strong></span> 
     </span>
    </p>
   </div>
   <div class='ocr_carea' id='block_1_99' title="bbox 225 2544 1008 2578">
    <p class='ocr_par' dir='ltr' id='par_1_99' title="bbox 225 2544 1008 2578">
     <span class='ocr_line' id='line_1_99' title="bbox 225 2544 1008 2578; baseline -0.001 -7"><span class='ocrx_word' id='word_1_692' title='bbox 225 2551 260 2571; x_wconf 84' lang='lat' dir='ltr'><strong>ex</strong></span> <span class='ocrx_word' id='word_1_693' title='bbox 279 2548 343 2570; x_wconf 88' lang='lat' dir='ltr'><strong>volo</strong></span> <span class='ocrx_word' id='word_1_694' title='bbox 358 2544 545 2576; x_wconf 85' lang='lat' dir='ltr'><strong>successisset,</strong></span> <span class='ocrx_word' id='word_1_695' title='bbox 564 2549 648 2578; x_wconf 86' lang='lat' dir='ltr'><strong>atque</strong></span> <span class='ocrx_word' id='word_1_696' title='bbox 674 2551 735 2570; x_wconf 90' lang='lat' dir='ltr'><strong>cum</strong></span> <span class='ocrx_word' id='word_1_697' title='bbox 756 2551 787 2570; x_wconf 89' lang='lat' dir='ltr'><strong>ea</strong></span> <span class='ocrx_word' id='word_1_698' title='bbox 804 2544 1008 2576; x_wconf 85' lang='lat' dir='ltr'><strong>concubuisset,</strong></span> 
     </span>
    </p>
   </div>
   <div class='ocr_carea' id='block_1_100' title="bbox 225 2588 1014 2621">
    <p class='ocr_par' dir='ltr' id='par_1_100' title="bbox 225 2588 1014 2621">
     <span class='ocr_line' id='line_1_100' title="bbox 225 2588 1014 2621; baseline 0.001 -5"><span class='ocrx_word' id='word_1_699' title='bbox 225 2589 272 2617; x_wconf 89' lang='lat' dir='ltr'><strong>ubi</strong></span> <span class='ocrx_word' id='word_1_700' title='bbox 288 2588 416 2616; x_wconf 88' lang='lat' dir='ltr'><strong>feminam</strong></span> <span class='ocrx_word' id='word_1_701' title='bbox 450 2590 644 2617; x_wconf 80' lang='lat' dir='ltr'><strong>contabescere</strong></span> <span class='ocrx_word' id='word_1_702' title='bbox 657 2589 861 2621; x_wconf 73' lang='lat' dir='ltr'><strong>aliimadvertit,</strong></span> <span class='ocrx_word' id='word_1_703' title='bbox 882 2590 1014 2617; x_wconf 86' lang='lat' dir='ltr'><strong>abstinuit</strong></span> 
     </span>
    </p>
   </div>
   <div class='ocr_carea' id='block_1_101' title="bbox 228 2638 1015 2673">
    <p class='ocr_par' dir='ltr' id='par_1_101' title="bbox 228 2638 1015 2673">
     <span class='ocr_line' id='line_1_101' title="bbox 228 2638 1015 2673; baseline 0 -9"><span class='ocrx_word' id='word_1_704' title='bbox 228 2645 244 2664; x_wconf 82' lang='lat' dir='ltr'><strong>a</strong></span> <span class='ocrx_word' id='word_1_705' title='bbox 266 2638 475 2665; x_wconf 87' lang='lat' dir='ltr'><strong>consuetudine.</strong></span> <span class='ocrx_word' id='word_1_706' title='bbox 498 2638 582 2673; x_wconf 85' lang='lat' dir='ltr'><strong>Igitur</strong></span> <span class='ocrx_word' id='word_1_707' title='bbox 601 2638 656 2669; x_wconf 86' lang='lat' dir='ltr'><strong>illa,</strong></span> <span class='ocrx_word' id='word_1_708' title='bbox 681 2642 769 2665; x_wconf 88' lang='lat' dir='ltr'><strong>morte</strong></span> <span class='ocrx_word' id='word_1_709' title='bbox 785 2638 941 2671; x_wconf 84' lang='lat' dir='ltr'><strong>accedente,</strong></span> <span class='ocrx_word' id='word_1_710' title='bbox 956 2645 1015 2664; x_wconf 86' lang='lat' dir='ltr'><strong>ma-</strong></span> 
     </span>
    </p>
   </div>
   <div class='ocr_carea' id='block_1_102' title="bbox 227 2683 1015 2719">
    <p class='ocr_par' dir='ltr' id='par_1_102' title="bbox 227 2683 1015 2719">
     <span class='ocr_line' id='line_1_102' title="bbox 227 2683 1015 2719; baseline -0.001 -9"><span class='ocrx_word' id='word_1_711' title='bbox 227 2683 264 2710; x_wconf 92' lang='lat' dir='ltr'><strong>tri</strong></span> <span class='ocrx_word' id='word_1_712' title='bbox 286 2683 396 2716; x_wconf 84' lang='lat' dir='ltr'><strong>indixit,</strong></span> <span class='ocrx_word' id='word_1_713' title='bbox 409 2683 616 2719; x_wconf 83' lang='lat' dir='ltr'><strong>Appollonidem</strong></span> <span class='ocrx_word' id='word_1_714' title='bbox 637 2688 667 2710; x_wconf 88' lang='lat' dir='ltr'><strong>ut</strong></span> <span class='ocrx_word' id='word_1_715' title='bbox 682 2683 868 2710; x_wconf 83' lang='lat' dir='ltr'><strong>ulcisceretur.</strong></span> <span class='ocrx_word' id='word_1_716' title='bbox 886 2683 947 2710; x_wconf 71' lang='grc' dir='ltr'>ιιωε</span> <span class='ocrx_word' id='word_1_717' title='bbox 959 2683 1015 2718; x_wconf 87' lang='lat' dir='ltr'><strong>regi</strong></span> 
     </span>
    </p>
   </div>
   <div class='ocr_carea' id='block_1_103' title="bbox 226 2728 1016 2764">
    <p class='ocr_par' dir='ltr' id='par_1_103' title="bbox 226 2728 1016 2764">
     <span class='ocr_line' id='line_1_103' title="bbox 226 2728 1016 2764; baseline 0.001 -8"><span class='ocrx_word' id='word_1_718' title='bbox 226 2728 276 2764; x_wconf 87' lang='lat' dir='ltr'><strong>ipsi</strong></span> <span class='ocrx_word' id='word_1_719' title='bbox 298 2729 442 2757; x_wconf 79' lang='lat' dir='ltr'><strong>Artaxerxi</strong></span> <span class='ocrx_word' id='word_1_720' title='bbox 464 2737 521 2757; x_wconf 90' lang='lat' dir='ltr'><strong>rem</strong></span> <span class='ocrx_word' id='word_1_721' title='bbox 542 2737 651 2757; x_wconf 85' lang='lat' dir='ltr'><strong>onmem</strong></span> <span class='ocrx_word' id='word_1_722' title='bbox 671 2729 807 2764; x_wconf 77' lang='lat' dir='ltr'><strong>exposuit,</strong></span> <span class='ocrx_word' id='word_1_723' title='bbox 825 2729 856 2757; x_wconf 79' lang='lat' dir='ltr'><strong>&#39;et</strong></span> <span class='ocrx_word' id='word_1_724' title='bbox 881 2731 1016 2764; x_wconf 88' lang='lat' dir='ltr'><strong>quomodo</strong></span> 
     </span>
    </p>
   </div>
   <div class='ocr_carea' id='block_1_104' title="bbox 1065 2270 1865 2307">
    <p class='ocr_par' dir='ltr' id='par_1_104' title="bbox 1065 2270 1865 2307">
     <span class='ocr_line' id='line_1_104' title="bbox 1065 2270 1865 2307; baseline 0.001 -10"><span class='ocrx_word' id='word_1_725' title='bbox 1065 2271 1195 2306; x_wconf 79' lang='grc' dir='ltr'>ἀνδράσιν</span> <span class='ocrx_word' id='word_1_726' title='bbox 1215 2270 1358 2307; x_wconf 84' lang='grc' dir='ltr'>ὁμιλοῦσα,</span> <span class='ocrx_word' id='word_1_727' title='bbox 1374 2272 1422 2298; x_wconf 79' lang='grc' dir='ltr'>καὶ</span> <span class='ocrx_word' id='word_1_728' title='bbox 1433 2271 1486 2307; x_wconf 82' lang='grc' dir='ltr'><strong>πρό</strong></span> <span class='ocrx_word' id='word_1_729' title='bbox 1500 2279 1533 2306; x_wconf 90' lang='grc' dir='ltr'>γε</span> <span class='ocrx_word' id='word_1_730' title='bbox 1551 2271 1656 2307; x_wconf 86' lang='grc' dir='ltr'>ταύτης</span> <span class='ocrx_word' id='word_1_731' title='bbox 1670 2271 1717 2298; x_wconf 83' lang='grc' dir='ltr'><strong>καὶ</strong></span> <span class='ocrx_word' id='word_1_732' title='bbox 1732 2272 1750 2307; x_wconf 84' lang='grc' dir='ltr'><strong>ἡ</strong></span> <span class='ocrx_word' id='word_1_733' title='bbox 1763 2273 1865 2307; x_wconf 76' lang='grc' dir='ltr'>μήτηρ</span> 
     </span>
    </p>
   </div>
   <div class='ocr_carea' id='block_1_105' title="bbox 1073 2317 1865 2354">
    <p class='ocr_par' dir='ltr' id='par_1_105' title="bbox 1073 2317 1865 2354">
     <span class='ocr_line' id='line_1_105' title="bbox 1073 2317 1865 2354; baseline -0.001 -9"><span class='ocrx_word' id='word_1_734' title='bbox 1073 2318 1222 2354; x_wconf 78' lang='grc' dir='ltr'>Ἀμῆστρις</span> <span class='ocrx_word' id='word_1_735' title='bbox 1244 2317 1363 2352; x_wconf 78' lang='grc' dir='ltr'>ὁμοίως,</span> <span class='ocrx_word' id='word_1_736' title='bbox 1387 2317 1417 2344; x_wconf 91' lang='lat'><strong>&#39;0</strong></span> <span class='ocrx_word' id='word_1_737' title='bbox 1435 2318 1464 2344; x_wconf 80' lang='grc' dir='ltr'>δὲ</span> <span class='ocrx_word' id='word_1_738' title='bbox 1492 2317 1692 2352; x_wconf 74' lang='grc' dir='ltr'>Ἀπολλωνίδης</span> <span class='ocrx_word' id='word_1_739' title='bbox 1719 2318 1735 2344; x_wconf 83' lang='grc' dir='ltr'><strong>ὁ</strong></span> <span class='ocrx_word' id='word_1_740' title='bbox 1765 2319 1865 2353; x_wconf 68' lang='grc' dir='ltr'>ἰατρὸς</span> 
     </span>
    </p>
   </div>
   <div class='ocr_carea' id='block_1_106' title="bbox 1065 2358 1867 2397">
    <p class='ocr_par' dir='ltr' id='par_1_106' title="bbox 1065 2358 1867 2397">
     <span class='ocr_line' id='line_1_106' title="bbox 1065 2358 1867 2397; baseline -0.004 -8"><span class='ocrx_word' id='word_1_741' title='bbox 1065 2364 1080 2389; x_wconf 81' lang='grc' dir='ltr'>ὁ</span> <span class='ocrx_word' id='word_1_742' title='bbox 1108 2362 1208 2397; x_wconf 81' lang='grc' dir='ltr'>Κῷος,</span> <span class='ocrx_word' id='word_1_743' title='bbox 1235 2362 1297 2388; x_wconf 65' lang='grc' dir='ltr'>ἐπεὶ</span> <span class='ocrx_word' id='word_1_744' title='bbox 1318 2361 1440 2392; x_wconf 82' lang='grc' dir='ltr'>ἀσθενῶς</span> <span class='ocrx_word' id='word_1_745' title='bbox 1466 2358 1549 2396; x_wconf 71' lang='grc' dir='ltr'>εἶχενι</span> <span class='ocrx_word' id='word_1_746' title='bbox 1568 2360 1683 2396; x_wconf 84' lang='grc' dir='ltr'>Ἀμύτις</span> <span class='ocrx_word' id='word_1_747' title='bbox 1703 2380 1712 2393; x_wconf 83' lang='grc'><strong>,</strong></span> <span class='ocrx_word' id='word_1_748' title='bbox 1752 2360 1778 2386; x_wconf 84' lang='grc' dir='ltr'>εἰ</span> <span class='ocrx_word' id='word_1_749' title='bbox 1813 2364 1867 2387; x_wconf 73' lang='grc' dir='ltr'><strong>καὶ</strong></span> 
     </span>
    </p>
   </div>
   <div class='ocr_carea' id='block_1_107' title="bbox 1068 2406 1866 2445">
    <p class='ocr_par' dir='ltr' id='par_1_107' title="bbox 1068 2406 1866 2445">
     <span class='ocr_line' id='line_1_107' title="bbox 1068 2406 1866 2445; baseline -0.004 -10"><span class='ocrx_word' id='word_1_750' title='bbox 1068 2408 1193 2445; x_wconf 81' lang='grc' dir='ltr'>βληχρῶς</span> <span class='ocrx_word' id='word_1_751' title='bbox 1214 2408 1237 2424; x_wconf 78' lang='grc' dir='ltr'>’θ</span> <span class='ocrx_word' id='word_1_752' title='bbox 1254 2407 1301 2434; x_wconf 79' lang='grc' dir='ltr'><strong>καὶ</strong></span> <span class='ocrx_word' id='word_1_753' title='bbox 1323 2408 1373 2434; x_wconf 85' lang='grc' dir='ltr'>οὐκ</span> <span class='ocrx_word' id='word_1_754' title='bbox 1399 2407 1540 2443; x_wconf 81' lang='grc' dir='ltr'>ἰσχυρῶς,</span> <span class='ocrx_word' id='word_1_755' title='bbox 1566 2407 1670 2438; x_wconf 71' lang='grc' dir='ltr'>ἐκεῖνος</span> <span class='ocrx_word' id='word_1_756' title='bbox 1700 2406 1729 2433; x_wconf 78' lang='grc' dir='ltr'>δὲ</span> <span class='ocrx_word' id='word_1_757' title='bbox 1748 2406 1866 2441; x_wconf 80' lang='grc' dir='ltr'>ἠράσθη</span> 
     </span>
    </p>
   </div>
   <div class='ocr_carea' id='block_1_108' title="bbox 1067 2452 1868 2491">
    <p class='ocr_par' dir='ltr' id='par_1_108' title="bbox 1067 2452 1868 2491">
     <span class='ocr_line' id='line_1_108' title="bbox 1067 2452 1868 2491; baseline -0.005 -9"><span class='ocrx_word' id='word_1_758' title='bbox 1067 2456 1164 2491; x_wconf 83' lang='grc' dir='ltr'>αὐτῆς,</span> <span class='ocrx_word' id='word_1_759' title='bbox 1186 2455 1237 2490; x_wconf 80' lang='grc' dir='ltr'>ἔφη</span> <span class='ocrx_word' id='word_1_760' title='bbox 1263 2455 1303 2486; x_wconf 80' lang='grc' dir='ltr'>εἰς</span> <span class='ocrx_word' id='word_1_761' title='bbox 1324 2454 1374 2489; x_wconf 81' lang='grc' dir='ltr'>τὴν</span> <span class='ocrx_word' id='word_1_762' title='bbox 1395 2453 1489 2488; x_wconf 82' lang='grc' dir='ltr'>ὑγείαν</span> <span class='ocrx_word' id='word_1_763' title='bbox 1510 2453 1596 2485; x_wconf 79' lang='grc' dir='ltr'>αὐτὴν</span> <span class='ocrx_word' id='word_1_764' title='bbox 1619 2452 1793 2483; x_wconf 77' lang='grc' dir='ltr'>ἐπανελθεῖν,</span> <span class='ocrx_word' id='word_1_765' title='bbox 1811 2452 1868 2478; x_wconf 72' lang='grc' dir='ltr'><strong>ἐὰν</strong></span> 
     </span>
    </p>
   </div>
   <div class='ocr_carea' id='block_1_109' title="bbox 1064 2495 1870 2536">
    <p class='ocr_par' dir='ltr' id='par_1_109' title="bbox 1064 2495 1870 2536">
     <span class='ocr_line' id='line_1_109' title="bbox 1064 2495 1870 2536; baseline -0.007 -8"><span class='ocrx_word' id='word_1_766' title='bbox 1064 2501 1194 2536; x_wconf 81' lang='grc' dir='ltr'>ἀνδράσιν</span> <span class='ocrx_word' id='word_1_767' title='bbox 1208 2500 1337 2535; x_wconf 82' lang='grc' dir='ltr'>ὁμιλήσῃ·</span> <span class='ocrx_word' id='word_1_768' title='bbox 1352 2499 1402 2534; x_wconf 81' lang='grc' dir='ltr'>τῆς</span> <span class='ocrx_word' id='word_1_769' title='bbox 1421 2500 1476 2534; x_wconf 82' lang='grc' dir='ltr'><strong>γὰρ</strong></span> <span class='ocrx_word' id='word_1_770' title='bbox 1499 2498 1616 2533; x_wconf 70' lang='grc' dir='ltr'>ὑστέρας</span> <span class='ocrx_word' id='word_1_771' title='bbox 1635 2495 1705 2524; x_wconf 77' lang='grc' dir='ltr'>εἶναι</span> <span class='ocrx_word' id='word_1_772' title='bbox 1725 2497 1756 2523; x_wconf 78' lang='grc' dir='ltr'>τὸ</span> <span class='ocrx_word' id='word_1_773' title='bbox 1776 2496 1870 2532; x_wconf 76' lang='grc' dir='ltr'>νόση-</span> 
     </span>
    </p>
   </div>
   <div class='ocr_carea' id='block_1_110' title="bbox 1066 2542 1865 2583">
    <p class='ocr_par' dir='ltr' id='par_1_110' title="bbox 1066 2542 1865 2583">
     <span class='ocr_line' id='line_1_110' title="bbox 1066 2542 1865 2583; baseline -0.009 -9"><span class='ocrx_word' id='word_1_774' title='bbox 1066 2556 1113 2583; x_wconf 90' lang='grc' dir='ltr'>μα.</span> <span class='ocrx_word' id='word_1_775' title='bbox 1135 2548 1212 2574; x_wconf 76' lang='grc' dir='ltr'><strong>Ἐπεὶ</strong></span> <span class='ocrx_word' id='word_1_776' title='bbox 1235 2547 1264 2573; x_wconf 78' lang='grc' dir='ltr'>δὲ</span> <span class='ocrx_word' id='word_1_777' title='bbox 1282 2545 1359 2581; x_wconf 82' lang='grc' dir='ltr'>αὐτῷ</span> <span class='ocrx_word' id='word_1_778' title='bbox 1390 2544 1532 2579; x_wconf 74' lang='grc' dir='ltr'>ἐξεγένετο</span> <span class='ocrx_word' id='word_1_779' title='bbox 1547 2543 1577 2570; x_wconf 83' lang='grc' dir='ltr'>τὸ</span> <span class='ocrx_word' id='word_1_780' title='bbox 1608 2542 1779 2577; x_wconf 78' lang='grc' dir='ltr'>ἐπιτήδευμα</span> <span class='ocrx_word' id='word_1_781' title='bbox 1807 2543 1865 2568; x_wconf 78' lang='grc' dir='ltr'><strong>καὶ</strong></span> 
     </span>
    </p>
   </div>
   <div class='ocr_carea' id='block_1_111' title="bbox 1064 2588 1867 2630">
    <p class='ocr_par' dir='ltr' id='par_1_111' title="bbox 1064 2588 1867 2630">
     <span class='ocr_line' id='line_1_111' title="bbox 1064 2588 1867 2630; baseline -0.01 -9"><span class='ocrx_word' id='word_1_782' title='bbox 1064 2594 1161 2630; x_wconf 83' lang='grc' dir='ltr'>ὡμίλει</span> <span class='ocrx_word' id='word_1_783' title='bbox 1174 2595 1261 2629; x_wconf 82' lang='grc' dir='ltr'><strong>αὐτῇ.</strong></span> <span class='ocrx_word' id='word_1_784' title='bbox 1285 2594 1303 2628; x_wconf 80' lang='grc' dir='ltr'><strong>ή</strong></span> <span class='ocrx_word' id='word_1_785' title='bbox 1322 2593 1350 2619; x_wconf 75' lang='grc' dir='ltr'>δὲ</span> <span class='ocrx_word' id='word_1_786' title='bbox 1372 2592 1516 2628; x_wconf 80' lang='grc' dir='ltr'>ἄνθρωπος</span> <span class='ocrx_word' id='word_1_787' title='bbox 1533 2589 1700 2625; x_wconf 81' lang='grc' dir='ltr'>ἐμαραίνετο</span> <span class='ocrx_word' id='word_1_788' title='bbox 1714 2607 1723 2621; x_wconf 84' lang='grc'><strong>,</strong></span> <span class='ocrx_word' id='word_1_789' title='bbox 1750 2588 1867 2623; x_wconf 77' lang='grc' dir='ltr'>ἀπέστη</span> 
     </span>
    </p>
   </div>
   <div class='ocr_carea' id='block_1_112' title="bbox 1065 2633 1867 2675">
    <p class='ocr_par' dir='ltr' id='par_1_112' title="bbox 1065 2633 1867 2675">
     <span class='ocr_line' id='line_1_112' title="bbox 1065 2633 1867 2675; baseline -0.011 -8"><span class='ocrx_word' id='word_1_790' title='bbox 1065 2641 1116 2675; x_wconf 83' lang='grc' dir='ltr'>τῆς</span> <span class='ocrx_word' id='word_1_791' title='bbox 1150 2639 1303 2670; x_wconf 79' lang='grc' dir='ltr'>συνουσίας.</span> <span class='ocrx_word' id='word_1_792' title='bbox 1331 2637 1491 2664; x_wconf 81' lang='grc' dir='ltr'>Τελευτῶσα</span> <span class='ocrx_word' id='word_1_793' title='bbox 1516 2635 1548 2671; x_wconf 84' lang='grc' dir='ltr'>δὴ</span> <span class='ocrx_word' id='word_1_794' title='bbox 1573 2633 1620 2662; x_wconf 80' lang='grc' dir='ltr'>οὖν</span> <span class='ocrx_word' id='word_1_795' title='bbox 1649 2633 1801 2669; x_wconf 76' lang='grc' dir='ltr'>ἐπήγγειλε</span> <span class='ocrx_word' id='word_1_796' title='bbox 1827 2636 1867 2669; x_wconf 81' lang='grc' dir='ltr'>τῇ</span> 
     </span>
    </p>
   </div>
   <div class='ocr_carea' id='block_1_113' title="bbox 1070 2680 1868 2724">
    <p class='ocr_par' dir='ltr' id='par_1_113' title="bbox 1070 2680 1868 2724">
     <span class='ocr_line' id='line_1_113' title="bbox 1070 2680 1868 2724; baseline -0.013 -10"><span class='ocrx_word' id='word_1_797' title='bbox 1070 2687 1154 2724; x_wconf 72' lang='grc' dir='ltr'>μητρὶ</span> <span class='ocrx_word' id='word_1_798' title='bbox 1180 2685 1337 2721; x_wconf 80' lang='grc' dir='ltr'>ἀμύνασθαι</span> <span class='ocrx_word' id='word_1_799' title='bbox 1363 2683 1571 2718; x_wconf 82' lang='grc' dir='ltr'>Ἀπολλωνίδην,</span> <span class='ocrx_word' id='word_1_800' title='bbox 1605 2682 1638 2708; x_wconf 82' lang='grc' dir='ltr'>Ἡ</span> <span class='ocrx_word' id='word_1_801' title='bbox 1651 2680 1681 2708; x_wconf 75' lang='grc' dir='ltr'>δὲ</span> <span class='ocrx_word' id='word_1_802' title='bbox 1704 2680 1868 2716; x_wconf 73' lang='grc' dir='ltr'>ἀπήγγειλε</span> 
     </span>
    </p>
   </div>
   <div class='ocr_carea' id='block_1_114' title="bbox 1069 2725 1869 2769">
    <p class='ocr_par' dir='ltr' id='par_1_114' title="bbox 1069 2725 1869 2769">
     <span class='ocr_line' id='line_1_114' title="bbox 1069 2725 1869 2769; baseline -0.013 -8"><span class='ocrx_word' id='word_1_803' title='bbox 1069 2735 1158 2761; x_wconf 85' lang='grc' dir='ltr'>πάντα</span> <span class='ocrx_word' id='word_1_804' title='bbox 1179 2732 1344 2769; x_wconf 79' lang='grc' dir='ltr'>Ἀρτοξέρξῃ</span> <span class='ocrx_word' id='word_1_805' title='bbox 1353 2731 1392 2767; x_wconf 87' lang='grc' dir='ltr'><strong>τῷ</strong></span> <span class='ocrx_word' id='word_1_806' title='bbox 1408 2732 1428 2747; x_wconf 88' lang='grc'>¹¹</span> <span class='ocrx_word' id='word_1_807' title='bbox 1445 2731 1560 2766; x_wconf 85' lang='grc' dir='ltr'>βασιλεῖ,</span> <span class='ocrx_word' id='word_1_808' title='bbox 1575 2730 1649 2761; x_wconf 78' lang='grc' dir='ltr'>ὅπως</span> <span class='ocrx_word' id='word_1_809' title='bbox 1660 2735 1690 2754; x_wconf 80' lang='grc' dir='ltr'><strong>τε</strong></span> <span class='ocrx_word' id='word_1_810' title='bbox 1702 2725 1801 2762; x_wconf 80' lang='grc' dir='ltr'>ὡμίλει</span> <span class='ocrx_word' id='word_1_811' title='bbox 1814 2726 1869 2752; x_wconf 76' lang='grc' dir='ltr'><strong>καὶ</strong></span> 
     </span>
    </p>
   </div>
   <div class='ocr_carea' id='block_1_115' title="bbox 876 2787 1216 2820">
    <p class='ocr_par' dir='ltr' id='par_1_115' title="bbox 876 2787 1216 2820">
     <span class='ocr_line' id='line_1_115' title="bbox 876 2787 1216 2820; baseline 0.015 -5"><span class='ocrx_word' id='word_1_812' title='bbox 876 2787 995 2816; x_wconf 69' lang='grc' dir='ltr'>νΑιιιιιΕ</span> <span class='ocrx_word' id='word_1_813' title='bbox 1011 2789 1216 2820; x_wconf 85' lang='lat' dir='ltr'><strong>LECTIONES.</strong></span> 
     </span>
    </p>
   </div>
   <div class='ocr_carea' id='block_1_116' title="bbox 263 2827 1866 2874">
    <p class='ocr_par' dir='ltr' id='par_1_116' title="bbox 263 2827 1866 2874">
     <span class='ocr_line' id='line_1_116' title="bbox 263 2827 1866 2874; baseline -0.001 -12"><span class='ocrx_word' id='word_1_814' title='bbox 263 2834 425 2874; x_wconf 48' lang='grc' dir='ltr'><strong>’ξ-αὺτοῠ-ς.</strong></span> <span class='ocrx_word' id='word_1_815' title='bbox 464 2834 485 2851; x_wconf 74' lang='grc'><strong>⁸⁸</strong></span> <span class='ocrx_word' id='word_1_816' title='bbox 500 2833 619 2874; x_wconf 49' lang='lat' dir='ltr'><strong>fieri“;</strong></span> <span class='ocrx_word' id='word_1_817' title='bbox 636 2843 666 2867; x_wconf 81' lang='grc' dir='ltr'>ς.</span> <span class='ocrx_word' id='word_1_818' title='bbox 688 2834 710 2853; x_wconf 81' lang='grc'><strong>¹⁶</strong></span> <span class='ocrx_word' id='word_1_819' title='bbox 725 2833 836 2874; x_wconf 71' lang='grc' dir='ltr'>ἔϐαλλεν</span> <span class='ocrx_word' id='word_1_820' title='bbox 853 2833 885 2864; x_wconf 78' lang='grc' dir='ltr'><strong>Α.</strong></span> <span class='ocrx_word' id='word_1_821' title='bbox 917 2838 938 2854; x_wconf 81' lang='grc'><strong>¹⁷</strong></span> <span class='ocrx_word' id='word_1_822' title='bbox 950 2835 995 2872; x_wconf 82' lang='grc' dir='ltr'>τῇ]</span> <span class='ocrx_word' id='word_1_823' title='bbox 1012 2837 1042 2864; x_wconf 78' lang='grc' dir='ltr'>ἐν</span> <span class='ocrx_word' id='word_1_824' title='bbox 1055 2839 1088 2873; x_wconf 86' lang='grc' dir='ltr'>τῇ</span> <span class='ocrx_word' id='word_1_825' title='bbox 1105 2847 1134 2871; x_wconf 77' lang='grc' dir='ltr'>ς.</span> <span class='ocrx_word' id='word_1_826' title='bbox 1157 2838 1178 2855; x_wconf 75' lang='grc'><em>’⁸</em></span> <span class='ocrx_word' id='word_1_827' title='bbox 1196 2837 1255 2874; x_wconf 73' lang='grc' dir='ltr'>τὸν]</span> <span class='ocrx_word' id='word_1_828' title='bbox 1269 2837 1309 2870; x_wconf 84' lang='grc' dir='ltr'>εἰς</span> <span class='ocrx_word' id='word_1_829' title='bbox 1321 2836 1366 2864; x_wconf 74' lang='grc' dir='ltr'><strong>τὸν</strong></span> <span class='ocrx_word' id='word_1_830' title='bbox 1379 2845 1410 2869; x_wconf 87' lang='grc' dir='ltr'>ς.</span> <span class='ocrx_word' id='word_1_831' title='bbox 1444 2837 1466 2852; x_wconf 87' lang='lat'><strong><em>“</em></strong></span> <span class='ocrx_word' id='word_1_832' title='bbox 1480 2831 1621 2870; x_wconf 81' lang='grc' dir='ltr'>’Δμύτιος]</span> <span class='ocrx_word' id='word_1_833' title='bbox 1635 2831 1669 2859; x_wconf 85' lang='grc' dir='ltr'><strong>δι’</strong></span> <span class='ocrx_word' id='word_1_834' title='bbox 1682 2827 1813 2865; x_wconf 80' lang='grc' dir='ltr'>Ἀμὺτιος</span> <span class='ocrx_word' id='word_1_835' title='bbox 1828 2838 1866 2861; x_wconf 70' lang='grc' dir='ltr'>ς.</span> 
     </span>
    </p>
   </div>
   <div class='ocr_carea' id='block_1_117' title="bbox 228 2869 781 2906">
    <p class='ocr_par' dir='ltr' id='par_1_117' title="bbox 228 2869 781 2906">
     <span class='ocr_line' id='line_1_117' title="bbox 228 2869 781 2906; baseline -0.004 -8"><span class='ocrx_word' id='word_1_836' title='bbox 228 2869 252 2886; x_wconf 87' lang='lat'>&quot;</span> <span class='ocrx_word' id='word_1_837' title='bbox 270 2869 414 2906; x_wconf 75' lang='grc' dir='ltr'>ἀϐληχρῶς</span> <span class='ocrx_word' id='word_1_838' title='bbox 432 2878 462 2902; x_wconf 80' lang='grc' dir='ltr'>ς.</span> <span class='ocrx_word' id='word_1_839' title='bbox 500 2870 520 2885; x_wconf 87' lang='grc'><strong>¹¹</strong></span> <span class='ocrx_word' id='word_1_840' title='bbox 539 2869 578 2904; x_wconf 81' lang='grc' dir='ltr'><strong>τῷ</strong></span> <span class='ocrx_word' id='word_1_841' title='bbox 593 2877 647 2897; x_wconf 86' lang='lat' dir='ltr'><strong>om.</strong></span> <span class='ocrx_word' id='word_1_842' title='bbox 683 2877 723 2905; x_wconf 89' lang='lat' dir='ltr'><strong>pr.</strong></span> <span class='ocrx_word' id='word_1_843' title='bbox 749 2869 781 2896; x_wconf 85' lang='lat' dir='ltr'><strong>A.</strong></span> 
     </span>
    </p>
   </div>
  </div>
