1934 3089
230 144 283 178 195

817 141 950 173 PHOTII
970 140 1226 171 PATRIARCfLE
1236 140 1291 170 (ΣΡ.

1813 136 1872 168 196

230 203 266 230 ibi
292 200 466 236 reliquisset,
490 199 626 235 lapidibus
654 198 732 227 obrui
761 198 915 233 imperavit.
943 197 1022 231 Quod

1080 195 1162 223 λιπὼν
1172 197 1218 223 τὸν
1226 197 1324 233 νεκρὸν
1331 198 1426 231 αὑτοῦ,
1438 195 1585 231 προστάξει
1604 194 1736 230 βασιλέως
1746 194 1874 221 arma».

229 248 331 276 factum
355 247 493 273 exercitus
517 246 629 273 moleste
654 245 798 273 admodum
820 245 880 271 tulit
902 251 910 271 :
934 250 1022 278 neque

230 293 293 320 ullis
316 291 507 327 largitionibus
532 290 578 317 ille
600 290 706 318 efﬁcere
725 290 823 325 potuit,
841 294 870 316 ut
887 296 940 316 non
959 295 1021 315 eum

231 343 288 365 tum
313 338 350 365 ob
378 336 477 363 Xerxa:
506 335 610 370 fratris,
627 341 684 363 tum
707 336 741 363 ob
761 335 892 370 Bagorazi
907 334 1021 367 caedem,

230 384 406 411 vehementer
441 382 576 410 odissent.
621 382 737 409 Dimittit.
780 388 874 417 postea
918 380 1022 416 Secyn-

231 431 328 457 dianus
352 430 396 464 qui
421 428 525 456 Ochum
555 434 718 457 accerseret.
743 428 794 461 Qui
823 435 853 455 se
877 431 1023 454 venturum

230 476 330 509 saepius
354 476 501 509 pollicitus,
521 483 576 502 non
601 480 691 502 tamen
719 474 803 506 venit,
821 474 906 501 donec
928 472 1023 500 multis

231 523 340 549 tandem
365 522 484 548 nmnitus
496 522 593 556 copiis,
611 529 722 556 regnum
737 525 920 555 occupaturus
942 524 1022 555 puta-

232 574 316 595 retur.
336 568 367 594 Et
385 576 449 595 vero
463 568 608 599 Arhnrius,
629 568 751 601 equitnm
765 566 930 601 Secyndiani
949 573 1022 600 pne-

231 614 327 645 fcctus,
347 613 381 639 ab
396 620 429 639 co
449 615 482 640 ad
505 613 609 640 Ochum
625 612 726 643 deﬁcit,
742 617 804 647 post
826 612 897 639 hunc
914 610 1023 646 Aigyp'i

231 665 339 693 satrapa
358 661 480 686 Arxanes
495 668 502 686 ;
518 660 583 693 quin
604 664 631 686 et
645 659 794 686 Artoxares
810 658 845 685 ab
861 658 917 693 ipsa
937 665 1023 692 usque

231 707 358 733 Armenia
374 707 406 734 ad
421 705 526 734 Ochum
543 706 659 734 accessit
676 714 682 732 :
699 705 740 732 cui
752 705 833 732 etiam
851 705 933 732 invito
954 704 1023 731 cita-

232 754 283 779 rim
309 753 347 783 (ὃ)
374 754 400 780 hi
427 753 594 788 imposuere.
617 750 709 779 Ochus
732 758 797 785 ergo
817 759 929 786 regnum
956 751 1022 783 adit,

235 805 392 833 mutatoque
407 799 516 826 nomine
530 798 650 825 Doriscus
663 797 815 832 appellatur
830 797 879 831 (εἰ).
896 796 943 824 llic
955 796 1024 823 dolis

233 853 296 872 mox
314 845 548 879 juratnentisque.
563 843 729 878 Parysatidis
743 842 858 874 munito,
876 841 1024 877 Secyudia-

232 898 295 916 num
326 890 485 924 aggreditur
511 899 517 917 :
549 897 581 917 ac
613 891 728 917 multum
758 889 821 916 licet
849 888 1023 916 Mcnostanes

232 936 401 969 hortaretur,
424 944 456 963 ne
481 936 645 971 juramentis
675 936 863 971 Secyndianus
888 936 1022 967 crederet,

233 989 301 1009 ncvc
324 990 385 1008 cum
410 982 552 1009 fallacibus
576 983 732 1010 hominibus
750 987 857 1017 pactum
880 982 963 1008 ullum
983 982 1024 1008 in-

231 1034 294 1060 tret,
313 1029 401 1056 credit
420 1033 522 1057 tamen.
544 1028 657 1064 Capitur
682 1029 784 1063 itaque,
799 1033 827 1056 et
849 1028 877 1055 in
893 1028 1023 1055 ‘cinerem

229 1074 302 1111 420
325 1075 465 1111 conjectus
487 1076 612 1110 moritur,
637 1083 698 1103 cum
720 1082 827 1103 menses
854 1082 901 1103 sex
919 1075 969 1110 (5),
996 1080 1025 1103 et

229 1122 289 1150 die;
301 1123 456 1157 quindecim
472 1128 625 1159 regnasset.

268 1167 349 1196 Solus
371 1168 435 1196 inde
453 1173 550 1202 regnat
572 1168 674 1201 Ochu,
690 1168 736 1204 qui
754 1173 781 1196 et
800 1168 931 1201 Dariaeus,
952 1168 1024 1202 apud

231 1223 314 1250 quem
333 1215 497 1242 auctoritate
518 1215 645 1242 valebant
669 1221 725 1242 tres
747 1214 864 1242 eunuchi
883 1224 889 1241 :
906 1214 1024 1241 maxime

231 1261 343 1296 quidem
362 1262 528 1294 Artoxanes,
554 1266 615 1295 post
639 1261 711 1288 hunc
730 1261 921 1292 Artibazanes.
944 1261 1025 1288 tortio

231 1306 292 1333 loco
308 1306 423 1334 Atbous.
442 1307 495 1334 Sed
515 1314 626 1333 uxorem
642 1306 815 1341 potissimum
835 1305 861 1333 iu
882 1305 1024 1333 consilium

232 1353 379 1381 adhibebat
393 1362 400 1380 :
416 1361 449 1380 ex
470 1361 524 1388 qua
540 1353 595 1386 jam
610 1358 675 1380 ante
691 1353 796 1379 aditum
813 1359 925 1387 regnum
947 1352 1026 1380 binos

232 1404 389 1434 susceperat
413 1398 523 1432 liberos,
536 1398 668 1426 Amistrin
689 1398 784 1429 tiliam,
801 1403 828 1425 ct
844 1398 927 1424 lilium
946 1399 1027 1426 Arsa-

233 1440 297 1477 can',
309 1445 354 1480 qui
372 1450 477 1472 mutan
494 1450 554 1479 post
567 1444 680 1471 nomine
693 1444 861 1471 Artaxerxes
872 1443 911 1479 (6)
926 1443 1025 1471 dictus.

233 1489 308 1519 Parit
336 1495 426 1517 autem
452 1490 502 1524 ips:
528 1495 556 1517 et
581 1490 697 1517 alterum
723 1489 808 1516 ﬁlium
830 1489 887 1523 jam
912 1496 1027 1524 regnans

1073 251 1135 274 στος
1141 243 1274 276 ἐγεγόνει*
1284 245 1327 278 ἐφ’
1336 241 1358 278 ᾧ
1371 246 1387 280 ἡ
1397 244 1419 259 ³⁸
1429 242 1543 279 στρατιὰ
1552 243 1592 274 είς
1602 241 1871 277 λύπηνικατηνέχθη.

1078 290 1108 315 '0
1118 289 1147 316 δὲ
1159 290 1233 324 δῶρα
1247 291 1316 326 αὐτῇ
1342 291 1438 318 ἐδίδου·
1455 291 1481 317 οἱ
1503 290 1525 306 ³¹
1539 290 1567 317 δὲ
1589 289 1704 324 ἑμίσουν
1717 289 1810 321 αὐτὸν,
1825 289 1871 316 ὅτι

1072 344 1102 362 τε
1115 335 1161 362 τὸν
1174 336 1288 371 ἀδελφὺν
1299 337 1404 372 Ξέρξην
1423 336 1569 363 ἀπεκτόνει
1581 335 1629 368 χαὶ
1638 336 1680 362 ὃτι
1696 334 1869 370 Βαγόραζον.

1072 381 1265 416 Διαπέμπεται
1278 382 1439 414 Σεκυδιανὸς
1453 381 1692 418 προσκαλούμενος
1704 378 1799 415 Ὦχον·
1813 382 1828 407 ὁ
1839 380 1871 406 δὲ

1073 427 1245 463 ὑπισχνεῖται
1274 429 1394 463 μὲν..οὐ
1417 428 1602 464 παραγίνεται
1621 426 1660 454 δέ.
1686 427 1741 453 Καὶ
1761 426 1872 460 γίνεται

1072 473 1152 500 τοῦτο
1163 473 1304 505 πολλάκις,
1332 474 1414 506 Τέλος
1441 474 1638 510 περιϐάλλεται
1653 471 1737 509 Ὦχος
1766 473 1872 507 πολλὴν

1075 517 1221 554 στρατιὰν,
1252 519 1298 546 καὶ
1318 519 1439 552 ἐπίδοξος
1456 517 1491 554 ἦν
1514 518 1679 554 βασιλεύειν.
1706 518 1873 552 Ἀφίσταται

1081 565 1225 601 ’Δρϐάριος
1245 566 1259 592 ό
1282 566 1336 593 τῶν
1366 566 1472 593 ἱππέων
1496 564 1659 592 Σεκυδιανοῦ
1686 565 1778 600 ἄρχων
1797 565 1873 599 πρὸς

1075 608 1168 646 Ὦχον,
1189 608 1248 638 εἶτα
1278 612 1410 648 Ἀρξάνης
1438 614 1453 639 ὁ
1481 612 1619 646 Δίγύπτου
1639 612 1792 647 σατράπης*
1821 612 1873 638 καὶ

1081 656 1247 692 Ἀρτοξάρης
1260 657 1289 683 δὲ
1308 658 1323 683 ὸ
1337 657 1464 692 εὐνοῦχος
1477 656 1499 673 ³³
1519 657 1548 689 ἐξ
1567 657 1713 692 Ἀρμενίας
1732 654 1783 693 ἧκε
1798 657 1873 692 πρὸς

1074 701 1169 739 Ὦχον.
1186 705 1241 731 Καὶ
1255 704 1385 731 ἐπέθεντο
1408 704 1484 739 αὑτῷ
1498 704 1547 739 τὴν
1565 704 1691 739 κίταριν,
1712 704 1771 730 οὔτι
1790 704 1874 730 ἐκόνο

1074 760 1118 782 τος
1136 751 1169 779 ³⁸.
1200 751 1342 778 Βασιλεύει
1364 749 1464 786 Ὦχος,
1493 751 1541 778 καὶ
1572 751 1787 786 μετονομάζεται
1816 752 1873 777 Δα-

1076 798 1177 832 ρειαῖος
1184 798 1216 824 ³⁸.
1227 798 1282 824 Καὶ
1294 798 1457 833 μετέρχεται
1471 798 1563 834 ἀπάτῃ
1575 798 1731 833 καὶόρκοις,
1742 797 1874 833 ὑποθήκῃ

1077 843 1272 878 ΙΙαρυσατιδος,
1285 843 1331 870 τὸν
1342 843 1502 870 Σεκυδιανὸν
1514 865 1521 875 ,
1537 844 1622 871 πολλὰ
1643 844 1834 876 Μενοστάνους
1847 845 1873 860 ³⁸

1076 890 1274 926 παραινοῦντος
1300 890 1461 917 Σεκυδιανὸν
1481 890 1519 926 μὴ
1537 890 1677 917 πιστεύειν
1694 892 1751 922 τοῖς
1774 891 1874 925 ὅρκοις

1078 937 1146 972 μηδὲ
1160 935 1321 963 σπένδεσθαι
1342 937 1400 968 τοῖς
1424 936 1592 969 ἐξαπατῶσι.
1619 937 1749 965 Πείθεται
1770 937 1793 964 δ’
1820 935 1875 964 οὖν

1075 982 1161 1017 ὅμως,
1184 983 1231 1008 καὶ
1251 982 1409 1014 ἁλίσκεται,
1429 983 1477 1009 καὶ
1510 984 1550 1015 εἰς
1575 983 1624 1018 τὴν
1645 983 1742 1011 σποδὸν
1763 984 1874 1019 ἐμϐάλ-

1075 1029 1151 1057 λεται
1165 1030 1212 1056 καὶ
1227 1029 1376 1057 ἀπόλλυται
1391 1030 1555 1065 βασιλεύσας
1568 1031 1591 1047 ³⁸
1606 1031 1694 1067 μῆνας
1705 1031 1745 1066 ἓξ,
1758 1032 1874 1068 ἡμέρας

1074 1076 1236 1105 δεκαπέντε.

1112 1169 1254 1196 Βασιλεύει
1268 1167 1316 1196 οὖν
1339 1167 1519 1205 μόνος-Ὦχος
1537 1171 1551 1197 ὁ
1573 1170 1621 1196 καὶ
1644 1170 1797 1205 Δαρειαῖος.
1816 1169 1875 1196 Εὑ-

1075 1215 1166 1250 νοῦχοι
1178 1215 1207 1242 δὲ
1221 1217 1297 1251 τρεῖς
1311 1216 1443 1251 ἠδύναντο
1465 1216 1530 1251 παρ’
1553 1215 1644 1251 αὐτῷ,
1671 1218 1800 1251 μέγιστον
1817 1216 1875 1251 μὲν

1082 1262 1250 1298 ’Λρτοξάρης
1271 1262 1310 1295 ³⁷,
1332 1262 1458 1298 δεύτερος
1479 1262 1508 1289 δὲ
1536 1262 1754 1298 Ἀρτιϐαρζάνης
1773 1263 1796 1279 ³⁸
1822 1264 1877 1290 καὶ

1076 1308 1167 1343 τρίτος
1199 1307 1308 1339 Ἀθῶος.
1333 1308 1447 1344 Ἐχρῆτο
1473 1308 1502 1335 δὲ
1528 1308 1675 1344 συμϐούλῳ
1696 1309 1815 1343 μάλιστα
1836 1312 1876 1346 τῇ

1080 1354 1189 1388 γυναικί
1200 1354 1233 1370 ³⁹·
1255 1354 1284 1387 ἐξ
1297 1351 1331 1390 ἦς
1343 1354 1397 1390 πρὸ
1411 1353 1461 1389 τῆς
1478 1354 1616 1389 βασιλείας
1630 1354 1676 1381 δύο
1695 1355 1757 1390 ἔσχε
1775 1356 1876 1388 τέκνα,

1086 1399 1238 1435 ’Λμῆστριν
1250 1399 1388 1435 θυγατέρα
1401 1400 1450 1427 καὶ
1464 1400 1603 1436 Ἀρσάκαν
1624 1401 1692 1435 υἱδν,
1711 1401 1739 1433 ὃς
1755 1401 1878 1436 ὕστερον

1080 1445 1281 1481 μετωνομάσθη
1304 1444 1495 1481 Ἀρτοξέρξης.
1519 1446 1614 1472 Τίκτει
1626 1446 1655 1473 δὲ
1677 1446 1752 1481 αὑτῷ
1776 1447 1879 1481 ἕτερον

1079 1490 1136 1517 υἱον
1152 1490 1330 1526 βασιλεύουσα
1341 1512 1349 1524 ,
1372 1491 1420 1517 καὶ
1434 1491 1540 1517 τίθεται
1561 1491 1591 1518 τὸ
1607 1491 1692 1527 ονομα
1715 1492 1800 1518 αὑτοῦ
1817 1493 1881 1519 ἀπὸ

233 1544 315 1570 uxor,
334 1537 378 1564 cui
392 1544 407 1563 a
425 1536 482 1564 sole
496 1536 560 1572 (Zyri
575 1537 613 1572 (7)
629 1544 728 1564 nomen
746 1537 911 1571 imponitur;
930 1536 1025 1563 deinde

1080 1537 1125 1564 τοῦ
1140 1537 1217 1573 ἡλίου
1234 1537 1338 1573 Κῦρον·
1353 1535 1413 1565 εἶτα
1433 1537 1523 1564 τίκτει
1542 1538 1700 1574 Ἀρτόστην,
1715 1539 1761 1565 καὶ
1774 1538 1880 1574 ἐφεξῆς

233 1583 382 1615 Artosten,
409 1582 531 1617 aliosque
561 1582 689 1618 deinceps
718 1583 752 1610 ad
779 1582 908 1610 tredecim
939 1589 1027 1617 usque

234 1629 348 1657 liberos.
376 1629 452 1664 (liam
476 1629 593 1664 scriptor
612 1629 656 1657 hic
681 1636 713 1657 ex
738 1630 853 1664 ipsamet
870 1636 899 1656 se
917 1628 1028 1656 audisse

234 1676 395 1712 Parysalide
423 1676 539 1710 refert.)
575 1674 675 1703 Verum
707 1675 797 1702 caeleri
835 1674 943 1709 quidem
973 1674 1028 1702 cito

235 1722 329 1749 vivere
353 1722 517 1755 desierunt,
539 1721 732 1756 superstitibus
757 1721 858 1748 relictis
884 1721 934 1753 iis,
959 1727 1028 1755 quos

235 1769 317 1796 modo
340 1768 550 1801 nominavimus,
565 1776 626 1796 cum
641 1772 741 1804 quarto
763 1767 875 1802 insuper
898 1767 966 1799 ﬁlio,
984 1766 1027 1795 cui

235 1813 370 1841 Oxendrze
385 1821 485 1842 nomen
503 1814 636 1841 fecerunt.

272 1861 437 1888 Defecerunt
452 1868 467 1887 a
481 1867 544 1895 rege
558 1867 706 1895 germanus
726 1859 786 1895 ejus
805 1859 891 1886 frater
910 1859 1027 1891 Arsites,

235 1908 331 1934 eodem
347 1911 423 1942 patre
437 1905 588 1941 eademque
605 1911 692 1932 matre
709 1910 868 1940 prognatus,
892 1909 920 1932 et
940 1904 1029 1938 Mega-

235 1952 297 1988 byzi
310 1952 382 1979 ﬁlius
394 1952 554 1987 Artyphius.
571 1951 687 1978 Mittitur
703 1952 835 1978 adversus
855 1952 904 1978 hos
916 1950 1029 1986 Artasy-

235 2003 294 2029 ras,
309 1996 434 2031 belloque
450 1996 610 2031 Artyphium
635 1995 777 2028 invadens,
796 1994 901 2022 duobus
923 2001 940 2021 e
961 2002 1030 2029 prae-

235 2042 281 2071 lits
301 2044 389 2071 victus
414 2043 503 2070 abiit:
524 2042 604 2070 tertio
627 2042 726 2069 deinde
749 2048 924 2076 congressus,
948 2041 1030 2076 Arty-

236 2090 329 2125 phium
354 2094 476 2124 superat,
492 2094 521 2116 ct
536 2095 604 2123 quos
630 2088 675 2116 ille
696 2095 788 2116 secum
815 2087 932 2114 habebat
958 2086 1030 2113 Grae-

236 2143 284 2164 cos
301 2137 337 2163 ita
356 2136 514 2164 muneribus
531 2136 564 2163 ad
587 2143 618 2164 se
637 2135 770 2171 pellexit,
787 2139 816 2162 ut
842 2133 950 2161 tandem
966 2140 1027 2160 cum

238 2182 325 2210 tribus
353 2182 500 2209 admodum
530 2181 643 2210 Milesiis
673 2181 788 2208 relictus
813 2179 907 2207 fuerit.
938 2178 1030 2212 Quare

1081 1582 1164 1617 μέχρι
1177 1582 1281 1609 παίδων
1300 1582 1462 1618 δεκατριῶν.
1479 1582 1534 1609 Καί
1552 1591 1636 1618 φησιν
1659 1584 1675 1609 ὸ
1696 1584 1880 1619 συγγραφεὺς

1080 1629 1162 1660 αὐτὸς
1183 1630 1249 1664 παρ’
1272 1628 1357 1663 αὐτῆς
1374 1629 1481 1663 ἐκείνης
1500 1628 1551 1661 τῆς
1575 1628 1763 1663 Παρυσάτιδος
1785 1629 1881 1656 ταῦτα.

1081 1674 1208 1701 ἀκοῦσαι.
1231 1674 1313 1700 Ἀλλὰ
1327 1674 1361 1700 τὰ
1380 1674 1431 1709 μὲν
1447 1674 1515 1701 ἄλλα
1532 1673 1587 1700 τῶν
1604 1674 1707 1701 τέκνων
1726 1676 1796 1710 ταχὺ
1820 1676 1882 1702 ἁπ-

1081 1719 1159 1753 εϐίω,
1171 1720 1195 1746 οί
1211 1719 1240 1746 δὲ
1254 1719 1464 1755 περιγεγονότες
1479 1719 1506 1746 οἵ
1515 1727 1546 1746 τε
1558 1720 1763 1755 προρρηθέντες
1774 1723 1885 1757 τυγχά-

1081 1773 1158 1792 νουσι
1178 1766 1226 1792 καὶ
1242 1764 1283 1792 ἔτι
1300 1765 1431 1801 τέταρτος
1450 1765 1519 1798 υἱὸς,
1543 1764 1688 1800 Ὀξένδρας
1709 1766 1883 1803 ὠνομασμέ-

1081 1821 1136 1844 νος.

1122 1858 1299 1894 Ἀφίστανται
1320 1859 1452 1894 βασιλέως
1470 1860 1598 1897 Ἀρσίτης
1614 1861 1627 1888 ὁ
1637 1861 1738 1893 οἰκεῖος
1750 1860 1883 1895 ἀδελφὸς,

1082 1906 1250 1940 ὁμοπάτριος
1264 1906 1311 1932 καὶ
1325 1906 1505 1941 ὁμομήτριος,
1525 1907 1572 1934 καὶ
1589 1907 1735 1943 Ἀρτύφιος
1754 1907 1768 1932 ὁ
1782 1907 1864 1940 Μεγα
1874 1922 1883 1926 ς

1082 1951 1177 1983 ϐύζου,
1191 1952 1334 1987 Πέμπεται
1349 1951 1394 1988 [65
1405 1952 1453 1987 Η.]
1461 1953 1633 1989 Ἀρτασύρας
1643 1952 1704 1980 κατ’
1719 1952 1821 1984 αὐτῶν,
1831 1955 1884 1979 καὶ

1083 1998 1198 2033 πολεμεῖ
1223 1997 1369 2033 Ἀρτύφιον
1385 2018 1393 2031 ,
1418 2000 1466 2026 καὶ
1484 1999 1546 2026 δυσὶ
1569 1999 1672 2034 μάχαις
1703 1998 1883 2035 Ἀρτασύρας

1083 2044 1207 2080 ἡττᾶται.
1221 2043 1285 2079 [128
1300 2043 1346 2080 R.]
1360 2042 1427 2072 Εἶτα
1446 2045 1527 2072 πάλιν
1541 2044 1688 2080 συμϐαλὼν
1702 2045 1766 2081 νικᾷ
1783 2045 1885 2078 Ἀρτύ-

1083 2097 1155 2123 φιον,
1172 2089 1222 2115 καὶ
1238 2089 1373 2123 ὑπάγεται
1388 2089 1452 2121 τοὺς
1467 2090 1516 2117 σὺν
1531 2090 1607 2125 αὐτῴ
1619 2090 1755 2126 Ἕλληνας
1767 2090 1881 2126 δώροις,

1083 2135 1132 2162 καὶ
1151 2135 1406 2171 καταλιμπάνονται
1432 2136 1508 2172 αὑτῷ
1536 2137 1666 2173 Μιλήσιοι
1690 2137 1767 2172 μόνοι
1789 2139 1879 2172 τρεῖς.

1086 2181 1169 2213 Τέλος
1180 2182 1279 2215 ὅρκους
1297 2181 1344 2208 καὶ
1359 2182 1466 2214 πίστεις
1489 2182 1580 2209 λαϐὼν
1600 2182 1677 2218 παρὰ
1709 2183 1882 2219 Ἀρτασύρα,

234 2226 413 2262 jurejurando
434 2227 540 2261 ﬁdeque
563 2226 597 2254 ab
616 2226 726 2252 Artasia
743 2225 818 2256 data,
835 2224 892 2258 regi
914 2231 974 2251 sese
987 2223 1025 2251 de

1082 2227 1143 2253 ἐπεὶ
1158 2227 1172 2253 ὁ
1190 2226 1318 2262 Ἀρσίτης
1333 2227 1385 2254 οὐκ
1397 2227 1533 2263 ἐφαίνετο,
1544 2228 1743 2264 προσεχώρησε
1759 2228 1882 2263 βασιλεῖ.

237 2273 314 2300 didit.
331 2272 473 2308 Parysatis
486 2279 551 2300 vero
565 2272 620 2307 regi
635 2273 668 2298 ad
682 2270 845 2306 Artyphium
862 2269 1028 2298 interﬁcien-

237 2319 301 2346 dum
325 2318 439 2346 incitato
452 2318 479 2345 id
500 2317 607 2345 consilii
620 2317 713 2352 .dedit,
730 2316 776 2344 illo
791 2321 820 2343 ut
836 2321 957 2351 tempore
976 2323 1030 2343 non

236 2366 397 2394 occideret:
416 2373 465 2401 per
487 2372 548 2392 eam
571 2364 644 2392 enim
669 2363 793 2391 fraudem
818 2362 900 2390 etiam
920 2362 1031 2390 Arsiten

237 2412 326 2448 ipsum
353 2419 413 2440 sese
438 2411 613 2444 deditorum;
638 2409 685 2437 ubi
704 2410 749 2437 hic
766 2415 875 2444 quoque
904 2409 1033 2443 deceptus

238 2463 388 2494 captusque
415 2462 506 2491 esset,
532 2462 601 2491 tum;
621 2457 730 2484 demum
760 2461 866 2490 tempus
891 2454 1032 2489 utriusque

238 2506 365 2532 necandi.
392 2503 429 2532 Et
450 2511 514 2531 vero
538 2503 576 2530 ita
600 2502 704 2531 factum
725 2506 778 2535 est,
796 2502 860 2529 dum
875 2501 900 2528 ei
918 2500 1033 2528 consilio

1083 2272 1240 2309 Παρύσατις
1256 2273 1285 2300 δὲ
1300 2273 1459 2308 βουλεύεται
1476 2274 1593 2310 βασιλεῖ,
1614 2274 1736 2310 ὁρμῶντι
1747 2274 1818 2310 πρὸς
1835 2275 1886 2302 τὸν

1089 2319 1236 2355 Ἀρτυφίου
1250 2319 1377 2352 θάνατον,
1398 2321 1435 2356 μὴ
1458 2321 1565 2348 ἀνελεῖν
1584 2321 1664 2353 τέως·
1689 2321 1802 2347 ἔσεσθαι
1825 2322 1885 2357 γὰρ

1083 2365 1162 2393 τοῦτο
1177 2366 1286 2401 ἀπάτην
1297 2367 1344 2393 καὶ
1354 2367 1394 2398 εἰς
1404 2368 1455 2402 τὴν
1468 2367 1665 2403 προσχώρησιν
1677 2367 1724 2394 τοῦ
1740 2367 1883 2403 Ἀρσίτου-

1084 2410 1195 2438 ὲπειδὰν
1211 2411 1239 2437 δὲ
1251 2411 1378 2443 κάκεῖνος
1388 2412 1540 2447 ἀπατηθεὶς
1550 2412 1676 2447 ἁλῷ,δεϊν
1688 2411 1711 2427 ⁸⁸
1724 2412 1788 2438 τότε
1797 2412 1886 2446 ἄμφω

1085 2457 1297 2493 διαχρήσασθαι.
1314 2459 1370 2485 Καὶ
1391 2458 1504 2493 γέγονεν
1526 2457 1624 2491 οὕτως,
1637 2458 1819 2493 εύοδωθεὶσης
1833 2459 1886 2493 τῆς

1087 2503 1254 2539 συμϐουλῆς,
1265 2503 1314 2530 καὶ
1325 2503 1491 2538 ἐμϐάλλεται
1501 2504 1542 2535 εἰς
1556 2503 1606 2539 τὴν
1620 2503 1717 2530 σποδὸν
1736 2503 1886 2539 Ἀρτύφιος

880 2557 998 2585 VARIIE
1015 2557 1218 2587 LECTIONES.

276 2609 299 2624 ιο
312 2609 329 2643 ἠ
344 2607 406 2635 add.
419 2607 452 2635 A.

239 2653 302 2675 νους
311 2652 341 2676 ς.

240 2684 268 2715 ς’
280 2680 386 2716 ἡμέρας
402 2678 443 2705 ιε’.
482 2678 503 2694 ³⁷
519 2678 684 2714 Ἀρτοξάνης
707 2686 738 2709 ς.

498 2606 569 2643 ³¹οη
582 2606 667 2643 labro).
688 2606 722 2643 ᾼ.
746 2605 783 2643 ’ξ’
798 2605 812 2632 ὁ
825 2604 955 2643 εὐνούχοις
980 2604 1081 2643 add.A._
1119 2605 1143 2621 ³³
1156 2606 1246 2643 ἑκόντι
1271 2615 1301 2639 ς.

380 2643 402 2658 ³⁸
424 2640 589 2677 βασιλεύσας
605 2642 670 2670 add.
682 2641 706 2668 Δ
721 2651 728 2669 :
746 2640 819 2668 idem
835 2640 886 2667 hoc
898 2640 957 2681 loco
973 2641 1096 2674 reposuit
1125 2648 1185 2676 qua:
1201 2642 1280 2675 vulgo
1296 2649 1320 2668 ν.
1338 2642 1364 2674 5,
1396 2640 1455 2676 post.
1467 2644 1610 2678 Δαρειαίος
1632 2640 1770 2678 leguntur,

380 2678 443 2710 ;ιε’.
482 2678 503 2694 ³⁷
519 2678 684 2711 Ἀρτοξάνης
707 2686 738 2709 ς.
787 2676 809 2691 ³⁸
826 2675 1027 2711 Ἀρτιίηιζάνης
1049 2684 1081 2708 ς.
1129 2677 1151 2693 ³³
1169 2676 1288 2711 μάλιστα
1313 2679 1346 2711 τῇ
1365 2679 1477 2711 γυναικὶ
1514 2677 1661 2711 συμϐούλῳ
1680 2687 1711 2711 ς.
1753 2679 1770 2695 ⁸⁴

1342 2606 1364 2649 ξδ
1379 2606 1501 2649 δαριαίος
1520 2616 1550 2640 ς’.
1570 2644 1580 2649 _
1590 2607 1612 2623 "
1625 2607 1711 2649 πολλὰ
1724 2608 1774 2643 μὲν
1784 2608 1886 2649 ’ος’τά-

1129 2652 1185 2676 [μιω
1201 2652 1280 2675 νηηςο
1296 2652 1320 2668 ν.
1338 2652 1364 2674 ο,
1396 2652 1455 2676 post
1467 2652 1610 2678 Δαρειαιος
1632 2652 1770 2678 teguntur,
1818 2652 1886 2678 ηνας

1129 2677 1151 2693 ³³
1169 2676 1288 2711 μάλιστα
1313 2679 1346 2712 τῇ
1365 2679 1477 2711 γυναικὶ
1514 2677 1661 2714 συμϐούλῳ
1680 2687 1711 2711 ς.
1753 2679 1776 2695 ⁸⁸
1791 2652 1835 2705 ξεῖ
1852 2681 1885 2705 Α.

1004 2732 1123 2762 ΝΟΤᾸΕ.

278 2786 318 2848 (Β)
336 2784 482 2827 lle-citari,
501 2784 558 2811 sive
574 2782 672 2816 οἰκίαι-ἱ,
686 2782 745 2817 lege
769 2780 843 2809 doct.
864 2780 1035 2809 Brissonium

308 2829 411 2848 erucas.
428 2820 473 2847 ltb.
491 2827 510 2846 ι.

240 2822 268 2851 in
282 2820 411 2854 Persicis,
428 2820 473 2847 lib.
491 2827 510 2846 ι.

289 2857 316 2889 ε)
336 2853 408 2883 Aliis
422 2855 521 2882 Darius
539 2853 646 2881 Nothus
665 2853 764 2881 dictus.

289 2858 316 2889 ε)
336 2858 403 2883 Aliis
422 2858 521 2882 Darius
539 2858 646 2881 Notltus
665 2858 764 2881 dictus.

277 2858 317 2927 25)
336 2891 443 2927 Sequor
467 2890 621 2918 versionem
649 2889 761 2923 editam,
783 2896 843 2923 quae
858 2888 945 2916 locum
962 2887 1034 2915 hunc

1092 2791 1124 2810 ex
1141 2783 1260 2811 historiae
1275 2783 1382 2811 ratione
1395 2784 1524 2812 restituit.

1128 2819 1166 2855 (β)
1187 2819 1522 2855 Cognolnentonf‘pwv.

1126 2853 1165 2890 (Ἰ)
1183 2853 1272 2890 Cyrus
1288 2854 1332 2882 hic
1349 2853 1508 2883 ttiittor'est.
1797 2874 1820 2888 ι,
