1934 3089
208 207 209 210 η
222 165 277 199 203

802 161 934 193 ΡΗΟΤΙΙ
950 159 1203 191 ΡΑΤΒΙΛΗΟΗῈ
1218 160 1274 190 CP.

1796 158 1845 190 ΞΜ

225 223 248 250 ei
265 221 413 255 aliquanuo
439 220 550 256 conligit
577 219 644 255 (l7).
671 218 778 246 Cultelli
810 219 926 246 alterum
943 217 1013 245 latus

1074 217 1192 243 πέπονθε.
1216 215 1371 251 Μαχαιρίου
1393 216 1423 242 τὸ
1444 215 1474 242 ἒν
1499 215 1582 251 μέρος
1616 214 1790 250 ἐπαλείφεται
1810 215 1847 251 τῷ

225 276 329 296 veneno
342 267 467 300 illinitur,
481 266 588 293 czeteris
602 273 634 292 eo
645 265 767 300 partibus
784 272 836 292 non
866 265 1009 296 contactis,

225 315 278 342 hoc
289 314 399 341 cttltello
418 320 502 347 parva
516 313 639 340 adinstar
662 312 705 338 ovi
723 311 828 338 ovicula
855 311 1012 346 (rltindaccn

226 361 315 388 Persa:
331 359 478 395 appellant)
491 361 517 386 in
537 359 606 386 duas
616 363 725 385 secatur
741 362 843 391 partes,
868 362 895 384 et
908 364 1013 384 veneno

226 406 356 433 intactam
372 410 477 439 partem
494 404 546 431 sibi
557 408 724 438 assumptum
737 402 873 437 Parysatis
883 401 1011 434 comedit,

225 452 353 479 infectam
368 452 481 479 alteram
503 451 625 478 Stateira:
645 450 774 484 porrexit.
793 448 854 475 llaec
875 448 967 483 igitur,
985 452 1014 474 ut

227 496 298 522 illatn
328 495 412 530 ipsam
441 502 501 529 quae
526 497 694 528 porrexerat,
713 499 791 519 suam
817 491 883 518 vidit
907 495 1012 523 partem

225 539 424 569 comedentem,
449 544 538 572 neque
558 537 593 563 ita
621 536 767 570 quidquam
790 535 922 570 potuisset
949 533 1012 560 mali

226 585 372 620 suspicari,
392 585 472 611 etiatn
497 584 554 618 ipsa
569 584 653 617 coepit
675 591 726 608 una
745 581 913 608 mortiferum
929 587 1013 607 vene-

227 641 290 659 tmm
308 631 463 657 comedere.
485 629 555 657 illnc
582 629 660 656 matri
679 632 820 655 succenset
845 634 903 656 rex.
933 626 1014 652 mini-

227 683 400 712 strantcsque
428 677 478 711 ipsi
505 675 622 703 eunuchi
639 673 828 709 comprehensi
853 677 1015 707 torquentur

226 731 308 758 atque
331 728 471 750 necantur.
497 721 584 756 Cinge
613 726 743 756 praeterea
756 718 1014 754 comprehenditur,

226 777 286 804 quae
308 769 456 803 Parysatidi
482 768 623 795 familiaris
643 772 712 798 erat,
727 765 884 800 iudicioque
906 765 939 791 de
959 763 1014 798 ipsa

228 817 361 845 instituto.
373 816 492 849 judicum
503 814 610 848 quidem
627 813 771 841 sententiis
781 813 911 839 inttocens
926 810 1016 837 absol-

227 863 310 894 vitur.
327 865 373 889 sed
392 867 482 888 tamen
498 868 514 888 a
533 867 596 895 rege
617 860 782 891 damnatur;
795 865 880 893 quare
905 861 932 884 et
957 857 1016 884 haec

227 909 391 937 cruciatibus
416 907 524 935 inﬂictis
538 911 660 940 necatur,
674 912 727 940 qua
749 906 782 932 de
794 912 875 932 causa
891 908 918 931 et
932 903 1015 938 Pary-
1031 899 1053 927 Β

228 955 295 981 satis
322 954 388 986 lilio,
405 957 433 980 et
462 953 506 980 hic
522 952 642 979 vicissim
671 951 751 978 matri
775 955 928 978 succenset.
954 949 1019 976 Post

228 1007 316 1027 annos
328 1004 388 1026 octo
400 999 498 1033 palmis
507 998 612 1025 obsitus
619 997 742 1025 Clearchi
755 996 873 1024 tumulus
883 995 1017 1030 apparuit,

227 1054 296 1081 quas
310 1047 344 1072 ibi
360 1045 429 1072 cla'm
447 1044 597 1080 Parysatis,
621 1051 676 1078 quo
704 1049 826 1077 tempore
839 1042 885 1069 ille
897 1047 1020 1069 mortuus

228 1097 281 1124 est,
296 1099 345 1127 per
354 1091 532 1118 inservicnlcs
541 1091 592 1117 sibi
605 1090 747 1117 eunuchos
759 1088 908 1116 defodcrat.

264 1139 359 1166 Causa:
372 1138 406 1165 ob
426 1145 494 1173 quas
511 1138 544 1163 ab
566 1137 686 1171 Evagora
701 1143 763 1170 rege
779 1135 925 1162 Salaminis
939 1134 1021 1161 Arta-

229 1191 328 1211 xerxes
343 1183 503 1210 dissenserit
527 1183 659 1217 Evagorte
682 1182 770 1209 nuntii
785 1181 818 1208 ad
836 1181 967 1212 Ctesiam,
992 1185 1020 1207 ιιι

230 1231 386 1258 ahAbuleta
394 1230 528 1264 epistolas
543 1230 700 1263 acciperent
713 1237 720 1255 :
731 1233 759 1255 et
772 1227 870 1255 Ctesia:
882 1228 915 1254 ad
930 1227 1018 1261 ipsum

230 1277 343 1312 epistola
368 1277 402 1303 de
428 1275 630 1303 reconciliando
655 1275 743 1310 ipsum
769 1282 831 1301 cum
857 1275 1019 1307 Anaxagora

231 1323 391 1357 Cypriorum
420 1329 492 1356 rege.
517 1320 678 1348 Nuntiorum
697 1319 826 1354 Evagorae
843 1318 975 1345 adventus
993 1317 1019 1344 in

231 1367 359 1403 Cyprum,
379 1366 543 1401 redditaequ
567 1364 707 1399 Evagora,
723 1371 790 1398 quas
807 1363 840 1390 ad
860 1363 945 1397 ipsqu
958 1361 1021 1389 Cte-

231 1416 288 1443 sias
299 1414 421 1445 dederat,
434 1413 530 1440 littera:
542 1411 663 1439 Cononis
676 1411 709 1437 ad
724 1410 872 1445 Evagoram
886 1409 975 1435 oratio
987 1408 1021 1435 de

231 1461 356 1488 adeundo
369 1460 403 1487 ad
418 1466 520 1494 regem.
537 1463 565 1485 et
576 1457 704 1492 Evagortt:
721 1455 835 1489 epistola
851 1455 884 1483 de
907 1454 1020 1482 honori-

232 1507 295 1539 bus.
310 1506 408 1540 quibus
418 1504 511 1533 abillo
526 1503 615 1531 fuerat
632 1502 754 1530 allectus.
777 1501 895 1528 Cononis
910 1501 944 1528 ad
957 1499 1018 1527 Cte-

233 1554 301 1580 siam
314 1551 440 1586 epistola,
452 1557 480 1579 et
500 1551 630 1578 tributum
645 1549 679 1576 ab
703 1548 825 1582 Evagora
844 1548 897 1582 regi
915 1546 1018 1573 datum.
1034 1565 1055 1594 ϐ

233 1597 370 1632 Epistolas
380 1595 488 1624 Ctesias
505 1594 616 1630 accipit,
632 1594 677 1629 qui
700 1594 733 1621 de
749 1593 861 1620 Conone
876 1599 938 1619 cum
957 1598 1022 1626 rege

233 1644 394 1676 collocutus,
421 1641 564 1678 epistolam
589 1642 622 1668 ad
649 1641 724 1668 illum
749 1639 842 1668 mittit.
867 1638 1024 1666 Traduntur

237 1690 425 1717 Satibarzana:
446 1696 557 1716 munera
574 1688 609 1715 ab
630 1687 752 1722 Evagora
771 1687 865 1718 missa,
881 1685 1025 1719 nuntiique

235 1737 262 1763 in
275 1736 392 1772 Cyprum
416 1735 588 1770 perveniunt.
612 1733 731 1762 Cononis
752 1731 866 1767 epistola
888 1731 922 1758 ad
933 1737 1024 1765 regem

236 1791 268 1810 ac
277 1782 409 1814 Ctesiatn,
423 1781 691 1809 Lacedatmoniorum
703 1779 790 1806 nuntii
803 1778 836 1805 ad
848 1784 937 1812 regem
949 1775 1026 1804 missi

235 1830 270 1856 ab
280 1837 312 1855 eo
326 1828 424 1855 retenti
434 1832 506 1855 sunt.
518 1826 602 1862 Regis
614 1827 647 1853 ad
663 1826 800 1854 Cononem
811 1833 843 1851 ac
852 1823 1026 1851 Lacedzemo-

237 1875 298 1901 nios
324 1873 452 1908 epistola,
481 1880 562 1908 quam
592 1872 697 1899 Ctesias
728 1872 786 1906 ipse
812 1871 882 1898 tulit.
900 1870 994 1898 Conon
1010 1876 1025 1896 a

236 1921 417 1948 Pharnabazo
432 1920 512 1947 classi
531 1918 676 1954 prtelectus
688 1923 738 1945 cst.
751 1917 849 1957 Ctesia:
864 1917 890 1944 in
900 1916 1026 1944 Cnidium

237 1969 352 2003 patriam
377 1975 465 1999 suam,
482 1966 632 2001 deindeque
643 1965 866 1993 Lacedaemonem
880 1965 1025 1992 adventus.

238 2015 302 2049 Ejus
318 2014 480 2049 disceptatio
498 2015 629 2041 adversus
643 2013 911 2040 Lacedaemoniorum
925 2011 1027 2046 legatos

238 2061 308 2095 apud
324 2059 462 2092 Rhodum,
479 2064 507 2087 et.
524 2058 598 2095 45η
614 2064 642 2086 ιιι
674 2058 780 2094 Epheso
794 2059 923 2086 dimissus
944 2056 1028 2084 fuerit

240 2106 349 2133 Bactra.
365 2106 461 2134 Indica:
481 2106 599 2141 regionis
613 2106 801 2138 mansionum,
818 2105 934 2136 dierum.
948 2109 1030 2138 atque

240 2158 453 2185 parasangarum
478 2150 661 2181 enumeratio,
680 2149 826 2184 Catalogus
845 2149 908 2175 item
936 2155 1028 2182 regum

239 2196 302 2224 inde
320 2205 333 2222 a
354 2195 423 2222 Nino
438 2200 465 2222 et
479 2195 663 2222 Semiramide
680 2195 713 2221 ad
734 2201 819 2228 usque
834 2193 1005 2221 Artaxerxen
1020 2201 1027 2220 :

238 2243 337 2278 quibus
350 2247 377 2270 et
387 2242 440 2269 hoc
459 2249 527 2276 Opus
542 2241 693 2269 absolvitur
706 2240 775 2276 (l8).

275 2377 425 2414 Scriptoris
442 2377 523 2412 hujus
539 2377 637 2405 Ctesias
664 2378 794 2406 candidus
820 2381 863 2405 est
889 2384 922 2405 ac
951 2377 1030 2405 valde

239 2424 355 2461 simplex
378 2431 482 2456 sermo,
498 2432 553 2458 quo
567 2423 651 2450 etiam
670 2423 701 2451 lit
724 2429 755 2451 ut
784 2431 837 2451 non
869 2423 1032 2459 iniucundus

220 2471 357 2499 'accidat.
374 2470 447 2498 Usus
466 2477 532 2497 vero
556 2470 676 2498 dialecto
695 2475 738 2498 est
757 2470 847 2498 Ionica
862 2490 871 2504 ,
904 2470 955 2498 etsi
979 2478 1033 2498 non

238 2524 287 2551 per
303 2516 407 2549 omnia,
429 2520 458 2542 ut
480 2514 651 2549 Herodotus,
679 2517 726 2543 sed
753 2516 780 2544 in
795 2517 956 2551 quibusdam
974 2521 1036 2543 tan-

239 2561 382 2595 ;ummodo
394 2561 517 2590 vocibus.
532 2560 625 2598 Neque
645 2562 725 2590 etiam
743 2562 771 2589 in
784 2562 942 2591 diverticula
958 2571 1034 2599 quaa-

1065 264 1216 298 φαρμάκῳ,
1237 263 1268 289 τὸ
1279 263 1308 289 δὲ
1323 263 1416 289 λοιπὸν
1431 262 1461 288 οὐ
1476 263 1595 297 μετεῖχε.
1611 261 1705 296 Τούτῳ
1727 261 1847 297 τέμνεται

1062 308 1181 343 ὀρνίθιον
1199 308 1308 343 μικρὸν,
1331 306 1446 342 μέγεθος
1472 308 1529 333 [σον
1540 307 1563 323 ⁷⁸
1594 307 1667 334 ὠοῦ·
1690 307 1847 342 ρυνδάκην⁷⁹

1063 353 1168 388 Πέρσαι
1183 352 1214 379 τὺ
1229 351 1349 388 ὀρνίθιον
1376 352 1501 379 καλοῦσι.
1523 353 1660 388 Τέμνεται
1675 352 1703 379 δὲ
1718 352 1788 388 δίχα,
1806 352 1850 379 καὶ

1062 397 1093 425 τὸ
1109 398 1158 433 μὲν
1180 397 1334 433 καθαρεῦον
1356 397 1404 424 τοῦ
1430 397 1470 424 ίοῦ
1498 397 1584 433 ἥμισυ
1615 397 1684 432 αὐτὴ
1693 398 1716 414 ⁸⁸
1736 397 1849 424 λαϐοῦσα

1064 443 1224 478 Παρύσατις
1255 442 1352 471 ἐσθίει.
1363 442 1394 468 τὸ
1403 441 1431 467 δὲ
1445 441 1653 476 προσομιλῆσαν
1661 434 1700 476 τῖῖ)
1711 442 1846 476 φαρμάκῳ

1065 489 1157 524 ὀρέγει
1172 488 1309 523 Στατείρᾳ
1319 495 1325 502 ·
1341 488 1358 522 ἠ
1369 487 1408 520 δὲ,
1422 487 1548 522 tamen“
1571 487 1716 513 ἐσθίουσαν
1730 487 1780 521 τὴν
1795 488 1850 512 ἑπι-

1066 534 1165 561 δοῦσαν
1184 533 1258 569 ἐώρα
1269 533 1300 560 τὸ
1315 533 1412 568 ἥμισυ,
1427 533 1509 568 μηδὲν
1520 532 1636 558 συνιδεῖν
1650 532 1794 568 δυνηθεῖσα
1809 532 1852 558 καὶ

1065 580 1133 615 αὐτὴ
1159 580 1292 607 συνεσθίει
1306 580 1354 606 τοῦ
1371 580 1487 606 θανάτου
1501 580 1533 606 τὸ
1545 579 1693 614 φάρμακον
1709 587 1716 594 ’
1731 579 1800 614 ὀργὴ
1813 579 1853 606 διὰ

1064 627 1152 654 ταῦτα
1166 626 1213 653 τοῦ
1231 626 1362 661 βασιλέως
1376 626 1444 661 πρὸς
1456 626 1505 660 τὴν
1521 625 1640 661 μητέρα,
1655 625 1704 652 καὶ
1725 625 1852 660 σύλληψις

1065 674 1119 700 τῶν
1149 673 1284 707 εὐνούχων
1305 672 1390 707 αὐτῆς
1400 672 1424 687 ⁸¹
1441 672 1488 699 καὶ
1506 665 1635 707 αἰκισμός
1647 673 1694 698 καὶ
1707 672 1852 708 ἀναίρεσις.

1066 721 1122 748 Καὶ
1140 721 1182 747 ἐτι
1209 720 1340 756 σύλληψις
1368 720 1482 754 Γίγγης,
1498 721 1515 755 ἢ
1533 719 1656 755 ᾠκείωτο
1677 711 1853 754 Παρυσάτιδι,

1066 767 1113 794 καὶ
1137 767 1243 802 κρίσεις
1255 767 1300 794 ἐπ’
1315 767 1396 802 αὐτῇ,
1417 767 1464 793 καὶ
1488 767 1613 798 ἀθώωσις
1646 767 1696 801 μὲν
1710 766 1787 801 παρὰ
1803 766 1854 792 τῶν

1067 812 1182 848 κριτῶν,
1212 813 1347 848 καταδίκη
1364 812 1393 839 δὲ
1406 812 1482 848 παρὰ
1498 812 1643 847 βασιλέως,
1662 812 1711 838 καὶ
1730 811 1856 846 αίκισμδξ

1067 859 1172 895 Γιγγης
1191 859 1238 886 καὶ
1267 859 1418 894 ἀναίρεσις,
1434 860 1481 885 καὶ
1498 859 1567 894 όργὴ
1588 858 1633 885 διὰ
1642 858 1723 885 τοῦτο
1733 858 1857 894 Παρυσᾶ-

1070 906 1141 938 τιδος
1154 905 1222 941 πρὸς
1236 905 1282 932 τὸν
1297 905 1356 931 υἱὸν
1374 905 1501 931 κάκείνου
1519 904 1587 940 πρὸς
1605 904 1655 939 τὴν
1677 904 1794 940 μητέρα,
1808 903 1857 929 Καὶ

1069 954 1100 981 τὸ
1117 954 1199 990 χῶμα
1216 953 1245 979 δὲ
1262 952 1309 979 τοῦ
1337 952 1479 987 Κλεάρχου
1508 951 1543 978 δι’
1563 951 1634 978 ὲτῶν
1662 950 1735 977 ὀκτὼ
1765 950 1856 985 μεστὸν

1069 1000 1155 1035 ἐφάνη
1186 998 1327 1034 φοινίκων,
1350 997 1397 1030 οὒς
1416 996 1451 1033 ἧν
1467 997 1559 1033 κρύφα
1574 996 1743 1032 Παρύσατις,
1758 995 1818 1022 καθ’
1831 995 1858 1021 όν

1069 1046 1166 1082 καιρὸν
1194 1046 1299 1077 ἐκεῖνος
1328 1043 1500 1079 ἐτελεύτησε,
1523 1043 1569 1071 διὰ.
1587 1043 1724 1079 εὐνούχων
1739 1042 1765 1058 ⁵⁸
1783 1050 1859 1069 κατα-

1070 1091 1195 1128 χώσασα.

1104 1137 1195 1165 Αἰτίαι
1209 1137 1243 1164 δι’
1255 1136 1288 1168 ἃς
1306 1136 1437 1172 Εὐαγόρᾳ
1454 1135 1561 1170 βασιλεί
1573 1135 1727 1170 Σαλαμῖνος
1739 1133 1859 1170 βασιλεὺς

1075 1183 1256 1219 Ἀρτοξέρξης
1265 1183 1406 1218 διηνέχθη.
1422 1181 1468 1216 [66
1479 1180 1526 1217 lt]
1542 1181 1596 1208 Kal
1608 1181 1721 1215 ἄγγελοι
1739 1181 1859 1215 Εὐαγόρα

1069 1230 1138 1265 πρὸς
1163 1229 1288 1264 Κτησίαν
1309 1229 1379 1263 ὑπὲρ
1409 1227 1456 1254 τοῦ
1482 1227 1579 1253 λαὸεῖν
1603 1226 1680 1262 παρὰ
1695 1227 1857 1261 Ἀϐουλήτου

1069 1277 1121 1308 τὰς
1143 1275 1304 1309 ἑπιστολὰς,
1325 1276 1373 1302 καὶ
1400 1274 1520 1310 Κτησίου
1546 1273 1614 1310 πρός
1636 1274 1720 1300 αὑτὸν
1737 1273 1861 1307 ἐπιστολὴ

1069 1321 1136 1357 περὶ
1145 1321 1192 1348 τοῦ
1205 1321 1383 1356 διαλλαγῆναι
1395 1320 1478 1347 αὐτὸν
1491 1319 1666 1355 Ἀναξαγόρᾳ
1682 1319 1722 1354 τῷ
1731 1319 1859 1354 Κυπρίων

1072 1367 1186 1404 βασιλεῖ.
1207 1367 1268 1394 Τῶν
1282 1367 1358 1403 παρὰ
1381 1366 1508 1401 Εὐαγόρα
1533 1365 1659 1400 ἀγγέλων
1689 1366 1729 1397 είς
1757 1365 1861 1400 Κύπρον

1072 1413 1136 1451 [155
1153 1413 1200 1451 IL]
1219 1413 1313 1449 ἄφιξις
1329 1413 1377 1440 καὶ
1395 1414 1451 1439 τῶν
1465 1412 1540 1448 παρὰ
1557 1412 1679 1448 Κτησίου
1693 1412 1862 1447 γραμμάτων

1072 1461 1199 1493 ἀπόδοσις
1228 1460 1367 1495 Εὐαγόρᾳ.
1399 1459 1455 1486 Καὶ
1485 1458 1610 1490 Κόνωνος
1632 1459 1701 1494 πρὸς
1723 1458 1862 1492 Εὐαγόραν

1071 1506 1150 1541 λόγος
1160 1507 1229 1542 ὑπὲρ
1239 1506 1286 1533 τοῦ
1301 1506 1370 1542 πρὸς
1390 1505 1502 1541 βασιλέα
1513 1504 1659 1539 ἀναϐῆναι,
1676 1504 1723 1531 καὶ
1738 1503 1859 1538 Ιίὐαγόρα

1072 1552 1201 1588 ἐπιστολὴ
1226 1553 1291 1588 περὶ
1306 1549 1344 1579 ὧν
1355 1551 1460 1587 ἠξιώοη
1483 1551 1531 1578 ὑπ’
1543 1549 1638 1577 αὐτοῦ.
1664 1550 1720 1577 Καὶ
1740 1551 1860 1579 Κόνωνος

1073 1600 1141 1635 πρὸς
1155 1599 1278 1634 Κτησίαν
1303 1599 1444 1632 ἐπιστολὴ,
1455 1597 1503 1624 καὶ
1521 1597 1627 1633 βασιλεῖ
1638 1596 1715 1632 παρὰ
1740 1595 1862 1631 Εὐαγόρα

1075 1646 1169 1681 φόρος,
1181 1646 1228 1672 καὶ
1239 1645 1294 1672 τῶν
1311 1644 1464 1672 ἐπιστολῶν
1473 1643 1581 1680 Κτησίᾳ
1595 1643 1734 1675 ἀποδόσις.
1750 1642 1862 1678 Κτησίου

1076 1692 1156 1727 λόγος
1173 1692 1242 1727 πρὸς
1256 1691 1369 1727 βασιλέα
1381 1691 1447 1727 περὶ
1459 1691 1585 1722 Κόνωνος
1601 1691 1648 1718 καὶ
1662 1690 1793 1725 ἐπιστολὴ
1802 1689 1864 1724 πρὸς

1075 1739 1168 1766 αὐτόν.
1182 1738 1243 1765 Τῶν
1258 1738 1335 1774 παρὰ
1347 1738 1486 1774 Εὐαγόρου
1495 1737 1589 1773 δώρων
1601 1737 1728 1768 ἀπόδοσις
1738 1736 1864 1772 Σατιϐαρ-

1076 1784 1155 1822 ζάνη,
1177 1784 1291 1811 καὶτῶν
1311 1783 1437 1818 ἀγγέλων
1449 1783 1502 1810 τῶν
1519 1783 1559 1814 εἰς
1576 1782 1690 1818 Κύπρον
1704 1781 1807 1816 ἄφιξις,
1820 1780 1863 1807 καὶ

1076 1831 1202 1862 Κόνωνος
1224 1829 1354 1866 ἐπιστολὴ
1383 1829 1452 1865 πρὸς
1471 1829 1583 1865 βασιλέα
1603 1829 1650 1855 καὶ
1669 1828 1804 1862 Κτησίαν.
1826 1826 1865 1857 Ὦς

1077 1878 1253 1913 ὲτηρήθησαν
1277 1877 1302 1903 οἱ
1327 1877 1404 1912 παρὰ
1427 1875 1649 1911 Λακεδαιμονίων
1670 1874 1783 1908 ἄγγελοι
1801 1881 1866 1907 πεμ-

1077 1924 1190 1959 φθέντες
1215 1923 1284 1959 πρδς
1311 1922 1434 1958 βασιλέα.
1467 1922 1610 1953 Βασιλέως
1640 1921 1771 1957 ἐπιστολὴ
1803 1919 1865 1955 πρὸς

1077 1971 1192 1998 Κόνωνα
1216 1970 1265 1997 καὶ
1278 1970 1302 1986 ⁸⁸
1315 1970 1560 2005 Λακεδαιμονίους,
1570 1969 1603 2001 ἃς
1613 1968 1637 1985 ⁸⁵
1653 1968 1779 2004 Κτησίας
1792 1966 1866 1997 αὐτὸς

1078 2017 1218 2052 ἐκόμισεν,
1252 2016 1298 2047 Ὠς
1317 2015 1370 2042 ὑπὸ
1401 2014 1580 2050 Φαρναϐάζου
1605 2013 1744 2049 ναύαρχος
1775 2013 1864 2040 Κόνων

1080 2062 1197 2095 ἐγένετο.
1230 2061 1352 2097 Κτησίου
1379 2062 1420 2093 είς
1449 2061 1546 2088 Κνίδον
1574 2062 1623 2096 τὴν
1640 2060 1759 2095 πατρίδα
1784 2058 1867 2094 ἄφιξις

1080 2109 1128 2135 καὶ
1144 2109 1184 2140 εἰς
1207 2108 1407 2142 Λακεδαίμονα,
1438 2108 1486 2134 καὶ
1511 2108 1603 2143 κρίσις
1621 2107 1689 2142 πρὸς
1708 2107 1773 2139 τοὺς
1788 2107 1868 2133 Λακε-

1080 2154 1226 2190 δαιμονίων
1254 2155 1388 2188 ἀγγέλους
1401 2155 1430 2180 ὲν
1450 2153 1574 2189 Ῥόδῳ⁸⁶,
1600 2153 1647 2180 καὶ
1672 2153 1780 2187 ἄφεσις.
1809 2150 1869 2178 Ἀπὸ

1087 2199 1203 2234 Ἐφέσου
1239 2200 1321 2235 μέχρι
1360 2199 1493 2235 Βάκτρων
1528 2200 1576 2226 καὶ
1615 2199 1731 2234 Ἰνδικῆς
1760 2197 1869 2234 ἀριθμὸς

1045 2255 1068 2283 ι)
1083 2244 1224 2280 σταθμῶν.
1251 2245 1375 2280 ἡμερῶν,
1397 2246 1596 2280 παρασαγγῶν.
1617 2244 1778 2278 Κατάλογος
1801 2243 1869 2279 βασι-

1085 2290 1154 2318 λέων
1167 2291 1222 2317 ἀπὺ
1233 2291 1314 2317 Νίνου
1327 2291 1374 2318 καὶ
1389 2291 1570 2327 Σεμιράμεως
1585 2291 1667 2327 μέχρι
1686 2289 1871 2327 ’Λρτοξέρξοιὴ

1091 2337 1135 2364 Ἐν
1146 2334 1186 2369 οἷς
1200 2337 1248 2364 καὶ
1259 2336 1385 2368 τὸτέλος.

1121 2383 1200 2410 Ἔστι
1216 2382 1245 2409 δὲ
1261 2380 1360 2414 οὐτοςό
1375 2382 1550 2417 συγγραφεὺς
1565 2383 1653 2418 σαφής
1666 2391 1696 2409 τε
1713 2382 1761 2410 καὶ
1775 2380 1872 2417 ἀφελὴς

1084 2429 1157 2463 λίαν,
1172 2429 1213 2456 διδ
1231 2428 1281 2455 καὶ
1297 2428 1378 2464 ἡδονῇ
1395 2428 1470 2463 αὐτῷ
1495 2428 1650 2464 σύγκρατός
1666 2428 1742 2455 ἐστιν
1761 2427 1871 2462 ό-λόγος-

1086 2475 1230 2511 Κέχρηται
1240 2475 1269 2502 δὲ
1285 2476 1318 2511 τῇ
1338 2475 1443 2510 Ὶωνικῇ
1456 2474 1599 2511 διαλέκτῳ,
1613 2475 1638 2501 εί
1649 2475 1698 2501 καὶ
1709 2475 1748 2510 μὴ
1759 2474 1792 2501 δι’
1808 2473 1872 2502 ὅλου,

1086 2522 1214 2557 καθάπερ
1231 2521 1385 2556 Ἡρόδοτος,
1415 2520 1482 2548 ἀλλὰ
1511 2521 1572 2548 κατ’
1588 2521 1663 2553 ἐνίας
1684 2522 1764 2553 τινὰς
1782 2519 1872 2553 λέξεις.

1088 2567 1156 2594 Οὐδὲ
1172 2567 1241 2603 πρὸς
1257 2566 1395 2603 ἐκτροπὰς
1411 2567 1440 2593 δέ
1454 2575 1531 2598 τινας
1543 2567 1687 2603 ἀκαίρους,
1704 2566 1798 2601 ὥσπερ
1812 2564 1874 2592 ἐκεῖ·

889 2623 1006 2653 νΑιιιιλΕ
1020 2626 1223 2655 LECTIONES.

260 2664 532 2714 ,ἶῗὲσονβηὶδσογφ
555 2669 770 2714 ἵῖρυἕδάεκηνς·
796 2671 958 2714 .⁸⁶αὖτη.ς;
992 2673 1127 2714 ’ἱέπεῖςο
1148 2672 1629 2714 θεῶνὒῖτιρξτορντιεινεῦνοὲιιιξι
1639 2672 1874 2714 sitis-“"9”

241 2707 380 2741 εὐνούχων
395 2712 456 2732 cum
469 2708 493 2734 Α
508 2707 589 2734 omisi
605 2707 658 2732 τῶν
667 2707 875 2741 ὑπηρετούντων
889 2707 971 2743 αὐτῇ.
1011 2707 1035 2724 ⁸⁸
1046 2709 1094 2735 καὶ
1108 2709 1178 2744 πρὸς
1191 2710 1262 2737 Λακ.
1299 2707 1402 2740 ³³⁷ἃςΔ
1417 2717 1425 2735 :
1443 2709 1476 2743 ἣν
1488 2717 1518 2741 ς.
1557 2707 1584 2725 ⁸⁸⁷
1601 2708 1685 2744 Ῥόδῳ
1695 2707 1724 2736 Ἀ
1741 2717 1748 2735 ι
1765 2708 1834 2742 λόγῳ
1849 2715 1873 2737 ς-

1013 2767 1128 2796 NOTAE.

279 2813 338 2848 (l7)
351 2813 408 2841 Hoc
421 2813 481 2848 ipso
490 2813 707 2840 circumventum
719 2812 805 2840 fuisse
817 2813 878 2842 dolo
894 2821 908 2841 a
923 2821 1040 2843 consan-

1129 2814 1189 2850 (l8)
1202 2815 1221 2843 Δ
1237 2814 1308 2844 Nino
1322 2815 1349 2844 id
1359 2819 1388 2843 et
1400 2815 1582 2844 Semiramide
1596 2815 1764 2845 inchoatum.
1779 2814 1810 2841 ad
1826 2819 1861 2838 ma

245 2845 346 2886 guineo
364 2845 600 2886 qsuojL:__VerInn
616 2850 683 2886 imp.
707 2848 843 2886 ﬁnxerunt
869 2850 990 2884 quidam,
1010 2854 1039 2877 ut
1095 2845 1239 2885 gistratum
1255 2851 1476 2886 osquelthyclis.
1504 2852 1595 2884 idest,
1625 2852 1713 2886 Olym.
1735 2857 1787 2877 xcv
1803 2857 1842 2875 an.
1861 2845 1873 2872 ἃ

247 2884 334 2919 refert
357 2883 449 2910 Aurel.
474 2883 576 2911 Victor.
595 2883 620 2910 in
643 2883 713 2911 llist.
746 2883 858 2919 August.
879 2883 909 2912 itt
935 2886 1037 2912 Anton.

247 2917 423 2955 Philosophe.

1094 2885 1240 2913 deduxisse
1252 2885 1372 2913 Ctesiam
1389 2885 1484 2915 auctor
1502 2892 1544 2915 est
1562 2886 1641 2915 Diod.
1659 2885 1714 2914 ’lib.
1743 2892 1799 2918 xtv,
1822 2889 1866 2919 9³3

1093 2920 1159 2961 421ι
1178 2922 1243 2949 edit.
1260 2921 1348 2950 Grato.
