1934 3089
200 150 251 183 961
780 148 911 178 PHOTII
929 147 1185 180 PATRIARCH/E
1203 148 1256 179 (ΣΡ.
1776 148 1826 182 908

201 212 265 238 lices
279 213 367 237 autem
386 209 412 236 in
426 208 496 236 aliis.
513 207 597 235 Filios
612 207 684 235 enim
697 211 761 240 tres,
782 212 808 234 et
823 207 890 234 duas
907 207 988 239 tilias,
1003 215 1065 235 cum
1095 207 1195 234 malum
1216 212 1307 232 rerum
1322 213 1432 233 suarum
1448 205 1563 238 videret,
1579 209 1659 233 antea
1679 205 1789 235 miserat
1803 208 1828 235 in

203 248 298 273 urbem
312 244 425 275 'Ninuut,
442 245 474 270 ad
491 250 552 270 eum
570 243 616 277 qui
629 243 667 278 ibi
681 243 820 278 regnabat,
839 243 1004 277 dederatque
1022 243 1076 278 illis
1092 245 1143 269 tria
1159 242 1322 278 talentorum
1336 242 1400 278 auri
1414 242 1508 269 millia.
1528 241 1647 268 Texcrat
1662 248 1750 269 autem
1763 242 1827 270 illud

203 281 348 308 :edilicium
362 279 484 306 trabibtts
504 279 610 312 magnis
621 283 648 303 et
662 277 776 310 'crassis,
797 278 860 311 quin
876 278 958 304 etiam
975 277 1057 304 multa
1083 278 1165 310 ligna,
1180 281 1207 304 et
1225 284 1256 302 ea
1277 277 1385 311 quidem
1404 285 1508 309 crassa,
1526 278 1773 310 circumposuerat.
1793 278 1829 305 ita

203 322 232 344 ut
247 316 336 343 nullus
353 311 577 348 pateretexilus’:
594 314 658 347 quin
676 313 758 340 etiam
774 313 936 339 talentorqu
953 313 1012 339 auri
1025 313 1189 346 imposuerat
1206 312 1241 338 illi
1256 313 1330 338 mille
1349 313 1497 347 myriatles,
1510 312 1616 348 argenti
1634 311 1725 348 decies
1739 313 1828 340 millc'.

202 359 251 378 nec
267 358 319 378 non
337 347 423 376 vestes
438 353 465 375 et
480 354 628 383 purpuras,’
641 353 668 374 et
681 355 762 375 outue
774 355 859 381 genus
880 355 987 380 eorum,
1009 355 1069 382 quae
1084 348 1115 374 ad
1132 347 1233 383 cultum
1248 347 1371 380 corporis
1382 348 1528 381 pertiuent.
1545 347 1611 379 Quas
1624 353 1687 373 cum
1706 347 1826 379 Ieeisset,

202 386 349 413 acrenderc
365 392 456 419 pyram
467 382 559 418 jussit,
572 391 632 418 qua:
651 391 698 418 per
713 383 865 416 quindecim
878 384 935 410 dies
951 384 1076 419 ardebat.
1090 384 1123 409 At
1137 384 1182 417 qui
1199 382 1306 419 furnum
1317 383 1444 419 videbant
1458 383 1638 419 tuiral‘i‘autur.
1648 384 1826 419 aciputabaut

201 419 274 447 illum
294 417 450 447 sacriﬁcare
468 417 476 446 Ξ
498 419 547 445 soli
561 417 629 445 vero
648 418 765 444 ettnuchi
791 425 846 444 rem
871 423 1015 445 noverant.
1044 417 1249 452 Sardanapalus
1266 418 1351 452 igitur
1364 437 1373 450 ,
1398 418 1444 453 qui
1471 417 1627 453 prodigiose
1648 418 1832 452 voluptatibus

199 457 304 484 deditus
323 455 421 486 fuerat,
438 462 519 488 quant
534 455 621 489 potuit
638 452 845 489 generosissime
859 454 941 480 vitam
955 453 1054 480 ﬁnivit.

888 511 949 540 Non
965 512 1048 540 multo
1062 517 1130 547 part.

233 561 338 590 Ctesias
354 568 420 588 vero
434 560 574 587 Aunarum
592 559 848 595 regis'prazlectnni,
864 564 890 585 et
902 559 947 592 qui
965 559 1120 594 Babylonize
1140 559 1260 594 regionis
1275 558 1421 593 imperium
1437 558 1627 590 obtinuerunt,
1643 561 1728 595 reste
1745 561 1774 586 et
1789 564 1832 584 or-

200 604 263 624 natn
280 597 403 623 muliebri
416 603 493 622 usuin
507 603 569 623 esse
589 593 680 628 tradit,
699 601 725 622 ct
739 596 772 621 ad
785 603 846 621 cum
867 593 1041 626 cantantem,
1066 601 1128 621 cum
1147 596 1218 627 regis
1232 602 1328 621 servus
1344 599 1428 627 esset,
1454 595 1585 621 accedere
1609 593 1705 620 solitas
1720 599 1829 621 centum

200 632 391 667 quinquaginta
405 631 549 666 psallentes
563 635 590 657 et
603 635 733 657 canentes
748 630 886 656 mulieres.
903 628 1057 656 Psallebant
1080 635 1171 656 autem
1186 631 1237 660 hac.
1252 635 1280 656 et
1291 631 1429 656 canebant
1445 629 1490 656 illo
1508 635 1644 656 etnnaute.

516 691 594 724 Apud
607 689 767 716 Demetrium
782 687 942 716 Phalereum
955 689 982 715 in
993 688 1060 715 libro
1082 689 1127 724 qui
1144 689 1212 724 Περὶ
1226 689 1279 724 ἑρμ

744 697 767 715 m
782 687 942 716 Phalereum
955 689 982 715 in
993 688 1060 715 libro
1082 689 1127 724 qui
1144 689 1212 724 Περὶ
1226 689 1375 724 ἑρμηνείας
1392 695 1507 716 vocatur.

236 738 387 774 Stryaglius
402 737 512 772 quidam
528 737 631 774 Medus,
649 744 710 774 cum
725 743 759 763 ex
772 743 843 770 equo
855 735 980 774 Sa_cidem
996 736 1137 763 mulierem
1155 737 1298 774 dejccissct
1311 736 1391 771 (apud
1408 736 1574 774 Saeasenim
1591 734 1831 774 mulieres__em_lent

201 782 252 808 quo
267 770 418 800 A'tuazones
436 774 514 800 modo
528 772 696 806 pt'zeliautur)
710 778 823 808 eamque
838 776 865 798 et
883 770 1028 808 formosam
1039 791 1045 802 ,
1070 776 1098 808 et
1111 777 1190 798 aetate
1210 772 1351 798 ﬂorentem
1372 779 1434 798 esse
1451 772 1578 802 vidisset,
1597 771 1698 808 salvam
1714 770 1832 808 dimisit.

202 805 233 835 Ᾱι
250 816 377 844 percusso
393 805 610 844 postearrutderc,
625 814 686 844 cum
704 807 758 844 illa,
776 814 858 844 quant
876 806 974 844 alioqui
994 806 1146 840 deperibat,
1161 807 1241 844 potiri
1267 814 1320 844 non
1353 811 1455 840 posset,
1472 811 1605 844 statuerat
1618 806 1726 840 quidem
1744 805 1834 831 inedia

202 840 281 870 vitam
299 843 376 871 ﬁnire
389 840 400 870 ε’
411 843 507 870 scribit
523 848 611 869 tamen
625 843 701 875 prius
718 841 755 868 illi
776 840 844 868 lianc
859 841 1012 875 epistolam,
1025 849 1078 876 qua
1097 843 1250 877 expostulat
1266 850 1273 868 :
1292 840 1349 876 Ego
1364 846 1387 868 te
1399 841 1510 874 servavi,
1526 847 1549 867 et
1573 847 1602 867 tu
1614 849 1660 875 per
1674 848 1714 867 me
1728 846 1834 867 servata

202 887 237 906 es.
252 879 285 905 At
300 886 346 913 ego
361 887 407 913 per
424 883 449 905 te
461 878 540 913 perii.

523 935 674 969 Stephanus
694 934 840 970 Byzantius
862 943 922 963 vace
936 936 1067 972 Δυρὸαἶοι
1080 945 1112 964 ea:
1125 936 1214 964 Ctesirt
1237 936 1403 964 Persicorum
1424 935 1462 964 Χ.

237 982 319 1020 ΒεεῙο
330 983 408 1018 juxta
422 990 483 1010 eum
498 983 794 1020 atljacetDyrbaeortirn,
805 984 883 1010 beata
895 985 974 1018 plane
985 993 1062 1020 gens,
1079 986 1154 1012 dives
1167 985 1328 1019 atqnejusta
1345 993 1354 1017 ;
1382 992 1442 1011 nam
1469 991 1555 1018 neque
1578 984 1703 1018 injuriam
1718 985 1837 1020 cuipiam

202 1019 329 1052 tul'ct‘unt,
347 1024 572 1054 uequemortem.
589 1018 665 1051 Quod
680 1019 702 1046 si
720 1020 791 1046 lortc
803 1027 851 1053 per
868 1021 938 1046 viam
955 1018 1001 1047 aut
1015 1028 1111 1047 aurum
1129 1018 1292 1051 invenerint,
1310 1025 1358 1046 attt
1370 1020 1442 1047 aliud
1456 1021 1663 1054 quidquam.....

805 1077 947 1104 Athena’us
963 1077 1161 1111 Dipnosop/Iisl.
1178 1077 1214 1104 X.

237 1124 369 1160 Amyntas
382 1131 488 1161 quoque
504 1123 529 1161 in
542 1123 610 1151 libro
623 1123 669 1161 qtti
685 1123 787 1161 Σιομοὶ
803 1125 974 1158 inscribitur,
994 1125 1165 1160 Tapyrnruzn
1183 1130 1292 1161 gentem
1306 1125 1343 1152 ita
1359 1125 1420 1152 vino
1445 1125 1566 1152 deditam
1581 1131 1642 1152 esse
1663 1123 1792 1161 tradidit,
1810 1127 1840 1151 ut

203 1168 235 1186 tte
250 1161 281 1185 ad
300 1159 470 1193 unguendum
485 1159 595 1193 quidem
611 1160 663 1185 alia
678 1167 707 1186 re
720 1160 772 1185 tilla
787 1167 867 1193 quam
888 1161 951 1187 vino
970 1159 1072 1187 utatur.
1092 1159 1195 1187 lﬁadean
1208 1167 1300 1188 autem
1323 1165 1351 1187 et
1367 1161 1472 1188 Ctesias
1490 1165 1689 1187 commemorat
1703 1161 1729 1187 in
1751 1159 1835 1190 libro.

203 1202 281 1228 quem
297 1195 330 1220 de
342 1194 469 1221 Asiaticis
481 1194 592 1221 tributis
606 1195 718 1229 scripsit
731 1203 739 1222 ε
757 1196 803 1229 qui
818 1199 846 1221 et
859 1195 1028 1229 iustissimos
1041 1203 1102 1223 esse
1118 1196 1179 1222 illos
1195 1196 1290 1223 tradit.

748 1254 908 1288 Apollonius
926 1253 1032 1282 Hister.
1048 1255 1144 1282 mirab.
1158 1254 1222 1283 XX.

237 1302 342 1329 Ctesias
357 1301 426 1328 libro
447 1309 536 1328 rerum
554 1301 724 1328 Persicorum
746 1301 864 1333 decimo,
880 1303 1001 1330 camelos
1021 1311 1081 1330 esse
1099 1303 1125 1330 itt
1141 1311 1172 1330 ea
1189 1303 1300 1337 regione
1318 1303 1417 1338 prodit,
1433 1310 1548 1337 quarum
1565 1302 1612 1337 pili
1628 1300 1745 1329 mollitie
1762 1300 1837 1327 lanas

204 1338 320 1366 Milesias
330 1343 450 1372 aequant.
464 1338 681 1371 Sacerdotesque
696 1342 723 1364 et
737 1337 806 1364 alios
819 1345 946 1371 proceres
965 1343 1054 1365 vestes
1065 1346 1098 1364 ex
1118 1339 1151 1366 iis
1163 1339 1306 1366 confectas
1319 1337 1448 1374 'gestare.

859 1394 901 1421 Ex
917 1395 1007 1430 Steph.
1027 1395 1141 1431 Byzant.

241 1441 426 1474 Cboramnaai,
439 1441 548 1478 Persica
566 1441 714 1476 agrestium
730 1441 873 1478 hominum
883 1442 965 1469 natio.
986 1442 1101 1477 (Ctesias
1114 1443 1283 1470 Persicorum
1298 1443 1343 1478 Χ).
1361 1443 1447 1470 Tanta
1463 1451 1528 1471 vero
1539 1442 1680 1470 celeritate
1693 1446 1737 1470 est
1756 1448 1840 1478 genus

208 1478 274 1506 illud
293 1477 432 1504 ltmniuttm
449 1477 609 1511 agrestium,
625 1481 654 1504 ut
668 1484 763 1503 cervos
779 1478 851 1511 ipsos
868 1477 1036 1511 insequendo
1053 1479 1162 1512 capiat;
1180 1479 1288 1514 aliaque
1299 1481 1382 1505 multa
1396 1479 1429 1506 de
1444 1478 1485 1505 bis
1505 1484 1608 1506 narrat.

683 1537 760 1571 Apud
774 1537 942 1569 Athenwum,
953 1536 1152 1572 Dipnosophist.
1167 1537 1214 1566 lib.
1228 1537 1271 1565 II.

246 1585 303 1613 Rex
319 1585 474 1618 Persarum,
501 1591 530 1612 ut
543 1585 637 1612 scribit
651 1584 720 1611 libro
736 1583 745 1611 1
764 1584 929 1616 Herodotus,
945 1592 1042 1620 aquam
1061 1586 1087 1612 in
1102 1591 1193 1620 potum
1214 1594 1292 1614 suum
1309 1594 1400 1613 secum
1413 1586 1488 1614 vehit
1506 1593 1520 1612 a
1539 1584 1655 1620 Choaspi
1674 1583 1758 1611 ﬂuvio
1769 1606 1777 1618 ,
1798 1585 1839 1618 qui

207 1621 277 1648 Susa
292 1619 433 1656 superﬂuit
447 1629 453 1647 :
470 1626 552 1655 atque
565 1627 598 1647 ex
615 1621 666 1647 hoc
688 1621 746 1647 solo
761 1620 838 1656 bibit.
859 1620 945 1655 liuius
960 1625 1049 1648 autem
1074 1619 1152 1656 aqua:
1172 1623 1290 1649 decocta-
1305 1623 1381 1656 plena
1399 1629 1460 1649 vasa
1477 1625 1604 1655 argentea
1625 1619 1765 1654 portantes
1786 1621 1842 1654 plu-

207 1657 267 1683 rimi
280 1663 386 1687 currus,
403 1660 521 1682 rotarum
535 1660 651 1691 quatuor
662 1675 669 1686 ,
688 1662 755 1689 quos
771 1655 834 1682 muli
853 1659 975 1688 tralmnt,
994 1657 1080 1690 ipsum
1100 1655 1260 1691 Sequuntur.
1273 1655 1310 1682 At
1322 1657 1427 1683 Ctesias
1439 1656 1553 1683 Cnidius
1578 1656 1763 1682 uarratetiatu
1778 1661 1843 1689 quo-

210 1691 290 1728 modo
306 1690 450 1728 regialucc
463 1690 594 1724 Choaspis
614 1690 686 1728 ﬂuvii
709 1697 778 1724 aqua
802 1696 945 1726 coquatur,
963 1695 991 1718 et
1001 1690 1225 1726 quomodoivasis
1241 1692 1377 1728 imposita,
1390 1696 1513 1728 portetur
1526 1691 1559 1718 ad
1583 1698 1673 1726 regem
1687 1699 1694 1724 ;
1713 1691 1843 1726 additque

207 1725 281 1752 illum
297 1731 324 1753 et
336 1725 502 1753 levi5simam
520 1731 548 1753 et
561 1726 750 1752 suavisstmant
764 1732 836 1753 esse.

795 1786 871 1820 Apud
886 1787 1019 1820 eumdem,
1039 1787 1203 1822 Dipnotoph.
1216 1787 1230 1815 I
1241 1787 1272 1815 V.

243 1829 300 1856 Rex
313 1835 404 1870 autem
417 1830 562 1858 Persarum
581 1831 623 1866 (ut
637 1831 760 1870 scribunt
772 1831 887 1870 Ctesias,
903 1838 931 1860 et
947 1833 1033 1860 Dinon
1051 1833 1077 1860 in
1112 1833 1241 1869 Persicis)
1263 1841 1326 1861 cum
1342 1833 1462 1861 virorum
1479 1832 1598 1860 millibus
1611 1831 1767 1867 quindecim
1785 1835 1841 1858 cm-

211 1869 304 1899 uabat,
320 1871 348 1892 et
361 1867 388 1893 in
403 1873 508 1894 εωιωιη
523 1867 703 1902 quadraginta
723 1867 824 1895 talenta
842 1868 1062 1895 insumebantur.

846 1926 925 1961 Apud
941 1927 1071 1960 eumdem,
1091 1928 1157 1954 libro
1167 1927 1210 1955 Il.

246 1968 356 2010 Ctesias
366 1975 458 2010 autem
470 1971 644 2010 Carmaniam
658 1972 746 2000 oleum
764 1973 940 2000 acanthinum
957 1975 1118 2008 producere,
1132 1979 1158 2001 et
1173 1983 1206 2002 eo
1222 1982 1313 2010 regem
1328 1975 1379 2005 uti,
1393 1974 1442 2002 ait.
1460 1974 1510 2008 Qui
1523 1974 1607 2000 etiam
1626 1973 1652 1999 in
1667 1972 1747 2005 libro,
1759 1979 1839 2010 quem

210 2003 249 2032 De
269 2005 521 2045 Asiaticirtrt‘butt‘s
539 2009 658 2045 scripsit,
673 2015 759 2035 eceuaz
776 2010 857 2045 regite
876 2003 1036 2044 apparatuttt
1057 2003 1231 2044 describens,
1253 2003 1346 2045 ireque
1370 2003 1484 2045 piperis:
1511 2017 1598 2044 neque
1621 2009 1689 2035 aceti
1709 2003 1841 2039 meminit,

211 2041 282 2073 quod
299 2049 382 2068 uuutu
396 2043 466 2070 inter
482 2043 655 2070 condimenta
671 2049 714 2071 est
730 2041 873 2079 optinium.

928 2101 964 2129 Et
977 2102 1044 2129 libro
1061 2103 1113 2130 XI.

254 2145 352 2175 Verum
371 2147 543 2184 repudianda
553 2150 616 2174 sunt
629 2146 817 2184 nobisnlietilia
831 2147 939 2184 pocula.
969 2149 1047 2182 Apud
1062 2149 1160 2175 Persas
1176 2149 1260 2181 enim,
1275 2154 1305 2176 ut
1319 2153 1436 2177 testatur
1453 2148 1574 2182 Ctesias,
1591 2155 1781 2184 quemcunque
1796 2154 1841 2174 rex

213 2184 406 2211 inhonoratum
422 2189 483 2209 esse
500 2182 628 2215 voluerit,
648 2182 776 2210 ﬁctilibus
792 2183 896 2217 poculis
907 2184 1006 2210 utitur.

765 2242 842 2275 Apud
858 2241 989 2274 eumdem,
1004 2241 1166 2276 Dipnoroph.
1184 2242 1272 2270 XIII.

247 2291 317 2325 Quin
332 2291 413 2319 etiam
429 2289 556 2325 Cambysi
570 2289 750 2326 suscipiendae
763 2290 790 2317 in
801 2290 948 2326 [Egyptqu
966 2292 1148 2325 expeditionis
1162 2292 1202 2326 (at
1215 2292 1310 2319 scribit
1324 2291 1542 2326 Ctesiasicausa
1566 2290 1617 2317 fuit
1638 2289 1749 2317 mulier.
1776 2287 1840 2315 Nam

212 2324 274 2354 cum
284 2326 427 2362 [Egyptias
441 2324 566 2362 mulieres
583 2324 609 2351 in
621 2332 768 2358 cengressu
777 2324 915 2362 praestare
929 2324 1035 2353 czetet-ts
1049 2324 1240 2359 intellexisset,
1258 2328 1291 2354 ad
1303 2327 1424 2353 Amasim
1434 2324 1550 2361 'Egypti
1564 2333 1652 2360 regetur
1671 2326 1743 2352 misit
1754 2332 1840 2362 Vtinam

211 2371 245 2390 ex
263 2363 321 2397 ejus
338 2360 445 2388 tiliabus
460 2361 487 2397 iu»
502 2367 614 2397 uxorem
631 2361 804 2397 ροεοςξιιεεᾼι
816 2360 860 2388 bic
875 2369 891 2387 e
911 2363 967 2388 suis
983 2362 1094 2395 quidem
1111 2369 1191 2388 unam
1212 2363 1283 2389 haud
1302 2363 1374 2389 misit
1391 2371 1397 2388 :
1419 2360 1574 2395 suspicatus
1593 2361 1629 2387 illi
1647 2368 1701 2387 non
1716 2360 1837 2397 habitum

211 2397 244 2424 iri
264 2395 395 2423 honorent
411 2395 488 2422 uxori
507 2395 639 2426 debitum,
656 2395 702 2421 sed
719 2395 830 2431 pallacaa
845 2404 852 2422 :
866 2404 960 2422 verum
980 2397 1069 2431 Apriee
1086 2397 1168 2423 ﬁliam
1186 2397 1324 2424 Neutctiu.
1354 2397 1499 2424 Exeiderat
1524 2401 1615 2431 autem
1634 2403 1716 2428 regno
1729 2395 1837 2431 Apries,

212 2439 322 2466 propter
339 2431 448 2466 cludent
460 2432 486 2456 in
499 2437 586 2464 pugna
600 2431 731 2456 adversus
743 2430 911 2465 Cyrenenses
926 2429 1077 2465 acceptam,
1091 2437 1119 2459 et
1133 2432 1167 2459 ab
1179 2432 1379 2460 Amasi‘l'ucrat
1396 2432 1565 2458 interfectus.
1582 2430 1731 2465 Cambyses
1743 2429 1840 2456 Nettle-

212 2465 276 2493 iidis
292 2465 487 2493 consuetudine
502 2465 662 2501 delectatus,
679 2470 706 2491 et
720 2466 796 2492 valde
807 2466 833 2492 in
844 2474 966 2492 amorem
984 2467 1043 2500 ejus
1057 2468 1174 2501 illectus,
1188 2468 1279 2495 omnia
1293 2475 1327 2494 ex
1343 2468 1389 2494 illa
1404 2467 1502 2500 discit;
1516 2470 1544 2493 et
1565 2473 1628 2494 cum
1645 2469 1751 2492 orasset
1765 2472 1839 2495 euut,

213 2505 241 2528 ut
254 2504 354 2528 caedem
368 2501 458 2535 Apria:
469 2500 555 2533 patris
569 2500 758 2532 ulcisceretur,
774 2502 919 2535 persuadet
938 2506 967 2527 ut
980 2502 1078 2529 bellum
1092 2502 1230 2539 Egyptiis
1243 2503 1352 2530 inierat.

884 2560 1010 2595 Ejusdem
1029 2561 1097 2588 libro
1110 2561 1146 2589 X.

247 2620 356 2657 Ctesias;
370 2624 472 2651 autem,
488 2619 558 2657 apud
572 2619 719 2657 ludosregi
739 2627 791 2646 non
805 2618 887 2647 licere
903 2621 1034 2647 inebriari
1047 2622 1139 2648 tradit.
1155 2623 1189 2648 At
1202 2629 1268 2648 vero
1280 2623 1350 2657 apud
1362 2621 1461 2649 Persas
1476 2621 1531 2656 regi
1542 2618 1700 2646 conceditur
1713 2617 1842 2648 inebriari

211 2657 254 2685 die
272 2665 337 2688 uno,
352 2655 378 2681 in
390 2662 443 2690 quo
459 2656 615 2683 sacriﬁcant
631 2654 747 2681 Mithrae.

939 2713 1020 2740 Libro
1036 2712 1078 2741 XI
1088 2713 1118 2740 ι’.

245 2773 361 2800 Berosus
378 2778 467 2800 autem
485 2772 726 2808 Babyloniacorum
742 2774 788 2801 lib.
807 2782 826 2805 l,
852 2774 957 2801 decima
973 2779 1050 2801 sexta
1065 2774 1110 2801 die
1127 2774 1229 2801 mensis
1244 2773 1302 2806 Loi,
1319 2773 1417 2801 festum
1436 2773 1571 2808 Babylone
1591 2772 1712 2807 quinque
1735 2770 1838 2808 dierum

211 2809 300 2843 spatio
315 2809 446 2835 celebrari
460 2809 506 2838 ait,
523 2806 622 2834 bat-eas
637 2809 672 2833 diu
684 2813 739 2834 tum
753 2818 759 2835 :
777 2816 825 2842 per
836 2810 906 2843 quod
925 2814 1032 2844 tempus
1053 2809 1142 2836 solere
1159 2809 1283 2836 dominos
1310 2809 1418 2835 famulis
1444 2806 1561 2843 parere:
1581 2806 1719 2844 uirumque
1743 2813 1776 2833 ex
1795 2806 1841 2844 bis

211 2842 302 2870 doutni
318 2850 444 2878 praeisse,
462 2848 544 2873 veste.
563 2851 622 2877 qmc
648 2844 728 2879 regite
740 2842 945 2871 similitudinem
964 2842 1110 2877 rel'crebat,
1127 2844 1250 2872 indutum
1267 2854 1273 2871 ε
1289 2852 1371 2879 quem
1385 2849 1411 2872 et
1422 2842 1558 2878 legattetu
1575 2843 1704 2878 appellari
1721 2842 1841 2869 meminit

213 2879 291 2906 istius
306 2877 366 2906 tcsti
378 2879 484 2906 Ctesias
498 2886 605 2913 quoque
619 2878 687 2905 libru
702 2877 870 2906 Persicorum
889 2881 1022 2908 secundo.
