1934 3089
99 120 155 154 213

640 124 906 155 BIBLIOTHECA.
927 137 961 141 —-
980 124 1063 155 COD.
1083 124 1204 154 LXXII.

1684 125 1737 158 ιιι

139 177 211 214 Περὶ
224 178 276 214 τῆς
291 179 396 214 κρήνης
412 178 461 215 τῆς
476 179 669 215 πληρουμένης
682 180 723 208 ἀν’
736 180 797 212 ἔτος
811 179 890 215 ὑγροί

984 179 1046 213 Agit
1062 179 1095 205 de
1103 178 1177 206 fonte
1189 178 1258 214 (24),
1275 178 1321 213 qui
1333 178 1446 206 humido
1460 179 1608 213 quotannis
1620 186 1687 208 auro
1697 179 1733 207 ita

97 225 224 261 χρυσίου,
243 225 273 257 ἐξ
293 222 327 261 ἧς
341 225 438 252 ἑκατὸν
453 226 550 261 πρόχοι
561 227 584 242 ’⁵
608 226 765 262 ὀπράκινοι
782 227 823 253 ἀν’
836 226 896 258 Ero;

96 271 230 305 ἀρύονται
241 279 249 286 ·
267 271 447 306 ὀστρακίνους
458 272 487 299 δὲ
501 272 542 298 δεῖ
554 269 634 304 εἶναι,
650 273 713 299 ἐπεὶ
727 273 864 307 πήγνυται
881 274 895 299 ὁ

95 317 199 353 χρυσὸς
231 318 436 353 ἁπαρυόμενος,
463 320 510 346 καὶ
522 319 630 354 ἀνάγκη
650 319 681 346 τὸ
702 320 813 354 ἀγγεῖον
828 320 895 355 θλᾷν

97 364 146 391 καὶ
158 363 247 396 οὕτως
275 364 421 399 ἐξαγαγεῖν
435 365 459 381 ⁵³
475 365 568 393 αὐτόν.
587 366 620 392 Ἦ
638 366 667 393 δὲ
692 367 780 402 κρήνη
795 368 894 402 τετρά-

96 410 186 443 γωνός
210 411 296 443 ἐστιν,
323 411 472 438 ἑκκαίδεκα
495 412 545 446 μὲν
563 413 659 448 πηχῶν
678 413 695 449 ή
714 413 891 449 περίμετρος,

95 456 127 482 τὸ
148 456 179 482 δὲ
206 457 290 492 βάθος
316 457 431 492 ὀργυιά·
454 458 558 493 ἑκάστη
584 459 613 485 δὲ
635 459 739 495 προχοὴ
760 459 893 487 τάλαντον

94 501 184 528 ἕλκει.
204 503 260 529 Καὶ
274 504 339 538 περὶ
353 503 401 529 τοῦ
412 504 442 529 ἐν
458 503 497 539 τῷ
526 504 643 539 πυθμένι
665 505 716 539 τῆς
732 506 836 541 κρήνης
851 515 890 532 σι-

93 548 193 583 δήρου,
209 549 238 581 ἐξ
251 545 282 574 οὗ
295 548 344 575 καὶ
358 549 405 575 δύο
417 549 481 584 ξίφη
493 549 617 584 Κτησίας
633 551 716 586 φησὶν
730 551 889 586 ἐσχηκέναι,

93 594 124 620 ἓν
136 595 216 630 παρὰ
232 595 366 630 βασιλέως
382 595 429 622 καὶ
443 596 474 622 τὸ
485 596 549 623 ἄλλο
563 596 585 613 ’⁷
601 597 678 631 παρὰ
694 597 743 632 τῆς
758 597 805 624 τοῦ
813 598 892 632 βασι-

93 641 165 673 λέως
191 643 296 677 μητρὸς
324 642 523 677 Παρυσάτιδος.
537 644 606 678 Φησὶ
622 644 650 670 δὲ
669 644 734 679 περὶ
752 644 835 671 αὑτοῦ
850 645 891 671 ὅτι

93 687 273 722 πηγνύμενος
286 688 316 714 ὲν
331 690 365 724 τῇ
382 689 416 724 γῇ
433 689 532 723 νέφους
551 689 599 716 καὶ
614 689 736 724 χαλάζης
751 690 800 716 καὶ
818 698 890 725 πρη-

94 734 205 768 στήρων
216 734 291 760 ἐστὶν
307 734 493 770 ἀποτρόπαιον
504 735 527 751 ⁸⁸
541 743 549 750 θ
567 735 614 762 καὶ
629 735 693 762 ἰδεῖν
708 735 790 762 αὑτὸν
803 735 892 763 ταῦτά

95 788 164 815 φησι
180 780 314 816 βασιλέως
330 781 371 813 δὶς
389 781 562 816 ποιήσαντος.

129 915 200 949 Περὶ
215 915 273 941 τῶν
287 915 379 942 κυνῶν
393 917 447 943 τῶν
463 916 595 950 Ἰνδικῶν,
606 917 647 944 ὅτι
661 917 788 953 μέγιστοί
808 919 889 952 εἰσιν,

93 960 131 991 ὡς
146 960 196 986 καὶ
224 960 313 987 λέοντι
330 961 475 996 μάχεσθαι.
491 963 559 998 Περὶ
577 963 633 989 τῶν
651 963 723 998 ὁρῶν
737 964 792 991 τῶν
809 966 892 1000 μεγὰ-

93 1007 157 1039 λων,
173 1007 205 1039 ἐξ
217 1003 255 1034 ὤν
269 1008 287 1042 ἦ
304 1016 334 1034 τε
359 1008 449 1044 σαρδὼ
463 1009 612 1043 ὀρύσσεται
624 1010 672 1035 καὶ
683 1010 708 1036 οἱ
729 1010 826 1045 ὄνυχες
841 1012 889 1038 καὶ

94 1055 121 1080 at
137 1054 220 1081 ἄλλαι
234 1054 467 1089 σφραγῖδες.”οτι
482 1054 549 1081 ἀλέα
559 1055 656 1090 πολλὴ,
672 1055 720 1083 καὶ
733 1056 798 1083 ὄτιὸ
813 1057 890 1092 ἥλιος

95 1098 288 1126 δεκαπλασίων
313 1099 344 1125 τὸ
372 1099 487 1134 μέγεθος
506 1100 523 1135 ἢ
551 1100 580 1126 ὲν
592 1102 654 1132 ταῖς
676 1100 770 1133 ἄλλαις
785 1102 889 1137 χώραις

95 1143 175 1176 αὐτὸς
190 1145 291 1171 ἑαυτοῦ
302 1145 439 1179 φαίνεται,
456 1147 503 1172 καὶ
518 1146 611 1174 πολλοὶ
619 1147 737 1174 ἐνταῦθα
748 1148 786 1183 τῷ
798 1149 888 1183 πνίγει

94 1190 265 1225 φθείρονται.
285 1192 341 1218 Καὶ
357 1192 494 1219 θάλασσάν
510 1202 592 1228 φησιν
605 1193 701 1220 αὐτόθι
719 1195 795 1221 οὐδὲν
809 1195 887 1222 ἐλατ-

93 1234 138 1263 ών
153 1237 176 1253 ⁹⁹
190 1237 243 1272 τῆς
264 1237 425 1272 Ἑλληνικῆς
435 1247 441 1253 ·
456 1239 486 1265 τὸ
503 1238 532 1265 δὲ
548 1239 605 1266 ἄνω
617 1239 703 1275 αὐτῆς
716 1240 768 1272 ἕως
785 1242 887 1268 τεσσά-

94 1290 149 1316 ρων
165 1282 307 1309 δακτύλω)
332 1283 432 1318 θερμὸν
461 1282 543 1316 εἶναι,
570 1285 642 1312 ὥστε
672 1285 710 1320 μὴ
731 1285 809 1321 ίχοὺν
835 1286 886 1321 ζῇν

93 1328 326 1362 προσπελάσαντα
359 1329 399 1365 τῷ
427 1330 541 1367 θερμῷ.
568 1331 635 1359 ἀλλὰ
662 1333 786 1360 κάτωθεν
814 1333 886 1361 διαι-

93 1374 205 1402 rideat.

128 1461 192 1489 ὀτι
221 1463 236 1490 ὁ
257 1463 340 1496 Ἰνδὸς
368 1465 491 1500 ποταμὸς
513 1466 582 1502 ῥέων
605 1468 649 1496 διὰ
679 1470 778 1498 πεδίων
792 1472 840 1499 καὶ
851 1472 887 1500 δι’

949 224 1104 258 impleatur,
1123 229 1152 251 ut
1175 229 1284 252 centum
1300 231 1332 251 ex
1345 232 1378 252 eo
1390 225 1464 252 urcei
1481 225 1577 252 ﬁctiles
1596 225 1659 252 anni
1671 232 1734 259 spa-

948 270 985 297 tio
998 270 1169 298 hauriantur.
1187 270 1298 298 Fictiles
1318 275 1408 298 autem
1424 279 1486 299 esse
1501 279 1596 298 urceos
1608 275 1735 305 propter-

947 324 979 344 ea
1003 322 1140 350 oportere,
1156 316 1227 351 quod
1253 316 1377 343 haustum
1396 324 1456 343 mox
1469 316 1539 352 45b
1557 324 1653 343 aurum
1670 324 1736 343 cou-

945 368 1064 396 crcscat,
1096 368 1126 390 ut
1153 363 1186 390 ad
1220 362 1284 389 illud
1302 362 1471 390 educendum
1492 370 1539 390 vas
1567 363 1654 397 ipsutn
1671 370 1735 389 con-

945 407 1066 443 fringere
1080 415 1192 436 necesse
1204 409 1248 436 sit.
1262 406 1377 436 Fonteio
1399 409 1487 442 ipsttm
1500 408 1661 442 quadratum
1672 415 1735 436 esse

944 453 1039 486 refert,
1056 453 1173 481 sedecim
1188 453 1340 482 cubitorum
1361 453 1464 481 ambitu
1487 454 1626 488 uniusque
1640 453 1735 480 altitu-

944 499 1007 527 dine
1023 509 1031 526 -.
1051 500 1165 535 singulis
1180 507 1263 534 porro
1275 499 1364 527 urceis
1377 499 1482 534 singula
1498 499 1598 526 talenta
1612 499 1670 526 auri
1684 506 1734 525 ex-

945 546 1026 573 trahi.
1039 545 1076 573 De
1084 545 1167 577 ferro,
1181 546 1289 580 quodin
1302 545 1382 577 hujus
1399 545 1482 572 fontis
1490 545 1574 572 fundo
1587 545 1731 578 reperitur,

943 599 975 619 ex
987 593 1114 626 quoduos
1130 599 1161 618 se
1176 591 1305 618 habuisse
1324 591 1468 625 aliquando
1481 591 1583 625 gladios
1600 591 1656 625 ipse
1669 591 1734 618 Cte-

943 639 998 665 sias
1016 642 1223 670 counnemorat,
1258 645 1339 664 unum
1356 645 1370 664 a
1389 645 1449 671 rege
1473 637 1544 672 (‘25).
1574 637 1689 663 alterum
1718 645 1733 663 a

941 684 1102 720 Parysatide
1112 683 1182 718 regis
1198 683 1283 718 ipsius
1306 688 1393 710 matre
1416 683 1466 710 sibi
1485 683 1625 710 donatum.
1657 682 1733 709 Ferri

941 734 1034 756 autem
1052 729 1132 762 hujus
1148 737 1207 756 eam
1223 737 1284 757 esse
1298 729 1365 763 vim,
1377 734 1407 756 ut
1432 729 1457 755 in
1476 734 1576 756 terram
1588 729 1733 763 depaclutn

942 774 1065 807 nebulas,
1093 779 1120 801 ct
1135 775 1295 808 grandines,
1323 775 1502 810 turbinesque
1532 778 1648 806 avertat,
1681 774 1734 801 hoc

942 821 1023 848 semel
1036 829 1064 847 se
1077 821 1230 856 iterumque
1244 821 1356 855 vidisse,
1378 829 1441 848 cum
1471 828 1518 848 rex
1540 821 1599 855 ipse
1617 820 1676 856 ejus
1692 821 1732 848 rei

906 857 926 884 Β
943 867 1091 902 periculum
1108 866 1224 894 faceret.

981 912 1020 939 De
1031 912 1146 939 canibus
1170 911 1270 939 Indicis
1293 911 1350 948 (‘26)
1381 917 1463 940 tantae
1478 911 1684 947 magnitudinis,
1702 917 1732 939 ut

940 967 1001 986 cum
1014 959 1080 993 ipsis
1095 966 1205 995 quoque
1225 960 1350 987 leonibus
1375 965 1513 987 certamen
1557 960 1661 987 ineant.
1693 959 1732 987 De

941 1005 1109 1041 magnisillis
1126 1006 1276 1039 montibtts,
1310 1013 1342 1032 ex
1362 1006 1460 1040 quibus
1477 1014 1539 1033 cum
1553 1006 1645 1039 sardo,
1673 1010 1731 1032 tum

939 1050 1060 1085 onyches
1075 1051 1170 1083 etiam,
1189 1055 1271 1086 atque
1286 1051 1346 1077 alite
1358 1058 1472 1085 gemmae
1487 1050 1662 1079 effodiuntur.
1685 1050 1731 1077 ln-

939 1102 1048 1130 gentem
1062 1097 1116 1124 illic
1131 1097 1227 1124 saevire
1242 1104 1348 1127 aestum.
1381 1097 1523 1131 solemque
1551 1097 1636 1131 ipsum
1649 1097 1732 1123 decu-

940 1143 982 1178 plo
993 1151 1074 1178 quam
1097 1143 1123 1171 in
1140 1143 1210 1182 aliis
1237 1144 1393 1178 regionibus
1419 1142 1548 1177 majorem
1577 1142 1681 1170 videri:
1698 1149 1732 1169 ac

939 1189 1039 1217 multos
1052 1190 1080 1217 in
1096 1197 1127 1216 ea
1144 1190 1256 1224 regione
1274 1190 1404 1217 rnortales
1423 1194 1489 1217 aestu
1510 1188 1671 1224 praefocatos
1683 1197 1731 1217 cx-

937 1236 1047 1271 slingui.
1061 1235 1135 1263 Mare
1150 1236 1187 1263 ibi
1201 1236 1376 1264 nihilominus
1384 1244 1465 1270 quam
1475 1235 1598 1264 Graecum
1614 1236 1676 1263 ﬂatu
1690 1240 1732 1262 tu-

939 1290 1031 1309 mere:
1046 1289 1109 1309 vero
1120 1282 1145 1308 id
1155 1282 1180 1308 in
1193 1289 1309 1315 summo,
1321 1282 1476 1316 adquatuor
1487 1289 1574 1317 usque
1584 1282 1730 1316 digitorum

937 1328 1119 1361 altitudinem,
1134 1327 1267 1355 fervidum
1276 1335 1337 1355 esse
1347 1337 1355 1360 ;
1366 1329 1488 1364 adeoque
1503 1327 1674 1364 piscesjtuta
1683 1336 1713 1354 ca
1720 1342 1730 1348 -

937 1375 1021 1404 lorcm
1029 1375 1103 1402 illum
1114 1375 1202 1401 vivere
1209 1375 1281 1402 nullo
1288 1376 1367 1402 modo
1374 1375 1511 1410 posse.sed
1520 1376 1546 1402 in
1554 1375 1730 1409 imisdegere.

973 1419 1068 1446 ludum
1094 1419 1204 1446 ﬂuvium
1223 1428 1271 1454 per
1299 1421 1464 1455 campestria
1489 1420 1620 1452 delatum,
1641 1421 1732 1454 ‘ipsos

937 1474 1046 1501 quoque
1065 1465 1316 1498 montesiuterlabi.
1335 1465 1362 1493 in
1382 1466 1470 1500 iisque
1488 1465 1555 1493 locis
1568 1465 1643 1492 nasci
1659 1465 1730 1492 cala-

94 1507 181 1560 ὀρέων
189 1508 244 1544 ῥεῖ,
257 1510 287 1560 έν
310 1507 353 1542 οἷς
376 1512 448 1538 καὶό
465 1512 612 1547 λεγόμενος
633 1515 742 1548 Ἰνδικὸς
764 1518 888 1554 κάλαμος

943 1521 1015 1540 mum
1030 1513 1098 1549 (27),
1118 1520 1198 1548 quem
1214 1518 1312 1540 vocant
1320 1512 1453 1544 Indicum,
1479 1516 1561 1539 tanta:
1573 1511 1732 1538 crassitudi-

94 1553 204 1588 φύεται,
229 1555 319 1591 πάχος
334 1557 385 1592 μὲν
401 1557 463 1584 ὅσον
474 1558 548 1585 δύω¹
566 1560 647 1596 ἄνδρε
663 1553 891 1601 περιωργυιωγμέ-

95 1608 136 1626 νοι
151 1601 340 1635 περιλάϐοιεν,
359 1603 390 1629 τὺ
403 1603 432 1630 δὲ
454 1603 521 1638 ὕψος
534 1606 595 1632 ὅσον
615 1609 783 1644 μυριοφόρου
801 1611 811 1626 ⁸
824 1611 894 1643 νεὼς

96 1646 171 1678 ἱστός
181 1654 190 1662 ·
202 1647 257 1674 em.
271 1648 319 1675 καὶ
332 1648 372 1675 ἔτι.
400 1650 511 1684 μείζους
525 1652 573 1678 καὶ
587 1653 726 1687 ἐλάττους,
738 1655 811 1688 οἵους
820 1657 894 1690 είκὺς

95 1691 125 1717 ὲν
135 1691 194 1727 ὃρει
207 1693 332 1729 μεγάλῳ.
341 1692 452 1722 Εῐναιδὲ
462 1696 516 1722 τῶν
523 1696 654 1732 καλάμων
667 1699 715 1725 καὶ
723 1699 840 1736 ἄρρενας
846 1702 894 1729 καὶ

96 1737 218 1774 θηλείας.
231 1740 262 1766 ’0
269 1739 320 1774 μὲν
328 1740 375 1767 οὖν
385 1741 474 1778 ἄρρην
480 1743 642 1779 ἐντεριώνην
651 1744 700 1771 οὐκ
709 1744 764 1780 ἔχει
775 1746 822 1773 καὶ
836 1747 893 1774 ἔστι

96 1784 186 1820 κάρτα
193 1785 313 1820 ἰσχυρὸς,
321 1787 337 1821 ἡ
344 1786 372 1812 δὲ
380 1787 474 1822 θήλεια
484 1787 609 1823 έχει.Καὶ
615 1790 678 1824 περὶ
685 1791 730 1817 τοῦ
740 1795 893 1828 μαρτιχόρα

94 1829 142 1856 τοῦ
156 1831 186 1856 έν
202 1831 295 1863 αὐτοῖς
308 1832 384 1864 ὄντος
397 1833 504 1869 θηρίου,
518 1834 554 1865 ὡς
570 1835 599 1860 τὸ
615 1837 762 1870 πρόσωπον
771 1838 866 1869 ἐοικὼς
880 1839 890 1854 ³

96 1876 239 1912 ἀνθρώπῳ
258 1877 373 1912 μέγεθος
386 1879 436 1914 μέν
451 1881 524 1907 ἔστιν
537 1880 634 1917 ὥσπερ
652 1882 730 1915 λέων,
747 1885 795 1910 καὶ
809 1885 893 1919 χρόαν
916 1915 920 1918 _

96 1921 212 1957 ἐρυθρὸς
223 1923 261 1954 ὡς
273 1924 428 1960 κιννάϐαρι,
446 1924 511 1960 [145
524 1925 569 1962 IL]
588 1927 719 1962 τρίστιχοι
732 1929 759 1955 δὲ
768 1929 890 1962 ὀδόντεςο

95 1966 153 1993 ὦτα
166 1967 196 1994 δὲ
209 1968 304 2004 ὥσπερ
329 1970 486 2006 ἀνθρώπου,
512 1973 559 1998 καὶ
578 1972 736 2008 ὀφθαλμοὺς
755 1974 892 2008 γλαυκοὺς

95 2013 207 2047 ὁμοίους
221 2014 370 2051 ἀνθρώπῳ,
384 2017 433 2051 τὴν
449 2017 477 2044 δὲ
494 2018 594 2052 κέρκον
605 2019 662 2054 ἔχει
677 2020 792 2056 οἵανπερ
808 2030 892 2056 σκορ-

95 2058 157 2090 πίος
171 2059 186 2085 ὁ
204 2060 374 2096 ἠπειρώτης,
389 2060 447 2098 ἐνῇ
463 2064 510 2090 καὶ
528 2064 558 2090 τὸ
582 2064 695 2100 κέντρον
719 2065 788 2101 ἔχει,
805 2067 891 2102 μείζω

95 2103 274 2140 ὑπάρχουσαν
285 2107 296 2122 ⁸
308 2107 409 2142 πήχεος
423 2109 444 2135 ⁵.
461 2110 537 2145 Ἔχει
553 2110 581 2136 δὲ
597 2111 645 2137 καὶ
665 2111 697 2136 ἐκ
712 2111 828 2145 πλαγίου
840 2114 890 2148 τῆς

95 2151 199 2186 κέρκου
214 2152 279 2180 ἔνθα
296 2155 344 2181 καὶ
369 2155 434 2182 ἔνθα
448 2156 558 2191 κέντρα.
577 2157 634 2192 ἔχει
651 2158 679 2184 δὲ
694 2158 741 2184 καὶ
753 2159 795 2185 ἐπ’
812 2160 890 2196 ἄκρῳ

946 1559 1000 1591 nis,
1028 1563 1160 1594 quantam
1176 1559 1230 1586 duo
1256 1559 1338 1586 simul
1359 1559 1484 1587 homines
1512 1557 1643 1592 expansis
1660 1556 1733 1583 ulnis

945 1604 1089 1639 complecti
1103 1604 1217 1638 possint,
1230 1604 1381 1632 altitudinis
1392 1612 1467 1637 vero,
1493 1609 1595 1639 quanta
1612 1607 1655 1631 est
1668 1602 1735 1629 mali

945 1652 1063 1686 ingentis
1073 1651 1207 1678 onerariae
1218 1651 1308 1679 navis.
1323 1650 1390 1678 Esse
1406 1655 1497 1678 tamen
1509 1650 1581 1677 inter
1596 1650 1646 1677 has
1656 1649 1732 1676 cala—

945 1705 1005 1725 mos
1021 1697 1139 1732 majores
1154 1697 1339 1732 minoresquc,
1366 1697 1595 1732 quemadmodum
1623 1696 1650 1723 in
1674 1703 1733 1722 ma-

946 1751 1000 1779 gno
1053 1743 1145 1776 aliquo
1183 1747 1274 1769 monte
1313 1743 1438 1771 accidere
1474 1743 1554 1770 solet.
1594 1742 1623 1769 ln
1672 1750 1731 1769 ma-

945 1797 1002 1818 rem
1018 1789 1080 1816 item
1109 1788 1291 1824 fettiinamque
1314 1790 1424 1817 eosdem
1443 1789 1584 1824 distingui,
1605 1793 1633 1816 et
1657 1788 1731 1816 illum

944 1837 1053 1871 quidem
1072 1836 1217 1863 admodum
1247 1842 1307 1862 esse
1332 1835 1448 1862 validum
1475 1843 1506 1862 ac
1529 1835 1648 1867 (irinum,
1673 1834 1733 1861 sine

943 1883 1072 1915 medulla,
1108 1891 1188 1917 quant
1224 1887 1313 1909 tamen
1343 1882 1441 1909 habeat
1476 1881 1589 1909 femina.
1617 1881 1656 1908 De
1688 1887 1733 1908 re-

943 1928 1031 1963 gionis
1051 1928 1122 1955 illius
1133 1928 1242 1954 animali
1265 1928 1358 1955 scribit
1382 1928 1546 1955 martichora
1569 1919 1624 1962 (28)
1636 1927 1729 1954 dicto:

944 1975 1090 2002 humanum
1107 1975 1132 2001 id
1147 1975 1250 2002 referre
1272 1975 1393 2008 vultum,
1419 1975 1505 2002 leonis
1533 1975 1730 2006 Inaguitudiuc,

942 2020 1031 2048 colore
1042 2019 1199 2048 cinnabaris
1212 2020 1240 2047 in
1255 2021 1365 2048 modum
1382 2021 1507 2048 rubente.
1531 2020 1678 2054 Triplicetu
1692 2019 1730 2047 illi

941 2073 1003 2093 esse
1019 2066 1141 2093 dentium
1158 2066 1295 2099 ordinem,
1323 2073 1403 2094 aures
1427 2066 1555 2094 humanis
1569 2066 1683 2098 similes,
1702 2070 1731 2094 et

941 2111 1036 2138 oculos
1049 2118 1126 2145 asque
1142 2116 1236 2139 nostro
1248 2118 1325 2139 more
1340 2111 1461 2146 glaucos.
1477 2111 1590 2138 caudam
1601 2112 1664 2138 item
1681 2118 1731 2138 cu-

941 2157 1019 2184 bitali
1038 2157 1167 2191 tnajorem
1183 2158 1294 2190 habere,
1311 2158 1419 2192 qualem
1441 2157 1563 2192 scorpius
1580 2157 1730 2190 terrestris,

95 2197 192 2233 ὥςπερ
210 2199 341 2234 σκορπίος
354 2201 476 2237 κέντρον.
488 2202 543 2229 Καὶ
559 2203 647 2239 τούτῳ
663 2204 723 2239 μὲν.
740 2205 788 2232 ἐὰν
802 2214 887 2240 προσ-

943 2205 967 2232 in
979 2213 1032 2239 qua
1047 2209 1076 2232 et
1088 2205 1208 2237 aculeus.
1241 2205 1292 2233 etsi
1304 2205 1405 2240 alioqui
1421 2205 1466 2232 illa
1481 2212 1529 2240 per
1541 2210 1731 2232 transversum

95 2243 161 2278 ἑλοῃ
177 2252 230 2276 τις,
247 2247 338 2272 κεντεῖ
350 2247 390 2281 τῷ
402 2248 521 2284 κέντρῳ,
531 2249 578 2275 καὶ
596 2249 705 2281 πάντως
719 2250 734 2277 ὀ
746 2251 888 2287 κεντηθεὶς

95 2289 284 2326 ἀποθνήσκει·
315 2292 364 2319 ἐὰν
389 2292 418 2320 δέ
445 2302 487 2325 τις
510 2294 653 2335 πόρρωθεν
676 2295 798 2331 μάχηται
818 2297 888 2332 πρὸς

95 2335 188 2368 αὑτὸν,
203 2338 251 2364 καὶ
263 2338 419 2374 ἔμπροσθεν
439 2340 515 2373 ἱστὰς
541 2340 591 2375 τὴν
604 2341 688 2376 οὐρὰν
709 2341 804 2377 ὥσπερ
832 2342 887 2368 ἀπὸ

94 2381 174 2414 τόξου
190 2382 284 2419 βάλλει
305 2386 363 2418 τοῖς
373 2385 508 2422 κέντροις,
530 2387 578 2414 καὶ
594 2387 705 2414 ὄπισθεν
718 2388 762 2415 ἐπ’
777 2387 886 2419 εὐθείας

941 2249 1024 2276 etiam
1041 2249 1127 2284 spinis
1140 2257 1235 2284 aspera
1245 2249 1292 2277 sit.
1304 2249 1436 2278 Aculeum
1448 2250 1511 2276 item
1524 2250 1551 2276 in
1568 2251 1669 2286 uertice
1681 2257 1730 2284 ge-

941 2303 1014 2328 rere,
1026 2300 1055 2323 ut
1071 2297 1207 2330 scorpius,
1226 2303 1313 2331 eoque
1329 2296 1490 2323 accedentes
1502 2296 1538 2322 ita
1554 2303 1684 2331 pungere.
1701 2301 1730 2323 ιιι

942 2349 992 2369 nec
1007 2346 1121 2370 mortem
1137 2341 1194 2369 ullo
1218 2347 1308 2376 pacto,
1333 2343 1489 2377 quicunque
1504 2350 1651 2377 percussus
1669 2343 1730 2370 fue-

943 2389 988 2422 rit,
1009 2389 1124 2417 evadere
1134 2389 1231 2425 possit.
1261 2387 1321 2416 Jam
1337 2389 1359 2416 si
1375 2389 1439 2424 quis
1453 2389 1560 2416 eminus
1585 2397 1647 2417 cum
1679 2389 1731 2416 hoc

728 2445 845 2473 VARhE
874 2445 1082 2474 LECTIONES.

131 2496 158 2513 "
170 2498 289 2533 προχοαὶ
311 2508 342 2532 ς.

385 2500 408 2516 ’⁸
421 2500 529 2537 ἐξάγειν
546 2510 576 2533 ς.
615 2502 637 2518 ’⁷
653 2502 683 2529 τὸ
693 2502 757 2530 ἄλλο
769 2503 791 2529 Α
807 2512 814 2530 :
832 2503 861 2530 ἓν
874 2513 905 2537 ς.

945 2504 968 2520 ’⁸
985 2504 1170 2538 ἁποτρόπαιος
1185 2514 1216 2538 ς.
1254 2505 1277 2522 ’⁸
1302 2509 1413 2539 pra-stat
1437 2505 1567 2532 ἐλάττονα
1605 2507 1614 2522 ¹
1628 2503 1675 2532 δύο
1697 2514 1730 2538 ς.

94 2532 104 2547 ¹
123 2533 318 2569 μυριαμφόρου
334 2534 441 2563 Lobeck
460 2532 494 2563 ad
507 2532 646 2572 Pbi'yuich
659 2546 685 2572 ρ.
705 2538 767 2566 66‘2.
806 2532 915 2572 ³ὲοιίὸς
929 2549 959 2573 ς.
998 2542 1009 2556 δ
1022 2532 1179 2575 directions}:
1190 2532 1229 2573 ’ςκ
1267 2541 1277 2556 ⁵
1294 2532 1403 2576 πήχεως
1415 2549 1445 2573 ς.

852 2598 974 2628 NOTAE.

131 2639 190 2675 (24)
209 2640 353 2679 Falsaltaec
364 2649 424 2670 esse
435 2643 474 2669 ait
486 2641 701 2672 Philostrat.lib.
728 2652 758 2672 ιιι
777 2644 813 2672 De
829 2646 885 2673 ιιὶια

96 2675 241 2702 Apollonii.

119 2684 241 2709 pontum.

126 2710 186 2747 (2:5)
203 2712 357 2747 Artaxerxe
375 2711 415 2747 τῷ
436 2712 590 2741 Mnemone.

130 2745 189 2784 (26)
205 2745 436 2784 Aflliaoumdeqe.
453 2748 499 2784 lib.
522 2756 547 2774 tv
575 2748 614 2776 De
631 2749 743 2777 animal.
761 2757 822 2784 cap.
840 2750 885 2783 19,

96 2781 141 2814 qui
156 2788 206 2808 sua
222 2781 286 2809 hinc
304 2782 433 2815 petivisse
447 2783 565 2810 videtur.
710 2799 712 2802 -

99 2851 105 2854 _
133 2815 386 2854 (27)_t_Arundiui
415 2818 511 2846 indica:
532 2818 656 2854 iarborca
692 2819 851 2854 amplitudo,
873 2829 883 2846 ι

99 2851 186 2885 inquit
200 2850 271 2879 Plin.
284 2851 333 2881 lib.
348 2859 405 2887 xvr,
421 2860 482 2888 cap.
507 2853 552 2887 56,
572 2862 626 2889 (ιιιο
651 2861 688 2890 tc,
715 2850 812 2889 lector,
843 2850 885 2883 re-

940 2647 1028 2674 mitto.

975 2682 1033 2717 (28)
1049 2681 1082 2709 Et
1092 2682 1143 2709 hoc
1156 2690 1217 2709 esse
1232 2683 1403 2710 mendacium
1412 2683 1467 2709 vult
1479 2681 1610 2710 Philostr.
1622 2683 1726 2711 Elian.

939 2716 987 2744 lib.
1001 2724 1038 2748 IV,
1052 2717 1089 2744 De
1102 2718 1213 2744 animal.
1225 2726 1285 2751 cap.
1297 2718 1343 2748 21,
1355 2723 1497 2752 postquam
1507 2719 1599 2746 multis
1610 2720 1642 2745 de
1654 2719 1730 2745 Man-

940 2751 1045 2787 tichora
1058 2753 1131 2787 egit,
1141 2752 1349 2786 peuesCtesiam
1366 2754 1444 2780 Iidem
1461 2753 1580 2779 omnium
1590 2761 1649 2780 esse
1658 2755 1727 2781 vult.

938 2786 1104 2822 hlemioitiet
1122 2786 1240 2815 Pausan.
1256 2789 1334 2822 hujus
1345 2788 1480 2815 Ctesiana‘
1507 2788 1672 2815 narrationis
1701 2789 1729 2815 itt

938 2821 1047 2858 Bwatic.
1066 2821 1136 2849 Plio.
1152 2823 1228 2854 item,
1243 2821 1293 2850 lib.
1315 2831 1374 2856 \‘lll,
1394 2831 1453 2858 cap.
1483 2822 1529 2855 21,
1560 2824 1631 2858 apud
1659 2831 1729 2858 quos

938 2856 1105 2884 manlio/tom
1126 2858 1235 2891 legitur.
