1934 3089
203 137 259 171 215

784 142 916 172 ΡΠΟΤΙΙ
933 140 1187 172 PATRIARCH/ﬂ
1204 140 1257 170 (ΣΡ.

1783 136 1839 170 216

203 191 316 221 animali
330 200 447 229 pugnam
472 194 556 227 lneat,
581 193 653 230 ἤδη
667 202 721 222 non
739 195 829 224 minus
856 198 889 224 ab
914 202 987 224 ante-

1043 195 1204 223 ἀποτείνων.
1224 194 1319 222 eam“
1345 194 1374 221 δὲ
1402 194 1466 221 ὅσον
1481 192 1600 229 πλέθρον
1617 201 1658 225 ε.ς
1672 192 1771 229 μῆκος,
1787 195 1838 220 καὶ

186 246 191 276 ι
205 240 270 267 riori
285 239 348 266 illud
365 245 442 274 parte
456 241 569 267 caudam
580 242 783 276 prietendendo,
797 242 860 270 inde
873 243 944 270 velut
956 243 990 271 ab

203 293 269 312 arcu
285 286 399 314 emissas
421 287 546 320 sagittas,
563 287 672 314 aculeos
687 296 752 315 suos
764 296 892 323 spargere
909 294 991 324 atque

202 329 295 363 ferire,
313 338 392 364 qttam
410 338 424 356 a
443 332 593 364 posteriore
605 338 681 367 parte
708 339 808 360 rectam
828 333 900 360 illatn
924 342 989 368 pro-

203 376 347 406 tcudeudo,
359 376 391 402 ad
403 376 489 411 jngeri
509 381 599 404 autent
612 378 728 412 spatimu
743 378 869 413 iaculari,
881 387 990 408 omnes-

201 428 253 455 que
268 429 335 454 quos
348 421 470 456 attigerit
485 423 639 450 certissimo
662 424 826 455 interficere.
850 433 904 452 uno
918 425 990 452 dnu-

201 472 276 493 taxat
290 473 406 501 excepto
424 468 578 503 elepltaute,
609 470 682 504 ipsus
696 478 761 498 vero
773 471 882 498 aculeos
901 471 989 506 pedali

199 521 259 540 esse
274 513 453 548 longitudine,
466 516 671 550 tenuissimiqne
684 515 755 544 funis
765 517 916 545 latitudine.
934 517 990 544 Ad-

200 560 239 587 dit
254 561 428 594 tuarticltora,
441 561 543 589 Graecis
560 562 779 598 ἀνθρωποφάγον
807 563 844 599 (id
861 569 913 596 est,
937 564 989 591 ho-

199 606 377 642 minivorum)
390 607 556 644 significare,
574 610 643 643 quod
662 609 785 638 homines
801 615 830 636 ιιι
843 610 988 644 plurimum

199 652 349 686 interimat,
368 658 507 688 voretque,
539 655 590 682 etsi
603 655 664 683 aliis
693 663 802 691 quoque
824 657 988 685 animalibus

1045 242 1146 274 πάντα,
1162 238 1203 273 οἷς
1214 241 1248 268 ἂν
1265 240 1334 276 βάλῃ
1343 240 1364 273 ⁸,
1381 240 1491 271 πάντως
1504 239 1753 273 ἀποκτείνει,πλὴν
1770 239 1832 265 ἑλέ-

1045 297 1155 323 φαντος.
1175 287 1217 314 Τὰ
1234 287 1262 314 δὲ
1278 287 1379 323 κέντρα
1392 286 1476 313 αὑτοῦ
1493 286 1552 312 ἐστὶ
1564 285 1594 312 τὸ
1608 286 1657 322 μὲν
1673 286 1761 321 μῆκος
1775 286 1838 312 ὅσον

1043 334 1162 367 ποδιαῖα,
1179 333 1210 360 τὺ
1223 333 1252 360 δὲ
1268 333 1368 365 πλάτος
1383 333 1444 359 ὅσον
1456 333 1560 368 σχοῖνος
1571 332 1745 364 λεπτότατος.
1759 332 1839 367 Μαρ-

1042 380 1137 415 τιχόρα
1164 379 1193 406 δὲ
1219 379 1372 415 Ἑλληνιστὶ
1406 378 1634 413 ἀνθρωποφάγον,
1664 378 1705 404 ὅτι
1722 378 1840 405 πλεῖστα

1042 426 1129 453 ἐσθίει
1155 425 1278 461 ἀναιρῶν
1306 425 1485 461 ἀνθρώπουςσ
1505 424 1590 451 ἐσθίει
1606 423 1634 450 δὲ
1651 423 1699 450 καὶ
1716 423 1750 450 τὰ
1769 423 1839 451 ἄλλα

1043 472 1113 505 ζῶα.
1128 473 1254 508 Μάχεται
1279 472 1307 499 δὲ
1323 473 1370 499 καὶ
1388 473 1445 503 τοῖς
1460 470 1534 503 ὄνυξι
1552 470 1600 498 καὶ
1613 472 1671 502 τοῖς
1687 470 1814 506 κέντροις
1827 477 1834 486 ·

1041 519 1077 546 τὰ
1092 519 1120 546 δὲ
1138 519 1240 555 κέντρα
1257 519 1340 546 πάλιν
1355 519 1448 554 φησὶν,
1471 518 1581 545 ἐπειδὰν
1599 516 1837 552 ὲκτοξευθῇ,ἀνα-

1044 565 1172 599 φύεσθαι.
1187 565 1265 592 Ἔστι
1279 564 1308 590 δὲ
1322 564 1409 590 πολλὰ
1423 565 1451 590 ἐν
1458 565 1490 600 τῇ
1506 563 1616 598 Ἰνδικῇ.
1629 561 1838 589 Ἀποκτείνουσι

1042 610 1070 636 δὲ
1084 610 1154 637 αὐτὰ
1169 611 1226 641 τοῖς
1237 610 1366 644 ἐλέφασιν
1385 608 1565 645 ἐποχούμενοι
1579 607 1719 643 ἄνθρωποι
1738 607 1837 634 xm:—

1043 657 1089 684 θεν
1106 656 1259 692 βάλλοντες.

199 703 335 726 vescatur.
366 699 506 735 Unguibus
518 701 598 728 etiam
616 702 666 729 hoc
685 703 799 735 animal,
818 710 873 730 non
885 707 989 732 tantum
1007 703 1109 730 aculeis
1124 711 1256 738 pugnare,
1274 709 1357 739 atque
1370 704 1422 731 hos
1439 702 1587 738 iaculando
1611 701 1728 729 emissos
1748 700 1837 727 iden—

200 746 282 774 tidem
296 748 413 776 renasci.
435 749 559 784 Magnam
575 751 639 777 itcm
652 758 711 778 esse
720 751 816 779 horum
830 752 990 780 animalium
1010 753 1118 788 copiam
1134 753 1162 780 in
1176 754 1263 787 India,
1280 760 1366 788 eaque
1381 752 1444 780 telis
1474 751 1508 779 ab
1541 750 1696 779 hominibus
1721 748 1837 780 conﬁci,

202 803 262 831 qua:
277 797 432 832 elephantis
454 800 523 825 vecti
538 799 564 825 in
589 799 653 826 illud
666 804 875 835 contorqucant.

235 843 273 871 De
288 852 393 872 summa
412 844 539 872 ludorum
551 846 666 879 jnstitia,
685 848 802 882 itemque
818 849 852 876 de
867 849 987 877 moribtts

1074 850 1143 885 Περὶ
1155 849 1210 876 τῶν
1222 848 1268 885 [68
1283 847 1327 884 IL]
1349 847 1448 880 Ἰνδῶν,
1464 847 1505 874 ὅτι
1516 846 1693 878 δικαιότατοι,
1704 846 1752 873 καὶ
1766 845 1837 880 περὶ

199 898 232 917 ac
253 891 350 918 ritilius
366 898 470 918 eorum.
490 891 526 919 De
542 892 598 927 (‘29)
616 893 674 920 loco
690 893 734 920 illo
750 901 840 926 sacro,
864 902 946 929 quem
962 895 989 922 iu

199 941 288 963 tractu
313 936 482 964 iubabitabili
498 937 555 972 ejus
571 939 688 973 regionis
708 939 758 967 sub
786 940 849 968 solis
867 940 991 975 hmzeque

199 986 308 1011 nomine
329 989 513 1011 venerantur:
530 992 583 1020 quo
600 987 705 1013 nonnisi
717 987 871 1020 quindecim
885 988 989 1015 dierum

199 1031 295 1058 itinere
320 1039 335 1058 a
359 1031 465 1059 Sardus
488 1038 580 1060 monte
608 1034 743 1068 perveniri
771 1034 868 1068 possit.
897 1034 988 1062 Solem

199 1076 254 1103 illic
270 1077 350 1104 annis
366 1077 479 1112 singulis
492 1086 540 1113 per
555 1079 612 1106 dies
629 1079 737 1113 triginta
751 1080 870 1114 quinque
889 1079 989 1107 lentius

199 1123 301 1150 urendo
313 1123 485 1159 refrigerare.
499 1133 532 1153 ne
547 1125 650 1153 scilicet
665 1126 729 1153 dum
738 1126 878 1154 celebrant
889 1126 987 1154 festum

199 1175 232 1195 ac
252 1173 437 1202 revertuntur,
452 1170 533 1196 etiam
551 1170 710 1198 adurantur.
723 1169 779 1198 Nec
789 1172 921 1204 tonitrua,
937 1180 987 1199 nec

198 1213 316 1249 fulgura,
332 1222 381 1242 nec
399 1215 505 1249 pluvias
520 1215 588 1243 ullas
603 1216 630 1243 in
645 1216 720 1244 India
743 1224 813 1250 esse,
829 1217 876 1245 sed
894 1223 988 1245 ventos

197 1259 266 1286 bene
290 1258 445 1294 frequentes
464 1268 496 1287 ac
518 1260 649 1293 tttrbines,
674 1262 719 1295 qui
743 1262 826 1289 etiam
851 1262 986 1297 abripiant

196 1303 326 1339 quidquid
349 1305 588 1340 apprehenderint.
617 1306 706 1334 Solem
724 1308 856 1335 orientem
882 1308 909 1335 in
928 1308 987 1343 ple-

197 1350 289 1384 risque
310 1349 392 1378 Indiae
421 1351 497 1384 locis,
527 1352 605 1380 alteri
631 1353 684 1380 diei
707 1354 776 1388 parti
792 1353 891 1388 frigus,
906 1354 986 1382 alteri

195 1396 385 1425 vehementem
395 1403 490 1426 aestum
508 1398 606 1427 aﬂ'erre
620 1399 687 1436 (50).
709 1399 765 1427 Non
783 1408 798 1427 a
816 1401 883 1432 sole,
905 1401 951 1428 sed
971 1409 986 1428 a

196 1449 294 1472 natura
307 1444 388 1473 Indos
412 1453 472 1474 esse
485 1446 578 1482 nigros
597 1456 604 1475 :
621 1455 682 1475 esse
692 1448 764 1475 enim
782 1447 853 1475 inter
868 1448 929 1476 illos
942 1448 986 1475 vi-

196 1498 242 1518 rus
255 1492 386 1526 quosdam
404 1500 435 1520 ac
448 1493 647 1524 mulieres,etsi
661 1494 815 1529 pauciores,
827 1502 910 1529 supra
923 1502 985 1522 om-

1043 897 1098 924 τῶν
1124 897 1193 924 ὲοῶν
1207 897 1254 923 καὶ
1280 895 1405 930 νομίμων
1420 893 1520 921 αὐτῶν.
1538 893 1606 927 Περὶ
1620 890 1668 918 τοῦ
1693 890 1766 926 ἱεροῦ
1783 900 1838 925 χω-

1046 944 1104 978 ρίου
1130 942 1177 969 τοῦ
1195 943 1223 969 ὲν
1240 942 1273 977 τῇ
1298 940 1432 975 ἀοικήτῳ,
1449 938 1465 965 ὃ
1491 937 1534 964 ἐπ’
1551 937 1664 972 ὀνόματι
1685 936 1800 971 τιμῶσιν
1823 935 1836 944 ⁸

1043 990 1120 1026 ήλίου
1133 989 1181 1016 καὶ
1194 988 1309 1023 σελήνης
1318 995 1325 1003 ·
1339 988 1367 1013 ἐν
1376 982 1398 1020 ᾧ
1406 985 1450 1012 διὰ
1459 984 1489 1011 ιε’
1504 983 1616 1019 ἡμερῶν
1628 982 1682 1010 ἀπὸ
1693 981 1739 1008 τοῦ
1752 981 1839 1017 ὅρους

1042 1037 1091 1072 τῆς
1109 1034 1242 1071 σαρδοῦς⁸
1256 1043 1298 1065 τις
1311 1031 1505 1068 παραγίνεται.
1517 1030 1573 1057 Καὶ
1588 1030 1627 1056 ὅτι
1643 1029 1679 1055 λε’
1691 1027 1812 1063 ἡμέραις
1824 1028 1837 1042 ⁹

1041 1084 1055 1110 ὁ
1071 1083 1148 1119 ἥλιος
1166 1082 1247 1117 ψύχει
1272 1081 1363 1107 ἐκεῖσε
1378 1079 1424 1106 τοῦ
1448 1077 1572 1104 ἐνιαυτοῦ
1589 1077 1634 1104 διὰ
1659 1075 1709 1110 τὴν
1723 1073 1836 1110 ἑορτὴν,

1043 1130 1085 1157 ἴνα
1100 1130 1121 1146 ¹⁰
1136 1128 1265 1164 ἄφλεκτοι
1290 1127 1375 1161 αὐτὴν
1391 1125 1521 1152 τελέσωσι
1537 1123 1586 1150 καὶ
1612 1119 1834 1156 ὑποστρέψωσιν.

1042 1177 1104 1204 Ὀτι
1118 1175 1228 1211 βρονταὶ
1242 1174 1288 1201 καὶ
1306 1172 1446 1208 ἀστραπαὶ
1455 1171 1504 1197 καὶ
1517 1169 1590 1197 ὑετοὶ
1607 1169 1657 1195 οὐκ
1669 1167 1741 1196 εἰσὶν
1757 1167 1786 1193 ὲν
1796 1167 1834 1202 τῇ

1047 1222 1155 1257 Ἰνδικῇ,
1171 1222 1268 1256 ἄνεμοι
1284 1220 1312 1246 δὲ
1332 1219 1426 1246 πολλοὶ
1447 1218 1495 1244 καὶ
1508 1216 1667 1252 πρηστῆρες
1682 1214 1777 1241 πολλοὶ
1796 1214 1833 1245 ⁸⁸,

1040 1270 1090 1297 καὶ
1105 1267 1274 1304 ἁρπάζουσιν
1289 1265 1304 1292 ὃ
1319 1273 1346 1291 τι
1363 1264 1396 1291 ἂν
1413 1263 1543 1291 λάϐωσιν.
1552 1261 1582 1288 '0
1590 1261 1619 1287 δὲ
1631 1259 1835 1296 ἥλιοςὰνίσχων

1039 1313 1071 1341 τὸ
1097 1314 1183 1349 ἥμισυ
1206 1313 1256 1347 τῆς
1272 1311 1380 1347 ἡμέρας
1403 1309 1488 1345 ψύχος
1508 1309 1590 1341 ποιεῖ,
1608 1307 1639 1334 τὸ
1653 1307 1675 1333 δ’
1690 1305 1756 1333 ἄλλο
1770 1305 1836 1331 λίαν

1039 1359 1160 1387 ἀλεεινὸν
1175 1360 1203 1385 ὲν
1217 1360 1273 1390 τοῖς
1289 1357 1426 1388 πλείστοις
1441 1355 1495 1382 τῶν
1517 1355 1567 1390 τῆς
1594 1353 1709 1387 Ἰνδικῆς
1727 1352 1834 1379 τόπων.

1041 1407 1102 1434 Ὀτι
1115 1406 1140 1433 οἱ
1157 1406 1177 1421 ¹¹
1194 1405 1271 1432 Ἰνδοὶ
1282 1404 1332 1439 οὐχ
1343 1403 1395 1430 ὑπὸ
1405 1402 1452 1429 τοῦ
1466 1402 1542 1438 ὴλίου
1556 1401 1609 1427 elo-1
1622 1399 1746 1436 μέλανες,
1762 1397 1836 1425 ἀλλὰ

1039 1453 1138 1489 φύσει·
1159 1449 1297 1487 εἶναιγὰρ
1311 1458 1394 1485 φησιν
1420 1450 1448 1476 ὲν
1476 1448 1569 1479 αὐτοῖς
1591 1446 1638 1474 καὶ
1666 1445 1765 1480 ἄνδρας
1784 1444 1835 1470 καὶ

1038 1499 1170 1533 γυναῖκας
1183 1497 1363 1527 λευκοτάτους
1376 1495 1499 1526 πάντων,
1512 1494 1536 1521 εί
1549 1493 1571 1510 ¹¹
1588 1493 1635 1520 καὶ
1650 1492 1694 1518 ἐπ’
1706 1491 1832 1517 ἐλαττονι

197 1544 244 1563 ncs
259 1536 328 1564 alios
345 1538 564 1566 candidissimos.
579 1539 666 1574 Atque
683 1539 750 1567 adeo
764 1539 895 1574 ejusmodi
907 1539 987 1568 lndas

1041 1546 1105 1572 [δεῖν
1117 1544 1145 1570 δὲ
1166 1543 1213 1570 καὶ
1225 1543 1306 1569 αὒτδν
1318 1541 1447 1573 τοιαύτας
1466 1540 1550 1572 me;
1567 1539 1613 1566 δύο
1627 1539 1760 1572 γυναῖκας
1782 1537 1834 1563 καὶ

196 1583 263 1610 duas
278 1589 306 1611 et
321 1583 400 1612 Indos
418 1585 538 1620 quinque
556 1594 570 1612 a
594 1593 624 1613 se
643 1586 716 1613 visos
730 1591 826 1613 auctor
841 1586 935 1614 refert.
955 1586 985 1614 In

196 1630 429 1658 cuntlrmatiouem
448 1639 529 1666 porro
542 1631 611 1667 ejus,
634 1633 704 1667 qttod
720 1640 801 1667 supra
817 1634 850 1660 de
873 1632 930 1659 sole
945 1632 985 1659 di-

197 1680 285 1709 xerat,
313 1675 424 1711 triginta
449 1684 511 1704 eum
525 1682 552 1705 et
569 1679 688 1712 quinque
701 1678 759 1705 dies
774 1678 800 1705 itt
815 1678 889 1705 India
904 1678 985 1713 frigi-

196 1721 299 1748 diorem
326 1730 420 1750 auram
445 1721 553 1756 aﬂerre,
580 1723 676 1751 addit:
693 1724 781 1759 ignem
798 1724 880 1752 etiam
895 1724 983 1757 illutn,

195 1766 241 1800 qui
262 1774 296 1794 ex
310 1765 393 1794 JEtna
418 1767 536 1802 erumpit
549 1767 618 1803 (5i),
644 1769 762 1795 medium
781 1769 899 1804 regionis
929 1775 984 1797 tra-

196 1817 280 1844 ctum,
296 1814 366 1848 quod
390 1813 413 1841 is
435 1814 571 1849 justornm
594 1815 734 1842 hominum
751 1815 795 1848 sit,
816 1823 986 1850 nequaquam

197 1858 337 1893 infestare,
349 1867 408 1886 cum
424 1865 512 1888 tanien
525 1861 576 1887 alia
594 1860 697 1888 circum
710 1860 766 1887 loca
782 1861 901 1888 infestet.
916 1861 986 1894 Quin

195 1907 222 1931 et
247 1905 316 1940 apud
341 1904 509 1940 Zacynthum
533 1907 655 1940 piscosos
684 1905 800 1933 inveniri
829 1906 929 1939 fontes,
953 1914 987 1934 ex

195 1949 294 1984 quibus
313 1951 425 1986 insuper
445 1951 489 1986 pix
506 1952 647 1979 educatur.
664 1951 693 1978 In
708 1951 784 1979 Naxo
800 1959 908 1987 quoque
923 1952 984 1980 fon-

1040 1591 1121 1618 πέντε
1138 1590 1239 1625 ἄνδρας
1257 1589 1289 1616 η.
1309 1589 1371 1615 Ὀτι
1398 1587 1535 1614 πιστῶσαι
1561 1586 1596 1612 τὰ
1615 1585 1679 1621 περὶ
1690 1583 1737 1610 τοῦ
1752 1583 1833 1618 ἡλίου

1040 1636 1211 1672 βουλόμενος,
1224 1635 1262 1667 ὡς
1278 1635 1307 1661 ὲν
1322 1635 1359 1660 λε’
1373 1634 1491 1669 ἡμέραις
1504 1634 1532 1659 ἐν
1552 1631 1634 1667 Ἰνδίᾳ
1646 1630 1738 1666 ψύχει,
1754 1629 1833 1663 λέγει

1015 1686 1021 1692 '
1037 1683 1079 1710 ὅτι
1094 1681 1184 1709 καὶτὸ
1198 1681 1253 1716 πῦρ
1272 1683 1305 1708 ὲκ
1323 1682 1372 1714 τῆς
1388 1681 1487 1714 Αἴτνης
1503 1679 1563 1714 ῥέον
1575 1678 1622 1704 τὸν
1636 1677 1718 1713 μέσον
1727 1676 1831 1711 χῶρον,

1039 1729 1087 1756 ἅτε
1095 1728 1206 1755 δικαίων
1225 1727 1332 1762 ἀνδρῶν
1360 1726 1426 1753 ὄντα
1443 1726 1476 1756 ¹⁸,
1493 1725 1523 1752 οὐ
1543 1724 1649 1759 φθείρει
1669 1723 1780 1758 φθεῖρον
1795 1721 1833 1748 τὰ

1039 1774 1106 1802 ἄλλα
1116 1783 1123 1790 ·
1139 1775 1187 1800 καὶ
1203 1774 1231 1800 ὲν
1247 1772 1377 1807 Ζακύνθῳ
1398 1771 1527 1807 κρηνῖδας
1557 1769 1736 1806 ίχθυοφόρους
1758 1765 1832 1794 εἶναι

1039 1820 1068 1853 ἐξ
1083 1816 1120 1846 ὧν
1133 1820 1239 1854 αἴρεται
1264 1819 1359 1850 πίσσα,
1374 1817 1422 1844 καὶ
1442 1818 1471 1843 ὲν
1482 1816 1565 1848 Νάξω
1579 1817 1685 1852 κρήνην
1696 1814 1726 1848 ἐξ
1739 1811 1775 1849 ἦς
1788 1810 1831 1840 οἷ-

1039 1873 1084 1896 νος
1100 1865 1184 1891 ἐνίοτε
1200 1865 1243 1900 ῥεῖ
1263 1864 1311 1890 καὶ
1324 1863 1395 1899 μάλα
1409 1863 1474 1898 ἡδύς
1487 1870 1493 1877 ·
1507 1862 1555 1889 καὶ
1568 1862 1610 1888 ὅτι
1624 1861 1679 1896 πῦρ
1694 1861 1768 1886 ὲστιν
1783 1860 1831 1892 ἐγ-

1039 1910 1090 1944 γὺς
1102 1909 1252 1944 Φασήλιδος
1267 1909 1296 1935 ὲν
1307 1908 1395 1943 Λυκίᾳ.
1409 1909 1553 1939 ἀθάνατον,
1571 1906 1618 1933 καὶ
1635 1907 1676 1933 ὅτι
1693 1906 1737 1933 ἀεὶ
1752 1905 1831 1931 καίε-

1036 1964 1082 1982 ται
1105 1955 1152 1981 ἐπὶ
1176 1955 1279 1990 πέτρας
1311 1954 1358 1980 καὶ
1375 1953 1460 1980 νύκτα
1475 1954 1521 1980 καὶ
1543 1953 1662 1988 ἡμέραν,
1685 1952 1732 1978 καὶ
1751 1950 1830 1978 ὕδατι

1038 2001 1090 2037 μὲν
1103 2001 1134 2027 οὐ
1151 2000 1305 2034 σϐέννυται,
1325 2000 1393 2027 ἀλλὰ
1405 2000 1564 2035 ἀναφλέγει,
1582 1998 1692 2034 φορυτῷ
1704 1997 1734 2025 δὲ
1751 1997 1829 2023 σϐέν-

1037 2055 1128 2074 νυται.

197 2000 250 2023 tem
272 2004 342 2030 esse,
371 2006 385 2025 e
409 2006 462 2033 quo
480 1999 582 2031 vinum,
607 2004 634 2026 et
658 1999 766 2033 quidem
792 2000 983 2027 suavissimum

194 2048 302 2070 emanet
323 2043 370 2080 [ita
388 2044 511 2073 Phasidis
531 2044 606 2072 fluvii
623 2053 719 2080 aquam
739 2046 807 2082 (5‘2),
840 2046 861 2073 si
880 2046 982 2080 justtun

196 2087 252 2123 ipsa
265 2089 336 2117 dietn
353 2091 380 2117 in
394 2099 457 2119 vase
475 2092 567 2127 aliquo
581 2097 770 2125 conservetur,
801 2091 828 2119 in
855 2092 1045 2120 suavissimum
1058 2093 1151 2120 viuutn
1188 2091 1389 2128 commutari].
1419 2091 1510 2127 Ignem
1553 2096 1683 2126 praeterea
1710 2097 1772 2117 esse
1801 2090 1828 2116 in

194 2136 275 2173 Lycia
290 2139 357 2174 (55),
379 2147 431 2167 non
447 2140 540 2174 procul
552 2140 703 2174 Phaselide,
718 2144 890 2175 perpetuum,
903 2145 996 2169 noctes
1013 2146 1094 2176 atque
1105 2141 1163 2169 dies
1177 2141 1236 2169 sine
1251 2141 1450 2169 intermissione
1461 2140 1612 2172 ardentem,
1632 2145 1660 2166 et
1674 2146 1735 2167 eum
1758 2146 1828 2173 aqua

195 2192 247 2211 non
259 2185 405 2220 exstingui,
422 2187 469 2214 sed
482 2186 568 2222 magis
583 2187 695 2215 accendi
712 2195 719 2214 :
739 2187 803 2214 limo
812 2190 901 2214 tamen
915 2187 992 2215 illum
1012 2188 1162 2224 exstingui.
1181 2188 1261 2224 [Iloc
1273 2189 1336 2216 item
1353 2190 1430 2216 modo
1443 2187 1551 2216 assidue
1582 2187 1609 2214 itt
1635 2186 1718 2215 Etna
1747 2192 1828 2224 atque

192 2230 278 2257 Prusa
292 2230 380 2266 ignem
394 2231 551 2260 ascendere.
564 2231 574 2268 ]

227 2276 327 2304 Narrat
340 2282 439 2312 prater
452 2277 514 2310 ista,
530 2278 556 2305 in
572 2278 659 2306 media
676 2277 751 2306 India
770 2278 892 2308 homines
903 2287 980 2315 repe-

1068 2279 1129 2306 Ὅτι
1144 2278 1173 2305 ὲν
1185 2278 1207 2294 ¹⁶
1222 2278 1292 2314 μέσῃ
1306 2279 1340 2313 τῇ
1363 2278 1460 2314 Ἰνδικῇ
1478 2277 1619 2315 ἄνθρωποί
1634 2278 1688 2305 είσι
1699 2277 1826 2313 μέλανες,

193 2323 242 2350 riri
268 2323 370 2357 nigros,
393 2323 439 2358 qui
455 2323 571 2359 Pygmaei
593 2325 763 2359 appellentur
778 2327 847 2362 (54).
880 2327 981 2355 Eadem

1041 2325 1181 2352 καλοῦνται
1205 2325 1225 2341 "
1252 2326 1396 2360 πυγματοι,
1422 2324 1592 2360 ὁμόγλωσσοι
1614 2326 1670 2356 τοῖς
1690 2323 1781 2355 ἄλλοις
1805 2323 1827 2339 ⁸⁸

193 2368 254 2402 hos,
271 2375 324 2402 qua
336 2367 392 2395 Indi
410 2368 514 2404 reliqui,
530 2369 618 2405 lingua
631 2371 680 2404 uti,
692 2372 738 2399 sed
756 2373 834 2400 valde
848 2381 908 2401 esse
920 2382 982 2409 par-

1042 2373 1133 2404 ’Ῑνδοῖς
1146 2380 1153 2387 ’
1169 2372 1262 2408 μικρολ¹
1273 2371 1302 2398 δέ
1332 2371 1386 2398 εἰσι
1413 2371 1484 2404 λίαν,
1499 2371 1524 2397 οἱ
1547 2371 1713 2406 μακρότατοι
1735 2369 1826 2397 αὐτῶν

193 2422 252 2448 vos,
268 2418 297 2442 ut
312 2414 421 2442 maximi
433 2415 546 2443 duorum
556 2416 719 2450 cubitorum,
731 2418 888 2454 etplerique
903 2419 984 2447 unius

1041 2421 1147 2454 πηχέων
1162 2418 1219 2451 δύο,
1235 2419 1260 2446 οἱ
1275 2418 1305 2446 δὲ
1322 2419 1446 2446 πλεῖστοι
1464 2418 1524 2450 ὲνδς
1535 2418 1657 2454 ἡμίσεως
1667 2418 1770 2454 πήχεος
1789 2417 1823 2445 ".

832 2477 949 2506 VARI/11‘.
966 2477 1170 2508 LECTIONES.

234 2531 355 2564 ’πάντας
371 2532 419 2564 οὓς
431 2533 464 2560 ἂν
479 2533 562 2570 βάλλῃ
579 2543 609 2567 ς.
649 2535 661 2551 ⁷
677 2535 794 2570 τιμῶσιν
810 2535 836 2563 in
860 2544 915 2589 mg.
931 2536 1012 2564 habet
1026 2537 1058 2565 A.
1097 2537 1108 2554 ⁸
1122 2538 1171 2572 τῆς
1186 2538 1301 2573 σαρδοῦς
1316 2538 1347 2565 τὸ
1359 2537 1422 2574 ὅρος
1444 2537 1477 2565 Δ.
1514 2538 1526 2554 ⁹
1540 2537 1649 2589 ἡμέρας
1660 2546 1690 2571 ς.
1729 2536 1752 2553 ¹⁹
1768 2534 1826 2568 ἵνα]

234 2575 238 2589 ι
258 2567 295 2589 αὴ
307 2576 336 2589 ρ.
377 2569 398 2584 η
413 2568 517 2589 πηὶὶνΗ
534 2570 650 2589 ημησνοηι
663 2571 676 2588 9
713 2571 734 2586 ιι
752 2571 776 2589 nt
803 2571 854 2589 mm
967 2572 990 2588 η
1006 2573 1030 2589 ετ
1055 2573 1070 2589 Α
1092 2581 1099 2588 .
1117 2573 1133 2589 ιι
1150 2582 1170 2589 ,-
1220 2574 1243 2589 ιι
1255 2574 1355 2589 sua-”
1379 2574 1461 2589 ...ιηυ
1478 2582 1498 2589 ,-
1559 2572 1663 2589 ειη-,ι
1688 2573 1773 2589 xm..."
1795 2572 1809 2589 Δ

193 2566 238 2593 ινα
258 2567 295 2602 μὴ
307 2576 337 2600 ς.
377 2569 398 2584 ³⁸
413 2566 517 2605 πολλοὶ]
534 2566 651 2597 gemam
663 2571 676 2597 ?
707 2566 734 2586 ἰ’
752 2571 777 2597 οἱ
803 2571 865 2598 add.
880 2566 913 2598 Ᾰ,
967 2572 990 2588 ¹⁸
1006 2573 1030 2599 εξ
1051 2573 1074 2601 Α
1092 2581 1099 2601 :
1220 2566 1243 2590 ίδ
1253 2566 1355 2608 ἄνδρας
1378 2566 1462 2600 ῗπέντε
1478 2582 1508 2606 ς.
1547 2566 1569 2590 (ί
1579 2566 1675 2610 δὺτᾱΓ
1688 2573 1773 2600 ὅντων
1791 2566 1824 2600 Δί

193 2601 216 2618 ιι
230 2603 259 2624 ὲν
271 2609 315 2624 nm
332 2603 362 2624 Δ,
400 2603 422 2619 ιτ
434 2604 481 2624 νηὶ
492 2605 542 2624 νηὶ
569 2614 589 2624 ρ-
639 2605 660 2622 te
676 2608 732 2624 ιρητ-
744 2606 1012 2624 κῆον-Αιιρςνὶμηη.
1031 2617 1050 2624 ,-
1113 2609 1122 2624 ι
1151 2608 1264 2624 ,ληίην
1279 2610 1390 2624 ...ι«,.,..-
1405 2618 1424 2624 ..

193 2601 216 2618 “
230 2603 259 2629 έν
271 2601 315 2630 om
329 2603 363 2630 A.
400 2603 422 2619 ¹⁷
434 2604 482 2630 καὶ
492 2601 554 2632 καλ.
569 2614 600 2638 ς.
639 2605 660 2622 ιθ
676 2608 732 2638 τοῖς
744 2606 835 2638 ἄλλοις
845 2606 1015 2642 ὁμόγλωσσοι
1030 2617 1060 2640 ς.
1113 2601 1136 2624 ’δ
1151 2601 1264 2644 ἧμίσεος
1279 2601 1390 2645 πῆχέως
1404 2618 1435 2642 ς’.

942 2654 1061 2684 ΝΟΤΛΕ.

227 2694 285 2734 (git)
298 2695 394 2734 _S_imile
406 2696 471 2730 quid
487 2697 567 2734 habet
585 2697 728 2726 Nonnosus
742 2706 818 2734 supr.
833 2700 901 2729 Cod.
917 2702 946 2729 5.

227 2702 285 2730 (zu)
298 2702 394 2723 eumue
406 2702 471 2730 quttl
488 2702 567 2725 habet
585 2702 728 2726 Nonnosus
742 2706 818 2734 supr.
833 2702 901 2729 Cod.
917 2702 946 2729 5.
1064 2704 1120 2737 (55)
1144 2713 1154 2728 ι
1171 2703 1283 2739 Flagrat
1311 2704 1337 2731 in
1369 2703 1511 2731 Phaselide
1529 2711 1607 2731 mons
1635 2702 1783 2733 Chium-ra.
1810 2711 1821 2728 ο

226 2731 284 2767 (50)
299 2730 442 2767 Νοηηοδῑιε
453 2740 528 2767 διιιπο
548 2733 617 2760 idem
639 2734 696 2761 fere
709 2741 812 2762 Itill'ral-
1027 2740 1116 2767 inuuit
1136 2738 1207 2767 Plin.
1225 2739 1289 2767 dum
1305 2737 1376 2766 hunc
1392 2739 1489 2767 Ctesia:
1515 2739 1605 2767 locmn
1631 2738 1710 2766 affert
1732 2738 1821 2767 lib.tl.

226 2737 284 2767 (δυ)
299 2737 442 2759 Νοηηοειιε
453 2740 528 2767 διιιπο
548 2737 617 2760 idem
639 2737 696 2761 fere
709 2741 812 2762 Itm‘ral-
1027 2740 1116 2774 inquit
1136 2738 1207 2767 Plin.
1225 2737 1289 2767 dum
1305 2737 1376 2766 hunc
1392 2739 1489 2767 Ctesia:
1515 2739 1605 2767 locmn
1631 2738 1710 2766 affert
1732 2738 1822 2770 lib.tl,

226 2767 284 2802 (5|)
298 2766 373 2794 Illum
389 2766 458 2794 forte
468 2775 547 2801 quem
562 2768 682 2795 εὐσεϐῶν
703 2769 794 2802 χώραν
812 2771 974 2802 appellatqu
1026 2784 1086 2802 cap.
1106 2774 1167 2801 106.

221 2775 284 2808 ⁷(οι)
298 2775 373 2794 tuum
389 2775 458 2808 torte
468 2775 547 2801 quem
562 2775 682 2795 ευσεοων
703 2775 794 2812 χώραν
812 2775 974 2806 appellatum
1026 2784 1086 2809 cap.
1106 2775 1167 2815 106.
1197 2810 1202 2816 ι
1217 2811 1223 2816 Ι
1705 2809 1711 2815 _
1783 2807 1789 2814 _

191 2802 286 2846 fug-sf,
298 2802 608 2846 έοςειιιιξιιίτ-Ῠοτῃιοιιο,
624 2805 785 2846 narrat-fta,
823 2840 828 2846 _
893 2843 898 2846 _
968 2844 973 2846 _
1062 2811 1119 2845 (54)
1136 2810 1241 2846 Stltlllla
1255 2809 1398 2846 Nonnus"!
1413 2818 1473 2844 sup.
1491 2809 1524 2837 Et
1546 2809 1580 2839 de
1594 2809 1728 2846 Pygmaus
1750 2807 1822 2836 Plin.

225 2837 283 2872 (52)
298 2837 319 2863 Ε
330 2837 459 2879 Bovarico
485 2839 580 2878 codice
602 2839 651 2866 ista
671 2840 756 2879 “uncis
778 2840 878 2879 inclusa
892 2843 974 2870 inscii
1027 2837 1171 2879 videndus,
1185 2845 1294 2874 Solinus
1310 2837 1497 2874 ctJut‘ena'lis.

191 2872 247 2905 hic,
261 2878 343 2908 atque
355 2873 432 2906 alibi,
452 2881 504 2901 non
519 2874 653 2909 ingratum
668 2875 725 2902 fore
739 2877 839 2911 putavi.
