1934 3089
189 142 244 176 219

771 145 901 176 PHOTII
917 136 1172 174 ruminans
1186 143 1239 175 cr.

1774 141 1827 174 220

226 203 298 239 47a
315 201 398 230 Multa
418 201 503 230 refert
521 202 554 230 de
566 200 693 230 Indorum
706 202 896 237 jtrstitia,ctin
906 211 983 229 suum

1073 199 1162 228 Πολλὰ
1177 200 1205 226 δὲ
1219 189 1294 234 λέγει
1310 198 1374 234 περὶ
1390 198 1440 234 τῆς
1463 198 1639 233 δικαιοσύνης
1653 193 1744 225 αὐτῶν
1756 218 1764 231 ,
1779 201 1824 227 κοὶ
1835 219 1852 240 _.

191 256 283 284 regem
294 248 582 283 benevolentia,dequc
596 249 701 276 illorum
716 249 809 275 mortis
816 254 982 283 contemptu.

190 294 304 322 Fonlem
314 302 421 329 quoque
434 295 504 329 apud
514 303 561 322 eos
577 303 637 322 esse
648 295 697 328 ait,
711 295 786 329 cujus
797 302 876 329 aqua,
889 295 985 322 simul-

191 346 275 376 atque
289 342 384 368 hausta
407 341 500 374 fuerit,
527 342 597 369 casei
624 342 650 369 in
681 349 783 369 morem
812 341 981 376 coaguletur.‘

192 387 278 422 liuius
295 393 385 414 autem
404 387 537 421 coagulati
556 388 578 415 si
592 388 635 415 cui
652 389 684 415 ad
701 393 756 415 tres
771 387 864 415 obolos
878 388 984 414 contri-

192 433 274 465 veris,
288 438 369 466 atque
387 432 413 459 in
427 432 530 467 vulgari
545 439 614 466 aqua
630 433 761 460 bibendos
772 433 889 464 dederis,
911 433 983 459 indi-

191 484 258 504 care
272 484 333 503 mox
352 477 426 503 illum
450 483 619 512 quascunque
641 477 749 504 admisit
762 478 831 512 (4i).
855 477 893 504 Eo
910 478 983 505 enim

193 523 238 550 die
267 528 358 550 mente
380 523 529 550 alienatum
555 524 683 550 insanire.
706 523 748 550 Uti
765 532 829 558 ergo
843 531 876 551 eo
894 531 983 558 regem

195 569 222 596 in
240 569 387 600 accusatis,
403 570 510 603 quoties
523 574 598 596 certe
614 577 777 603 cognoscere
788 570 863 602 velit,
887 578 922 596 an
936 570 985 597 ob-

190 614 325 648 iectorum
343 615 486 642 criminum
505 615 596 642 aliines
612 616 677 643 sint.
701 615 732 642 Et
749 617 771 643 si
798 616 908 651 quidem
924 616 984 644 edi-

193 660 286 687 derint
305 661 421 693 crimen,
449 660 582 695 imperare
604 666 633 689 ut
649 662 737 688 inedia
761 667 875 690 mortem
889 669 984 690 accer-

193 711 279 733 sunt:
295 707 317 733 si
340 715 403 734 vero
424 706 492 734 nihil
513 707 743 742 deprehendatur.
759 707 860 735 liberos
873 708 982 736 dimitti.

228 751 357 778 Indorum
374 753 509 780 neminem
524 758 570 781 aut
588 755 695 789 capitis,
715 754 923 787 antoculurum,
940 760 986 782 ant

190 795 314 822 dentium
333 797 426 823 dolore
437 798 545 831 vexari;
566 799 702 825 nemiuem
718 799 776 827 oris
791 799 924 834 pustulas,
938 805 986 827 aut

191 843 303 875 penitus
318 843 401 869 ullum
416 848 575 878 pulrescens
592 845 669 872 ulcus
685 846 752 880 pati.

1034 246 1085 282 τῆς
1098 246 1163 281 περὶ
1179 245 1225 272 τὸν
1240 245 1314 280 σφῶν
1331 244 1442 279 βασιλέα
1468 244 1585 276 εὐνοίας,
1601 244 1649 269 καὶ
1658 244 1708 278 τῆς
1720 243 1768 270 τοῦ
1781 244 1841 270 iiut-l

1035 291 1115 318 νάτου
1131 291 1372 325 καταφρονήσεως.
1387 291 1469 324 Λέγει
1481 290 1510 316 δὲ
1525 290 1567 316 ὅτι
1582 290 1658 324 πηγή
1677 290 1736 316 ἐστι
1749 309 1756 321 ,
1782 291 1827 316 καὶ

1034 337 1147 364 ἐπειδάν
1162 346 1204 369 τις
1219 337 1309 372 ἁρύσῃ
1331 337 1362 364 τὺ
1380 337 1451 372 ὕδωρ
1466 337 1562 371 αὐτῆς,
1579 337 1716 372 πήγνυται
1733 335 1829 370 ὥσπερ

1033 384 1125 419 τυρός.
1139 384 1241 411 Τούτου
1257 382 1304 410 οὗν
1316 383 1364 410 τοῦ
1380 383 1484 418 πηκτοῦ
1500 383 1563 409 ὅσον
1576 384 1649 417 τρεῖς
1661 381 1829 413 ἑδολοὺςὲὰν

1034 431 1133 466 τρίψας
1148 431 1201 463 δῷς
1217 432 1246 457 ἐν
1257 430 1335 458 ὕδατι
1343 432 1425 462 πιεῖν,
1444 429 1602 464 ἐξαγγέλλει
1615 430 1704 456 πάντα
1715 429 1765 456 ὅσα
1777 429 1828 455 ἑπ-

1037 478 1111 512 ραξε·
1121 477 1353 513 παραφρονεϊγάρ
1361 477 1407 503 καὶ
1415 477 1539 512 μαίνεται
1545 476 1701 511 ταύτηντὴν
1708 475 1826 511 ἡμέραν.

1034 524 1142 558 Χρᾶται
1157 524 1185 550 δὲ
1199 523 1274 558 αὺτῷ
1288 524 1302 550 ὁ
1321 523 1446 558 βασιλεὺς
1465 522 1508 557 ἐφ’
1526 519 1563 549 ὧν
1576 522 1828 558 κατηγορουμένων

1035 568 1151 600 τάληθὲς
1166 569 1259 604 εὑρεῖν
1273 569 1409 605 ἐθελήσει”
1422 569 1474 595 κᾶν
1494 568 1544 603 μὲν
1559 568 1666 604 ἐξείπῃ,
1693 567 1828 604 προστάσ-

1036 623 1114 641 σεται
1142 615 1369 652 ἀποκαρτερῆσαι
1383 637 1392 649 ,
1424 616 1458 642 ἂν
1489 615 1518 642 δὲ
1559 615 1644 651 μηδὲν
1684 614 1801 650 ἐλεγχθῇ
1818 635 1828 648 ,

1035 661 1157 696 ἀφίεται.

1072 751 1143 784 Ὀτι,
1165 751 1258 786 φησιν,
1271 751 1308 782 ὡς
1328 752 1349 767 ³¹
1373 751 1461 778 Ἰνδῶν
1477 751 1564 783 οὐδεὶς
1579 750 1747 785 κεφαλαλγεῖ
1765 749 1828 777 οὐδὲ

1036 797 1177 833 ὀφθαλμιᾷ
1192 797 1253 824 οὐδὲ
1263 797 1419 832 ὀδονταλγετ
1429 818 1436 829 ,
1455 797 1516 824 οὐδὲ
1528 797 1656 832 ἑλκοῦται
1671 797 1704 823 τὸ
1723 796 1828 829 στόμια,

1035 844 1095 871 οὐδὲ
1114 844 1250 879 σηπεδόνα
1265 844 1392 879 οὐδεμίαν
1416 844 1494 879 ἴσχει·
1510 844 1527 879 ή
1550 843 1578 870 δὲ
1598 843 1655 878 ζωὴ
1682 842 1770 870 αὐτῶν
1786 847 1828 878 ρκ’

998 884 1019 912 Β
1034 891 1081 917 καὶ
1092 890 1112 917 λ’
1128 891 1176 918 καὶ
1192 893 1214 917 ν’
1225 889 1273 918 καὶ
1287 893 1309 917 σ¹
1324 890 1350 916 οἱ
1363 890 1397 916 τὰ
1413 889 1526 916 πλεῖστα
1542 889 1673 925 βιοῦντες.

225 932 292 970 {De
301 933 378 962 Serls
392 934 458 962 ferri
478 940 536 968 aut,
561 936 681 972 itemque
698 937 731 964 de
761 936 1022 965 ulterioribnslndis
1039 936 1109 971 (42),
1140 936 1270 963 immania
1293 944 1406 971 prorsus
1429 935 1489 963 illos
1522 936 1623 963 habere
1647 942 1772 969 corpora,
1799 938 1832 962 ut

191 983 321 1010 tredecim
340 983 375 1011 ibi
393 983 500 1011 cubitus
520 984 566 1012 alti
583 984 631 1012 viri
651 985 832 1019 reperiantur,
859 993 975 1020 quorum
1000 992 1077 1020 atque
1098 984 1153 1012 vita
1171 984 1227 1019 (43)
1250 985 1465 1012 ducentesimum
1494 985 1609 1012 excedat
1631 991 1732 1011 annum
1756 983 1827 1019 (ιδ).

191 1026 272 1056 Visos
291 1033 318 1056 et
336 1029 362 1056 in
384 1028 469 1057 Gaitaa
491 1029 608 1058 ﬂuminis
633 1032 748 1065 quadam
777 1036 853 1066 parte
879 1032 981 1059 ferinos
1008 1031 1141 1063 homines,
1160 1030 1345 1066 bippopotami
1368 1030 1424 1058 fere
1439 1035 1511 1063 cute,
1531 1038 1612 1065 quam
1639 1037 1672 1057 ne
1694 1030 1744 1056 tela
1767 1030 1830 1063 qui-

189 1075 254 1102 dem
276 1075 461 1110 perfoderent.
488 1076 517 1104 In
539 1077 583 1104 illa
601 1077 657 1111 ipsa
675 1077 748 1105 lmlia
767 1078 808 1112 (ut
820 1077 922 1110 ferunt)
947 1078 980 1105 ad
1006 1077 1119 1105 intimas
1146 1078 1257 1105 marina:
1274 1077 1370 1104 infusa
1402 1082 1503 1112 partes,
1540 1077 1691 1113 praelongas
1722 1083 1832 1111 gestare

189 1120 293 1148 caudas
311 1121 413 1148 incolas
427 1121 495 1157 (44),
517 1123 613 1157 quales
638 1122 679 1150 vel
695 1124 795 1159 satyris
815 1124 922 1159 appingi
945 1122 1097 1158 solet-erm]

227 1166 388 1201 Serpentem
405 1170 475 1202 apud
493 1167 573 1196 ludos
590 1176 653 1196 esse
665 1170 809 1203 quemdam
834 1175 979 1203 memorat,

1052 1169 1146 1195 Ἔστιν
1153 1169 1216 1203 όφις
1225 1168 1546 1203 σπιθαμιαίοςὲναὺτοῖς,
1557 1167 1620 1204 [M9
1631 1168 1750 1204 3.11m
1758 1166 1831 1201 εἶδος

189 1213 336 1248 spitliainaa
361 1214 539 1249 longitudine,
568 1214 757 1249 pulcherrima:
773 1224 898 1251 purpurat
918 1223 981 1250 spe-

1041 1214 1115 1241 ιύτοῦ
1126 1214 1187 1250 ὼςὴ
1201 1214 1332 1249 καλλίστη
1343 1214 1500 1250 πορφύρα,ἠ
1511 1214 1670 1250 δὲ”κεφαλὴ
1676 1215 1834 1251 λευκοτάτη

191 1259 247 1292 cie,
264 1260 353 1294 capite
367 1260 573 1292 candidissimo,
600 1261 736 1296 nullisque
756 1262 869 1288 omnino
892 1262 982 1289 denti-

1041 1261 1140 1293 in-rac
1152 1260 1179 1287 δὲ
1185 1260 1240 1287 οὐδ’
1251 1261 1320 1292 ὅλως
1329 1260 1397 1295 ἔχει.
1411 1259 1564 1295 Θηρεύεται
1575 1261 1667 1287 ὲκτῶν
1682 1269 1831 1296 καυματω-

193 1305 243 1333 bus
255 1315 264 1333 :
280 1313 360 1340 quem
382 1306 408 1334 in
420 1306 625 1334 mstuosissimis
638 1306 691 1335 illis
709 1307 858 1339 montibus,
877 1315 910 1335 ex
920 1308 983 1343 qui-

1041 1307 1272 1342 ῑεστάτωνόρέων,
1286 1307 1373 1342 ὃδενὴ
1387 1307 1478 1342 σαρδὼ
1485 1304 1727 1342 όρύσσεται.οὗτος
1733 1307 1833 1334 δάκνει.

193 1350 245 1379 bus
260 1352 341 1379 sardo
354 1351 365 1387 [
379 1351 506 1387 gemma]
533 1351 670 1384 en‘odilur,
700 1356 845 1379 venatores
861 1353 981 1386 capiant.

1041 1353 1089 1389 μὲν
1102 1353 1143 1384 οὖ,
1158 1354 1220 1380 ὅτου
1231 1353 1253 1380 δ’
1268 1354 1301 1380 ἂν
1313 1353 1465 1389 κατεμέσῃ,
1479 1354 1558 1380 τοῦτο
1568 1353 1704 1389 τδχωρίον
1716 1354 1834 1386 πάντως

194 1395 270 1423 Hune
285 1403 338 1422 non
357 1396 481 1422 mordere
497 1396 617 1430 quidem,
631 1396 679 1423 sed
692 1403 881 1431 quemcunque
893 1396 982 1423 locum

1041 1401 1246 1435 σήπεται.Ποιεί
1252 1400 1279 1426 δὲ
1291 1401 1437 1435 φάρμακον
1447 1399 1535 1426 διττὸν
1548 1400 1602 1426 ἀπὺ
1609 1400 1658 1435 τῆς
1667 1400 1751 1435 οὐρᾶς
1763 1408 1831 1435 κρε-

193 1442 295 1468 vomitn
311 1449 360 1469 suo
378 1443 573 1476 consperserit,
587 1449 648 1468 enin
668 1441 823 1469 necessario
840 1443 983 1476 putredine

1041 1445 1172 1480 μάμενος,
1186 1445 1374 1480 ὴλεκτροειδὲς
1390 1446 1437 1472 καὶ
1448 1445 1601 1480 μέλαν.Καὶ
1613 1446 1643 1472 τὸ
1660 1445 1710 1481 μὲν
1727 1445 1831 1477 ζῶντος

192 1488 294 1516 vitiari.
322 1488 450 1515 Eumdent
477 1497 525 1523 per
552 1489 667 1515 caudam
701 1495 860 1523 suspeusmn
884 1489 982 1523 duplex

1041 1490 1161 1525 ὶπορῤεἶ,
1172 1490 1202 1517 τὺ
1215 1490 1244 1517 δὲ
1256 1491 1340 1526 μέλαν
1355 1491 1492 1522 Θανόντος·
1510 1491 1557 1517 καὶ
1567 1491 1598 1517 τὺ
1609 1491 1659 1526 μὲν
1669 1491 1730 1518 ὅσον
1743 1491 1833 1526 σήσα-

193 1534 321 1561 emittere
336 1542 469 1561 venenum
493 1534 588 1562 electri
607 1535 697 1569 specie
716 1535 801 1569 prius,
817 1540 845 1561 et
865 1534 981 1562 alterum

1041 1545 1104 1571 μον,
1119 1537 1257 1572 διδόμενον
1274 1537 1289 1564 ὃ
1308 1537 1408 1569 ζῶντος
1428 1536 1557 1573 ἐρῥευσεν
1569 1557 1576 1569 ,
1606 1537 1705 1564 αὐτίκα
1722 1537 1832 1572 φθείρει

194 1580 319 1614 nigrum;
334 1579 398 1607 illud
415 1580 475 1607 vivo
492 1580 613 1613 ellluere,
627 1581 677 1608 hoc
694 1586 811 1608 mortuo.
828 1580 906 1608 Prius
919 1581 982 1608 item

1041 1582 1083 1609 τοῦ
1101 1582 1254 1617 ἐγκεφάλου
1269 1582 1317 1609 τοῦ
1333 1583 1442 1615 πιόντος
1455 1583 1498 1610 διὰ
1517 1583 1572 1609 τῶν
1588 1582 1670 1618 ῥινῶν
1688 1583 1834 1618 ἀπορρεύ-

193 1625 269 1658 illud,
286 1626 308 1653 si
326 1627 424 1654 sesami
438 1632 541 1654 tantum
555 1627 631 1662 grani
649 1627 801 1661 quantitate
812 1627 902 1659 detur,
918 1634 983 1654 con-

194 1671 285 1699 festim
299 1671 474 1705 interimere;
495 1672 554 1706 ejus
574 1672 619 1706 qui
633 1671 698 1699 illud
710 1672 859 1706 sumpserit
869 1672 983 1699 cerebro

1037 1635 1145 1660 σαντος,
1157 1627 1188 1654 τὺ
1202 1627 1231 1654 δὲ
1251 1627 1315 1655 ἄλλο
1332 1628 1471 1663 διδόμενον
1487 1629 1528 1660 εἰς
1548 1628 1641 1664 φθίσιν
1662 1628 1768 1662 ἀπάγει
1781 1628 1833 1655 καὶ

1034 1672 1068 1698 δι’
1080 1672 1204 1700 ἐνιαυτοῦ
1219 1674 1294 1708 μόλις
1309 1674 1439 1701 διόλλυσι.

195 1724 244 1752 per
257 1724 337 1744 nares
351 1717 477 1745 rilluente
493 1726 500 1745 :
517 1719 633 1745 alterum
654 1725 720 1745 vero
746 1717 768 1744 si
789 1717 878 1748 delur,
912 1717 1012 1744 lentam
1038 1718 1128 1746 tabem
1154 1719 1301 1753 adducere,
1325 1727 1384 1754 qua:
1407 1720 1452 1747 vix
1487 1720 1552 1747 anni
1579 1720 1666 1754 spatio
1690 1719 1833 1748 hominem

194 1764 331 1792 ennﬁciat.

230 1813 314 1841 Avem
328 1812 386 1848 (45)
405 1813 534 1840 describit
544 1813 664 1848 δίκαιρον
677 1812 840 1847 appellatum
855 1811 987 1848 (δίκαιον,

195 1858 221 1886 id
232 1859 416 1894 est,juslum),
433 1858 526 1886 Grmce
544 1859 656 1889 dixeris.
669 1858 785 1894 perdicis
799 1866 850 1885 ovo
865 1865 916 1884 ιιυιι
930 1865 987 1883 ma-

191 1905 279 1940 jorem
296 1914 303 1932 :
323 1905 392 1932 hanc
406 1913 454 1932 sua
472 1905 590 1932 ell‘odere
603 1908 777 1932 excrementa
791 1923 800 1936 ,
819 1911 852 1930 ne
869 1903 985 1930 inveniri

194 1951 309 1985 possint.
324 1951 400 1984 Quod
422 1952 444 1978 si
460 1951 493 1978 de
508 1951 643 1982 inventis,
661 1955 793 1986 quantum
809 1950 908 1977 sesami
921 1957 986 1984 gra-

194 2004 258 2023 ιιιιιιι
273 2001 331 2028 est,
359 1995 494 2030 quispiam
514 1995 632 2028 biberit,
660 2003 740 2022 mane
760 2002 857 2022 somno
873 1994 985 2028 corripi,

196 2048 348 2075 sensusque
363 2046 502 2076 expertem
516 2041 636 2068 dormire
648 2061 655 2074 ,
668 2040 758 2076 quoad
772 2041 915 2068 occidente
928 2040 986 2067 sole

193 2087 336 2114 tuoriatur.

227 2131 295 2160 Esse
311 2138 338 2161 et
359 2133 395 2160 ibi
419 2132 520 2168 lignum
545 2133 672 2168 parebunt
696 2132 798 2159 dictum
822 2132 897 2168 (46),
913 2132 980 2161 oleae

194 2180 391 2215 magnitudine,
408 2180 480 2214 quod
503 2179 530 2207 in
550 2179 634 2215 regiis
647 2179 780 2206 duntaxat
802 2179 889 2206 liorlis
904 2186 983 2214 repe-

194 2227 290 2260 riatur,
305 2234 391 2262 neque
406 2226 500 2253 ﬂorem
517 2225 600 2253 ullmn
613 2246 623 2259 ,
647 2233 735 2261 neque
750 2225 868 2253 fructum
880 2226 982 2261 produ-

192 2281 269 2301 ceus.
282 2273 442 2307 Quindecim
465 2272 491 2299 id
511 2277 616 2299 tantum
634 2271 734 2298 habere
752 2271 802 2298 sub
818 2275 891 2298 terra
909 2272 982 2298 radi-

192 2328 252 2354 ces;
279 2321 328 2348 sed
349 2319 460 2348 eas'ita
480 2326 588 2346 crassas
602 2338 610 2348 .
636 2322 665 2344 ut
691 2317 854 2345 tenuissima
877 2317 982 2345 brachii

192 2367 401 2394 crassitudinem
416 2369 552 2399 exmquet.
574 2363 660 2398 Hujus
677 2370 744 2399 ergo
762 2362 864 2391 radicis
886 2363 908 2390 si
921 2370 984 2397 par-

191 2417 246 2441 tem
258 2413 378 2449 aliquam
388 2412 430 2440 vel
444 2411 609 2447 spitbamam
623 2410 731 2447 longam
742 2410 904 2445 sumpseris,
920 2408 983 2444 qui-

1074 1811 1129 1838 Καὶ
1137 1811 1240 1846 ὕρνεον,
1250 1811 1343 1846 φησιν,
1359 1810 1575 1846 ἐπικαλούμενον
1586 1811 1706 1844 δίκερονν
1716 1811 1748 1844 “,
1758 1811 1830 1846 ὅπερ

1042 1858 1195 1893 Ἑλληνιστὶ
1210 1857 1327 1885 δίκαιον
1341 1858 1480 1893 σημαίνει,
1495 1857 1526 1884 τὸ
1545 1857 1662 1892 μέγεθος
1684 1858 1746 1884 ὅσον
1760 1858 1831 1894 πέρ-

1037 1904 1111 1936 δικος
1126 1904 1189 1937 ὠὸν,
1204 1904 1284 1930 τοῦτο
1298 1904 1344 1930 τὸν
1364 1904 1505 1931 ἀπόπατον
1527 1903 1693 1939 κατορύσσει
1704 1924 1710 1934 .
1729 1903 1773 1930 ἵνα
1790 1903 1832 1939 μὴ

1037 1951 1148 1987 εὑρεθῇ·
1162 1950 1357 1986 εὑρισκόμενον
1373 1950 1402 1977 δὲ
1425 1949 1459 1977 ἂν
1482 1950 1553 1986 ποθῇ
1568 1949 1651 1977 αὐτοῦ
1665 1950 1727 1976 ὅσον
1742 1950 1833 1984 σησὰ-

1039 2005 1091 2032 μου
1108 1995 1210 2031 ἔωθεν),
1226 1995 1311 2027 ὕπνος
1327 1995 1519 2030 ὲπιλαμῦάνει,
1535 1995 1582 2022 καὶ
1603 1995 1730 2022 καθεύδει
1743 1995 1834 2030 μηδὲν

1035 2042 1243 2078 αισθανόμενος,
1256 2043 1304 2069 καὶ
1319 2042 1443 2074 δύνοντος
1457 2042 1508 2069 τοῦ
1527 2042 1603 2078 ἡλίου
1616 2042 1741 2078 τελευτᾷ,

1069 2133 1125 2160 Καὶ
1138 2132 1215 2165 ξύλον
1226 2132 1295 2165 ἔστι,
1319 2132 1444 2168 πάρηῦον
1459 2132 1643 2168 καλούμενον,
1659 2132 1692 2159 τὸ
1711 2132 1834 2167 μέγεθος

1031 2178 1095 2205 ὅσον
1109 2178 1199 2205 ἐλαία·
1216 2179 1245 2205 ὲν
1266 2179 1323 2210 τοῖς
1345 2178 1491 2214 βασιλείοις
1508 2179 1602 2214 μόνοις
1619 2179 1642 2195 ³⁸
1667 2179 1833 2215 εὑρίσκεται

1033 2224 1143 2258 κήποις·
1160 2222 1222 2250 οὕτε
1237 2223 1316 2255 ἄνθος
1333 2225 1413 2260 φέρει
1427 2224 1488 2251 οὔτε
1505 2225 1622 2261 καρπὸν,
1635 2225 1785 2253 δεκαπέντε
1800 2227 1834 2253 δὲ

1038 2271 1122 2305 μόνας
1146 2270 1223 2305 ῥίζας
1242 2270 1309 2305 ἔχει,
1333 2271 1380 2297 καὶ
1403 2271 1504 2304 ταύτας
1530 2272 1647 2307 παχείας
1667 2273 1738 2300 κατὰ
1764 2272 1834 2308 γῆς.

1038 2316 1118 2343 Ἐστι
1130 2315 1159 2342 δὲ
1176 2316 1206 2342 τὸ
1223 2317 1310 2352 πάχος
1323 2317 1408 2349 αὐτῆς
1423 2318 1487 2345 ὅσον
1499 2317 1628 2354 βραχίων,
1644 2318 1675 2346 τὺ
1691 2319 1833 2346 λεπτότα-

1035 2370 1092 2389 τον.
1109 2361 1184 2398 Αὕτη
1196 2363 1213 2397 ή
1232 2361 1295 2397 ῥίζα
1315 2363 1378 2390 ὅσον
1389 2363 1515 2399 σπιθαμὴ
1529 2364 1734 2400 λαμϐανομένη,
1749 2362 1782 2392 οὗ
1795 2364 1837 2393 ἂν

1037 2408 1189 2444 προσαχθῇ,
1202 2409 1292 2436 πάντα
1303 2409 1377 2437 ἕλκει
1392 2409 1462 2446 πρὸς
1477 2410 1594 2446 ἑαυτὴν,
1610 2411 1723 2448 χρυσὸν,
1738 2412 1833 2448 ἄργυ-

837 2486 954 2515 VARl/E
976 2485 1181 2514 LECTIONES.

229 2543 252 2559 ³⁸
267 2542 351 2578 φησὶν
367 2541 405 2573 ὡς
420 2540 444 2568 Α
461 2548 468 2566 :
482 2539 551 2575 φησι
561 2538 617 2566 τῶν
631 2547 662 2572 ς.
701 2538 725 2554 ⁸³
738 2537 766 2565 δὲ
781 2544 835 2565 οιιι.
863 2536 896 2563 Λ.
947 2535 970 2551 ³³
985 2535 1110 2571 δίκαιρον
1124 2543 1155 2568 ς.
1194 2534 1217 2550 ³⁸
1233 2536 1314 2570 μόνον
1329 2546 1361 2570 ς,

955 2609 1072 2638 NOTAE.

224 2665 281 2697 (Μ)
305 2664 346 2691 An
373 2663 425 2690 huc
446 2664 515 2690 forte
534 2659 856 2697 facitﬁntigoniNarrat.
872 2659 981 2686 .mirab.

195 2695 247 2730 160
259 2695 378 2727 Ctesiain
396 2699 528 2728 scribere.
552 2697 578 2724 in
598 2695 736 2731 Ailhiopia
756 2696 857 2723 t'ontem
884 2702 981 2728 aquam

194 2739 295 2766 habere
308 2736 394 2763 instar
406 2733 562 2762 cinnabaris
577 2732 729 2764 rubentem,
743 2738 804 2766 qua).
815 2735 876 2766 pota
889 2737 984 2757 vecor-

230 2782 241 2799 s
255 2771 360 2798 retldnl.

194 2774 402 2841 άεῑιῖὶΐιὲἷίίάἱιο
419 2809 447 2832 et
463 2805 522 2832 luet:
542 2811 557 2830 e
568 2801 700 2829 Bavarico
713 2800 781 2829 Cod.
796 2808 856 2836 qua:
871 2805 984 2836 printer-

195 2842 325 2872 miltenda
342 2850 395 2868 nun
411 2841 485 2867 duxi.
499 2871 500 2875 η

232 2877 289 2911 (45)
306 2878 342 2905 De
356 2878 430 2905 Scris
442 2871 555 2904 Luciun.
576 2881 682 2909 quoque
701 2873 836 2909 proditum
853 2870 935 2900 refert
949 2870 982 2898 ad

1035 2658 1314 2694 trecentesimumieos
1327 2659 1389 2686 vita:
1401 2666 1503 2686 annum
1517 2659 1684 2694 pcrtingerc.

1064 2693 1123 2730 (Η)
1139 2693 1208 2730 Υἰιίε
1224 2693 1272 2721 inf.
1287 2702 1312 2725 υ.
1329 2702 1388 2729 seq.

1070 2729 1127 2763 (45)
1140 2729 1219 2756 Plura
1234 2730 1372 2762 excerpsit
1386 2729 1420 2757 de
1431 2730 1482 2757 hac
1492 2729 1598 2758 avicula
1611 2729 1715 2757 Elian.
1728 2729 1775 2758 lib.
1789 2738 1830 2763 ιν,
1853 2755 1863 2763 ,

1034 2773 1095 2798 cap.
1112 2764 1158 2797 41,
1175 2764 1211 2791 De
1228 2765 1341 2792 animal.

1071 2800 1128 2834 (46)
1147 2801 1226 2834 Apud
1241 2800 1410 2833 Apollonium
1422 2819 1431 2832 ,
1449 2807 1510 2826 cum
1531 2798 1611 2831 liuius
1632 2799 1683 2826 loci
1707 2800 1833 2825 mentiu-

1036 2843 1098 2863 ncm
1120 2834 1185 2863 facit
1200 2835 1282 2869 (Hist.
1300 2834 1426 2868 mirabih,
1451 2835 1505 2871 t7),
1534 2834 1657 2870 πάρυῦον
1682 2834 1764 2862 hodie
1785 2836 1808 2861 le
1822 2850 1832 2855 -

1037 2876 1120 2906 gitur.
