1934 3089
185 150 275 190 T223

801 160 930 192 PHOTlI
949 161 1199 192 PATRIARCILE
1217 163 1270 193 cr.-
1295 152 1299 155 ’

1794 163 1848 196 294

220 215 281 243 haec
295 215 321 241 in
334 213 387 242 illis
402 213 545 242 arboribus
554 221 614 250 quae
626 214 765 243 succinum
778 215 879 249 ferunt,
897 223 1006 243 earum-

1060 214 1176 254 σκώληξ.
1192 219 1247 246 Καὶ
1262 219 1366 254 γίνεται
1377 219 1463 247 ταῦτα
1483 220 1529 247 ἐπὶ
1545 220 1600 246 τῶν
1614 206 1730 256 δένδρων
1742 221 1797 250 τῶν
1813 223 1847 251 τὺ

220 269 276 297 que
287 261 391 288 lruclus
403 262 436 288 ad
448 268 509 288 eum
524 261 633 288 modum
647 261 793 296 depascere
803 268 886 298 atque
899 263 1006 297 vitiare,

221 315 278 342 quo
293 307 415 342 phthires
430 308 500 341 apud
518 307 627 335 Graecos
645 309 714 335 viles
730 309 842 343 perdere
854 317 884 336 ac
900 315 1008 338 vastare

221 353 319 382 solent.
333 353 405 389 48a
428 353 508 381 Indos
522 353 615 388 itaque
632 354 796 382 animalibus
812 354 887 382 hisce
904 356 1006 382 contri-

221 401 258 428 tis
273 400 386 435 punicea
400 407 448 427 sua
457 408 518 435 saga
534 401 703 436 tunicasque,
717 406 744 429 et
758 401 885 435 quidquid
895 407 1008 436 praeter—

220 454 253 474 ea
272 446 375 479 velint,
392 446 504 474 inlicere
517 466 525 479 ,
543 447 661 474 tinctura
688 447 767 483 longe
790 455 872 483 qualn
897 448 1007 476 Persica

221 492 423 526 praestantiore.

256 537 355 564 Narrat
368 538 479 572 insuper
494 537 544 564 hos
557 536 754 572 cynocephalos
766 537 792 564 in
807 537 944 565 montibus
960 538 1009 565 ha-

219 583 340 611 bitantes
356 583 459 610 nullum
473 590 603 610 exercere
621 582 778 618 opificium;
803 584 849 611 sed
875 584 910 611 de
923 591 1008 612 vena-

221 629 297 656 tione
311 629 413 662 vivere,
425 628 551 662 ferasque
565 637 632 663 quas
646 629 793 656 occiderint
808 630 842 657 ad
853 629 936 658 solem
950 634 1007 657 tor-

221 681 293 701 rere.
316 674 438 708 Magnam
468 673 644 701 nihilominus
671 674 776 708 pecoris
792 675 896 709 copiam
922 674 1007 707 alere,

221 727 421 756 caprarumque
433 724 460 746 et
472 719 562 747 ovium
581 728 588 746 :
602 727 715 752 quarum
731 719 838 753 quidem
856 719 946 746 ovium
967 720 1009 748 lac

221 770 305 799 atque
318 764 434 799 oxygala
451 771 500 798 pro
514 768 577 798 potu
593 763 646 789 illis
660 763 705 790 sit.
724 762 804 790 Vesci
824 769 911 790 tamen
926 764 1007 791 etiam

221 807 370 844 sipacltorté
392 808 499 842 fructu;
524 815 539 835 e
563 815 616 843 qua
633 808 684 844 [uti
708 809 809 835 dictum
831 813 872 836 est
888 809 1007 845 arbore],

221 855 361 882 succinum
380 859 510 886 emanat;
532 854 634 881 dulcem
655 854 727 881 enim
746 854 821 881 illum
846 863 915 882 esse.
932 855 1008 882 Hunc

221 901 286 927 item
305 900 366 928 illos
377 900 496 927 fructum
514 900 665 928 arefactum
685 901 711 928 in
726 901 823 928 corbes
839 902 1006 936 constipare,
1024 887 1044 916 Β

220 947 255 975 ad
267 955 329 975 eum
353 948 461 975 modum
486 956 540 983 quo
562 955 630 975 uvas
653 955 745 982 passas
769 948 867 976 Graeci.
890 948 1006 976 Eosdem

220 993 282 1021 illos
306 993 504 1029 cynocephalos
531 998 616 1021 ratem
644 1001 751 1028 quoque
777 995 1007 1029 extemporariam

219 1045 380 1067 construere
393 1060 401 1072 ,
420 1048 473 1075 qua
488 1041 642 1075 imposituttt
659 1040 738 1075 hujus
752 1041 854 1068 fructus
867 1049 936 1068 onus
949 1061 956 1073 ,
979 1046 1009 1068 ut

220 1091 249 1114 et
263 1094 391 1122 purpurae
412 1087 470 1122 (sed
489 1092 604 1122 purgato
623 1088 699 1121 prius
712 1087 769 1120 ejus
786 1087 862 1122 ﬂore)
886 1088 1008 1122 itemque

223 1132 331 1166 electri,
348 1132 382 1160 ad
396 1133 511 1160 ducenta
527 1138 555 1160 et
569 1133 709 1167 sexaginta
726 1133 824 1160 talenta
838 1153 845 1164 ,
860 1134 1008 1168 quotannis

220 1178 340 1206 aVehant
357 1186 364 1205 :
382 1178 482 1206 additis
508 1178 615 1206 talentis
640 1179 749 1206 totidem
776 1178 848 1205 illius
868 1180 1008 1213 pigmenti,

221 1231 277 1259 quo
293 1223 441 1251 infectores
461 1224 603 1259 puniceum
619 1224 736 1251 colorem
751 1224 889 1251 inducunt.
907 1224 1007 1252 Electri

219 1275 350 1304 praeterea
364 1270 438 1297 mille
455 1270 554 1297 talenta
567 1271 712 1305 quotannis
727 1272 759 1298 ad
775 1269 899 1297 ludorum
916 1278 1007 1305 regem

220 1316 367 1343 advehere.
384 1315 441 1343 Imo
461 1321 489 1343 et
504 1317 555 1342 alia
581 1316 657 1350 plura
673 1316 806 1344 devehere
823 1317 855 1343 ad
871 1315 951 1344 Indos
965 1324 1011 1343 ve-

219 1362 303 1394 nalia,
317 1369 367 1396 pro
381 1362 481 1396 quibus
495 1362 614 1390 vicissim
629 1369 722 1396 panes,
740 1362 854 1389 farinam
868 1363 1010 1398 ctxylinas

219 1413 312 1436 vestes
325 1409 468 1444 accipiant.
484 1408 587 1436 Habere
602 1416 710 1443 qttoque
723 1416 802 1435 enses
813 1409 935 1442 venales,
949 1410 1011 1443 qui-

219 1456 271 1483 bus
286 1455 336 1490 ipsi
351 1455 384 1482 ad
401 1460 531 1482 venatum
545 1460 668 1487 utuntur,
683 1462 743 1481 cum
758 1454 874 1482 arcubus
890 1460 919 1482 et
932 1455 1009 1490 jacu-

219 1501 271 1534 lis;
296 1501 479 1536 peritissimos
503 1501 575 1528 enim
596 1508 657 1528 esse
676 1500 814 1535 jaculandi
830 1505 910 1535 atque
926 1502 1009 1536 sagit-

219 1547 306 1578 taudi,
322 1552 349 1574 et
364 1553 493 1581 praeterea
506 1547 601 1579 etiam,
617 1547 688 1580 quod
703 1552 808 1573 montes
825 1547 949 1574 habitent
967 1547 1008 1574 al-
1021 1563 1043 1594 C

220 1598 263 1620 los
281 1598 363 1627 atque.
381 1594 535 1624 inaccessos
549 1613 556 1624 ,
579 1593 649 1620 bello
673 1593 879 1628 insuperabiles.
904 1593 1005 1628 Regem

219 1639 287 1672 ipsis
302 1646 350 1673 pro
366 1647 478 1666 munere
494 1639 588 1672 quinto
603 1646 712 1674 quoque
724 1646 795 1666 attno
814 1639 934 1673 praebere
950 1644 1005 1666 tre—

217 1691 298 1713 centa
326 1692 438 1712 arcuum
466 1685 634 1719 totidemque
650 1685 802 1719 jaculorum
824 1685 924 1717 millia;
949 1685 1004 1719 jam

218 1732 353 1766 peltarum
377 1736 487 1759 centum
512 1731 624 1765 viginti,
653 1735 680 1757 et
703 1730 853 1764 gladiorum
875 1731 1006 1766 quinqua-

218 1778 293 1812 ginta
310 1777 404 1805 millia.
422 1776 514 1804 Nullas
533 1778 597 1803 item
616 1776 687 1810 apud
702 1777 751 1803 hos
762 1784 823 1804 esse
838 1777 944 1808 domos,
960 1779 1007 1805 sed

220 1823 248 1850 in
269 1823 357 1851 antris
374 1823 482 1857 degere.
506 1822 534 1849 In
554 1823 698 1850 venatione
711 1822 810 1857 jaculis
835 1823 1007 1856 potissimum

219 1869 303 1902 feras,
319 1869 360 1896 vel
377 1869 487 1904 sagittis
505 1873 615 1903 petere;
632 1871 795 1903 easdemque
809 1872 1006 1906 persequendo,

219 1916 292 1951 quod
307 1923 405 1943 cursus
418 1915 563 1942 velocitate
575 1921 715 1950 praestent,
731 1917 811 1943 etiam
824 1917 944 1951 assequi.
958 1916 1010 1945 llo-

219 1970 280 1990 rum
294 1970 394 1990 uxores
406 1963 492 1990 semel
507 1963 638 1990 duntaxat
651 1971 699 1998 per
713 1971 844 1997 mensem,
857 1971 918 1991 cum
931 1971 1008 1991 men~

219 2013 293 2035 SlI‘lla
323 2008 479 2042 patiuntur,
510 2007 622 2041 lavare;
647 2009 715 2036 alias
740 2016 890 2043 utinquam.
917 2008 1009 2043 Neque

218 2054 292 2081 vires
311 2061 428 2088 unquam
446 2055 558 2082 omnino
574 2055 676 2088 lavare,
699 2055 745 2082 sed
768 2063 864 2082 manus
883 2059 1005 2082 tantum-

219 2101 300 2127 modo
323 2101 444 2128 abluerc.
476 2100 542 2128 Oleo
571 2106 659 2128 tamen
676 2109 709 2128 ex
737 2101 804 2127 lacte
822 2101 946 2128 conlecto
969 2106 1010 2128 ter

219 2149 316 2174 saltent
341 2148 480 2174 mensibus
506 2148 620 2182 singulis
637 2148 716 2183 ungi,
743 2153 770 2175 et
787 2147 899 2182 pellibus
914 2148 1011 2176 deinde

220 2194 350 2229 abstergi.
367 2194 446 2221 Veste
457 2194 491 2221 ad
511 2194 566 2221 haec
583 2194 633 2226 uti,
656 2201 708 2221 non
727 2193 820 2221 villosa
832 2213 839 2226 ,
859 2194 907 2221 sed
922 2201 937 2221 e
951 2194 1012 2229 gla-

1059 262 1189 299 ἧλεκτρον
1203 265 1349 300 φερόντων,
1361 266 1409 292 καὶ
1422 266 1468 293 τὸν
1476 266 1580 301 καρπὸν
1597 267 1736 293 κατεσθίει
1754 268 1847 295 αὐτῶν
1867 270 1872 275 “

1059 309 1105 336 καὶ
1117 309 1277 345 διαφθείρει,
1292 310 1385 346 ὥσπερ
1398 311 1428 338 ἐν
1436 312 1492 344 τοῖς
1502 311 1631 346 Ἕλλησιν
1641 312 1666 338 οἱ
1677 311 1786 347 φθεῖρες
1795 313 1846 344 τὶς

1058 355 1209 389 ἀμπέλους.
1226 355 1318 383 Ταῦτα
1336 354 1383 383 οὖν
1407 356 1442 383 τὰ
1460 355 1542 392 θηρία
1561 356 1700 392 τρίϐοντες
1718 357 1742 383 οι
1768 356 1847 384 Ἰνδοὶ

1059 401 1192 437 βάπτουσι
1211 403 1260 435 τὰς
1279 403 1428 437 φοινικίδας
1443 403 1491 429 καὶ
1510 403 1574 434 τοὺς
1585 402 1703 437 χιτῶνας
1716 403 1763 429 καὶ
1780 403 1848 430 ἄλλο

1058 447 1110 473 ὅτι
1128 447 1161 474 ἂν
1184 447 1344 483 βούλωνται.
1372 448 1428 475 Καὶ
1457 447 1512 474 alat
1533 447 1556 464 ‘7
1577 447 1675 483 βελτίω
1695 447 1751 474 τῶν
1767 448 1847 484 παρὰ

1058 493 1176 528 Πέρσαις
1188 493 1349 529 βαμμάτων.

1095 539 1157 566 Ὀτι
1172 540 1197 566 οἱ
1223 540 1403 574 κυνοκέφαλοι
1419 540 1558 573 οίκοῦντες
1574 541 1604 567 ὲν
1620 542 1677 572 τοῖς
1691 540 1783 576 ὄρεσιν
1795 541 1849 567 οὒκ

1058 583 1231 619 ἐργάζονται,
1247 585 1302 612 ἀπὸ
1322 584 1408 620 θήρας
1419 584 1449 612 δὲ
1470 583 1563 617 ζῶσιν·
1589 585 1653 612 ὅταν
1669 585 1697 612 δὲ
1715 586 1847 612 ἀποκτεί-

1058 638 1140 657 νωσιν
1154 630 1234 663 αὐτὰ,
1250 630 1353 657 ὀπτῶσι
1366 631 1433 666 πρὸς
1446 630 1491 658 τὸν
1507 631 1591 666 ἥλιον.
1608 631 1744 666 Τρέφουσι
1755 631 1784 657 δὲ
1797 632 1848 658 καὶ

1059 677 1184 713 πρόϐατα
1203 677 1288 704 πολλὰ
1314 679 1361 705 καὶ
1382 676 1463 713 αἶγας
1486 679 1533 705 καὶ
1556 678 1634 710 ὄνους
1647 678 1680 711 ⁵⁸,
1697 678 1805 705 πίνουσι
1817 679 1847 705 δὲ

1059 723 1128 758 γάλα
1137 723 1184 750 καὶ
1196 722 1315 757 ὀξύγαλα
1328 722 1382 751 τῶν
1395 722 1549 759 προϐάτων.
1559 723 1587 750 Ἐ
1592 723 1695 750 σϐίουσι
1706 723 1734 750 δὲ
1745 723 1848 750 καὶτὸν

1060 768 1165 804 καρπὸν
1179 768 1227 795 τοῦ
1240 769 1416 804 σιπταχόρου,
1431 770 1479 803 ἀφ’
1492 766 1522 796 οὗ
1533 769 1579 795 τὸν
1589 769 1719 805 ἤλεκτρον
1732 769 1848 806 (γλυκὺς

1059 814 1114 850 γάρ
1125 814 1205 850 ὲστι)·
1230 815 1277 842 καὶ
1296 815 1466 851 ξηραίνοντες
1477 815 1582 847 ἀὐτοὺς
1597 816 1728 851 σπυρίδας
1748 817 1849 852 συρρά-

1059 870 1181 894 πτουσιν,
1191 861 1283 896 ὥσπερ
1290 862 1319 887 ὲν
1326 862 1382 894 τοῖς
1391 861 1504 897 Ἕλλησι
1514 861 1563 897 τὴν
1573 861 1706 896 ἀσταφίδα
1722 862 1754 889 ⁸⁸.
1770 864 1800 889 ΟΞ
1818 862 1850 889 δὲ

1059 908 1238 943 κυνοκέφαλοι
1253 908 1360 943 σχεδίαν
1383 909 1563 944 ποιησάμενοι
1578 909 1625 935 καὶ
1639 908 1778 940 ἐπιθέντες
1795 909 1851 935 ἀπ-

1059 953 1187 988 άγουσι¹⁰
1196 954 1294 990 φόρτον
1306 954 1400 981 τούτου
1416 955 1463 981 καὶ
1477 955 1529 989 τῆς
1542 954 1685 989 πορφύρας
1696 975 1703 987 ,
1719 955 1749 981 τὸ
1766 954 1851 986 ἄνθος

1059 999 1178 1034 καθαρὸν
1198 999 1368 1034 ποιήσαντες,
1384 998 1443 1035 [καὶ
1462 999 1509 1026 τοῦ
1526 999 1658 1035 ἠλέκτρου
1676 999 1711 1034 υ]
1725 999 1746 1032 ξ’
1760 1000 1808 1026 καὶ
1824 999 1851 1025 δ’

1061 1045 1102 1081 [91
1122 1045 1168 1081 H.|
1183 1044 1300 1072 τάλαντα
1317 1045 1363 1071 τοῦ
1375 1045 1499 1072 ἐνιαυτοῦ
1511 1067 1518 1080 ,
1547 1046 1594 1073 καὶ
1609 1046 1662 1082 ὂτῳ
1676 1047 1698 1062 ⁵⁵
1711 1046 1742 1072 τὸ
1756 1045 1849 1081 φοινί-

1059 1098 1117 1117 κιον
1136 1089 1269 1125 βάπτεται
1281 1110 1288 1122 ,
1306 1089 1354 1116 τοῦ
1375 1091 1521 1126 φαρμάκου
1544 1091 1626 1127 ἓτερα
1644 1090 1771 1118 τοσαῦτα.
1789 1092 1850 1119 Καὶ

1059 1136 1193 1171 ἠλέκτρου
1211 1135 1282 1170 χίλια
1300 1135 1418 1162 τάλαντα
1432 1136 1569 1170 ἀπάγουσι
1585 1137 1646 1163 κατ’
1670 1137 1794 1163 ἐνιαυτὸν
1809 1137 1851 1172 τῷ

1065 1180 1153 1207 Ἰνδῶν
1164 1180 1334 1215 βασιλεῖ.Καὶ
1347 1180 1429 1215 ἔτερα
1438 1181 1466 1207 δὲ
1479 1181 1645 1215 κατάγοντες
1656 1182 1778 1208 πωλοῦσι
1791 1184 1850 1213 τοῖς

1065 1225 1154 1257 Ἰνδοῖς
1169 1226 1237 1261 πρὸς
1258 1225 1356 1260 ἄρτους
1380 1226 1427 1252 καὶ
1451 1225 1550 1260 ἄλφιτα
1566 1226 1613 1253 καὶ
1630 1226 1723 1259 ξύλινα
1741 1227 1849 1262 ίμάτια.

1059 1271 1183 1299 Πωλοῦσι
1203 1272 1231 1298 δὲ
1248 1272 1295 1298 καὶ
1317 1272 1380 1307 ξίφη
1397 1292 1404 1304 ,
1433 1269 1475 1304 οἷς
1491 1273 1612 1307 χρῶνται
1632 1273 1702 1308 πρὸς
1718 1273 1767 1308 τὴν
1794 1273 1851 1299 τῶν

1060 1319 1162 1355 Θηρίων
1177 1319 1274 1354 ἄγραν,
1290 1320 1337 1345 καὶ
1352 1319 1416 1352 τόξα
1433 1320 1479 1346 καὶ
1492 1320 1615 1346 ἀκόντιαο
1637 1321 1707 1348 πάνυ
1731 1323 1785 1356 γὰρ
1801 1322 1852 1347 καὶ

1059 1365 1140 1392 δεινοί
1155 1365 1223 1392 εἰσιν
1241 1365 1392 1397 ἀκοντίζειν
1409 1367 1456 1392 καὶ
1481 1366 1611 1398 τοξεύειν.
1632 1366 1812 1402 Ἀπολέμητοι
1827 1367 1851 1393 δ’

1059 1412 1113 1438 εἰσὶ
1126 1412 1170 1439 διὰ
1183 1412 1213 1438 τὸ
1245 1413 1330 1438 οίκεϊν
1362 1412 1461 1443 αὐτοὺς
1486 1412 1552 1447 ὄρεα
1579 1412 1668 1439 ἄϐατα
1683 1413 1729 1439 καὶ
1746 1413 1850 1447 ὑψηλά.

1059 1457 1156 1484 Δίδωσι
1173 1457 1202 1483 δὲ
1218 1457 1309 1488 αὐτοῖς
1329 1457 1372 1484 διὰ
1397 1457 1524 1490 πέμπτου
1550 1457 1626 1488 ἔτους
1645 1457 1718 1492 δῶρα
1737 1458 1750 1482 ὁ
1771 1458 1852 1491 βασι-

1059 1504 1133 1536 λεὺς,
1146 1504 1168 1530 λ’
1183 1503 1231 1539 μὲν
1248 1503 1380 1539 μυριάδας
1391 1503 1486 1536 τόξων,
1497 1504 1545 1530 καὶ
1559 1504 1693 1530 ἀκοντίων
1703 1504 1850 1534 τοσαύτας,

1060 1550 1165 1576 πελτῶν
1177 1550 1204 1576 δὲ
1214 1549 1257 1585 ιβ’,
1269 1550 1315 1576 καὶ
1324 1549 1386 1585 ξίφη
1393 1550 1420 1576 δὲ
1433 1550 1663 1584 πεντακισμύρια.
1671 1550 1783 1580 Τούτοις
1794 1551 1853 1581 τοῖς

1058 1596 1252 1631 κυνοκεφάλοις
1266 1596 1316 1623 οὐκ
1326 1596 1393 1623 είαὶν
1409 1596 1502 1628 οἰκίαι,
1514 1596 1571 1622 ἀλλ’
1586 1597 1615 1622 ὲν
1626 1596 1768 1631 σπηλαίοις
1783 1596 1855 1623 διαι-

1057 1643 1168 1670 τῶνται.
1178 1643 1329 1678 Θηρεύουσι
1338 1643 1365 1669 δὲ
1379 1642 1412 1669 τὰ
1421 1643 1504 1678 θηρία
1519 1643 1674 1674 τοξεύοντες
1687 1643 1733 1669 καὶ
1742 1643 1855 1669 ἀκοντί-

1058 1688 1212 1720 ζοντες,καὶ
1219 1688 1360 1719 διώκοντες
1373 1688 1622 1723 καταλαμϐάνουσι·
1634 1688 1702 1723 ταχὺ
1715 1689 1770 1723 γὰρ
1790 1689 1855 1723 τρέ-

1058 1744 1145 1771 χουσι.
1155 1735 1284 1762 Λούονται
1296 1734 1324 1761 δὲ
1336 1736 1362 1761 αἱ
1379 1736 1506 1768 γυναῖκες
1515 1734 1604 1761 αὐτῶν
1613 1734 1686 1767 ἅπαξ
1697 1734 1743 1761 τοῦ
1756 1735 1854 1769 μηνὸς,

1058 1782 1121 1808 ὅταν
1136 1781 1168 1807 τὰ
1179 1780 1337 1815 καταμήνια
1348 1780 1441 1810 αὐταῖς
1452 1780 1475 1796 ⁵⁸
1492 1780 1566 1815 ἔλθῃ,
1578 1779 1672 1806 ἄλλοτε
1682 1780 1704 1807 δ’
1721 1779 1751 1806 οὔ
1763 1788 1770 1794 ·
1780 1781 1806 1806 oi.
1825 1780 1856 1807 es

1058 1826 1152 1861 ἄνδρες
1167 1826 1196 1852 οὺ
1213 1825 1339 1852 λούονται
1361 1827 1420 1861 μὲν,
1435 1826 1485 1857 τὰς
1497 1826 1526 1852 δὲ
1544 1827 1639 1861 χεῖρας
1661 1826 1855 1857 ἀπονίζονται.

1066 1872 1165 1906 Ἐλαίῳ
1179 1871 1208 1898 δὲ
1229 1871 1352 1907 χρίονται
1374 1871 1396 1887 ⁵⁸
1413 1872 1473 1907 τρίς
1493 1871 1540 1898 τοῦ
1564 1873 1660 1906 μηνὸς,
1676 1872 1715 1908 τῷ
1730 1873 1786 1898 ἀπο
1806 1872 1856 1898 τοῦ

1058 1917 1195 1952 γάλακτος
1212 1917 1364 1952 γινομένῳ,
1382 1918 1430 1943 καὶ
1454 1917 1625 1952 ἐκτρίϐονται
1644 1918 1774 1952 δέρμασι.
1797 1918 1856 1952 Τὴν

1059 1962 1087 1988 δὲ
1115 1962 1217 1997 ἐσθῆτα
1241 1962 1349 1997 ἔχουσιν
1377 1962 1407 1988 οὺ
1433 1962 1566 1994 δασεῖαν,
1599 1962 1668 1989 ἀλλὰ
1683 1963 1770 1997 ψιλῶν
1800 1963 1856 1990 τῶν

1064 2008 1278 2043 μασθλημάτων,
1310 2008 1348 2040 ὡς
1388 2008 1576 2040 λεπτοτάτων,
1609 2009 1656 2036 καὶ
1686 2009 1764 2036 αὐτοὶ
1807 2010 1856 2036 καὶ

1063 2053 1090 2079 αἱ
1124 2053 1254 2087 γυναῖκες
1284 2052 1384 2079 αὐτῶν.
1418 2053 1450 2078 Ui.
1483 2052 1512 2078 δὲ
1535 2053 1733 2079 πλουσιώτατοι
1764 2054 1856 2079 αὐτῶν

1059 2099 1122 2126 λινᾶ
1151 2099 1291 2134 φοροῦσιν’
1329 2097 1402 2125 οὗτοι
1427 2099 1449 2125 δ’
1470 2100 1539 2126 εἰσὶν
1567 2099 1663 2134 ὀλίγοι.
1699 2101 1796 2126 Κλῖναι
1826 2101 1856 2126 δὲ

1061 2146 1152 2177 αὐτοῖς
1169 2146 1219 2172 οὐκ
1228 2147 1308 2178 εἰσὶν,
1328 2146 1395 2172 ἀλλὰ
1412 2146 1541 2177 στιϐάδας
1565 2146 1716 2173 ποιοῦνται.
1730 2144 1816 2178 Οὗτος
1832 2147 1856 2173 δ’

1061 2193 1153 2219 αὐτῶν
1169 2192 1370 2224 πλουσιώτατος
1390 2193 1533 2228 νομίζεται
1551 2191 1631 2226 εἴναι,
1653 2190 1675 2227 ᾧ
1691 2193 1725 2220 ἂν
1741 2194 1856 2220 πλεῖστα

219 2239 277 2267 hris
296 2241 496 2274 maceratisque
510 2240 626 2275 pellibus
644 2247 725 2274 quam
742 2240 921 2272 tenuissimis,
937 2240 1008 2274 ipsos

1063 2239 1188 2274 πρόϐατα
1254 2239 1271 2274 ὴ
1288 2238 1316 2265 δὲ
1326 2238 1393 2274 άλλη
1407 2238 1486 2266 οὐσία
1500 2239 1688 2274 παραπλησία.
1704 2239 1796 2274 Οὑρὰν
1826 2240 1855 2266 δὲ

219 2292 297 2320 teque
316 2291 397 2320 atque
417 2293 518 2312 uxores
538 2285 680 2319 :exceptis
700 2285 769 2312 forte
783 2285 926 2313 ditissimis
942 2286 1013 2313 inter

220 2339 279 2364 eos,
296 2336 324 2360 et
339 2332 372 2358 iis
392 2331 500 2366 quidem
519 2331 623 2365 paucis,
641 2331 687 2365 qui
713 2331 800 2358 litteos
825 2335 930 2366 gestent
944 2333 1013 2360 atui-

220 2384 292 2407 ctus.
306 2378 361 2406 Nec
378 2374 443 2405 item
457 2378 589 2405 lectorum
604 2378 712 2405 novisse
729 2385 807 2405 usum
827 2385 884 2411 eos,
904 2378 1012 2413 qui’ex-

219 2431 411 2460 temporaneos
432 2425 485 2452 sibi
507 2429 582 2452 toros
603 2430 756 2452 exstruunt.
778 2425 857 2452 Hunc
878 2425 949 2459 apud
964 2432 1011 2452 eos

218 2472 383 2500 ditissimum
404 2471 517 2503 haberi,
539 2471 586 2506 qui
604 2471 749 2506 plurimum
770 2471 867 2498 habeat
889 2471 1009 2506 pecoris,

219 2524 252 2545 ac
276 2517 394 2551 reliquas
419 2523 484 2550 opes
512 2516 556 2544 his
588 2517 785 2551 propemodum
808 2524 869 2544 esse
895 2517 1009 2544 similes.

219 2563 339 2591 Cantiam
349 2563 404 2598 (51)
418 2563 528 2596 insuper
543 2564 641 2590 habere
653 2571 760 2595 omnes,
775 2568 829 2589 tam
842 2563 914 2590 viros
927 2570 1008 2597 quam

1063 2286 1158 2322 έχουσι
1173 2285 1285 2318 πάντες,
1306 2285 1354 2312 καὶ
1368 2285 1464 2320 ἄνδρες
1487 2285 1534 2312 καὶ
1550 2286 1689 2320 γυναῖκες,
1708 2286 1779 2320 ὑπὲρ
1798 2286 1856 2312 τῶν

1065 2333 1169 2368 ἰσχίων,
1180 2331 1293 2367 οἵανπερ
1303 2331 1387 2364 κύων,
1397 2331 1510 2366 μείζονα
1525 2331 1553 2358 δὲ
1568 2332 1614 2358 καὶ
1625 2331 1788 2367 δασυτέραν.
1800 2331 1857 2358 Καὶ

1064 2378 1208 2414 μίσγονται
1237 2378 1298 2409 ταῖς
1333 2377 1440 2411 γυναιξὶ
1469 2376 1679 2411 τετραποδιστὶ,
1709 2376 1804 2411 ὥσπερ
1832 2377 1857 2402 oi

1062 2425 1154 2455 κύνες·
1184 2423 1248 2460 [155
1271 2422 1317 2458 1L]
1345 2422 1434 2454 ἄλλως
1459 2422 1487 2449 δὲ
1524 2422 1637 2457 μιγῆναι
1661 2423 1753 2454 αὐτοῖς
1781 2423 1857 2449 ἐστὶν

1062 2469 1185 2505 αἰσχρόν.
1205 2469 1310 2496 Δίκαιοι
1322 2468 1350 2494 δέ
1362 2469 1427 2500 εἰσι,
1445 2469 1492 2494 καὶ
1508 2467 1728 2503 μακροϐιώτατοι
1744 2468 1856 2495 πάντων

1062 2515 1214 2550 ἀνθρώπιον
1226 2523 1232 2529 ·
1249 2515 1316 2547 ζῶσι
1327 2514 1382 2551 γὰρ
1397 2514 1445 2550 ἐτη
1465 2513 1490 2551 ρ’
1517 2515 1565 2541 καὶ
1581 2513 1613 2548 0',
1634 2514 1700 2542 ἔνιοι
1713 2514 1742 2541 δὲ
1766 2515 1857 2541 αὐτῶν

1061 2563 1110 2589 καὶ
1126 2561 1158 2588 σ’.

220 2610 358 2645 mulieres,
377 2619 458 2645 supra
473 2611 578 2644 clunes,
600 2611 705 2638 canina:
720 2611 848 2643 sitnilem,
882 2611 932 2637 nisi
967 2611 1038 2645 qttod
1059 2609 1145 2643 major
1173 2610 1228 2642 sit,
1257 2614 1285 2637 et
1317 2609 1378 2645 pilis
1409 2609 1528 2637 densior.
1556 2608 1754 2643 Quttlrupedes
1791 2607 1855 2634 item

874 2668 991 2697 νΑιιιΑΕ
1010 2668 1214 2696 LECTIONES.

265 2721 288 2736 "
300 2721 346 2748 καὶ
357 2721 411 2748 eici.
426 2720 448 2747 A
463 2729 470 2748 :
486 2720 540 2747 sici.
551 2721 580 2748 δὲ
592 2721 639 2748 καὶ
654 2730 684 2754 ς.
723 2720 746 2737 ⁴⁸
759 2721 836 2753 ὄνους
849 2721 868 2748 Α
884 2729 890 2748 :
904 2720 945 2753 ὄϊς
959 2729 989 2753 ς.
1027 2721 1050 2737 ⁸⁹
1068 2720 1183 2756 σταφίδα
1199 2729 1230 2752 ς.
1268 2719 1292 2736 ⁵⁸
1302 2719 1436 2754 ἐπάγουσι
1450 2719 1481 2746 Α.
1519 2719 1540 2736 ⁵⁸
1554 2718 1686 2754 ἠλέκτρου
1699 2724 1756 2745 om.
1771 2724 1814 2752 pr.
1825 2715 1857 2743 Δ.

224 2757 248 2773 ⁵³
265 2756 330 2793 ὅτῳ]
348 2756 419 2783 οὕτω
432 2765 462 2789 ς.
500 2757 523 2772 ⁸³
542 2757 627 2791 αὐτῆς
643 2759 672 2790 ιτ.
709 2756 734 2772 ⁸⁸
748 2756 868 2793 χρῶνται
887 2765 917 2790 ς.

989 2814 1104 2844 NOTAE.

264 2872 320 2909 (5|)
338 2873 522 2903 Caudatorum
538 2875 679 2904 hominum
695 2874 817 2904 meminit
832 2882 941 2910 quoque
957 2874 1026 2902 l’iiu.
1044 2874 1090 2902 lib.
1108 2882 1155 2908 tu,
1174 2881 1234 2909 cap.
1249 2873 1266 2900 2
1278 2873 1303 2901 in
1323 2859 1385 2900 line.
