1934 3089
66 143 118 175 225

612 140 874 171 BIBLIOTHECA.
893 151 928 157 —
946 139 1028 170 COD.
1049 140 1169 171 LXXII.

1641 139 1696 172 925

64 196 124 229 hos.
159 203 257 225 canum
277 203 361 234 more,
383 203 445 223 cum
461 195 532 233 48b
551 195 710 224 mulieribus
735 196 880 231 congredi,
901 197 1036 231 aliutnque
1058 196 1252 231 congrediendi
1277 196 1385 223 modum
1415 201 1523 222 omnem
1550 202 1600 230 pro
1621 197 1694 231 turpi

66 242 176 270 habere.
191 241 364 270 Justissimos
384 243 492 270 eosdem
509 250 588 276 esse,
606 242 721 277 vitaeque
737 236 857 276 reliquos
877 243 948 270 inter
965 242 1090 270 homines
1108 243 1284 278 longissime.
1309 241 1407 270 Vivere
1436 249 1554 276 namque
1579 242 1613 268 ad
1627 248 1695 269 cen-

66 289 190 316 tesimum
218 294 301 324 utque
326 295 354 317 et
375 290 604 326 septuagesimum
617 310 625 322 ,
650 289 846 324 nonnullasque
867 291 903 318 ad
924 291 1136 318 ducentesimum
1153 298 1263 326 quoque
1278 299 1390 318 annum.

100 336 188 371 ’Υπὲρ
200 336 228 363 δὲ
241 337 345 363 τούτων
358 337 381 353 ⁵⁵
390 337 501 372 ἑτέρους
525 337 591 371 φασὶ
605 335 749 372 βιοτεύειν,
763 337 787 353 ⁸⁸
797 336 854 364 ἄνω

942 337 996 364 Hos
1008 337 1080 364 ultra
1095 337 1192 365 scribit
1208 338 1334 365 habitare
1352 338 1420 364 alios
1440 345 1521 372 supra
1538 337 1611 364 ﬂuvii
1623 337 1697 366 illius

65 382 117 410 τῶν
128 382 227 416 πηγῶν
241 382 288 409 τοῦ
304 382 438 418 ποταμοῦ.
455 379 535 410 Οὗτοι
555 382 577 398 ⁸⁷
599 383 628 408 δὲ
642 383 667 408 οἱ
679 382 702 398 ⁵⁸
715 382 855 418 ἄνθρωποι

66 429 182 463 μέλανες
199 429 248 464 μέν
262 430 330 455 εἰσιν
347 428 443 464 ὥσπερ
456 430 481 456 οἱ
497 428 572 457 ἄλλοι
594 429 680 459 Ἰνδοὶ.
694 429 855 464 ἐργάζονται

64 475 90 501 δὲ
105 474 194 507 οὐδὲν,
215 474 278 501 οὐδὲ
298 475 420 502 ἐσθίουσι
437 476 509 502 σῖτον
521 495 529 508 ,
546 475 606 502 οὐδὲ
628 475 750 502 πίνουσιν
770 474 854 510 ὕδωρ,

65 521 189 556 πρὸῦατα
204 520 233 547 δὲ
249 521 336 548 πολλὰ
348 522 478 557 τρέφουσι
489 541 497 554 ,
514 522 561 548 καὶ
575 521 639 556 βοῦς
651 521 698 548 καὶ
711 519 793 555 αἶγας
809 521 856 547 καὶ

65 568 114 598 Εἰς·
129 567 238 594 πίνουσι
253 567 282 594 δὲ
311 567 342 594 τὸ
366 568 437 602 γάλα
451 587 459 600 ,
489 567 554 594 ἄλλο
569 567 598 594 δὲ
610 568 696 594 οὐδέν.
726 567 811 593 Ὅταν
828 566 856 592 δὲ

65 613 179 648 γένηταί
195 623 248 640 τινι
267 614 359 641 αὐτῶν
374 614 492 648 παιδίον,
512 614 543 640 οὐ
556 615 685 649 τέτρηται
699 613 750 648 τὴν
766 613 856 648 πυγὴν

65 661 125 687 οὐδὲ
138 661 288 692 ἀποπατεί,
309 660 377 688 ἀλλὰ
389 661 422 687 τὰ
433 660 483 696 μὲν
501 660 575 695 ἰσχία
589 660 657 695 ἔχει,
676 659 708 686 τὸ
720 660 749 686 δὲ
761 659 857 695 τρῆμα.

66 708 242 743 συμπέφυκε.
255 707 302 733 Διὸ
317 707 488 733 ἀποπατοῦσι
501 707 550 741 μὲν
559 705 602 738 οὒ,
619 706 710 740 οὐρεῖν
724 705 753 732 δὲ
762 705 857 742 ὥσπερ

65 753 147 788 τυρὸν
165 753 268 784 αὐτούς
289 761 370 785 φασιν
395 753 425 779 οὑ
441 753 513 779 πάνυ
534 752 624 787 παχὺν
649 751 717 778 ἀλλὰ
735 751 856 786 θολερόν.

72 800 155 826 Ἐπάν
167 799 197 825 δὲ
213 799 287 834 πρωῒ
303 799 386 825 πίωσι
406 798 452 824 τοῦ
473 798 626 832 γάλακτος,
650 797 697 824 καὶ
712 798 752 829 εἰς
774 798 857 833 μέσον

65 844 173 879 ἡμέρας
187 842 267 875 αὖθις
285 844 402 876 πιόντες,
419 844 498 879 ῥίζαν
511 843 578 877 φασὶ
594 843 659 878 παρ’
674 843 766 875 αὐτοῖς
787 841 858 870 εἶναι

66 890 285 924 γλυκεῖαν,ῆτις
308 890 358 916 οὐκ
380 891 413 926 ἐᾷ
435 890 465 916 τὸ
485 890 555 924 γάλα
587 889 742 924 πήγνυσθαι
766 891 796 916 ὲν
824 891 858 926 τῇ

67 937 166 972 κοιλίᾳ.-
195 936 299 971 ταύτην
318 934 364 962 οὖν
390 935 542 971 τρώγοντες
559 935 601 966 εις
620 934 739 970 ἑσπέραν
761 935 859 971 ἔμετον

67 984 219 1016 ποιοῦνται,
236 984 284 1011 καὶ
298 983 443 1019 ἐξεμοῦσιν
456 983 565 1010 ἅπαντα
576 982 707 1015 εὐκόλως.

100 1117 164 1143 Ὀτι
178 1116 249 1142 εἰσὶν
261 1115 317 1143 ὄνοι
335 1115 426 1150 ἄγριοι
447 1117 475 1142 ὲν
498 1117 556 1148 τοῖς
577 1116 678 1148 Ἰνδοῖς,
696 1116 749 1143 ἴσοι
765 1115 861 1147 ἵπποις

67 1162 113 1188 καὶ
126 1162 252 1197 μείζους·
269 1162 365 1188 λευκοὶ
385 1162 413 1188 δέ
441 1162 495 1188 εἰσι
508 1163 540 1188 τὸ
555 1162 646 1198 σῶμα,
659 1163 709 1198 τὴν
738 1161 861 1198 κεφαλὴν

67 1209 215 1244 πορφυροῖ,
230 1208 279 1234 καὶ
297 1207 454 1242 ὀφθαλμοὺς
467 1207 558 1242 ἔχουσι
573 1208 595 1224 ⁵³
614 1208 756 1239 κυανέους.
771 1208 862 1242 Κέρας

66 1254 93 1281 ἰὲ
110 1254 167 1289 ἔχει
181 1254 212 1280 ἐν
223 1253 264 1289 τῷ
281 1253 411 1288 μετώπῳ,
428 1253 487 1285 ἑνὸς
501 1254 603 1288 πήχεος
622 1253 653 1279 τὺ
669 1253 792 1288 μέγεθος.
807 1253 863 1280 Καὶ

67 1301 123 1326 ἐστι
135 1300 167 1326 τὸ
182 1300 233 1334 μὲν
242 1299 318 1326 κάτω
325 1298 372 1325 τοῦ
383 1299 508 1334 κέρατος,
519 1300 581 1326 ὅσον
597 1300 643 1326 ἐπὶ
656 1299 702 1326 δύο
710 1300 862 1331 παλαιστὰς

67 1346 135 1381 πρὺς
151 1346 182 1372 τὺ
197 1346 337 1380 μέτωπον,
350 1345 420 1372 πάνυ
430 1345 536 1371 λευκόν·
552 1345 582 1371 τὸ
593 1345 620 1372 δὲ
631 1346 723 1372 ἐπάνω
738 1345 785 1377 ὀξύ
805 1346 863 1372 ἐστι

66 1393 112 1419 τοῦ
122 1393 251 1427 κέρατος.
263 1391 383 1418 Τοῦτοδὲ
396 1391 535 1425 φοινικοῦν
549 1393 632 1421 ἐστιν,
650 1391 764 1427 ἐρυθρὸν
780 1392 862 1418 πάνυ·

71 1439 102 1465 τὸ
112 1439 141 1464 δὲ
156 1438 221 1465 ἄλλο
237 1438 268 1463 τὸ
281 1438 310 1463 ὲν
325 1437 365 1472 τῷ
378 1437 453 1472 μέσῳ
468 1437 622 1472 μέλαν.Ἐκ
637 1438 739 1464 τούτων
752 1438 777 1463 ei
788 1438 865 1464 πιόν-

67 1493 112 1516 τες
121 1484 143 1500 ⁸⁸
160 1483 411 1518 (κατασκευάζουσι
427 1482 474 1519 [92
483 1482 531 1518 Η.]
547 1483 601 1518 γὰρ
611 1483 776 1518 ἐκπώματα)
794 1492 864 1509 σπα-

71 1528 142 1565 σμῷ,
155 1529 251 1564 φασὶν,
265 1529 296 1555 οὐ
311 1528 497 1564 λαμϐάνονται
509 1528 570 1555 οὔτε
583 1531 617 1564 τῇ
634 1529 695 1564 ἱερᾷ
711 1529 791 1564 νόσῳ,
806 1528 864 1554 ἀλλ’

69 1576 128 1603 οὐδὲ
142 1575 305 1611 φαρμάκοις
315 1575 483 1608 ἁλίσκονται,
496 1573 551 1601 οὔτ’
560 1575 592 1602 ἂν
606 1575 760 1611 προπιωσιν
768 1574 865 1602 οὔτἐιν

69 1622 107 1658 τῷ
121 1623 291 1658 φαρμάκῳ⁸¹
301 1622 448 1649 ἐπιπίωσιν
457 1623 474 1657 ἢ
485 1620 555 1649 οἶνον
566 1621 583 1657 ἢ
602 1621 674 1657 ὕδωρ
687 1621 703 1657 ῆ
714 1621 778 1648 ἄλλο
795 1630 822 1648 τι
833 1622 865 1648 ἐκ

70 1670 123 1696 τῶν
133 1669 322 1705 ἐκπωμάτων.
334 1669 366 1696 οι
379 1669 429 1705 μὲν
444 1667 491 1696 οὖν
501 1668 576 1696 ἄλλοι
589 1668 645 1695 ὄνοι
654 1668 808 1704 καὶῆμεροι
817 1668 864 1695 καὶ

71 1717 160 1752 ἄγριοι
176 1717 225 1742 καὶ
242 1713 328 1742 τᾶλλα
341 1714 454 1750 μώνυχα
471 1714 553 1751 θηρία.
571 1715 659 1742 πάντα
673 1714 863 1748 ἀστραγάλους

73 1761 122 1788 οὐκ
134 1761 243 1796 ἔχουσιν
260 1761 283 1777 ⁸³
295 1761 355 1788 οὐδὲ
371 1761 452 1796 χολὴν
466 1761 513 1787 ὲπὶ
524 1760 572 1787 τοῦ
583 1761 699 1795 ἥπατος·
714 1757 787 1786 οὗτοι
801 1760 823 1776 ⁸³
835 1760 864 1787 δὲ

74 1807 118 1833 καὶ
136 1806 312 1842 ἀστράγαλον
331 1808 378 1833 καὶ
398 1807 479 1842 χολὴν
499 1807 546 1834 ἐπὶ
569 1806 617 1833 τοῦ
636 1806 741 1842 ἥπατος
762 1806 864 1841 ἔχουσι,

73 1853 116 1879 τὸν
132 1853 161 1880 δὲ
182 1853 357 1888 ἀστράγαλον
375 1853 517 1880 κάλλιστον
529 1849 566 1880 ὧν
588 1853 644 1887 ἐγὼ
655 1853 776 1888 ἑώρακα,
794 1851 865 1880 οἶόν-

73 1907 126 1934 step
141 1898 203 1934 βοὸς
218 1900 267 1925 καὶ
282 1900 312 1925 τὸ
331 1897 400 1931 εἶδος
422 1899 472 1925 καὶ
489 1899 520 1925 τὸ
541 1899 667 1934 μέγεϐος·
688 1899 774 1934 βαρὺς
791 1898 814 1925 δ’
827 1898 865 1930 ὡς

75 1945 215 1979 μόλιϐδος,
242 1946 293 1978 τὴν
317 1946 346 1971 δὲ
364 1946 449 1981 χρόαν
470 1946 566 1981 ὥσπερ
590 1946 746 1981 κιννὰὃαρι,
759 1946 808 1972 καὶ
821 1945 867 1973 διὰ

74 1992 182 2025 βάθους.
200 1991 360 2026 Ταχὺτατον
378 1992 408 2018 δέ
429 1992 489 2019 ἐστι
503 1992 533 2018 τὸ
545 1992 616 2023 ζῶον
627 1991 708 2018 τοῦτο
723 1992 770 2019 καὶ
785 1992 865 2019 ἀλκι-

74 2038 210 2072 μιὶηατσν·
227 2038 304 2064 οὐδὲν
317 2038 346 2064 δὲ
361 2037 424 2065 οὔτε
443 2038 524 2070 ἵππος
541 2037 604 2065 οὔτε
618 2038 683 2066 ἄλλο
696 2047 723 2064 τι
733 2038 866 2073 διωκόμε-

74 2093 118 2110 νον
136 2084 356 2119 καταλαμϐάνει.
379 2085 512 2120 Ἀρχεται
531 2084 559 2111 δὲ
569 2085 666 2120 τρέχον
689 2084 863 2120 βραδύτερον·

74 2133 135 2157 οσον
153 2130 176 2156 δ’
192 2131 225 2157 ἅν
244 2130 328 2157 πλέον
343 2130 366 2147 ⁸⁸
381 2131 475 2166 χρόνον
487 2131 584 2167 τρέχῃ,
601 2131 750 2158 ἐντείνεται
768 2130 867 2166 δαιμο-

75 2177 138 2208 νίως
160 2178 210 2204 καὶ
229 2177 331 2212 μᾶλλον
349 2178 397 2204 καὶ
427 2177 527 2204 θᾶσσον
551 2177 654 2213 τρέχει.
677 2178 783 2210 Ἄλλως
815 2177 866 2212 μὲν

75 2223 119 2250 ιῦν
146 2224 170 2240 ⁸³
195 2224 334 2258 ἁοήρατόν
351 2224 410 2250 ἑστι
432 2223 464 2250 τὸ
484 2223 554 2255 ζῶον
585 2224 675 2251 τοῦτο’
692 2224 757 2251 ὅταν
785 2223 814 2250 δὲ
832 2224 867 2251 τὰ

76 2272 158 2295 τέκνα
175 2270 262 2305 μικρὰ
280 2268 345 2296 ὅντα
358 2270 526 2305 περιάγωσιν
548 2268 598 2296 ἐπ’..
620 2271 670 2306 τὴν
685 2270 802 2306 βοτάνην
820 2270 867 2298 καὶ

77 2315 126 2341 ὑπὸ
155 2315 268 2346 ἱππείας
290 2314 391 2349 πολλῆς
419 2314 644 2351 περιληφθῶσιν,
666 2316 697 2343 οὐ
727 2316 867 2351 βούλονται

906 382 1004 417 fontes,
1024 384 1188 418 reliquortnn
1213 385 1340 411 ludorum
1357 384 1444 411 instar
1465 385 1567 419 nigros,
1585 385 1631 419 qui
1651 392 1699 411 ne.

905 437 958 464 que
979 429 1029 463 ipsi
1049 429 1195 464 quidquam
1218 434 1377 464 operentur.
1398 429 1468 462 Quin
1492 437 1542 456 nec
1566 430 1627 457 cibo
1650 437 1698 456 eos

906 475 978 502 vesci
994 474 1059 507 ullo,
1073 479 1120 502 aut
1136 483 1234 510 aquam
1259 476 1352 502 bibere
1366 483 1375 508 ;
1394 476 1500 510 pecoris
1518 480 1621 502 tantum
1638 483 1698 502 ma-

906 529 986 556 gnam
1009 518 1082 548 alere
1101 522 1222 555 copiam,
1254 521 1358 553 boum,
1395 529 1560 555 caprarum,
1585 522 1697 554 ovium;

908 568 1004 596 horum
1023 568 1064 595 lac
1079 568 1182 600 bibere,
1197 576 1229 595 ac
1243 568 1310 595 nihil
1328 573 1471 603 praeterea.
1493 567 1611 595 Infantes
1632 577 1699 603 pra:-

908 619 993 646 terea,
1005 614 1048 648 qui
1061 615 1130 648 apud
1149 614 1198 641 hos
1209 618 1365 645 naseantur.
1383 621 1438 640 non
1458 614 1559 640 habere
1575 610 1700 647 perfor'a-

908 664 962 686 tam
972 660 1095 694 corporis
1110 659 1151 687 sui
1166 660 1269 691 sedem,
1283 667 1371 694 ucque
1387 667 1435 694 per
1446 667 1505 686 eam
1521 665 1698 687 excrementa

907 706 1025 740 ejicere;
1040 713 1100 732 nam
1112 706 1163 733 etsi
1181 705 1275 733 clunes
1292 706 1420 738 habeant,
1432 713 1506 733 ,anus
1535 711 1624 733 tamen
1639 706 1699 740 ipse

908 753 1020 780 coaluit.
1045 753 1136 787 Itaque
1160 752 1228 779 nihil
1248 753 1320 787 ipsos
1342 752 1450 787 quidem
1467 759 1516 787 per
1531 759 1631 779 annmn
1651 759 1701 779 ex-

908 806 1040 833 cernere;
1064 799 1112 826 sed
1131 806 1276 826 caseosum
1303 799 1385 833 quid,
1414 799 1534 833 illudque
1556 806 1610 826 non
1634 806 1701 825 con—

909 846 1068 880 Spissatum,
1092 848 1119 872 at
1145 844 1309 872 feculentum
1335 845 1533 878 tantummodo,
1555 853 1603 880 per
1615 845 1701 872 urinae

911 897 1028 917 meatum
1042 891 1151 924 ejicere.
1168 890 1245 923 Quod
1259 891 1281 918 si
1301 891 1371 918 lacte
1383 899 1463 917 mane
1478 896 1553 926 poto,
1570 892 1654 918 etiam
1673 891 1700 919 in

910 937 1025 965 meridie
1048 937 1214 968 adhiberiut,
1233 937 1340 964 dulcem
1359 939 1430 970 apud
1454 945 1502 964 eos
1522 938 1638 965 inveniri
1656 946 1703 964 ra-

911 985 998 1011 dicem
1022 983 1179 1018 quamdam,
1203 990 1263 1017 qua:
1284 983 1325 1009 lac
1350 983 1414 1010 illud
1438 983 1464 1010 in
1488 990 1582 1010 eorum
1606 988 1703 1011 ventre

912 1029 1047 1065 coagulari
1066 1037 1120 1056 non
1141 1030 1222 1057 sinat.
1247 1029 1331 1062 Hujus
1348 1037 1411 1064 ergo
1433 1037 1480 1056 esu
1498 1030 1629 1056 vomitum
1651 1029 1702 1057 sibi

913 1077 1015 1109 vesperi
1029 1084 1188 1109 provocare,
1203 1084 1250 1110 per
1264 1083 1344 1110 quem
1372 1076 1462 1102 omnia
1483 1075 1564 1102 facile
1576 1075 1700 1110 ejiciant.

946 1122 1125 1158 Asiuos(ti‘2).
1139 1122 1244 1153 scribit,
1262 1122 1343 1149 habet
1364 1122 1436 1148 India
1452 1121 1602 1153 silvestres,
1624 1120 1704 1156 equis

912 1169 978 1204 ipsis
990 1176 1079 1204 pares,
1098 1173 1126 1197 et
1137 1169 1302 1203 quandoque
1328 1167 1446 1201 majores
1464 1168 1528 1202 :qui
1545 1172 1631 1194 totum
1649 1168 1704 1195 albi

913 1223 1022 1249 corpus,
1033 1220 1117 1249 caput
1132 1215 1219 1242 solum
1235 1215 1337 1241 habent
1356 1221 1536 1248 purpureum,
1551 1213 1703 1248 oculosque

913 1261 1054 1289 caeruleos.
1071 1260 1162 1288 Cornu
1175 1260 1229 1287 illis
1243 1259 1362 1287 cubitale
1371 1260 1460 1286 media
1477 1260 1599 1293 procedit
1614 1258 1707 1287 fronte

914 1306 1005 1343 [cujus
1025 1307 1106 1334 scobs
1128 1307 1153 1333 in
1169 1311 1233 1341 potu
1249 1306 1338 1339 datur,
1360 1309 1504 1338 uteturque
1524 1312 1537 1331 a
1556 1305 1706 1332 mortiieris

913 1351 1050 1388 venenis.]
1068 1352 1133 1385 Ejus
1151 1352 1265 1379 inferior
1280 1350 1419 1385 frontique
1438 1350 1560 1386 proxima
1580 1357 1654 1385 pars,
1672 1351 1705 1376 ad

914 1398 1028 1425 duorum
1042 1398 1193 1433 palmorum
1211 1397 1327 1432 spatium
1343 1397 1451 1431 egregie
1462 1396 1589 1428 candida,
1606 1403 1706 1431 supre-

915 1452 957 1471 ma
977 1444 1002 1471 in
1019 1451 1134 1471 acumen
1151 1443 1290 1476 desinens,
1305 1451 1366 1470 cum
1385 1450 1492 1470 summo
1512 1443 1610 1469 rubore
1624 1443 1706 1476 puni-

915 1498 961 1518 cea
982 1495 1039 1522 est;
1056 1497 1118 1524 qute
1142 1497 1206 1517 vero
1226 1490 1298 1516 inter
1313 1490 1363 1516 has
1380 1490 1470 1516 media
1493 1489 1649 1522 intercedit,
1666 1467 1711 1524 ni-f

915 1544 973 1571 gra.
992 1520 1105 1570 Jamqui
1120 1543 1154 1564 ex
1178 1537 1220 1563 his
1241 1535 1339 1563 bibunt
1356 1536 1430 1572 (nam
1448 1540 1477 1562 et
1494 1536 1520 1563 iu
1539 1520 1712 1572 poeula'tor-f

915 1587 1016 1609 nautur
1035 1589 1067 1609 ea
1091 1581 1204 1617 cornua)
1233 1583 1251 1609 il
1276 1589 1364 1616 neque
1390 1589 1518 1616 spasmo.
1544 1586 1575 1609 ut
1596 1581 1712 1623 feruntq

916 1628 1124 1663 corripiuntur,
1148 1635 1198 1656 nec
1226 1627 1321 1656 morbo
1343 1635 1433 1655 sacro.
1458 1627 1515 1654 Imo
1534 1635 1586 1655 nec
1602 1625 1712 1662 venenq‘

878 1689 899 1718 ε
917 1674 1099 1709 possuntlasdi
1114 1674 1179 1707 ullo,
1194 1674 1242 1709 qui
1257 1675 1337 1701 modo
1347 1678 1409 1701 ante
1424 1673 1466 1701 vel
1480 1679 1541 1708 post
1556 1673 1621 1700 illud
1639 1666 1712 1718 hau-ﬁ

917 1726 1001 1753 stum,
1015 1720 1120 1751 vinum,
1140 1727 1251 1755 aquam,
1268 1725 1314 1746 aut
1334 1719 1406 1746 aliud
1422 1719 1563 1754 quidpiam
1580 1726 1612 1745 ex
1629 1715 1712 1767 hlscei

918 1766 1021 1801 poculis
1033 1766 1188 1793 bibant.Ac
1202 1773 1264 1793 cum
1280 1765 1371 1792 caeteri
1384 1764 1492 1800 quidem
1506 1765 1565 1792 sive
1580 1764 1713 1804 mausue-j

919 1812 954 1844 ti,
971 1813 1028 1840 sive
1046 1812 1186 1840 silvestres
1205 1812 1287 1845 asini,
1309 1812 1416 1846 aliaque
1434 1812 1534 1846 quibus
1548 1811 1633 1839 solida
1656 1807 1713 1851 σπι-ξ

918 1858 979 1894 gula
996 1863 1049 1890 est,
1066 1858 1195 1886 animalia
1209 1860 1313 1891 omnia,
1329 1865 1418 1893 neque
1430 1859 1498 1885 talos
1515 1857 1644 1888 habeant,
1658 1854 1713 1884 ne-l

919 1912 972 1940 que
984 1905 1010 1931 in
1021 1904 1115 1939 jecore
1135 1905 1183 1937 fel,
1195 1905 1253 1932 hac
1265 1909 1355 1931 tamen
1367 1907 1481 1938 utraque
1496 1903 1522 1930 iu
1536 1903 1577 1930 his
1588 1894 1713 1930 invenire

919 1939 970 1983 est,
980 1956 1008 1979 et
1024 1951 1107 1978 talum
1122 1955 1198 1978 certe
1208 1950 1341 1982 omnium,
1356 1957 1425 1985 quos
1437 1949 1564 1984 equidem
1580 1939 1713 1979 viderim."

919 1997 1143 2034 pulcherrimum,
1161 1996 1237 2024 bovis
1250 1996 1305 2024 talo
1320 2001 1348 2023 et
1361 1995 1463 2030 specie,
1481 2000 1510 2022 et
1523 1994 1713 2035 magnitudine

920 2045 1048 2079 similem,
1059 2045 1107 2072 sed
1124 2044 1212 2071 instar
1230 2043 1334 2078 plumbi
1355 2049 1477 2077 gravent,
1489 2046 1515 2068 et
1528 2041 1602 2068 minii
1619 2039 1710 2067 colore

920 2092 954 2119 ad
967 2092 1059 2119 intima
1072 2098 1157 2125 usque
1166 2090 1319 2118 rubentem.
1331 2087 1537 2116 Velocissimum
1550 2093 1658 2121 quoque
1668 2089 1711 2113 est

920 2137 972 2164 hoc
991 2136 1090 2163 animal
1112 2143 1143 2163 ac
1165 2134 1385 2162 robustissimum
1401 2141 1408 2159 :
1430 2137 1459 2160 ut
1479 2140 1528 2160 nec
1541 2139 1640 2166 equus.
1658 2138 1711 2158 nec

921 2184 995 2211 aliud
1020 2183 1103 2210 ullum
1125 2182 1234 2216 assequi
1264 2182 1316 2209 hoc
1340 2179 1529 2216 persequendo
1554 2178 1651 2214 possit.
1677 2177 1711 2204 Et.

922 2230 1065 2257 remissius
1083 2228 1193 2263 quidem
1216 2228 1294 2255 initio
1316 2233 1428 2254 currere
1450 2225 1521 2253 solet
1546 2234 1553 2252 :
1572 2225 1620 2252 sed
1641 2224 1711 2252 miro

922 2277 1041 2312 quodam
1057 2275 1148 2308 modo,
1166 2282 1220 2309 quo
1235 2273 1337 2300 diutius
1350 2272 1491 2305 currit,eo
1505 2272 1636 2299 incitatur
1651 2279 1711 2298 Ina-

922 2322 973 2357 εἰς,
990 2326 1019 2348 ut
1030 2321 1090 2356 plus
1102 2325 1184 2356 atque
1197 2319 1316 2346 velocius
1333 2322 1439 2345 currat.
1452 2316 1530 2350 Quod
1544 2317 1628 2351 igitur
1641 2315 1711 2344 alias

78 2364 190 2398 φεύγειν
202 2362 400 2394 καταλιπόντες
417 2362 480 2394 τοὺς
499 2362 621 2396 πώλους,
644 2363 714 2390 ἀλλὰ
734 2364 862 2400 μάχονται

922 2375 1058 2402 nunquam
1085 2373 1132 2401 per
1163 2366 1335 2392 venationem
1366 2364 1427 2398 capi
1446 2368 1559 2397 posset,
1581 2363 1625 2389 ubi
1647 2361 1713 2390 suos

78 2411 122 2436 καὶ
144 2409 242 2443 κέρατι
261 2407 285 2424 ⁸⁸
319 2408 365 2434 καὶ
388 2407 558 2442 λακτίσμασι
587 2409 635 2435 καὶ
664 2408 798 2444 δήγμασι,
820 2410 867 2443 καὶ

78 2454 189 2486 πολλοὺς
205 2454 253 2480 καὶ
267 2454 368 2485 ἵππους
384 2454 430 2480 ναὶ
450 2453 551 2488 ἄνδρας
574 2454 758 2482 ἀπολλύουσιν
774 2476 781 2488 ,
804 2456 865 2482 ἀλί-

80 2510 186 2528 σκονται
200 2501 229 2529 δὲ
246 2501 294 2528 καὶ
304 2501 383 2528 αὐτοὶ
401 2501 572 2535 τοξευόμενοι
589 2502 638 2528 καὶ
651 2502 866 2538 ἀκοντιζόμενοι·

80 2547 164 2579 ζῶντα
180 2548 236 2583 γὰρ
251 2547 303 2574 οὐκ
324 2547 358 2573 ἂν
369 2547 473 2579 λάϐοις.
489 2547 529 2574 Τὰ
541 2546 570 2574 δὲ
585 2547 656 2583 κρέα
683 2548 728 2576 διὰ
751 2548 802 2584 τὴν
824 2558 869 2576 πι-

921 2414 1008 2448 pullos
1028 2413 1116 2440 adhuc
1138 2411 1262 2446 parvulos
1291 2409 1364 2446 ἥβη
1391 2411 1434 2441 _ad
1467 2415 1566 2443 pascua
1592 2408 1713 2435 circum-

921 2460 1022 2488 ducere
1039 2459 1133 2494 cmpit,
1147 2458 1232 2485 multo
1240 2457 1357 2492 cingitur
1369 2456 1493 2490 equitatu
1507 2463 1514 2481 :
1527 2462 1558 2482 ac
1571 2455 1634 2481 dum
1650 2453 1715 2481 reli-

922 2506 974 2534 ctis
985 2505 1065 2540 pullis
1082 2504 1144 2540 fuga
1157 2504 1208 2531 sibi
1226 2503 1372 2531 consulere
1387 2510 1441 2529 non
1462 2500 1530 2532 vult,
1545 2500 1593 2527 sed
1613 2507 1712 2531 cornu,

923 2552 1056 2585 calcibus,
1071 2550 1208 2578 morsibus
1224 2551 1260 2577 ita
1272 2553 1372 2581 certat,
1384 2553 1412 2575 ut
1427 2547 1526 2574 multos
1541 2554 1602 2574 cum
1615 2553 1711 2580 equos,

736 2616 856 2645 VARIE
881 2617 1084 2645 LECTIONES.

111 2663 135 2680 ⁸³
149 2665 262 2695 τούτους
279 2673 310 2696 ς.
348 2664 372 2680 ⁵⁵
385 2663 527 2699 βιωτεύειν
542 2666 575 2694 Α.
611 2666 634 2682 ⁸⁷
652 2662 724 2693 οὗτοι
738 2665 761 2693 Α
774 2674 780 2692 :
793 2666 872 2693 αὐτοὶ
883 2675 903 2699 ς·

81 2707 166 2731 ms;
179 2709 210 2732 ς.

82 2740 141 2762 nus.
176 2735 199 2751 ⁸⁸
215 2732 264 2762 οὖν
279 2743 335 2763 om.
348 2732 382 2762 Α.
394 2732 400 2736 ⁷
413 2732 419 2735 ⁷
431 2736 454 2752 ⁶⁸
467 2736 566 2771 κέρασι
581 2745 612 2769 ς.

954 2665 977 2682 ⁵⁸
994 2666 1031 2697 οἱ]
1047 2665 1094 2692 καὶ
1109 2665 1134 2692 οἱ
1149 2673 1180 2698 ς.
1216 2664 1239 2680 "
1255 2663 1301 2691 καὶ
1315 2668 1343 2691 et
1357 2663 1449 2698 ἔχουσι
1481 2671 1535 2690 om.
1553 2663 1586 2690 Α.
1598 2697 1611 2698 7
1630 2661 1652 2677 ⁶⁶
1663 2660 1714 2698 τι.

249 2700 271 2715 ⁶¹
284 2695 337 2726 τοῦ
353 2695 500 2737 φαρμάκου
514 2701 546 2728 Δ.
560 2702 583 2718 ⁶¹
597 2701 647 2728 οὐκ
666 2700 773 2737 ἔχουσιν
785 2702 847 2729 add.
865 2695 904 2730 re.
925 2701 958 2729 Α.
997 2695 1119 2737 ⁸⁸ὀῧτοι]
1134 2695 1243 2737 ἐῇουσιν
1265 2699 1342 2726 αὐτοὶ
1357 2695 1389 2731 gf.
1425 2698 1448 2714 “
1461 2699 1570 2725 πλείονα
1595 2695 1713 2731 Stepha-

826 2784 942 2812 NOTAE.

118 2829 175 2870 (52)-
186 2830 281 2870 Totam
302 2830 372 2859 hanc
388 2831 585 2865 narrationem,
606 2831 717 2859 mutatis
729 2831 860 2870 duntaxat
883 2831 987 2867 aliquot
997 2830 1149 2864 vocabulis,
1162 2828 1257 2858 retulit
1273 2826 1375 2856 Elian.
1397 2827 1424 2854 in
1449 2834 1508 2861 cap.
1532 2825 1577 2858 52,
1601 2823 1647 2851 lib.
1673 2828 1710 2855 ιν,

85 2863 237 2896 Βεάξιὶιιεοί.
