1934 3089
219 159 273 194 227

794 157 927 188 PHOTII
946 155 1199 188 PATRIARCHE
1219 156 1276 187 (ΣΡ.

1802 138 1858 188 ξὲθ

222 222 280 244 tum
291 215 366 243 viros
379 214 530 248 interimat,
544 214 654 249 sagittis
666 213 775 241 tandem
792 220 825 241 ac
837 213 936 248 jaculis
944 221 1011 241 con-

1069 213 1184 249 ιρότητα
1204 210 1318 248 ἀϐρωτά
1342 209 1577 247 sesua-ripensem
1600 209 1630 238 δὲ
1651 209 1706 238 τῶν
1729 209 1856 246 κεράτων

220 261 324 290 iussum
346 262 418 298 (cum
443 261 534 288 vivum
558 260 686 296 nequeat)
710 260 829 295 capitur.
852 259 956 287 Carnes
977 259 1013 287 ob

1064 260 1115 286 καὶ
1129 259 1185 287 τῶν
1195 257 1377 294 ἀστραγάλων
1391 257 1497 285 ἕνεκεν.

220 308 375 336 amaritiem
400 308 442 336 edi
467 316 520 336 non
539 312 666 343 possunt.
687 307 782 343 Neque
803 314 869 335 vero
891 308 926 335 ob
941 307 1015 336 aliud
1035 306 1187 343 quidpiam,
1202 313 1284 342 quam
1303 311 1415 342 propter
1429 305 1516 334 solum
1534 312 1620 334 cornu
1650 309 1679 333 et
1702 304 1773 333 talos
1804 303 1858 332 hoc

220 355 322 383 animal
338 359 482 382 venantur.

261 399 388 427 ludorum
416 401 442 427 in
461 401 573 429 ltuinine
596 401 696 430 vermis
721 402 843 429 nascitur
863 401 939 437 (55),
964 401 1012 434 ait,

220 446 312 480 specie
327 446 437 480 quidem
455 446 492 474 illi
516 447 568 474 non
586 447 732 481 absimilis,
749 448 796 482 qui
820 447 925 475 innasci
950 447 1012 475 lieni

220 492 312 519 arbori
328 492 399 519 solet
418 493 484 520 :sed
501 493 609 520 cubilos
624 499 727 529 septem
745 493 842 529 longus
860 493 924 528 (etsi
941 492 1012 520 alius

220 538 275 565 alio
291 538 389 573 major,
404 539 559 573 minorque)
573 543 600 566 et
614 539 652 566 ita
673 547 792 572 crassus,
808 544 838 566 ut
847 546 910 567 eum
921 539 1013 567 decem

221 590 354 610 annorum
368 591 436 618 puer
446 589 562 618 utroque
577 584 620 610 vix
635 583 751 612 brachio
767 584 894 619 amplecti
905 588 990 618 queat
1005 591 1012 610 :

222 629 291 655 duos
308 628 493 655 tantummodo
508 628 588 655 habet
603 628 708 662 dentes,
725 637 807 664 supra
832 637 926 663 unum,
947 629 1015 656 alte-

223 681 283 700 rum
298 673 388 707 inira;
406 674 448 701 his
467 674 598 709 quidquid
621 675 807 710 prehenderit,
826 676 948 703 devorat.
971 676 1015 703 ln-

223 719 310 746 terdiu
324 719 351 746 in
365 726 446 746 emno
462 719 584 747 ﬂuminis
604 728 789 754 commorans,
803 726 885 749 noctu
910 726 1013 749 tantum

222 765 372 799 egreditur.
389 765 466 798 Quod
478 766 500 793 si
518 770 573 792 tum
582 765 690 793 forteiu
703 766 799 794 bovem
817 771 864 793 aut
879 767 1013 794 cainelmn

222 809 360 843 inciderit,
376 819 469 838 morsu
483 817 638 846 correptum
653 811 680 839 in
694 810 793 839 ﬂumen
807 812 900 846 trahit,
914 817 1013 840 totum-

221 864 275 892 que
291 862 391 892 praeter
411 858 497 886 solum
522 863 658 892 ventrem,
674 863 763 886 vorat.
789 858 902 894 Capitur
917 859 1012 894 grandi

222 904 303 931 hamo
325 904 403 940 cujus
425 904 524 932 ferreis
538 904 645 932 catenis
662 904 770 932 haedum
786 905 844 932 sive
860 913 958 940 agnum
975 905 1014 931 al-

1099 399 1163 426 ὀτι
1176 398 1206 426 ιν
1222 397 1261 434 τῷ
1275 397 1389 433 ποταμῷ
1410 396 1465 424 τῶν
1482 396 1571 423 Ἰνδῶν
1583 396 1606 412 ⁸⁷
1622 394 1731 431 σκώληξ
1746 395 1859 429 γίνεται

1063 446 1095 474 τὸ
1111 446 1162 482 μὲν
1174 442 1255 477 εἶδος,
1266 442 1375 480 οἷόνπερ
1397 443 1427 470 ἑν
1436 444 1496 475 ταῖς
1510 443 1608 474 συκαῖς
1623 441 1704 469 εἴωθε
1719 441 1856 476 γίνεσθαι,

1063 493 1096 520 τὸ
1109 492 1139 519 δὲ
1155 491 1243 527 μῆκος
1257 491 1356 526 πήχεις
1370 489 1393 505 ⁵⁸
1404 488 1484 522 ἑπτά,
1495 489 1543 515 καὶ
1556 487 1665 523 μείζους
1680 487 1708 514 δὲ
1719 487 1766 514 καὶ
1775 487 1857 514 ἐλάτ-

1063 546 1142 571 τους·
1159 537 1190 564 τὸ
1206 537 1235 564 δὲ
1249 536 1335 572 πάχος
1357 534 1490 562 δεκαετέα
1514 533 1598 561 παῖδα
1617 532 1694 568 μόλις
1715 533 1781 567 φασὶ
1795 532 1858 564 ταῖς

1064 585 1144 621 χερσὶ
1161 583 1330 620 περιλαϐεῖν.
1348 582 1461 617 Ἔχουσι
1477 580 1506 608 δὲ
1524 579 1634 611 ὀδόντας
1660 579 1717 611 δύο,
1733 579 1781 606 ἕνα
1799 578 1860 606 ἀνω

1065 631 1112 659 καὶ
1137 631 1186 658 ἕνα
1211 630 1304 657 κάτω·
1326 627 1390 665 [156
1415 626 1463 665 IL]
1477 627 1549 654 καὶὸ
1564 635 1591 654 τι
1614 625 1647 653 ἂν
1670 625 1773 653 λάϐωσι
1799 626 1860 657 τοῖς

1064 678 1166 711 ὀδοῦσι,
1181 676 1366 704 κατεσθίουσι.
1381 674 1436 702 Καὶ
1450 675 1501 710 τῆν
1518 673 1568 710 μὲν
1590 673 1695 709 ἡμέραν
1709 673 1737 699 ὲν
1752 673 1785 707 τῇ
1804 671 1861 698 ἰλύῖ

1064 725 1112 753 τοῦ
1130 723 1254 760 ποταμοῦ
1269 722 1436 754 διαιτῶνται,
1452 722 1486 756 τῇ
1499 720 1527 747 δὲ
1540 720 1618 747 νυκτὶ
1629 719 1796 755 ἐξέρχονται,
1810 718 1861 745 καὶ

1066 772 1114 800 ὲάν
1125 780 1179 798 τινι
1194 770 1294 806 ἐντύχῃ
1308 769 1330 786 ⁸⁸
1345 769 1375 796 ὲν
1390 769 1423 804 τῇ
1444 768 1480 802 γῇ
1493 766 1535 802 βοῒ
1551 766 1568 802 ἦ
1584 765 1699 801 καμήλῳ
1711 766 1759 792 καὶ
1773 764 1859 800 δάκῃ,

1068 817 1208 845 συλλαϐὼν
1230 816 1304 844 ἕλκει
1321 816 1362 848 είς
1384 815 1431 842 τὸν
1455 813 1594 849 ποταμὸν,
1615 812 1664 839 καὶ
1682 812 1771 839 πάντα
1790 819 1862 838 κατ-

1067 865 1151 892 εσθίει
1160 864 1231 899 πλὴν
1245 863 1296 898 τῆς
1307 861 1423 893 κοιλίας.
1438 859 1599 896 Ἀγρεύεται
1613 858 1642 886 δὲ
1653 858 1795 893 ἀγκίστρῳ
1807 865 1862 892 με-

1067 910 1152 945 γάλῳ,
1182 909 1277 945 ἔριφον
1305 907 1322 944 ἢ
1346 907 1416 943 ἀρνα
1439 906 1609 942 ὲνδησάντων
1629 905 1652 920 ⁷⁵
1673 905 1720 931 καὶ
1744 903 1861 930 ἁλύσεσι

222 949 380 985 ligaverint.
395 950 510 986 Captum
524 951 581 987 (54)
597 959 645 986 per
656 952 715 979 dies
731 951 840 986 triginta
851 959 1013 986 suspensum

1069 956 1192 993 σιδηραῖς
1205 954 1426 991 ὲναρμοσάντων.
1444 952 1644 988 ’Δγρεύσαντες
1662 950 1691 977 δὲ
1708 949 1864 986 τριάκοντα.

222 1001 328 1029 tenent,
340 997 488 1032 suppositis
503 998 587 1030 vasis,
602 998 772 1033 distillatque
785 998 888 1025 interea
905 1002 1011 1033 tempo-

222 1042 262 1070 ris
278 1050 311 1070 ex
329 1051 361 1070 eo
377 1044 492 1079 liquoris
509 1048 627 1078 tantum,
643 1050 776 1079 quantum
800 1045 893 1072 decem
917 1045 1013 1080 cotylae

220 1088 318 1116 Attica:
335 1089 456 1124 capiant.
481 1089 547 1117 Post
562 1090 635 1118 diem
652 1090 822 1118 tricesimum
836 1097 955 1118 vermem
973 1091 1014 1126 ip-

221 1142 282 1162 sum
295 1136 438 1171 abjiciunt,
454 1135 600 1171 oleumque
614 1136 698 1172 probe
711 1144 744 1164 ac
764 1141 822 1163 tuto
838 1136 1009 1164 reconditqu

221 1182 256 1208 ad
282 1181 369 1208 solum
393 1180 521 1209 Indorum
543 1189 634 1216 regem
661 1181 793 1215 aﬂ'erunt;
818 1189 881 1208 nam
897 1182 1013 1209 aliorum

223 1228 325 1254 nemini
341 1227 444 1263 aliquid
458 1227 539 1262 hujus
553 1228 607 1256 olei
622 1228 693 1262 apud
704 1235 734 1255 se
748 1228 848 1255 habere
862 1227 937 1256 licet.
950 1228 1014 1256 Cui-

223 1280 333 1308 cunquc
356 1278 447 1300 autem
468 1273 508 1301 rei
526 1273 610 1301 hocce
623 1273 712 1301 oleum
728 1273 809 1300 fuerit
827 1273 1012 1308 superfusum,

222 1326 285 1346 eam
311 1319 454 1353 accendit;
480 1319 600 1354 adeoque
619 1319 689 1354 ligna
708 1320 766 1354 ipsa
782 1323 863 1354 atque
888 1320 1014 1347 animalia

223 1364 358 1392 comburit
379 1373 388 1393 :
407 1372 496 1400 neque
518 1365 599 1392 aliter
635 1365 773 1400 exstingui
805 1369 913 1400 potest,
932 1372 1014 1400 quam

224 1410 303 1438 multi
319 1410 460 1445 crassique
473 1410 522 1438 luti
532 1410 646 1445 injecto.

261 1454 331 1483 Sunt
345 1456 417 1489 apud
427 1453 509 1483 Indos
519 1455 633 1484 arbores
652 1456 736 1484 cedro
750 1461 798 1484 aut
811 1462 943 1490 cupresso
955 1463 1016 1490 pros

223 1504 339 1529 ceruate
355 1507 446 1535 pares,
458 1501 555 1536 palma
567 1500 659 1535 foliis;
671 1503 753 1537 paulo
766 1508 857 1529 tamen
869 1502 1016 1530 latioribus

223 1553 252 1576 et
272 1548 375 1583 absque
406 1548 469 1584 sinp
480 1548 539 1577 sive
556 1549 660 1578 taxilla.
684 1549 792 1577 Florem
817 1549 918 1576 habent
947 1548 1016 1576 lauri

225 1595 353 1622 masculae
370 1594 498 1628 similem,
525 1595 574 1623 sed
588 1594 706 1622 fructum
720 1595 822 1623 nullum
845 1594 946 1623 ferunt.
960 1593 1016 1622 No-

1065 1005 1172 1042 ήμέρας
1189 1004 1330 1040 κρεμῶσιν
1353 1002 1434 1030 αὐτὸν
1450 1002 1472 1018 ⁷³
1493 1001 1540 1029 καὶ
1561 1001 1661 1036 ἀγγεῖα
1684 999 1863 1032 ὑποτιθέασι,

1065 1050 1114 1078 καὶ
1129 1051 1172 1086 pe!
1183 1049 1213 1083 ἐξ
1224 1049 1306 1076 αὑτοῦ
1321 1049 1384 1076 ὅσον
1397 1047 1463 1075 δέκα
1477 1046 1593 1079 κοτύλας
1603 1045 1731 1077 Ἀττικὰς
1745 1044 1776 1071 τὸ
1788 1044 1865 1080 πλῆ-

1066 1096 1123 1129 θος.
1149 1096 1235 1123 Ὅταν
1260 1095 1290 1123 δὲ
1316 1094 1488 1130 παρέλθωσιν
1516 1093 1545 1120 αί
1569 1093 1716 1129 τριάκοντα
1740 1090 1864 1126 ἡμέραι,

1065 1142 1268 1178 ἀπορρίπτουσι
1283 1141 1328 1168 τὸν
1345 1139 1484 1175 σκώληκα,
1502 1138 1549 1166 καὶ
1559 1138 1590 1165 τὸ
1602 1137 1691 1165 ἔλαιον
1705 1135 1864 1170 ἀσφαλισά-

1068 1195 1144 1222 μενοι
1159 1187 1255 1221 ἀγουσι
1268 1186 1308 1222 τῷ
1325 1185 1432 1221 βασιλεῖ
1454 1185 1528 1221 μόνῳ
1542 1183 1597 1210 τῶν
1617 1183 1708 1210 Ἰνδῶν
1718 1189 1725 1197 ·
1741 1181 1815 1217 ἄλλῳ
1829 1181 1864 1208 δὲ

1066 1232 1117 1259 οὐκ
1131 1231 1235 1265 ἔξεστιν
1260 1231 1290 1264 ἐξ
1317 1230 1400 1258 αὑτοῦ
1432 1229 1516 1266 ἐχειν.
1532 1228 1619 1256 Τοῦτο
1641 1228 1673 1254 τὺ
1699 1228 1799 1260 ἔλαιον,
1815 1227 1864 1262 ἐφ’

1038 1303 1044 1310 ,
1066 1277 1081 1304 ὃ
1094 1277 1116 1294 ⁷¹
1135 1277 1169 1304 ἃν
1183 1276 1313 1313 ὲπιχυθῇ,
1331 1276 1457 1309 ἀνάπτει,
1480 1275 1528 1303 καὶ
1546 1273 1712 1310 καταφλέγει
1728 1273 1796 1306 ξύλα
1811 1272 1863 1300 καὶ

1068 1321 1136 1355 ζῶα,
1151 1323 1199 1350 καὶ
1218 1322 1306 1355 ἄλλως
1329 1322 1361 1349 οὗ
1380 1321 1522 1349 σϐέννυται
1535 1321 1558 1348 εί
1575 1319 1614 1356 μὴ
1634 1319 1712 1356 πηλῷ
1724 1318 1816 1354 πολλῷ
1828 1327 1863 1346 τε

1068 1369 1117 1396 καὶ
1129 1370 1223 1405 παχεῖ.

1104 1457 1167 1484 Ὀτι
1183 1458 1242 1485 ἔστι
1256 1457 1353 1494 δένδρα
1365 1458 1396 1484 εν
1412 1457 1503 1489 Ἰνδοῖς
1517 1455 1608 1492 ὑψηλὰ
1624 1455 1719 1491 ὥσπερ
1731 1456 1830 1492 κέδρος
1843 1456 1864 1489 ἦ

1069 1504 1235 1540 κυπάριττος
1246 1505 1280 1536 ⁷³.
1294 1503 1328 1531 τὰ
1356 1503 1386 1530 δὲ
1413 1503 1501 1538 φύλλα
1519 1503 1613 1540 ὥσπερ
1644 1502 1742 1538 φοῖνιξ,
1767 1502 1864 1538 ὀλίγον

1069 1550 1226 1587 πλατύτερα
1233 1559 1241 1566 ·
1254 1552 1302 1578 καὶ
1314 1550 1484 1587 μασχαλίδας
1492 1550 1542 1578 οὐκ
1551 1550 1618 1586 ἔχει.
1627 1550 1717 1577 Ἀνθεί
1725 1549 1753 1576 δὲ
1764 1549 1864 1586 ὥσπερ

1069 1598 1086 1633 ἠ
1103 1598 1192 1634 ἄρσην
1206 1598 1305 1633 δάφνη,
1322 1597 1430 1634 καρπὸν
1445 1597 1468 1624 δ’
1490 1597 1540 1624 οὐκ
1555 1596 1622 1632 ἔχει.
1637 1596 1817 1632 Ὀνομάζεται
1830 1596 1864 1624 δὲ

225 1648 287 1668 men
303 1640 458 1669 illislndice
471 1640 602 1676 Carpion,
611 1640 706 1669 Graece
714 1640 868 1677 μυροφόρα.
881 1640 1014 1668 Distillant

1069 1643 1177 1671 Ἰνδιστὶ
1193 1644 1243 1679 μὲν
1257 1645 1387 1680 κάρπιον,
1406 1644 1560 1681 Ἑλληνιστὶ
1570 1644 1599 1671 δὲ
1612 1643 1767 1679 μυροφὸρα.
1779 1643 1864 1671 Ἐστι

224 1695 256 1715 ea
275 1688 325 1715 hac
341 1695 394 1714 non
405 1687 550 1716 admodum
563 1687 699 1723 frequenti
718 1687 826 1721 arbore,
847 1687 900 1715 olei
916 1687 1015 1722 cujus-

224 1735 288 1761 dam
304 1739 399 1768 guttae,
412 1741 482 1769 quas
501 1734 562 1762 lana
577 1735 610 1762 de
630 1738 728 1762 trunco
748 1734 887 1762 abstersas
906 1733 933 1761 in
949 1733 1018 1768 lapio

224 1781 292 1808 deos
303 1780 403 1809 deinde
417 1780 571 1809 alabastros
587 1781 756 1816 exprimunt.
771 1780 876 1808 Modice
887 1780 954 1807 illud
972 1787 1018 1807 ru-

224 1828 304 1855 brum
327 1832 388 1862 est,
411 1833 440 1856 et
471 1828 688 1856 crassiuseulum
723 1827 880 1855 suavissimi
905 1833 1018 1862 prorsus

226 1873 331 1907 odoris,
347 1881 429 1909 quem
443 1874 526 1901 etiam
541 1874 576 1901 ad
590 1873 715 1908 quintum
729 1879 816 1907 usque
827 1871 945 1900 stadium
965 1870 1019 1898 dii-

224 1920 300 1948 [ωιϋί
315 1920 404 1948 aiunt.
423 1919 480 1948 Soli
494 1924 585 1948 autem
599 1919 668 1955 regi,
689 1918 803 1953 ejusque
813 1916 974 1953 propinquis
991 1916 1018 1943 id

225 1966 326 1994 habere
342 1967 511 1994 conceditur.
531 1965 570 1992 Ex
584 1972 617 1992 eo
634 1972 696 1992 cum
710 1963 837 1991 Indorum
850 1970 896 1990 rex
910 1962 944 1989 ad
953 1961 1018 1989 Per-

223 2021 315 2041 sarum
335 2021 426 2049 regem
439 2014 542 2048 aliquid
557 2013 687 2045 misisset,
708 2012 809 2040 vidisse
820 2010 891 2047 ωδ
916 2018 946 2038 se
956 2017 1018 2037 nar-

223 2066 266 2088 rat
289 2061 407 2092 Ctesias,
433 2060 572 2094 talemque
591 2060 702 2087 odorem
730 2058 902 2093 percepisse,
930 2056 1019 2090 qualis

224 2114 313 2140 neque
332 2106 423 2133 verbis
437 2105 565 2138 exprimi,
583 2112 671 2139 neque
682 2112 743 2132 cum
756 2103 811 2131 alio
826 2102 881 2130 ullo
894 2100 1015 2129 conferri

224 2157 326 2187 posset.

260 2199 375 2226 Casenm
403 2198 467 2225 item
484 2191 530 2224 ‘ac
567 2197 658 2224 vinum
684 2196 805 2223 omnium
826 2193 1016 2222 suavissimum

1068 1691 1097 1719 δὲ
1123 1691 1234 1719 σπάνια.
1255 1691 1362 1718 Ῥέουσι
1386 1691 1415 1718 δὲ
1438 1690 1468 1724 ἐξ
1491 1689 1574 1718 αὐτοῦ
1597 1690 1688 1717 ἐλαίου
1718 1689 1864 1724 σταγόνες,

1068 1736 1115 1770 οὓς
1128 1736 1152 1753 ⁷⁵
1164 1737 1230 1773 ἐρίῳ
1244 1736 1405 1772 ἀναψῶντες
1419 1736 1474 1764 ἀπὸ
1484 1736 1531 1763 τοῦ
1544 1735 1653 1772 δένδρου
1664 1735 1865 1767 ἀποπιέζουσιν

1068 1783 1109 1814 είς
1130 1782 1320 1818 ἀλαϐάστρους
1342 1782 1471 1814 λιθίνους.
1488 1783 1569 1810 Ἔστι
1591 1782 1620 1809 δὲ
1643 1781 1674 1808 τδ
1689 1782 1740 1817 μὲν
1761 1781 1864 1817 χρῶμα

1068 1829 1189 1865 ἀτρέμας
1213 1829 1368 1866 ὑπέρυθρον
1384 1830 1433 1857 καὶ
1458 1829 1597 1865 ὑπόπαχυ,
1613 1829 1671 1861 ὄζει
1695 1828 1724 1855 δὲ
1750 1829 1865 1856 πάντων

1070 1871 1116 1908 [95
1129 1872 1174 1909 IL]
1191 1873 1300 1909 ἥδιστον
1311 1882 1318 1889 ·
1334 1873 1406 1907 ὄζειν
1417 1874 1446 1901 δέ
1464 1883 1548 1909 φασιν
1569 1874 1637 1901 αὐτὸ
1653 1875 1700 1901 καὶ
1718 1874 1766 1901 ἐπὶ
1778 1873 1865 1901 πέντε

1069 1917 1203 1950 σταδίους.
1217 1918 1300 1954 Μόνῳ
1312 1918 1341 1946 δὲ
1356 1918 1463 1954 βασιλεῖ
1474 1918 1572 1954 κτητόν
1582 1919 1639 1945 ἐστι
1649 1918 1728 1946 τοῦτο
1743 1919 1792 1946 καὶ
1805 1920 1865 1951 τοῖς

1069 1964 1229 1998 συγγενέσιν
1242 1964 1338 1993 αὑτοῦ.
1355 1965 1410 1993 Καὶ
1426 1965 1549 2002 ἔπεμψεν
1564 1965 1587 1981 ⁷⁵
1601 1967 1615 1992 ὁ
1629 1964 1716 1992 Ἰνδῶν
1730 1964 1770 2000 τῷ
1788 1965 1865 2000 Περ-

1069 2011 1125 2038 σῶν
1142 2010 1257 2045 βασιλεῖ,
1284 2011 1331 2039 καί
1349 2020 1432 2047 φησιν
1445 2012 1468 2028 ⁷⁸
1485 2012 1549 2039 ίδετν
1571 2011 1640 2038 αὐτὸ
1661 2011 1795 2047 Κτησίας,
1814 2012 1864 2038 καὶ

1069 2058 1257 2094 ὀσφρανθῆναι
1273 2059 1360 2095 ὀσμῆς
1373 2059 1433 2091 οἵας
1447 2058 1508 2086 οὔτε
1518 2059 1605 2086 εἰπεῖν
1618 2057 1652 2095 ἦν
1665 2057 1728 2085 οὕτε
1738 2058 1865 2086 studeat.

1104 2192 1166 2219 ’Ὁτι
1183 2192 1230 2218 τδν
1242 2191 1325 2226 τυρὸν
1338 2189 1442 2217 καὶτὸν
1456 2187 1529 2216 οἶνον
1545 2189 1655 2216 πάντων
1672 2189 1741 2224 φησὶ
1756 2189 1864 2224 γλυκύ-

224 2243 326 2271 habere
347 2243 397 2270 hos
417 2247 528 2276 narrat,
554 2242 636 2276 idque
661 2248 691 2268 se
719 2239 854 2274 gustaudo
874 2242 1014 2273 expertum

1069 2246 1159 2270 τατον,
1175 2237 1214 2269 ὡς
1224 2237 1317 2270 αὐτὸς,
1330 2236 1409 2273 φησὶ,
1426 2235 1521 2271 φαγὼν
1535 2236 1579 2262 διὰ
1599 2235 1698 2272 πείρας
1710 2236 1826 2271 ἔμαθεν.

223 2290 363 2318 didicisse.

259 2335 342 2369 Fons,
362 2336 410 2367 ait,
429 2335 456 2362 in
472 2335 555 2362 lndiis
571 2339 614 2361 est.
636 2333 769 2367 quadrata
783 2330 881 2362 forma,
895 2329 1014 2364 quinque

1104 2330 1166 2357 Ὅτι
1176 2329 1280 2365 κρήνην
1294 2329 1316 2345 ⁷⁷
1331 2329 1359 2355 ὲν
1367 2327 1459 2360 Ἰνδοῖς
1469 2335 1563 2363 φησιν,
1575 2327 1638 2354 ὅσον
1648 2326 1729 2354 πέντε
1741 2326 1866 2362 ὀργυιῶν

223 2383 337 2410 circiter
347 2382 472 2409 ulnarum
482 2380 596 2408 ambitu.
610 2379 694 2414 Hujus
706 2386 776 2413 aqua
787 2373 907 2405 ilaintra
918 2383 1014 2404 saxum

1069 2377 1086 2412 ἡ
1101 2376 1278 2412 περίμετρος,
1302 2375 1474 2411 τετράγωνος
1490 2374 1514 2390 ⁷⁸
1527 2373 1566 2401 δέ.
1583 2374 1662 2400 Ἐστι
1682 2373 1711 2400 δὲ
1733 2373 1766 2400 τὺ
1788 2373 1865 2410 ὕδωρ

224 2429 392 2460 coutinetur,
407 2433 435 2454 ut
451 2435 466 2454 a
489 2427 567 2455 labro
587 2427 620 2453 ad
646 2426 732 2460 ipsam
757 2425 838 2452 trium
856 2423 1013 2451 cubitorum

1069 2424 1098 2451 ὲν
1112 2422 1200 2458 πέτρᾳ
1212 2430 1219 2438 ·
1235 2422 1317 2457 βάθος
1336 2422 1364 2448 δὲ
1389 2419 1460 2449 εἶναι
1485 2420 1569 2456 μέχρι
1590 2420 1638 2447 τοῦ
1655 2419 1752 2451 ὓδατος
1775 2420 1865 2455 τριῶν

223 2476 342 2510 spatium
357 2474 520 2507 intercedat,
541 2481 611 2508 aqua
632 2480 696 2499 vero
709 2472 767 2506 ipsa
787 2471 868 2498 trium
886 2470 1014 2498 similiter

1069 2469 1175 2505 πηχῶν,
1189 2469 1220 2496 τὸ
1235 2469 1264 2496 δὲ
1283 2468 1345 2496 καθ’
1360 2468 1456 2499 ὕδατος
1475 2467 1562 2502 τριῶν
1583 2466 1713 2502 ὀργυιῶν.
1727 2466 1864 2494 Δούονται

223 2521 348 2550 ulnarum
370 2520 542 2548 altitudinem
562 2524 662 2547 teneat.
691 2518 796 2546 Lavant
817 2518 844 2544 in
867 2525 899 2544 ea
931 2517 1012 2552 (cum

1069 2514 1096 2541 δὲ
1109 2515 1139 2541 ἐν
1155 2513 1231 2550 αὺτῷ
1245 2514 1270 2541 οι
1296 2514 1495 2550 ἐπισημότατοι
1509 2513 1564 2540 τῶν
1578 2513 1746 2557 Ὶνδῶνηκαὶ
1762 2513 1864 2548 ἄνδρες

863 2584 978 2613 νΑΡιΙΑΞ
1000 2584 1201 2613 LECTIONES.

257 2661 280 2677 "'
303 2660 394 2688 malim
410 2659 450 2695 τῷ
471 2659 554 2695 Ἰνδῷ.
580 2657 740 2695 ν⁶³γπήχεων
748 2665 809 2695 5‘.“
820 2656 845 2695 ’ξ
860 2656 908 2695 ὲᾴν
920 2664 973 2695 τινι
991 2655 1090 2695 ἐντύχῃ
1106 2655 1130 2683 Α
1144 2664 1151 2683 :
1170 2656 1273 2695 τούτῳν
1289 2656 1320 2695 85
1332 2656 1367 2695 ᾖν
1382 2656 1481 2695 ἐντύχῃ
1498 2655 1552 2695 etv}
1566 2664 1602 2695 ς..
1648 2655 1672 2671 ⁷³
1689 2653 1864 2695 ὲνδησάςιτων

221 2697 260 2743 .Ξῷ
274 2696 415 2743 textui“,
427 2688 479 2743 ἐπὶ
495 2688 712 2743 ῗςιέειέᾗτξμλι
747 2688 770 2708 ⁷⁵
784 2691 822 2743 ὃ).
829 2688 850 2725 ᾧ
870 2692 903 2743 Αζ
947 2691 970 2707 ⁷³
985 2688 1157 2743 κυῇέίρίὲσος
1175 2701 1206 2725 ς.
1221 2692 1267 2743 ⁷⁸⁷⁸
1283 2691 1341 2735 οὓς]
1357 2688 1522 2724 nonnemﬁg?
1537 2690 1690 2725 ἀνάψαντες
1705 2698 1735 2722 ς.
1776 2689 1799 2704 ⁷⁸
1813 2688 1864 2715 καὶ

222 2727 346 2768 ἐπεμψεν
360 2727 383 2758 Ᾱ
399 2727 408 2759 Ξ
426 2730 534 2766 ἔπεμψε
544 2729 573 2757 δὲ
584 2729 613 2763 ἐξ
631 2728 714 2755 αὐτοῦ
729 2736 759 2760 ς.
799 2727 822 2743 ⁷⁸
839 2727 922 2761 φασὶν
939 2735 970 2759 ς.
1018 2727 1039 2742 ⁷⁷
1052 2727 1141 2762 κρήνη
1152 2735 1182 2760 ς.
1221 2727 1244 2743 ⁷⁸
1256 2727 1427 2764 τετράγωνος
1444 2734 1499 2755 om.
1516 2735 1546 2760 ς.

980 2784 1096 2815 ΝΟΤΑΕ.

258 2851 315 2888 (55)
333 2851 396 2888 llaec
417 2852 489 2887 ipsa.
508 2849 660 2888 atqueqalia
680 2849 713 2875 tle
731 2848 792 2888 hoc"
801 2854 892 2875 verme
913 2846 1002 2882 plura,
1017 2845 1152 2881 excerpsit
1176 2852 1207 2873 ex
1225 2845 1316 2874 Ctesia
1334 2844 1433 2874 Elian.
1460 2844 1508 2874 lib.
1528 2851 1555 2879 v,
1569 2851 1630 2879 cap.
1646 2843 1674 2878 3,
1694 2842 1731 2872 De
1746 2841 1860 2870 animal.

259 2884 315 2922 (54)
335 2887 408 2916 idem
424 2884 458 2916 de
473 2894 504 2916 eo
518 2892 544 2914 et
556 2885 735 2914 Philostratus
750 2884 842 2911 rel‘crt.
