1934 3089
257 167 314 199 2Ἰ5

840 165 972 196 ΡΙΙΟΤΙῙ
988 162 1243 196 PATRIARCIIIE
1260 163 1315 194 ΟΡ.

1844 164 1900 194 230

261 223 438 257 pcriti~simo.
455 221 579 249 Fratrem
605 222 648 249 hic
683 222 775 255 itaque
806 227 910 256 tergum
935 227 1051 253 venere,

1108 219 1213 254 Θύαμις
1224 219 1253 245 δὲ
1267 219 1390 253 ἐγεγόνει
1414 219 1626 255 ἐμπειρότατος.
1639 219 1685 247 Διὸ
1700 221 1749 246 καὶ
1763 221 1902 256 τρέπεται

261 267 430 302 abjectisque
459 267 545 293 armis
569 274 601 293 se
626 266 768 301 proripere
792 267 873 301 cogit.
896 265 1049 293 lnsectatur

261 314 401 350 Thyamis,
413 318 440 341 et
455 313 549 340 urbem
559 313 658 347 saepius
673 320 754 340 cursu
768 313 900 340 ambiunt.
914 311 1048 348 Thyamin

260 361 419 395 Theagenes
430 359 564 395 sequitur,
584 366 667 394 quem
693 359 782 386 visum
809 358 916 393 deperit
935 359 1048 390 Arsace,

262 407 410 434 Oroondati
428 406 537 441 conjux.
551 404 754 440 Superveniunt
766 404 896 432 Calasiris
910 409 938 431 et
949 404 1048 431 Chari-

259 453 330 479 clea.
343 452 375 479 Et
386 451 432 479 ille
450 451 559 486 quidem
576 451 678 478 liberos
690 450 801 484 cognito
815 450 841 477 in
860 455 981 477 tnutuam
995 458 1047 478 cte-

261 499 322 526 dem
336 506 417 525 ruere
434 497 606 532 (Calasiridis
619 496 692 524 enim
708 497 754 524 ﬁlii
773 496 903 532 Thyamis
922 503 954 523 ac
968 496 1049 523 Peto-

260 546 325 573 siris
339 544 428 579 erant)
441 543 574 576 accurrit,
587 548 615 570 et
635 543 756 570 clamore
767 543 885 575 sublato,
899 550 972 578 aegre
998 551 1050 569 caa-

260 592 321 618 dem
335 591 464 622 inhibuit,
475 591 547 625 quod
565 590 608 617 vix
620 594 759 624 parentem
771 589 848 616 liberi
858 594 1048 624 agnoscerent.

260 636 402 663 Chariclea
416 636 452 663 ibi
465 636 491 663 in
501 635 674 669 Theagenem
685 634 790 666 incidit,
801 641 834 662 ac
848 634 945 668 positis
953 627 1049 661 deinde

260 683 356 716 armis,
381 683 562 710 sacerdotium
589 682 720 718 Thyamis
741 682 854 716 adeptus
870 689 886 708 a
898 686 975 716 patre
996 685 1048 713 est,

258 730 305 764 qui
323 737 385 757 mox
399 729 455 756 vita
468 728 597 756 decessit.

294 821 335 848 En
357 821 454 848 iterum
470 819 575 847 insidiae
595 819 709 847 Arsaces
727 819 754 846 in
773 819 945 852 Theagenem
959 817 1050 844 adole-

260 873 393 900 scentem,
416 871 442 894 et
470 866 653 894 Charicleam.
679 865 794 901 Cybeles
817 871 924 900 quoque
945 863 1049 890 ancillas

1099 265 1144 292 τὸν
1161 265 1286 300 ἀδελφόν.
1307 265 1337 291 '0
1349 265 1377 291 δὲ
1392 265 1482 291 πάντα
1497 265 1579 301 ῥίψας
1597 265 1710 300 φεύγει,
1722 266 1769 293 καὶ
1790 267 1903 293 ἐπιδιώ-

1100 320 1144 339 κει
1156 311 1275 347 Θύαμις,
1291 312 1338 338 καὶ
1349 311 1496 339 κυκλοῦται
1517 312 1648 345 πολλάκις
1663 313 1679 347 ἡ
1693 313 1772 345 πόλις
1781 313 1838 340 ὑπὸ
1854 314 1902 340 τοῦ

1099 357 1212 392 δρόμου.
1229 358 1284 384 Καὶ
1311 357 1468 393 παρέπεται
1492 358 1631 394 Θεαγένης
1644 358 1774 394 Θυὰμιδι,
1785 360 1836 386 καὶ
1850 361 1904 395 sps

1100 403 1194 430 τοῦτον
1212 403 1305 429 ἰδοῦσα
1323 403 1447 438 Ἀρσάκῃ
1466 404 1483 439 ἡ
1511 403 1686 438 Ὀροονδάτου
1704 404 1726 420 ⁸⁸
1741 407 1822 440 γυνή.
1845 405 1904 432 Καὶ

1099 447 1305 482 καταλαμϐάνει
1328 447 1480 483 Καλάσιρις
1507 449 1555 476 καὶ
1577 448 1738 484 Χαρίκλεια.
1750 450 1807 477 Καὶ
1819 451 1836 477 ὁ
1851 449 1903 485 μὲν

1101 494 1163 520 ἰδὼν
1181 495 1244 525 τοὺς
1268 494 1369 526 παῖδας
1392 494 1453 522 κατ’
1473 494 1598 530 ἀλλήλων
1624 496 1764 530 φονῶντας
1789 497 1904 531 (παῖδες

1101 540 1156 574 γὰρ
1168 539 1335 575 Καλασίριδι
1351 540 1459 576 Θύαμις
1473 541 1521 567 καὶ
1540 541 1698 577 Πετόσιρις)
1719 543 1902 577 προστρέχει,

1099 586 1213 621 ἀναὸοᾷ,
1232 587 1310 621 μόλις
1323 586 1424 622 ἐπέσχε
1441 587 1488 614 τὸν
1501 587 1617 614 θάνατον
1633 588 1710 622 μόλις
1726 589 1780 615 τῶν
1791 589 1903 615 παίδων

1100 633 1181 660 αὑτὸν
1198 633 1396 667 ἐπεγνωκότων
1406 641 1414 648 ’
1427 634 1444 669 ἡ
1454 633 1484 660 δὲ
1499 633 1652 669 Χαρίκλεια
1663 634 1812 660 ἐπιπίπτει
1829 634 1904 660 Θεα-

1100 679 1184 712 γένει.
1211 680 1267 706 Καὶ
1298 679 1345 706 τοῦ
1371 679 1491 714 πολέμου
1533 679 1712 711 συσταλέντος
1744 680 1765 696 ¹⁹
1786 680 1902 714 δέχεται

1099 725 1207 760 Θύαμις
1236 726 1286 761 τὴν
1307 725 1461 761 ἱερωσύνην
1487 726 1563 760 παρὰ
1584 725 1607 741 ¹⁰
1622 726 1735 761 πατρὸς,
1763 726 1852 758 αὐτὸς
1874 725 1903 752 δὲ

1099 771 1227 806 τελευτᾷ.

1138 816 1222 851 Ἀλλη
1235 816 1317 843 πάλιν
1331 816 1463 851 ἐπιϐουλὴ
1480 816 1620 852 Ἀρσάκης
1631 817 1701 844 κατὰ
1711 817 1765 844 τῶν
1779 818 1903 844 νεανιῶν

1101 863 1253 897 Θεαγένους
1267 864 1314 890 καὶ
1330 863 1510 898 Χαρικλείας,
1531 864 1580 891 καὶ
1606 864 1731 900 Κυΰέλης
1750 866 1802 900 τῆς
1815 864 1904 900 θερα-

257 918 414 948 proruptum
439 913 472 938 ad
498 912 587 938 omnia
608 911 784 944 obsequium,
805 909 915 936 domum
934 907 1050 935 Arsaces

1108 910 1228 941 παινίδος
1240 909 1327 944 αὐτῆς
1341 909 1482 944 πρόθυμος
1501 910 1542 942 είς
1575 910 1666 937 πάντα
1686 911 1838 946 ὑπουργία,
1853 911 1903 938 καὶ

259 967 307 986 eos
331 958 486 990 evocantis,
507 957 586 990 hujus
598 963 705 991 quoque
726 962 803 982 amor
826 955 852 982 in
878 953 1048 987 Theagenem

261 1004 433 1037 immodicus,
455 1003 588 1031 machinis
611 1002 738 1030 omnibus
760 1000 887 1035 nequitia:
908 998 1048 1030 adhibitis,

258 1052 366 1086 viisque
380 1050 501 1085 quaesitis
520 1049 592 1076 omni
610 1048 846 1076 delinimenlornm
862 1052 971 1079 genere.
982 1044 1050 1071 Pra-

259 1105 321 1123 vmn
337 1097 388 1123 huc
401 1095 506 1122 accedit
519 1094 663 1122 consilium
680 1093 804 1128 Cybeles,
817 1099 876 1127 qua:
887 1095 1049 1118 venenatum

259 1143 409 1170 Charicles:
429 1141 553 1176 poculum
575 1140 692 1173 miscuit,
715 1139 817 1173 sospite
842 1143 930 1164 tamen
955 1136 1051 1164 Chari-

259 1190 328 1219 clen.
355 1189 404 1215 sibi
425 1195 516 1215 necem
538 1186 628 1214 attulit
647 1186 786 1213 veneﬁca.
808 1184 949 1211 Cruciatus
970 1188 1051 1217 atque

260 1242 380 1261 :erumna
405 1232 557 1267 Theagenis
581 1236 608 1258 et
631 1230 780 1257 Chariclea:
795 1248 803 1261 ,
834 1229 906 1263 quod
935 1228 1051 1254 Arsaces

259 1287 381 1306 amorem
393 1278 551 1312 Theogenes
562 1277 732 1304 detrectaret.
750 1274 893 1302 Chariclea
911 1272 980 1308 ignis
992 1279 1050 1307 pce-

262 1333 295 1352 na
315 1325 511 1352 condemnatur
525 1342 534 1356 ,
559 1323 606 1350 sed
634 1322 656 1348 is
679 1320 828 1348 Pantarbes
851 1318 929 1354 (63),
956 1317 1051 1352 lapidis

261 1371 394 1398 beneﬁcio
409 1369 601 1403 exstinguitur.
615 1367 661 1395 Sic
681 1367 764 1395 evasit
781 1367 806 1393 in
822 1364 965 1401 przesentia
981 1362 1052 1390 Cha-

262 1418 356 1445 riclea.
369 1418 470 1444 Ar5ace
481 1415 588 1443 interim
610 1413 751 1441 furibunda
766 1420 859 1440 necem
874 1411 900 1438 in
914 1415 1051 1445 posterum

262 1464 332 1490 diem
357 1462 528 1490 machinatur
552 1460 708 1488 Chariclen.
730 1458 909 1489 Oroondates,
936 1456 1052 1482 Arsaces

261 1508 388 1540 maritus,
410 1507 493 1534 mittit
508 1506 645 1543 [Bogoam
661 1501 836 1539 eunuchum]
851 1503 895 1536 qui
911 1507 990 1528 noctu
1003 1500 1052 1527 hos

258 1553 371 1586 juvenes
387 1559 479 1579 secum
500 1551 623 1585 sumpsit.
640 1549 709 1585 51b
739 1548 785 1575 Sic
801 1549 872 1575 enim
890 1547 1051 1580 imperatum

260 1599 359 1631 fuerat,
375 1604 515 1633 postquam
532 1597 638 1632 Cybelis
654 1596 734 1627 tihus,
749 1602 796 1629 spe
822 1593 942 1629 potiundi
955 1592 1052 1620 Chari-

261 1644 328 1672 clea:
353 1644 454 1678 nuptiis
471 1644 628 1673 frustratus,
654 1648 821 1676 quaecunque
835 1641 868 1667 ab
887 1641 988 1667 Arsace
1005 1647 1053 1673 pa-

264 1695 333 1718 trata
355 1695 456 1723 essent,
472 1690 504 1716 ad
520 1690 613 1717 herutn
629 1689 766 1723 profectus
784 1687 934 1714 nuntiasset
949 1687 1052 1713 omnia.

297 1736 455 1771 JEthiopum
477 1744 540 1762 mox
557 1735 680 1769 irruptio,
699 1739 845 1768 raptusque
861 1733 1013 1767 Theogenis
1026 1737 1054 1759 et

260 1782 428 1814 Charicleze,
458 1787 538 1816 atque
563 1781 595 1808 ad
618 1781 760 1816 Hydaspen
782 1779 938 1813 EtltiOpurn
962 1785 1052 1812 regem

263 1828 389 1856 abductio
402 1833 538 1859 narratur,
558 1831 585 1854 et
601 1831 630 1853 ut
647 1826 690 1852 ille
706 1825 814 1860 quidem
831 1823 885 1851 Soli
903 1824 964 1855 deo,
981 1823 1055 1850 Cha-

262 1876 346 1902 riclea
362 1883 425 1902 vero
441 1874 524 1902 Luna:
542 1877 715 1901 consecretur
735 1871 855 1899 victima.
877 1871 944 1898 llinc
966 1875 1054 1897 certa-

263 1923 335 1950 mina
349 1927 377 1949 et
391 1920 535 1953 sacriﬁcia,
556 1918 732 1955 prmsentibus
755 1917 921 1948 Sisimithro,
942 1924 1054 1952 gymno-

263 1969 446 2003 sophistarum
473 1966 606 2001 principe,
637 1972 698 1992 cum
731 1963 787 1991 suis
814 1962 1053 1999 gyrnnosophistis.

261 2019 345 2048 atque
370 2012 481 2040 Persina
506 2011 578 2045 regis
597 2017 691 2037 uxore.
713 2008 834 2036 Postulat
853 2008 994 2036 Chariclea
1012 2007 1053 2035 sui

262 2058 422 2086 defendendi
443 2061 602 2092 potestatem
628 2055 686 2082 ﬁeri
700 2055 770 2090 apud
787 2054 941 2090 Hydaspen.
965 2054 1054 2081 Causa

263 2105 334 2132 dicta
352 2109 403 2136 est,
425 2103 562 2138 iudicante
579 2101 746 2133 Sisimithro,
764 2101 932 2134 testibusque
956 2107 1055 2133 super-

262 2151 371 2178 stitibus
398 2149 594 2185 probantibus,
620 2147 753 2183 Hydaspis
777 2154 809 2174 ac
833 2146 951 2173 Persinre
971 2145 1053 2172 ﬁliam

263 2205 323 2224 csse
336 2195 517 2223 Charicleam.
541 2194 606 2228 Regi
625 2200 677 2220 non
698 2193 766 2220 satis
786 2193 986 2227 persuadetur;
1008 2191 1053 2225 qui

1100 955 1269 991 πρόσκλησις
1298 956 1388 983 αὐτῶν
1416 956 1463 982 ἐπὶ
1485 957 1535 992 τὴν
1565 957 1655 983 οἰκίαν
1676 957 1828 992 Ἀρσάκης,
1855 959 1903 984 καὶ

1100 1002 1171 1036 ἔρως
1183 1001 1267 1037 αὐτῆς
1284 1002 1351 1037 πρὸς
1365 1001 1506 1036 Θεαγένην
1531 1002 1732 1037 ἀκατάσχετος,
1745 1003 1794 1029 καὶ
1809 1011 1903 1038 μηχα-

1100 1047 1145 1074 ναὶ
1162 1047 1248 1074 πᾶσαι
1266 1047 1313 1074 καὶ
1331 1047 1437 1082 μέθοδοι
1452 1046 1601 1074 κακώσεών
1617 1056 1647 1074 τε
1662 1048 1710 1075 καὶ
1724 1048 1901 1084 θεραπειῶν,

1100 1094 1148 1120 καὶ
1162 1092 1294 1129 ἐπιϐουλὴ
1306 1092 1353 1128 [96
1369 1091 1415 1128 H.]
1447 1092 1573 1128 Κυϐέλης
1598 1093 1643 1121 διὰ
1659 1093 1809 1128 φαρμάκου
1824 1094 1901 1120 κατὰ

1101 1139 1281 1174 Χαρικλείας.
1305 1139 1432 1174 Σωτηρία
1457 1139 1643 1173 Χαρικλείας·
1669 1140 1718 1165 καὶ
1739 1139 1901 1174 ἀναίρεσις,

1100 1185 1134 1210 δι’
1144 1181 1181 1211 ὧν
1193 1185 1317 1220 ἀναιρεῖν
1333 1184 1495 1220 ἐμελέτησε,
1512 1184 1649 1219 Κυσέλης.
1663 1184 1840 1219 Στρέσλωσις
1853 1187 1902 1212 καὶ

1101 1231 1225 1262 κάκωσις
1235 1230 1406 1266 Χαρικλείας
1418 1231 1465 1257 καὶ
1473 1230 1636 1264 Θεαγένους,
1654 1231 1696 1258 ὅτι
1712 1231 1750 1266 μὴ
1769 1232 1901 1258 συντίθε-

1101 1284 1146 1303 ται
1158 1277 1226 1312 πρὸς
1240 1276 1286 1303 τὸν
1307 1276 1443 1312 Ἀρσάκης
1459 1276 1570 1312 ἔρωταὸ
1580 1276 1734 1312 Θεαγένης·
1749 1277 1798 1304 καὶ
1812 1278 1903 1314 Χαρι-

1101 1323 1194 1354 κλείας
1205 1324 1245 1354 είς
1268 1321 1323 1356 πῦρ
1355 1322 1504 1358 καταδίκη,
1528 1322 1575 1348 καὶ
1603 1322 1651 1349 τοῦ
1684 1323 1770 1358 πυρὸς
1782 1323 1833 1350 διὰ
1851 1326 1903 1359 τῆς

1102 1368 1263 1403 παντάρὸης
1274 1368 1321 1395 τοῦ
1332 1367 1408 1394 λίθου
1423 1368 1602 1400 κατάσϐεσις,
1610 1369 1714 1404 καὶτῆς
1727 1369 1902 1404 Χαρικλείας

1101 1415 1171 1446 τέως
1195 1414 1303 1448 ᾶφεσις,
1336 1414 1383 1440 καὶ
1402 1414 1525 1450 ’Λρσάκη
1543 1415 1696 1450 μαινομένη
1716 1415 1763 1441 καὶ
1778 1415 1904 1442 θάνατον

1102 1462 1131 1492 ἐς
1162 1460 1257 1496 αὔριον
1297 1460 1450 1496 Χαρικλείᾳ
1486 1460 1697 1495 εὐτρεπίζουσα.
1745 1461 1903 1496 Ἀποστοὶὴ

1108 1506 1284 1542 Ὀροονδάτου
1305 1505 1354 1532 τοῦ
1371 1505 1393 1521 ¹¹
1413 1507 1462 1541 τῆς
1480 1506 1619 1542 Ἀρσάκης
1641 1506 1748 1542 ἀνδρὸς,
1766 1507 1817 1533 καὶ
1832 1508 1903 1534 ἀνά-

1103 1553 1185 1588 ληψις
1201 1553 1245 1580 διὰ
1262 1554 1312 1588 τῆς
1326 1553 1423 1584 νυκτὸς
1433 1552 1488 1579 τῶν
1502 1554 1616 1580 νεανιῶν
1627 1561 1634 1568 ·
1652 1553 1732 1580 τοῦτο
1745 1555 1802 1589 γὰρ
1816 1563 1905 1590 προσ-

1103 1598 1244 1631 ετέτακτο,
1275 1598 1337 1625 ἐπεὶ
1359 1599 1374 1625 ὀ
1398 1600 1463 1631 παῖς
1477 1600 1527 1634 τῆς
1549 1599 1674 1634 Κυϐέλης
1689 1600 1840 1635 ἀποτυχὼν
1855 1600 1906 1627 τοῦ

1104 1646 1173 1681 πρὸς
1180 1645 1347 1681 Χαρίκλειαν
1355 1654 1455 1681 γαμου,
1463 1646 1563 1678 πάντα,
1572 1646 1622 1672 ὃσα
1630 1647 1663 1681 τῇ
1676 1646 1798 1681 Ἀρσάκῃ
1807 1646 1907 1673 διαπέ-

1104 1700 1210 1727 πρακτο
1222 1692 1255 1724 ¹¹,
1275 1691 1344 1727 πρὸς
1359 1692 1404 1718 τὸν
1424 1692 1559 1728 δεσπότην
1584 1692 1694 1728 ἀπάρας
1718 1692 1905 1727 ἀπήγγειλεν.

1146 1737 1284 1768 Ἐπίθεσις
1297 1737 1352 1764 τῶν
1365 1738 1515 1770 Αἰθιόπων.
1538 1739 1588 1765 καὶ
1607 1739 1721 1774 ἁρπαγὴ
1744 1739 1907 1774 Θεαγένους

1105 1784 1152 1810 καὶ
1173 1784 1353 1818 Χαρικλείας,
1382 1784 1430 1812 καὶ
1460 1784 1529 1820 πρὸς
1554 1785 1692 1819 Ὑδάσπην
1717 1785 1764 1812 τὸν
1787 1785 1907 1820 βασιλέα

1104 1829 1158 1855 τῶν
1171 1828 1307 1855 Αἰθιόπων
1322 1829 1470 1864 ἀπαγωγὴ.
1489 1827 1554 1856 Εἶτα
1575 1830 1726 1866 ἁφιέρωσις
1745 1830 1856 1857 τούτων
1866 1834 1907 1862 εἰς

1105 1875 1135 1900 τὸ
1148 1874 1274 1909 τυθῆναι.
1294 1874 1344 1910 τὴν
1369 1875 1418 1910 μὲν
1442 1877 1476 1910 τῇ
1491 1875 1605 1911 Σελήνῃ,
1622 1875 1668 1902 τὸν
1688 1875 1716 1901 δὲ
1743 1875 1784 1911 τῷ
1804 1876 1905 1911 Ἡλίῳ.

1105 1918 1171 1946 Εἶτα
1183 1919 1288 1953 ἀγῶνες
1305 1920 1352 1946 καὶ¹
1365 1919 1466 1953 θυσίαι,
1487 1920 1534 1947 καὶ
1550 1920 1712 1956 Σισιμίθρου
1725 1920 1772 1947 τοῦ
1787 1921 1906 1957 πρώτου

1105 1965 1159 1992 τῶν
1175 1965 1402 2000 γυμνοσοφιστῶν
1417 1965 1466 1992 καὶ
1493 1966 1585 1993 αὐτῶν
1598 1966 1746 2001 παρουσία,
1764 1967 1814 1993 καὶ
1830 1968 1907 2004 Περ-

1106 2013 1183 2048 σίνης
1202 2013 1253 2047 τῆς
1265 2013 1394 2047 γυναικὸς
1403 2012 1450 2039 τοῦ
1461 2013 1604 2046 βασιλέως.
1619 2014 1675 2039 Καὶ
1690 2014 1797 2048 αίτησις
1813 2015 1906 2051 Χαριι

1104 2059 1198 2091 κλείας
1223 2059 1267 2086 ἵνα
1286 2059 1478 2095 δικαιολογηθῇ
1499 2059 1634 2095 Ὑδάσπῃ,
1651 2060 1700 2087 καὶ
1717 2060 1905 2094 δικαιολογία,

1105 2107 1153 2133 καὶ
1163 2106 1254 2142 κρίσις
1268 2105 1429 2141 Σισιμίθρου
1458 2106 1507 2133 καὶ
1528 2107 1668 2142 μαρτυρία
1689 2106 1730 2133 ὅτι
1747 2107 1906 2141 Χαρίκλεια

1106 2153 1172 2183 παῖς
1194 2152 1239 2186 εἴη
1257 2151 1395 2178 Ὑδάσπου
1424 2152 1471 2178 καὶ
1500 2152 1646 2187 Περσίνης.
1670 2151 1800 2178 Πείθεται
1824 2153 1907 2188 μόλις

1112 2197 1260 2232 Ὑδάσπης.
1277 2197 1358 2223 Ἀλλὰ
1370 2197 1418 2224 καὶ
1428 2196 1514 2228 οὕτως
1531 2197 1608 2231 άγειν
1625 2196 1738 2231 ἔμελλεν
1748 2198 1788 2229 είς
1804 2197 1907 2226 θυσίαν

262 2243 344 2269 etiam
361 2242 401 2269 sic
419 2241 546 2272 hostiam,
564 2238 658 2274 patria:
676 2238 726 2273 legi
750 2237 924 2273 moriDuSque
937 2238 1051 2265 obsecu-

1108 2243 1192 2278 τιμῶν
1206 2243 1251 2270 τὸν
1267 2243 1381 2278 πάτριον
1405 2243 1500 2278 νόμον.
1518 2243 1547 2269 '0
1561 2243 1590 2269 δὲ
1615 2243 1702 2278 δῆμος
1725 2244 1906 2280 ἀπηγόρευε,

264 2293 317 2320 tus,
343 2289 446 2315 caedere
468 2287 527 2313 illos
555 2289 641 2320 parat.
667 2283 785 2318 Populus
809 2283 982 2311 contradicit.
1007 2282 1053 2311 Sic

264 2343 371 2363 sursum
397 2334 481 2361 libera
503 2332 579 2359 abire
596 2331 672 2366 jussa
697 2330 849 2362 Chariclen,
868 2338 927 2365 quae
943 2330 1052 2364 quidem

264 2382 387 2408 liberatio
417 2378 601 2406 incredibilem
635 2376 760 2403 omnibus
790 2375 894 2411 peperit
921 2375 1053 2402 hetitiam.

263 2427 316 2455 Sed
336 2427 432 2453 iterum
448 2424 598 2452 Charicles:
620 2423 765 2450 discrimen
789 2427 921 2449 creatum.
938 2421 1056 2456 'l‘heage-

264 2481 314 2500 nes
326 2473 443 2504 vinctus,
459 2476 488 2497 ut
506 2470 594 2497 hostia
618 2469 673 2496 aris
688 2469 776 2496 adhuc
786 2469 948 2496 destinatur.
966 2469 1055 2497 Varia:

264 2518 410 2552 multasque
435 2524 467 2544 eo
492 2516 601 2543 nomine
622 2515 692 2550 apud
713 2519 852 2550 parentem
875 2522 980 2549 preces,
1010 2515 1058 2543 sed

262 2564 311 2593 ille
332 2563 519 2591 liberationem
545 2561 717 2597 Theagenis,
738 2561 982 2596 impunitatemque
1012 2561 1059 2589 ab-

264 2611 334 2639 nuit.
350 2610 448 2638 Aninio
462 2612 553 2644 itaque
566 2613 709 2637 externata
721 2608 874 2641 Chariclen,
891 2609 983 2636 omnia
999 2616 1058 2643 qua

264 2657 316 2685 sibi
333 2661 360 2685 et
377 2657 515 2692 Theageni
535 2657 650 2683 adversa
673 2654 850 2689 accidissent,
872 2655 953 2682 matri
976 2661 1058 2682 enar-

1107 2289 1155 2316 καὶ
1185 2288 1295 2323 ἀφίεται
1323 2289 1488 2324 Χαρίκλεια,
1511 2289 1560 2315 καὶ
1578 2289 1653 2324 χαρὰ
1675 2289 1786 2316 πάντων
1806 2291 1857 2319 ἐπὶ
1872 2293 1906 2326 τῇ

1107 2335 1213 2368 ἀφέσει.
1232 2334 1319 2368 Ἀγὼν
1333 2334 1415 2361 πάλιν
1428 2334 1508 2366 ἄλλος
1519 2335 1682 2370 Χαρικλείᾳ,
1697 2335 1840 2370 Θεαγένης
1866 2337 1907 2363 ἐτι

1108 2380 1217 2415 δέσμιος
1231 2379 1278 2406 ἐπὶ
1291 2380 1326 2415 τῇ
1341 2379 1432 2415 θυσίᾳ.
1449 2380 1496 2406 καὶ
1520 2379 1595 2414 λόγοι
1611 2380 1677 2415 περὶ
1689 2380 1774 2406 αὑτοῦ
1789 2381 1814 2396 ’³
1833 2383 1909 2417 πρὸς

1107 2427 1154 2452 τὸν
1171 2426 1279 2461 πατέρα
1297 2425 1389 2453 πολλοὶ
1405 2424 1589 2457 καὶ-ποικίλοι,
1603 2425 1652 2452 τοῦ
1665 2425 1694 2452 δὲ
1712 2426 1820 2462 πατρὸς
1834 2428 1911 2454 ἁπό-

1109 2480 1200 2504 νευσις
1223 2472 1271 2498 ἐπὶ
1296 2473 1331 2507 τῇ
1355 2471 1481 2498 ἀθωώσει
1504 2471 1674 2506 Θεαγένους,
1698 2472 1747 2499 καὶ
1768 2472 1911 2507 ἀδημονία

1109 2517 1286 2554 Χαρικλείας,
1302 2518 1349 2544 καὶ
1366 2517 1435 2553 πρὸς
1451 2517 1501 2552 τὴν
1513 2517 1621 2553 μητέρα
1637 2517 1820 2554 ἑξαγόρευσις
1837 2520 1912 2545 πάν-

1108 2573 1174 2598 των,
1191 2565 1242 2591 ὅσα
1256 2564 1324 2599 αὐτῇ
1350 2563 1503 2599 συνηνέχθη
1519 2565 1566 2590 καὶ
1596 2564 1739 2598 Θεαγένει.
1769 2565 1827 2591 Καὶ
1847 2566 1911 2600 ἀρι-

1110 2611 1189 2637 στεία
1200 2610 1352 2644 Θεαγένους
1363 2610 1410 2636 ὲπὶ
1422 2609 1460 2645 τῷ
1474 2609 1579 2645 ταύρῳ,
1605 2609 1654 2636 καὶ
1676 2609 1724 2636 τοῦ
1739 2610 1831 2645 δήμου
1842 2612 1910 2646 τέρ-

1111 2658 1168 2692 ψις.
1191 2657 1252 2683 Ἐτι
1263 2655 1388 2692 ἀριστεία
1406 2656 1436 2682 ὲν
1458 2657 1492 2692 τῇ
1512 2656 1580 2692 πρὸς
1603 2657 1650 2683 τὸν
1669 2656 1788 2683 Αἰθίοπα
1803 2658 1849 2683 τὸν
1868 2659 1913 2692 μέ-

921 2725 1037 2754 νΑιιιλΕ
1056 2726 1261 2755 LECTIONES.

292 2774 315 2790 ιι
335 2772 477 2808 Ὸροδάτου
497 2781 528 2804 ς.
558 2773 580 2789 ¹⁹
592 2772 739 2805 συστάντος
766 2782 796 2805 ς.
819 2772 842 2789 ⁸⁸
857 2773 920 2808 περὶ
931 2782 961 2806 ς.

265 2810 371 2846 ματέρα
389 2813 503 2843 ponunt.

1000 2774 1022 2789 ’ί
1033 2773 1080 2800 τοῦ
1093 2775 1155 2802 add.
1172 2774 1205 2801 Δ.
1235 2775 1258 2790 ⁸⁸
1269 2774 1454 2810 διεπέπρακτο
1468 2784 1498 2807 ς.
1531 2776 1553 2792 ’³
1569 2775 1636 2811 περὶ
1650 2775 1734 2802 αὐτοῦ
1751 2776 1832 2810 vulgo
1848 2778 1914 2809 [10.4

1023 2851 1138 2880 NUTE.

300 2905 358 2941 (65)
375 2904 412 2932 De
425 2910 476 2938 qua
494 2902 552 2929 vide
563 2900 658 2928 Ctesia‘
669 2900 760 2928 Indica
776 2907 865 2934 supr.,
880 2905 906 2926 et
927 2898 1055 2927 Philostr.
1077 2900 1123 2927 lih.
1139 2899 1170 2927 Ill
1186 2901 1218 2928 de
1238 2901 1295 2929 Vita
1312 2901 1458 2936 Apollonii.
