1934 3089
243 152 296 183 213
808 151 939 181 PHOTII
959 150 1029 180 PAT

1086 149 1212 179 lRCHlE
1232 149 1286 178 CP.
1819 145 1873 177 2H

248 209 376 237 nmltuari
392 208 486 244 «cepit,
502 209 598 237 melius
611 216 672 236 esse
687 214 745 235 rata
760 209 859 236 multos
871 208 951 236 simul
963 214 991 235 et
1004 209 1031 235 in

1086 208 1236 242 Ἀγρίππα,
1252 207 1422 242 ἐπετρόπευε
1436 206 1466 233 δὲ
1494 206 1543 240 τῆς
1567 205 1668 241 Συρίας
1681 205 1730 232 καὶ
1741 205 1873 239 Ὶουόαίας

247 257 478 290 Ιίὺθτιειε,,‹]υῖιιη
504 255 575 283 lente
598 263 630 283 ac
653 255 795 290 paulatim,
813 260 841 282 et
858 255 884 282 in
901 255 1031 282 servitute

1086 253 1179 285 [Ἄσιος
1198 252 1316 289 Φλῶρος,
1338 252 1460 279 ’Δλϐίνου
1477 252 1599 288 διάδοχος
1615 260 1623 268 '
1638 248 1669 279 οὗ
1681 252 1732 286 τὴν
1754 261 1873 288 κακουρ-

246 302 393 336 exstingui.
407 301 501 328 Altero
523 307 597 328 certe
623 302 791 335 praelectum
814 301 900 334 Flori,
917 300 1031 328 Neronis

1086 299 1147 333 γίαν
1159 300 1205 325 καὶ
1221 299 1350 334 ὠμότητα
1366 299 1397 324 τὸ
1424 298 1560 325 Ἰουδαίων
1585 298 1662 330 ἔθνος
1691 299 1722 325 οὐ
1744 299 1872 334 φέροντες

246 355 311 375 vero
327 347 433 374 decimo
447 355 529 378 anno,
545 348 643 375 bellum
658 348 755 383 agitari
769 352 901 383 coeptum,
918 347 1031 382 ﬁnisque

1086 345 1259 373 ἐστασίασαν.
1272 344 1318 380 [99
1344 343 1391 380 H.]
1424 346 1551 380 κρεῖσσον
1580 345 1751 380 ἡγησάμενοι
1777 344 1875 380 ἀθρόον

245 395 287 418 est
299 390 408 425 Josephi
432 390 561 419 Historiae
577 401 585 419 :
599 392 632 419 de
644 392 724 425 cujus
743 391 814 426 stylo
839 399 920 426 supra
943 391 1031 418 dicere

1086 391 1132 418 καὶ
1162 391 1212 417 σὺν
1233 391 1375 426 ἐλευθερίᾳ
1397 391 1413 426 ἦ
1442 391 1501 417 κατ’
1529 391 1620 425 ὀλίγον
1635 392 1683 418 καὶ
1708 392 1757 418 σὺν
1771 391 1877 427 δουλεία

244 437 366 463 memini.

1086 437 1247 464 ἀπολέσθαι,
1265 437 1397 473 Δεύτερον
1411 437 1435 464 δ’
1448 435 1483 473 ἦν
1498 438 1520 453 ¹⁸
1540 438 1600 469 ἔτος
1616 438 1666 473 τῆς
1686 438 1795 473 Φλώρου
1816 439 1877 464 ἑπι-

244 482 360 517 τροπῆς,
376 482 527 509 δωδέκατον
551 482 581 509 δὲ
605 482 654 518 τῆς
680 483 807 518 Νέρωνος
833 482 931 518 ἀρχῆς,
950 482 993 523 ὅτε
1008 483 1023 509 δ
1042 482 1158 518 πόλεμος
1181 482 1318 519 ὲλάμῦανε
1336 483 1442 520 κίνησιν
1455 493 1462 500 ·
1483 485 1512 511 ὲν
1527 482 1569 517 οἷς
1585 484 1692 520 καὶτῆς
1707 485 1828 520 ἱστορίας
1847 492 1877 518 τ),

249 530 347 564 πέρας.
375 528 437 561 Οἷος
449 530 476 556 δὲ
488 531 538 565 τὴν
558 530 659 565 φράσιν
697 531 783 562 ἐστὶν,
819 530 977 566 ἔμπροσθεν
1001 530 1078 566 είρητ

281 577 372 604 Genus
387 577 423 603 illi
437 577 590 609 Jndaicnm,
602 582 628 604 et
645 579 771 604 sacerdos
788 578 854 612 ipse,
868 578 952 612 patris
964 585 1032 612 quo-

243 630 296 657 que
319 625 429 656 stirpem
450 630 466 650 e
485 624 674 651 sacerdotibus
698 623 776 658 longa
802 623 934 657 majorum
961 623 1033 650 serie

244 669 360 696 ducebat
378 677 384 695 :
402 676 465 695 nam
488 675 575 696 mater
598 670 665 703 regii
680 670 820 704 sanguinis
844 669 894 696 fuit
914 677 947 696 ex
969 670 1034 696 Asa-

245 722 411 741 monaeornm
434 714 478 741 illa
498 715 600 746 sobole.
619 723 681 748 quae
705 715 859 742 diutissime
881 715 951 743 inter
966 723 1033 742 con-

246 761 361 788 tribules
376 761 529 788 sacerdotio
547 761 631 794 potita
652 769 773 793 summo,
791 767 818 788 et
838 769 931 796 regno.
948 761 1034 789 Natus

246 815 311 844 ergo
327 808 462 842 Josephus
475 816 508 836 ex
521 808 565 835 illa
576 813 673 840 matre,
691 813 718 834 et
732 808 856 841 Matthia,
876 807 944 843 53b
961 815 1032 835 anno

246 855 332 889 primo
345 855 400 882 Caii
416 855 531 882 Romani
551 855 735 888 imperatoris,
747 854 803 889 jam
822 855 884 881 inde
900 862 913 881 a
931 855 1033 882 teneris

245 902 396 937 unguiculis
411 901 590 936 philosophia:
610 901 706 928 studiis
718 908 779 928 sese
793 901 906 928 dedidit.
919 900 1028 928 Annum
1046 900 1066 928 Β

245 948 342 975 deinde
356 949 494 982 attingens
509 952 615 974 sextum
634 947 783 979 decimum,
793 947 914 974 animum
927 954 1035 981 quoque

243 994 277 1021 ad
289 993 444 1021 Jndzeorum
460 998 549 1020 sectas
562 993 665 1028 appulit
678 993 745 1029 (tres
758 993 815 1028 (76)
829 998 920 1020 autem
937 1001 1032 1020 nume-

245 1039 351 1075 rantur)
372 1046 520 1073 umnesque
536 1046 635 1072 magno
658 1038 741 1065 animi
768 1039 859 1066 studio
877 1043 1034 1072 persecutus

243 1091 295 1117 est,
309 1090 337 1111 ut
348 1086 467 1111 omnium
478 1089 556 1119 capto
572 1085 768 1118 experimento,
784 1085 913 1118 optimam
926 1083 1034 1110 tandem

242 1131 462 1165 mnplecteretur.
478 1131 566 1165 Atque
583 1131 624 1157 hze
640 1129 696 1157 fere
711 1134 794 1156 sectze
809 1129 860 1156 illae
872 1138 879 1156 :
891 1129 1032 1162 Pharisaei,

245 1177 384 1204 Sadductei
399 1182 426 1203 et
442 1176 536 1204 Esseni
554 1176 621 1212 (77).
639 1176 711 1209 Quas
724 1183 785 1202 cum
802 1176 991 1210 percurrisset,
1007 1176 1034 1201 in

243 1223 417 1250 solitudinem
427 1223 539 1254 secedit,
554 1222 644 1256 ibique
653 1222 710 1249 viro
719 1227 773 1249 tres
780 1229 867 1251 annos
877 1222 1033 1256 utitur(78;,

243 1270 288 1303 qui
303 1269 452 1295 solitariam
466 1272 525 1295 erat
537 1267 619 1294 vitam
635 1274 743 1295 austere
752 1267 854 1302 pridem
865 1268 1033 1301 complexus,

243 1313 285 1339 cui
319 1312 509 1338 vestimentum
537 1312 665 1338 arborum
694 1311 770 1344 folia,
792 1311 950 1338 alimentum
967 1319 1033 1338 vero

244 1356 334 1383 herba:
351 1359 448 1390 sponte
465 1361 534 1382 natat
559 1355 715 1390 praebebant
729 1364 737 1382 :
752 1359 781 1382 et
803 1355 900 1389 frigida
922 1356 1034 1390 insuper

244 1401 344 1435 sa-pius
367 1401 486 1427 interdiu
511 1405 647 1434 noctuque
667 1400 785 1431 lavabat,
801 1400 929 1434 puritatis
941 1400 1032 1427 conti-

246 1446 399 1481 nentiaeque
424 1446 523 1480 gratia.
540 1445 609 1472 Hinc
630 1445 664 1472 ad
689 1446 921 1473 undevicesimum
944 1446 1032 1473 aetatis

244 1500 345 1520 annum
367 1492 462 1520 urbem
490 1492 608 1526 repetiit,
635 1491 835 1519 Pharisaeorum
861 1493 1030 1526 potissimum

244 1539 370 1567 haeresim
385 1544 593 1574 secutus,quam
605 1539 629 1566 ei
646 1540 703 1566 fere
718 1540 836 1567 similem
852 1538 1030 1575 facinnt(79),

245 1594 304 1621 quae
318 1587 388 1621 apud
401 1592 495 1620 gentes
505 1587 597 1614 Stoica
613 1591 656 1614 est
669 1587 933 1622 appellata.Annum
947 1594 1031 1621 agens

247 1637 342 1667 postea
374 1633 555 1665 tricesimum,
571 1634 605 1660 ab
622 1633 877 1667 Hierosolymitanis
902 1633 936 1659 ad
958 1632 1033 1660 Gali-

243 1679 319 1708 laeam
335 1679 534 1714 procurandum
551 1679 679 1706 mittitur.
696 1679 756 1706 Jam
776 1679 847 1706 enim
872 1679 973 1706 turbari
989 1686 1032 1706 res

246 1730 388 1761 eceperant
400 1725 568 1759 Judaaorum,
587 1725 735 1760 multisque
748 1725 798 1760 ipsi
819 1725 915 1760 agitari
931 1725 1031 1751 tumul-
1046 1735 1052 1740 ι

244 1772 326 1799 tibus.
347 1771 414 1798 Dein
440 1771 613 1799 Galilaeorum
638 1771 736 1798 ductor
750 1775 869 1801 creatus.
887 1770 1032 1805 rempubli-

242 1825 302 1845 cam
319 1818 388 1845 bene
400 1817 526 1852 gessit,et
541 1817 641 1844 multas
652 1817 796 1852 variasque
810 1816 1030 1851 aemulorum(80)

243 1865 270 1892 in
293 1864 432 1898 republica
452 1863 669 1890 administranda
691 1863 802 1890 insidias
816 1863 939 1890 evitavit.
964 1863 1030 1890 Cum

242 1911 361 1938 inimicis
378 1911 460 1937 etiam
477 1910 643 1937 moderatius
660 1910 775 1943 agendo,
790 1917 843 1936 non
860 1917 922 1936 raro
939 1917 986 1936 eos
1004 1910 1030 1936 in

243 1964 321 1992 suam
349 1956 454 1991 redegit
478 1960 653 1990 potestatem.
670 1955 773 1982 Bellum
794 1956 870 1988 item,
892 1956 963 1990 quod
983 1955 1030 1982 ad-

241 2010 337 2040 versus
353 2002 492 2030 Romanos
507 2002 607 2029 invitus
628 2003 761 2036 suscepit,
780 2002 885 2028 furtiter
905 2001 1031 2036 .lotapitis

241 2049 382 2078 sustinuit.
399 2048 484 2076 Vivus
502 2052 593 2075 tamen
609 2048 637 2075 in
659 2047 830 2082 Vespasiani.
845 2047 1030 2074 Romanorum

242 2096 328 2131 copiis
343 2094 476 2129 praefecti,
493 2100 656 2129 potestatem
673 2095 748 2121 venit
762 2103 769 2120 :
788 2101 867 2128 quem
889 2093 915 2120 in
934 2102 963 2120 se
981 2094 1031 2120 hu-

241 2148 352 2176 manum
374 2141 471 2172 sensit,
496 2147 529 2167 ac
552 2139 749 2173 perbenignutn
768 2138 824 2171 iam
845 2143 912 2172 tum,
927 2144 1029 2166 etvero

240 2187 358 2223 amplius
381 2191 526 2222 postquam
551 2185 703 2213 Romanum
725 2184 845 2211 obtinuit
863 2185 1028 2219 imperium:

1045 1570 1065 1599 C

1082 540 1121 558 αι.

1122 577 1200 603 Ἐστι
1216 576 1243 602 δὲ
1257 577 1271 602 ό
1285 577 1308 594 ⁸⁸
1323 575 1456 611 Ἰώσηπος
1477 576 1555 611 γένος
1575 577 1623 612 μὲν
1642 576 1767 606 Ἰουδαῖος
1787 577 1879 612 ἱερεὺς

1086 623 1135 649 καὶ
1153 622 1183 655 ἐξ
1198 623 1293 657 ἱερέων
1309 623 1343 649 τὰ
1362 623 1430 657 πρὸς
1445 624 1548 657 πατρὸς
1562 623 1666 650 ἀνωθεν
1677 623 1878 658 καταγόμενος,

1086 670 1118 695 ὲκ
1134 669 1273 703 βασιλείου
1301 669 1329 695 δὲ
1346 669 1368 685 ⁸⁷
1387 668 1473 704 φυλῆς
1486 670 1539 696 ὑπὸ
1552 670 1603 703 τῆς
1618 669 1735 705 μητρός·
1752 670 1808 696 τῶν
1822 670 1879 706 γὰρ

1093 714 1280 749 Ἀσαμωναίου
1298 714 1411 745 παίδων,
1428 714 1453 740 οἵ
1473 714 1520 740 ἐπὶ
1543 714 1713 750 μακρότατον
1738 713 1793 740 τῶν
1809 715 1879 748 ὀμο-

1087 760 1179 794 φύλων
1194 760 1355 796 ίεράτευσάν
1370 769 1399 786 τε
1411 760 1458 786 καὶ
1473 760 1688 796 ἐϐασίλευσαν,ἡ
1704 761 1879 796 γεννησαμέ-

1086 815 1119 840 νη
1148 806 1294 840 ἀπόγονος.
1322 806 1429 832 Γίνεται
1451 806 1482 841 δὴ
1501 806 1523 822 ⁵⁸
1540 805 1569 839 ἐξ
1589 806 1675 840 αὐτῆς
1691 806 1739 832 καὶ
1753 805 1880 832 Ματθίου

1086 852 1158 878 κατὰ
1174 852 1205 878 τὸ
1227 852 1335 886 πρῶτον
1355 851 1414 882 ἔτος
1437 852 1487 886 τῆς
1511 851 1593 878 Γαΐου
1616 851 1758 886 Ῥωμαίων
1775 852 1880 887 ἠγεμο-

1081 898 1140 930 νίας
1159 898 1300 933 Ἰώσηπος,
1330 899 1362 924 ἐκ
1384 898 1449 929 νέας
1463 898 1513 932 μὲν
1537 898 1700 932 φιλολογῶν·
1716 898 1780 933 περὶ
1801 899 1832 925 δὲ
1852 899 1881 925 τὸ

1087 944 1280 970 ἑκκαιδέκατον
1300 943 1359 975 ἔτος
1381 943 1501 978 γεγονὼς
1513 943 1631 970 ἐπέϐαλε
1648 945 1695 971 καὶ
1715 945 1776 976 ταῖς
1801 945 1880 980 παρὰ

1092 989 1228 1020 Ἰουδαίοις
1239 988 1362 1024 αἱρέσεσι
1376 989 1461 1024 (τρεῖς
1476 988 1498 1015 δ’
1511 989 1574 1023 είσὶ)
1595 989 1642 1015 καὶ
1655 989 1745 1019 πάσας
1759 989 1880 1020 εὐτόνως

1087 1035 1180 1070 μετῄει
1197 1035 1267 1070 ὑπὲρ
1275 1035 1323 1061 τοῦ
1340 1035 1434 1061 πασῶν
1451 1036 1549 1070 πεῖραν
1560 1035 1689 1070 είληφότα
1703 1035 1815 1062 ἑλέσθαι
1829 1037 1881 1070 τὴν

1085 1079 1200 1113 ἀμείνω,
1221 1078 1281 1104 Εἰσὶ
1297 1079 1321 1105 δ’
1336 1080 1364 1105 αἱ
1387 1078 1509 1114 αἱρέσεις
1533 1079 1676 1114 Φαρισαῖοι
1703 1079 1881 1107 Σαδδουκαῖοι

1085 1126 1133 1151 καὶ
1155 1125 1294 1160 Ἐσσηνοί·
1312 1125 1345 1156 ἃς
1364 1125 1475 1151 διελθὼν
1495 1125 1595 1158 ἔξεισιν
1614 1126 1662 1152 ἐπὶ
1685 1125 1734 1160 τὴν
1759 1126 1879 1161 ἔρημον,

1085 1171 1166 1197 κάκεῖ
1198 1171 1381 1206 συνδιατρίόει
1418 1171 1556 1206 ἀνθρώπῳ
1586 1173 1639 1197 τινὶ
1669 1172 1715 1199 τὸν
1742 1173 1882 1207 ὲρημικδν

1084 1217 1209 1244 ἀθλοῦντι
1222 1217 1278 1252 βίον
1290 1218 1336 1244 ἐπὶ
1352 1215 1535 1252 ἐτητρία.⁷Ην
1552 1218 1580 1243 δὲ
1595 1217 1632 1252 τῷ
1643 1217 1778 1254 ἀνθρώπῳ
1796 1219 1882 1255 ἐσθὴς

1086 1263 1137 1298 μὲν
1153 1263 1185 1289 ἐκ
1197 1263 1325 1298 δένδρων,
1341 1264 1388 1290 καὶ
1403 1262 1491 1299 τροφὴ
1499 1263 1553 1290 τῶν
1563 1264 1706 1298 αὐτοφυῶν
1717 1265 1744 1291 αἱ
1754 1264 1881 1299 βοτάναι,

1084 1309 1240 1345 καὶψυχροῦ
1251 1310 1299 1336 ῢδα
1304 1310 1462 1345 τοςλουτρδν
1470 1310 1600 1342 πολλάκις
1609 1310 1708 1345 καὶτῆς
1716 1312 1823 1347 ἡμέρας
1830 1313 1882 1338 καί

1083 1358 1132 1392 τῆς
1140 1357 1236 1388 νυκτὸς
1244 1357 1313 1392 πρὸς
1327 1357 1447 1390 ἁγνείαν.
1458 1357 1576 1383 Ἐκεῖθεν
1592 1357 1656 1392 περὶ
1663 1357 1692 1383 τὸ
1701 1358 1881 1384 ἐννεακαιδέη

1083 1411 1165 1430 κατον
1175 1402 1233 1434 ἔτος
1241 1403 1365 1430 ἐπάνεισι
1375 1403 1444 1438 πρὸς
1450 1403 1499 1439 τὴν
1512 1403 1598 1434 πόλιν,
1610 1404 1660 1438 τὴν
1670 1403 1828 1439 Φαρισαίων
1841 1405 1882 1431 ai-

1085 1458 1159 1485 ρεσιν
1166 1450 1339 1485 στέργων,ἢν
1353 1450 1401 1477 καὶ
1412 1452 1444 1486 τῇ
1456 1450 1522 1486 παρ’
1534 1450 1648 1485 Ἕλλησί
1657 1459 1739 1485 φασιν
1757 1451 1780 1466 δ’
1794 1452 1882 1478 ἑοικέ-

1082 1496 1313 1532 ναιὲπιλεγομένῃ
1327 1497 1444 1532 Στωϊκῇ.
1452 1494 1519 1522 Εἶτα
1530 1497 1594 1531 περὶ
1600 1497 1630 1522 τὸ
1639 1496 1803 1532 τριακοστὸν
1819 1498 1882 1529 ἔτος

1083 1543 1223 1577 πέμπεται
1248 1543 1324 1578 παρὰ
1347 1543 1402 1569 τῶν
1422 1542 1645 1578 Ἱεροσολυμιτῶν
1661 1543 1716 1569 τῶν
1746 1544 1774 1569 ὲν
1798 1544 1884 1571 Γαλι-

1083 1588 1147 1624 λαία
1171 1590 1329 1624 προνοήσων
1354 1590 1388 1605 ω’
1405 1589 1492 1626 ἀρχὴν
1506 1589 1561 1625 γὰρ
1579 1590 1702 1625 ταραχῆς
1720 1589 1832 1624 ἐδέχετο
1847 1592 1883 1617 τὰ

1084 1634 1232 1667 Ἰουδαίων,
1260 1634 1373 1666 πολλαῖς
1399 1635 1524 1668 ἀταξίαις
1547 1635 1598 1670 ήδη
1613 1635 1882 1670 συναλλοιουμένων.

1083 1678 1151 1706 Εἶτα
1167 1681 1213 1707 καὶ
1226 1681 1378 1716 στρατηγὸς
1401 1681 1455 1707 τῶν
1470 1682 1536 1716 περὶ
1557 1682 1609 1716 τὴν
1623 1681 1769 1709 Γαλιλαίαν
1788 1692 1885 1718 χειρο-

1082 1725 1206 1759 τονηθεὶς
1223 1725 1253 1753 εὖ
1264 1735 1294 1752 τε
1307 1727 1429 1762 προῦστη
1442 1727 1462 1742 ⁸¹
1480 1726 1528 1753 τοῦ
1539 1727 1642 1759 ἔθνους,
1658 1727 1706 1754 καὶ
1721 1728 1824 1763 μυρίας
1833 1730 1885 1755 καὶ

1083 1771 1286 1803 ποικιλωτάτας
1299 1773 1352 1798 ὑπὸ
1370 1773 1424 1799 τῶν
1440 1772 1716 1808 ἀντιπολιτευομένων
1728 1774 1884 1805 ἐπιϐουλὰς

1083 1817 1203 1848 ὑποστὰς
1228 1817 1292 1854 [169
1320 1817 1365 1854 8.]
1382 1819 1473 1850 πασας
1495 1819 1622 1853 ἐξέφυγε,
1647 1819 1695 1845 καὶ
1718 1819 1841 1854 μετρίως
1858 1820 1883 1835 ⁶¹

1082 1864 1140 1895 τοῖς
1159 1863 1266 1899 ἐχθροῖς
1277 1864 1347 1899 ἔχων
1358 1864 1536 1897 ὑπεξουσίους
1549 1864 1572 1880 ⁵³
1582 1864 1711 1896 πολλάκις
1726 1866 1795 1900 ὲχρή
1801 1874 1883 1892 meo.

1082 1909 1137 1935 Kal.
1151 1908 1197 1936 τὸν
1213 1909 1282 1944 πρὸς
1307 1910 1461 1945 Ῥωμαίους
1477 1910 1595 1945 πόλεμον
1616 1910 1690 1937 ἄκων
1708 1912 1885 1946 ἀναδεξάμε-

1082 1963 1127 1986 νος
1143 1956 1190 1982 καὶ
1207 1955 1337 1991 ἀνδρείως
1357 1956 1514 1990 διενεγκὼν,
1526 1958 1555 1983 ὲν
1574 1957 1747 1989 Ἰωταπάτοις
1762 1958 1787 1973 ⁵⁸
1802 1958 1886 1993 ὅμως

1082 1999 1203 2036 ζωγρείᾳ
1232 2001 1254 2017 ⁸⁵
1287 2002 1487 2037 Οὐεσπασιανῷ
1511 2002 1657 2037 Ῥωμαίων
1681 2003 1743 2029 τότε
1776 2012 1884 2038 στρατ-

1082 2047 1194 2082 ηγοῦντι
1202 2047 1353 2075 ἁλίσκεται.
1362 2047 1429 2075 Εἶτα
1436 2049 1566 2084 τυγχάνει
1576 2049 1635 2076 λίαν
1646 2050 1780 2084 εὐμενοῦς
1791 2051 1884 2077 αὐτοῦ

1080 2095 1143 2121 τότε
1164 2104 1194 2122 τε
1218 2095 1240 2112 ⁸⁸
1264 2096 1309 2122 καὶ
1327 2096 1374 2122 ἐπὶ
1396 2097 1477 2123 πλέον
1496 2096 1640 2131 Ῥωμαίων
1662 2096 1808 2132 ἄρξαντος,
1826 2098 1885 2123 οὐκ

1081 2139 1165 2166 αὑτοῦ
1181 2140 1209 2166 δὲ
1229 2140 1311 2175 μόνου
1329 2141 1397 2167 ἀλλὰ
1414 2141 1462 2167 καὶ
1477 2141 1532 2167 τῶν
1548 2141 1650 2166 παίδων
1665 2140 1746 2166 Τίτου
1762 2141 1811 2166 καὶ
1826 2143 1885 2166 Δο-

1082 2186 1210 2221 μετιανοῦ
1218 2187 1250 2213 ὲκ
1262 2187 1388 2222 διαδοχῆς
1401 2187 1422 2202 ⁸⁷
1436 2186 1724 2222 βεϐασιλευκότων,ὡς
1731 2187 1780 2214 καὶ
1791 2187 1847 2220 τῆς
1857 2188 1886 2204 ⁸⁸

241 2242 330 2268 neque
345 2235 432 2260 solum
449 2233 525 2259 illum
540 2233 618 2259 talem
634 2236 762 2264 expertus
777 2237 829 2262 est,
841 2232 888 2257 sed
899 2231 980 2258 etiam
997 2231 1029 2257 li-

1090 2231 1248 2266 Ῥωμαῖκῆς
1268 2234 1361 2267 τυχεῖν
1374 2232 1512 2264 πολιτείας
1526 2233 1573 2258 καὶ
1585 2233 1695 2258 πάντων
1707 2234 1736 2259 ὲν
1755 2233 1886 2268 ἀφθονία

240 2281 320 2317 beros
345 2279 403 2314 ejus
428 2278 520 2313 Titum
546 2284 579 2304 ac
603 2276 806 2308 Domitianum,
832 2277 877 2311 qui
907 2276 1028 2311 parentis

1082 2279 1264 2313 καταστῆναι.
1287 2279 1458 2314 ’Δπηρτίσθη
1481 2279 1498 2314 ἡ
1527 2279 1550 2295 ⁸³
1577 2278 1682 2313 ἱστορία
1711 2277 1755 2311 νς’
1777 2279 1885 2313 ἄγοντι

870 2366 989 2394 VARUE
1007 2367 1210 2395 LECTIONES.

268 2414 398 2451 ⁵⁵δ’ἦνΑ
413 2425 419 2442 :
437 2415 468 2450 δὴ
484 2424 514 2446 ς.
532 2415 556 2431 ⁸⁸
572 2415 585 2441 ὀ
601 2415 662 2442 add.
676 2415 709 2442 Α.
724 2415 746 2431 ¹⁷
764 2416 795 2441 ἐκ
807 2415 869 2450 βασ.
885 2425 915 2447 ς.
933 2416 955 2432 ⁸⁸
970 2415 1002 2450 δὴ
1017 2415 1062 2442 A:

238 2454 257 2478 Si
282 2457 352 2478 extr.
393 2451 416 2471 ⁸ο
431 2451 649 2486 προνοησάμενος
669 2459 700 2483 ς.
739 2451 759 2486 'l
777 2451 897 2485 προέστη
913 2459 943 2482 ς.
982 2452 1003 2468 θ’
1022 2451 1132 2486 μέτριον
1146 2451 1179 2477 Α.

697 2486 718 2520 Α
733 2494 739 2512 :
752 2485 874 2520 ζωγρίαν
895 2494 925 2518 ς.
952 2485 975 2501 ⁸⁵
988 2486 1048 2517 τότε
1059 2485 1088 2512 τε
1100 2486 1122 2512 Α
1137 2495 1145 2512 :
1161 2494 1192 2511 τε
1208 2486 1270 2512 τότε
1289 2495 1319 2518 ς.
1351 2487 1372 2502 ⁸⁷
1385 2487 1454 2513 κατά
1470 2486 1596 2522 διαδοχὴν
1610 2495 1640 2519 ς.
1666 2486 1688 2502 ⁸⁸
1702 2487 1752 2521 τῆς
1764 2495 1822 2514 om.
1840 2489 1882 2515 Α.

237 2487 369 2522 ταττάτοις
384 2495 414 2518 ς.
441 2486 463 2502 ⁵⁵
478 2485 599 2522 ξωγρείᾳ
611 2494 682 2518 corr.

238 2521 299 2558 "ill
328 2522 384 2563 δὲή
398 2531 429 2558 ςτ

1079 2415 1111 2450 δὴ
1127 2414 1174 2441 οὖν
1189 2424 1219 2448 ς’.
1257 2415 1383 2451 ⁸⁸φασιν]
1404 2416 1496 2443 malim
1513 2424 1605 2451 φησιν.
1620 2416 1656 2442 rl'.
1677 2415 1791 2451 Joseph.
1814 2415 1881 2444 Vit.

1232 2451 1254 2467 ⁸³
1267 2451 1434 2484 ὑπεξουσίως
1456 2454 1488 2482 Δ,
1503 2451 1674 2483 ὑπεξουσίοις
1690 2460 1720 2483 ς.
1790 2451 1814 2467 ⁸⁵
1831 2453 1886 2479 ἰα-

985 2611 1100 2640 ΝΟΤιΕ.

274 2669 329 2706 (76)
344 2670 386 2706 De
414 2670 512 2705 quibus
534 2671 646 2704 copiose
674 2670 704 2696 D.
720 2670 820 2698 Baron.
847 2670 922 2697 card.
947 2670 1026 2698 initio

237 2711 303 2733 tom.
318 2705 344 2731 1.
370 2705 468 2735 Annal.
485 2706 586 2740 (eules.
607 2706 639 2732 Et
664 2711 757 2733 noster
779 2705 867 2741 Nicol.
884 2706 1026 2733 Serrarius

239 2741 371 2773 singulari
391 2749 441 2768 suo
456 2741 656 2768 Triltteresium
674 2741 815 2775 opusculo.

275 2776 330 2811 (Π)
356 2775 423 2803 Vide
447 2775 587 2802 Philonem
615 2775 738 2803 Judaeum
766 2776 811 2802 lib.
835 2776 912 2808 Quod
938 2776 1024 2802 omnis

237 2811 334 2845 probus
352 2812 428 2843 liber,
444 2811 470 2837 in
489 2811 562 2838 med.
575 2817 602 2838 et
619 2812 666 2838 ΙΙΙ).
683 2811 721 2837 De
736 2811 790 2836 vita
811 2812 1023 2845 contemplativa,

238 2851 303 2889 toto
335 2846 413 2874 Suid.
437 2853 545 2882 quoque
586 2847 697 2875 vocibus
726 2846 848 2882 ’βσσαῖοι
877 2852 905 2874 et
940 2846 1024 2881 Φαρι-

237 2889 320 2910 οσιοι.

1117 2671 1172 2712 (78)
1187 2671 1235 2712 {Ini
1250 2678 1346 2699 nomen
1364 2671 1449 2704 Bono,
1465 2675 1532 2699 teslc
1551 2669 1668 2705 Josepho
1689 2668 1738 2696 lib.
1759 2668 1798 2696 De
1814 2670 1883 2697 vita

1077 2715 1138 2737 sua,
1159 2707 1248 2734 initio.

1114 2742 1171 2776 (79)
1187 2742 1257 2769 Hinc
1272 2742 1340 2768 forte
1353 2747 1379 2768 et
1398 2741 1442 2768 illa
1465 2741 1556 2776 Stoica
1579 2741 1706 2774 dogmata
1722 2747 1735 2764 a
1751 2739 1882 2776 Philone

1079 2774 1194 2804 tractata
1217 2778 1329 2812 singulis
1353 2777 1451 2804 libellis
1467 2786 1472 2803 :
1490 2775 1591 2803 Omnes
1610 2776 1710 2810 probos
1724 2782 1786 2802 esse
1798 2774 1883 2802 libeo

1078 2820 1134 2843 ros,
1150 2818 1175 2839 et
1192 2820 1285 2839 omnes
1300 2813 1436 2847 improbos
1454 2820 1515 2839 esse
1529 2818 1633 2838 servos.

1113 2847 1215 2910 880351"
1239 2846 1448 2883 quibus'Juuus
1473 2846 1642 2883 Tiberiensis
1666 2846 1699 2873 de
1726 2852 1781 2882 quo
1804 2851 1880 2880 sup.

1133 2891 1168 2910 ,ο
1191 2904 1197 2910 .

1079 2890 1138 2910 εοα.
1152 2890 1197 2910 0-).
