1934 3089
555 207 674 237 LXXIII.

378 255 517 283 lIeliodori
536 255 708 290 At'tltiopicon
723 254 783 281 libri
798 262 825 282 Χ.

240 301 368 337 Legimus
378 301 514 328 llcliodori
529 300 696 336 Ethiopian.
712 300 786 336 Opus
805 305 848 328 est
862 299 995 327 dramati-

202 355 277 380 cum,
289 355 320 374 ea
340 347 443 381 phrasi,
466 354 526 381 quae
541 352 731 380 argumentum
750 345 934 380 conscriptum
945 345 995 372 de-

202 397 280 426 ccat;
294 391 377 419 tnulta
385 392 485 419 etenim
497 396 540 421 est
549 392 574 418 in
586 399 619 418 eo
629 391 688 418 sine
704 390 876 419 alfectatione
890 391 995 426 simpli-

203 438 273 465 citas
297 443 378 473 atque
390 437 558 472 jucunditas.
585 437 735 464 All'ectibus
755 442 884 471 pra-terea
902 444 994 464 rerum

206 485 308 520 partim
320 485 504 519 prmscntiutn,
521 485 618 518 partim
636 488 818 518 speratarum,
831 489 878 511 aut
904 484 995 518 inspe-

203 536 335 563 ratarunt,
352 535 501 565 temperata
515 530 636 557 narratio
644 534 696 563 est,
710 530 798 557 salute
808 537 995 565 strpenuntero

203 581 301 610 printer
309 576 462 610 opinionem
476 576 501 602 itt
514 576 611 603 mediis
623 576 823 603 calamitatibus
831 575 996 603 allata.Ver-

204 622 238 648 ha
257 629 363 657 quoque
375 622 538 649 adhibentur
552 622 742 657 significantia,
756 627 783 649 et
798 630 875 657 pura,
889 630 949 657 quae
971 623 995 650 si

202 667 349 700 interdum,
363 672 391 693 ut
405 675 454 702 par
472 672 524 700 est,
546 667 573 694 in
592 668 705 702 liguram
719 666 909 700 deﬂectantur,
925 676 989 702 per-

202 713 295 746 spicua
321 718 409 740 tamen
435 719 509 745 sunt,
535 713 730 748 evidenterque
750 715 915 749 propositam
936 722 994 741 rem

201 749 342 786 exhibent.
373 758 478 786 Pcriodi
498 759 591 790 etiam,
622 766 672 793 pro
707 759 827 792 subjecta
850 767 888 793 re,
913 766 994 795 aptat,

201 805 302 840 quippe
313 804 452 839 aliquanto
468 805 608 832 breviores
638 805 898 839 contractioresque.
913 805 996 833 Cont-

202 851 304 884 positio
318 851 447 885 denique,
467 855 496 877 nt
516 856 615 878 caetera
639 851 743 883 omnia,
767 851 918 878 narrationi
943 851 1012 886 ipsii

781 152 911 183 ΡΠΟΤΙῙ
930 151 1185 183 PATRIARCH/E
1198 151 1254 182 ΟΡ.

1780 149 1838 183 232

1401 207 1460 234 0|".

1252 252 1425 288 Ηλιοδώρου
1454 253 1637 281 Λὶθιοπικόν.

1086 299 1257 336 ’Δνεγνὼσθη
1279 299 1439 336 Ἡλιοδώρου
1453 300 1628 328 Almome
1644 299 1677 326 ”.
1702 299 1781 327 Ἐστι
1805 299 1838 327 δὲ

1044 346 1075 373 τὸ
1092 347 1235 382 σύνταγμα
1259 346 1437 381 δραματικὴν.
1454 345 1553 381 φράσει
1578 345 1607 371 δὲ
1628 345 1773 381 πρεπούσῃ
1797 347 1836 380 τῇ

1046 392 1174 420 ὑποθέσει
1190 391 1339 427 κέχρηται·
1355 392 1403 418 καὶ
1423 391 1478 426 γὰρ
1495 390 1610 426 ἀφελείᾳ
1624 391 1671 417 καὶ
1685 390 1838 426 γλυκύτητι

1046 439 1093 476 [96
1111 438 1157 474 ιι]
1174 437 1327 469 πλεονάζει.
1349 437 1404 464 Καὶ
1419 437 1517 464 πάθεσι
1536 437 1564 464 δὲ
1585 438 1620 464 τὰ
1639 437 1688 472 μὲν
1705 437 1838 473 παροῦσι,

1044 486 1080 512 τὰ
1093 486 1122 512 δὲ
1137 485 1335 520 ὲλπιξομένοις,
1352 484 1386 511 τά
1399 484 1427 510 δὲ
1448 484 1493 510 καὶ
1507 483 1530 500 ⁸⁸
1542 484 1712 516 ἀνελπίστοις
1729 484 1840 511 διαποι-

1045 532 1166 559 κίλλεται
1187 532 1203 566 ἡ
1224 532 1361 566 διήγησις,
1386 531 1434 557 καὶ
1452 530 1614 565 παραδόξοις
1635 530 1667 556 ὲκ
1681 530 1705 546 ’⁵
1728 538 1838 564 συμφο-

1048 579 1102 613 ρῶν
1121 577 1280 613 σωτηρίως,
1301 576 1392 610 λέξεσι
1412 584 1441 602 τε
1465 576 1597 611 εὐσήμοις
1620 577 1668 602 καὶ
1688 576 1836 610 καθαραῖς.

1046 624 1101 652 Καὶ
1115 624 1142 651 εἴ
1156 633 1220 655 που,
1234 624 1271 655 ὡς
1283 624 1366 655 είκδς,
1384 623 1432 649 καὶ
1451 624 1512 653 ταῖς
1537 623 1576 653 είς
1595 622 1698 657 τροπὴν
1725 621 1837 648 κλινού-

1047 670 1312 704 σαιςάποχρήσαιτο,
1329 668 1483 703 εὖσημοίτέ
1496 667 1549 694 είσι
1565 667 1612 693 καὶ
1626 667 1750 701 ἐναργῶς
1762 675 1838 701 παρ-
1867 662 1874 665 Χ

1048 705 1160 742 ιστῶσαι
1182 715 1213 741 τὸ
1236 715 1438 750 προκείμενον.ί
1461 713 1583 748 Περίοδοι
1604 712 1757 748 σύμμετροι
1788 713 1838 739 καὶ

1047 763 1116 798 πρὸς
1129 763 1152 778 ’⁸
1166 763 1197 789 τὸ
1211 762 1379 798 βραχύτερον
1392 758 1436 787 οἷα
1452 760 1483 796 δὴ
1502 759 1715 794 συστελλόμεναι
1730 759 1761 784 ⁵⁷.
1779 759 1839 786 Καὶ

1045 811 1062 845 ἡ
1079 809 1200 844 συνθήκη
1222 809 1250 835 δὲ
1266 809 1314 835 καὶ
1331 808 1414 834 τᾶλλα
1425 807 1464 842 τῷ
1486 807 1558 843 λόγῳ
1575 806 1706 838 ἀνάλογα.
1723 806 1838 840 Ἔρωτα

1049 856 1099 891 μὲν
1115 855 1211 890 ἀνδρὸς
1237 855 1344 889 ὑφαίνει
1368 854 1416 880 καὶ
1439 853 1580 887 γυναικὸς,
1607 852 1787 888 σωφροσύνης
1805 852 1838 879 δὲ

202 898 481 932 accommodata,qua
497 897 547 924 viri
562 897 672 932 quidem
699 897 860 932 lentim-tque
879 898 994 926 refertur

1047 902 1167 929 δείκνυσι
1181 901 1264 928 πόθον
1279 901 1327 927 καὶ
1342 899 1466 935 φυλακὴν
1480 900 1593 935 ἁκριὸἧ.

202 950 290 976 amor,
309 943 356 970 sed
368 944 413 977 qui
425 943 562 970 castitatis
576 943 703 978 praeferat
715 944 892 977 desiderium,
905 950 994 973 custo-

201 989 330 1024 diamque
341 995 510 1022 accuratam.

239 1035 377 1064 Dramatis
406 1035 486 1069 hujus
515 1041 706 1072 argumentum
727 1037 830 1065 auctori
854 1039 995 1072 praebuere

204 1081 365 1116 Thcagenes
396 1082 586 1114 etChariclea,
606 1089 682 1110 caste
707 1084 778 1110 inter
791 1092 822 1111 se
850 1091 883 1111 ac
897 1085 994 1119 pudice

202 1132 334 1160 amantes,
354 1135 415 1154 cum
435 1127 506 1155 ultro
537 1128 662 1164 citroque
691 1129 785 1163 jactati
810 1135 947 1163 errarunt,
967 1134 995 1157 et

200 1174 274 1208 capti
300 1174 383 1201 etiam
416 1175 575 1208 identidem,
602 1175 682 1203 ﬁdem
712 1181 802 1203 tamen
827 1176 994 1211 conjngalem

202 1226 362 1248 constanter
373 1225 528 1248 servarunt.
543 1221 614 1256 Ergo
628 1222 736 1249 nomina
752 1223 846 1248 horttm
856 1222 995 1249 adducun-

203 1272 257 1299 tnr,
273 1272 301 1293 et
326 1268 482 1294 summatim
511 1268 641 1302 quidquid
655 1268 728 1302 passi
749 1273 811 1294 sunt
837 1274 993 1302 egeruntve.

201 1311 409 1338 Atheniensium
423 1311 509 1339 festus
527 1312 597 1345 dies,
610 1319 675 1346 quo,
689 1312 830 1339 Chariclca
842 1313 994 1345 sacerdote,

202 1357 362 1392 Theagenes
378 1365 460 1385 cursu
476 1363 575 1386 certat.
597 1359 637 1385 Ab
652 1358 739 1386 oculis
760 1364 823 1386 tunc
837 1359 994 1386 natusinvi-

203 1411 263 1429 cent
274 1411 352 1430 amor
371 1409 501 1438 ortusque
513 1411 544 1430 cx
562 1411 594 1430 eo
606 1403 716 1431 morbus
728 1403 755 1430 in
771 1404 923 1437 Chariclen,
935 1412 996 1438 qua:

203 1454 291 1483 rapta,
304 1457 357 1476 non
378 1450 475 1482 invita,
488 1458 503 1476 e
518 1452 598 1477 domo
612 1450 758 1484 Chariclis,
769 1451 814 1485 qui
835 1458 934 1485 parens
948 1451 996 1478 ha-

204 1495 330 1522 bebatur.
342 1495 446 1529 Raptor
463 1503 536 1527 vero,
549 1503 631 1530 opera
643 1496 813 1528 Calasiridis,
823 1497 994 1532 Tlteagenes.

198 1541 379 1576 Ahttavigatio
388 1543 596 1576 atqueappulsio
609 1543 635 1570 in
647 1542 827 1577 Zacynthum.
840 1543 995 1571 Navarchus
1007 1563 1029 1592 ο

201 1589 332 1616 (ἷυνίθίειιξ
356 1597 450 1616 amore
477 1590 600 1624 capitur,
618 1595 645 1617 et
664 1590 726 1617 ficta
756 1591 900 1624 promissio
922 1590 993 1618 facta

202 1644 217 1661 a
229 1635 401 1662 Chalasiride
413 1636 542 1670 conjugii.
562 1635 591 1663 ln
610 1636 703 1663 littore
720 1636 861 1663 Chnriclca
878 1637 994 1671 hospitio

203 1688 324 1716 accepta,
337 1687 364 1709 et
376 1682 504 1709 indicium
518 1681 619 1709 factum
636 1690 649 1708 a
664 1682 864 1717 piscatore,qui
882 1689 994 1717 recepe-

203 1731 263 1759 rat,
282 1725 449 1754 Trachiuum
477 1727 621 1762 quemdam
633 1747 641 1760 ,
660 1727 794 1754 latronum
819 1727 993 1762 praefectum,

202 1773 317 1809 virginis
336 1778 444 1808 raptum
471 1774 606 1801 meditari.
628 1774 695 1801 llinc
713 1773 871 1801 Calasiridis
890 1773 951 1808 fuga
967 1779 995 1801 et

202 1819 350 1847 Chariclete
386 1828 393 1847 :
425 1827 494 1854 quos
536 1818 689 1847 Trachiuus
728 1819 900 1851 insectatum,
944 1827 993 1846 na-

203 1874 264 1894 vem
285 1867 372 1901 capit,‘
390 1872 541 1901 captusque
560 1873 654 1893 amore
675 1871 726 1898 est,
741 1869 769 1893 ct
789 1865 928 1892 Chariclen
943 1874 994 1893 nu-

203 1913 274 1947 ptias
313 1912 382 1940 velle
423 1913 509 1947 tingit.
552 1911 741 1947 Expostulatio
780 1911 933 1947 Theogenis
965 1917 996 1939 ut

202 1959 306 1991 l‘ratris,
340 1959 501 1986 Calasiridis
531 1966 595 1985 vero
623 1963 652 1985 nt
680 1959 812 1992 parentis,
827 1959 872 1993 qui
892 1963 920 1986 et
935 1959 993 1986 votl

204 2010 347 2040 compotes
380 2006 489 2033 redditi.
510 2004 591 2032 Maris
607 2005 669 2032 hinc
683 2009 844 2038 tempestate
865 2006 993 2039 suborta],

202 2057 230 2079 et
245 2051 416 2086 naufragium
433 2052 519 2078 vitant
535 2051 607 2085 50b
620 2069 628 2084 ,
642 2056 670 2077 ct
694 2052 728 2078 ad
752 2051 895 2086 quamdam
910 2051 995 2087 [Egy-

203 2098 241 2133 pti
257 2105 332 2125 oram
361 2105 456 2125 navem
475 2098 622 2132 appellunt.
633 2096 782 2124 Charicleae
808 2098 964 2132 nuptiarum
979 2107 994 2125 a

203 2145 341 2171 'l‘rachino
354 2143 426 2170 facta
437 2144 550 2174 mentio,
567 2148 595 2169 ct
618 2142 777 2170 Calasiridis
796 2142 852 2170 ficti
875 2144 995 2178 parentis

203 2191 337 2225 promissa
355 2196 436 2224 atque
462 2189 599 2224 deccptio,
626 2188 739 2222 nuptiali
762 2189 841 2224 epulo
861 2189 993 2216 instituto.

202 2237 309 2265 l’eloris
325 2244 413 2268 amor,
441 2236 573 2262 incitante
607 2234 768 2267 Calnsiride,
799 2239 827 2262 et.
853 2233 1030 2262 contentioD

202 2283 330 2310 Tracltini
352 2287 380 2309 et
404 2280 508 2307 Pcloris
529 2288 610 2314 super
624 2280 776 2308 Chariclea.
801 2280 912 2316 Strages
931 2281 995 2309 hinc

204 2331 313 2356 tandem
329 2332 403 2360 nata,
420 2333 567 2362 mutuaque
584 2328 722 2354 latronum
739 2328 901 2360 interuecio,
913 2335 994 2362 quant

203 2376 260 2408 ipsa
278 2382 386 2408 quoque
396 2373 539 2399 Chariclen
555 2372 732 2399 mittetulisitt
761 2373 822 2400 illos
840 2372 900 2400 telis
928 2373 993 2400 mul«

203 2427 258 2448 tum
284 2420 428 2455 promovit.
451 2420 550 2446 Luctus
576 2418 725 2446 Charicles:
753 2426 834 2453 super
853 2418 996 2455 Theagene

204 2466 367 2494 vulneribus
391 2471 489 2493 strato.
509 2465 631 2492 Aliorutn
645 2465 742 2492 iterum
756 2464 891 2492 lalrouum
905 2465 995 2492 incur-

1077 1040 1136 1068 Καὶ
1149 1039 1225 1067 ἔστιν
1245 1038 1350 1074 αὖτ’ῷὴ
1372 1037 1419 1064 τοῦ
1436 1037 1574 1072 δράματος
1597 1035 1724 1067 ὑπόθεσις
1746 1034 1837 1071 Χαρί-

1045 1088 1123 1115 κλεια
1140 1088 1186 1114 καὶ
1214 1087 1366 1121 Θεαγένης,
1394 1086 1533 1120 σώφρονες
1560 1084 1684 1120 ἀλλήλων
1706 1083 1835 1118 ἐρασταὶ,

1044 1135 1091 1162 καὶ
1107 1135 1194 1169 πλάνη
1221 1133 1323 1159 τούτων
1345 1132 1391 1158 καὶ
1414 1130 1589 1166 αἰχμαλωσία
1611 1128 1770 1164 παντοδαπὴ
1786 1129 1837 1155 καὶ

1045 1178 1153 1215 φυλακὴ
1165 1179 1214 1212 τῆς
1230 1176 1418 1212 σωφροσύνης.
1432 1175 1474 1201 Τὰ
1485 1174 1513 1201 δὲ
1525 1174 1700 1209 ἐμφερόμενα
1714 1173 1837 1208 ὀνόματα

1044 1224 1092 1251 καὶ
1109 1223 1146 1254 ὡς
1161 1224 1190 1249 ἐν
1207 1221 1349 1257 κεφαλαίῳ
1366 1221 1401 1247 τὰ
1414 1220 1488 1255 πάθη
1504 1220 1552 1246 καὶ⁸
1570 1220 1597 1245 αί
1612 1218 1738 1254 πράξεις,
1752 1217 1836 1254 ἑορτὴ

1051 1269 1201 1305 Ἀθηναίων
1217 1269 1263 1295 καὶ
1275 1267 1427 1304 Χαρίκλεια
1438 1266 1616 1301 ἱερατεύουσα
1630 1265 1678 1292 καὶ
1694 1265 1837 1300 Θεαγένης

1046 1317 1246 1352 σταδιοδρόμος,
1276 1316 1323 1343 καὶ
1350 1315 1417 1351 πρὸς
1445 1314 1578 1350 ἀλλήλους
1605 1313 1676 1347 ἔρως
1704 1312 1759 1339 ἀπὸ
1783 1312 1838 1347 τῆς

1045 1365 1142 1400 ὅψεως,
1159 1363 1207 1390 καὶ
1232 1363 1309 1394 νόσος
1324 1361 1489 1397 Χαρικλείας
1505 1360 1560 1387 ἀπὸ
1580 1359 1628 1386 τοῦ
1653 1359 1763 1395 ἔρωτος,
1787 1359 1838 1385 καὶ⁸

1045 1408 1157 1444 ἁρπαγὴ
1169 1407 1272 1442 ταύτης
1291 1407 1409 1441 ἑκούσης
1425 1406 1479 1433 ἀπὸ
1500 1405 1679 1439 Χαρικλέους,
1693 1404 1722 1435 ὃς
1740 1404 1837 1438 ἐνομί-

1046 1457 1107 1488 ζετο
1120 1456 1188 1490 αὐτῇ
1205 1455 1296 1490 πατήρ
1310 1455 1333 1470 ⁰⁵
1346 1462 1354 1470 ·
1369 1453 1506 1488 Θεαγένης
1522 1452 1545 1478 δ’
1559 1450 1594 1488 ἦν
1608 1452 1622 1478 ό
1637 1450 1770 1487 ἡρπακὼς
1788 1451 1836 1478 διὰ

1046 1502 1237 1535 Καλασίριδος.
1261 1500 1412 1531 ’Λπόπλους
1430 1499 1477 1526 καὶ
1496 1498 1651 1529 κατάπλους
1671 1497 1716 1524 ἐπὶ
1731 1497 1840 1524 Ζάκυν-

1049 1550 1105 1580 θον,
1121 1548 1168 1575 καὶ
1191 1547 1259 1584 έρως
1278 1546 1326 1574 τοῦ
1342 1546 1479 1581 ναυάρχου
1504 1544 1573 1579 πρὸς
1593 1543 1768 1579 Χαρίκλειαν,
1786 1544 1839 1570 καὶ

1047 1593 1226 1628 πεπλασμένη
1253 1592 1330 1626 παρὰ
1345 1592 1369 1608 ³⁵
1385 1590 1566 1624 Καλασίριδος
1587 1589 1636 1616 τοῦ
1655 1589 1745 1624 γάμου
1767 1588 1840 1615 ὑπό-

1046 1650 1149 1677 σχεσις,
1167 1640 1213 1666 καὶ
1236 1639 1384 1670 κατάλυσις
1406 1637 1481 1673 παρὰ
1499 1636 1544 1663 τὸν
1559 1636 1682 1670 αίγιαλδν
1702 1635 1758 1662 τῶν
1770 1635 1838 1670 περὶ

1044 1686 1222 1722 Χαρίκλειαν,
1243 1684 1292 1711 καὶ
1318 1685 1433 1719 μήνυσις
1459 1682 1535 1717 παρὰ
1562 1682 1610 1708 τοῦ
1635 1680 1837 1716 ὑποδεξαμένου

1045 1733 1142 1764 ἁλιέως
1156 1733 1197 1759 δτι
1207 1731 1341 1767 Τραχινδς
1351 1731 1365 1756 ὁ
1380 1730 1531 1766 λῄσταρχος
1545 1729 1674 1765 ἁρπαγὴν
1685 1728 1735 1763 τῆς
1750 1728 1838 1764 κόρης

1046 1779 1213 1816 βουλεύεται,
1231 1779 1279 1805 καὶ
1294 1777 1433 1808 ἀπόπλους
1447 1777 1491 1803 διὰ
1504 1776 1585 1803 τοῦτο
1596 1775 1776 1810 Καλασίριδος
1787 1775 1839 1802 καὶ

1044 1827 1098 1854 τῶν
1111 1827 1176 1862 περὶ
1195 1824 1371 1860 Χαρίκλειαν,
1390 1823 1454 1859 [160
1475 1822 1521 1859 Κ]
1539 1822 1587 1849 καὶ
1608 1820 1745 1853 ὲπιδίωξις
1762 1821 1839 1856 Τρα-

1044 1873 1131 1909 χινοῦ,
1147 1872 1194 1900 καὶ
1209 1871 1363 1906 κατάληψις
1376 1870 1428 1906 τῆς
1441 1869 1518 1902 νεὼς,
1533 1869 1581 1896 καὶ
1601 1868 1671 1904 ἔρως
1685 1867 1837 1903 Τραχινοῦ,

1045 1919 1092 1946 καὶ
1118 1917 1263 1953 ὑπόκρισις
1288 1918 1328 1949 είς
1353 1915 1552 1951 συγκατάθεσιν
1577 1914 1762 1950 Χαρικλείας,
1787 1915 1838 1941 καὶ

1044 1964 1183 1999 ἐξαίτησις
1196 1963 1349 1997 Θεαγένους
1364 1963 1402 1994 ὡς
1413 1961 1541 1996 ἀδελφοῦ,
1561 1961 1599 1993 ὼς
1613 1961 1642 1988 δὲ
1656 1961 1761 1996 πατρὸς
1776 1961 1838 1987 Κα-

1044 2010 1193 2046 λασίριδος,
1209 2011 1257 2038 καὶ
1279 2009 1454 2045 ὲκπλήρωσις
1469 2008 1518 2043 τῆς
1539 2008 1685 2042 αἰτήσεως,
1706 2007 1755 2033 καὶ
1774 2015 1838 2042 τρι-

1046 2057 1133 2092 κυμία
1148 2055 1298 2089 θαλάσσης,
1316 2055 1363 2081 καὶ
1373 2053 1493 2089 διαφυγὴ
1517 2053 1666 2087 ναυαγίων,
1681 2052 1729 2079 καὶ
1748 2061 1838 2086 προσ-

1044 2103 1163 2138 όρμησις
1192 2101 1288 2137 μέρεσί
1307 2109 1364 2127 τισι
1393 2100 1445 2135 τῆς
1461 2100 1612 2133 Αἰγύπτου,
1628 2099 1676 2125 καὶ
1702 2098 1839 2133 Τραχινὺς

1045 2148 1093 2175 τοῦ
1105 2148 1196 2183 γάμου
1211 2147 1379 2183 Χαρικλείας
1401 2145 1634 2182 μιμνησκόμενος.
1651 2145 1698 2171 καὶ
1713 2145 1839 2171 Καλασι-

1047 2201 1090 2228 ρις
1105 2193 1120 2219 ό
1136 2192 1217 2227 δῆθεν
1241 2192 1332 2229 πατὴρ
1354 2191 1580 2227 ὑπισχνούμενος,
1603 2191 1652 2218 καὶ
1671 2190 1772 2224 ἀπάτη.
1789 2189 1840 2216 καὶ

1045 2239 1181 2274 γαμήλιος
1204 2238 1316 2274 εὐωχία,
1343 2238 1391 2265 καὶ
1407 2238 1533 2273 Πέλωρος
1553 2238 1622 2273 ἔρως
1646 2237 1811 2272 Καλασίριος
1829 2236 1838 2252 ¹

1047 2282 1273 2317 παροτρύνοντος,
1290 2283 1338 2309 καὶ
1349 2282 1407 2318 ἔρις
1421 2282 1557 2318 Τραχινοῠ
1575 2282 1622 2308 καὶ
1636 2282 1759 2317 Πέλωρος
1773 2283 1842 2317 περὶ

1046 2329 1224 2364 Χαρικλείας,
1237 2329 1285 2355 καὶ
1299 2329 1375 2361 τέλος
1397 2329 1489 2364 σφαγὴ
1506 2329 1554 2356 καὶ
1571 2329 1696 2355 ἀπώλεια
1710 2327 1776 2364 παρ’
1789 2328 1842 2354 άλ-

1046 2375 1135 2411 λήλων
1153 2375 1209 2402 τῶν
1223 2375 1330 2411 λῃστῶν
1347 2375 1531 2411 συνεργούσης
1549 2376 1597 2402 καὶ
1620 2374 1787 2410 Χαρικλείας
1802 2375 1840 2410 τῇ

1046 2421 1159 2449 ἐκείνων
1180 2422 1305 2457 ἀπωλείᾳ
1320 2423 1376 2454 τοῖς
1390 2422 1550 2458 τοξεύμασι,
1571 2422 1619 2448 καὶ
1633 2421 1733 2456 θρῆνος
1749 2421 1840 2456 Χαρι-

1049 2467 1142 2499 κλείας
1161 2469 1208 2495 ἐπὶ
1220 2468 1359 2504 Θεαγένην
1375 2469 1385 2484 ²
1402 2468 1542 2504 τραύμασι
1567 2467 1704 2502 κείμενον.
1721 2466 1838 2503 Λῃστῶι

860 2522 980 2551 VARIE
999 2523 1202 2554 LECTIONES.

202 2581 246 2619 τὸς
263 2582 309 2608 τὸν
322 2581 443 2619 τοιοῦτον
459 2582 568 2619 Κνίδιον
584 2581 756 2619 συγγραφέα,
772 2582 830 2608 ἀλλ’
847 2581 877 2614 ἐξ
891 2580 931 2619 ᾦν
950 2583 1175 2618 άπισχυρίζονται
1194 2585 1219 2611 οἱ
1237 2584 1314 2619 παρὰ
1330 2585 1386 2616 τοῖς
1399 2584 1641 2618 ἀνατολικωτεροις
1660 2591 1771 2619 μερεσιν
1788 2582 1840 2618 εμ-

202 2618 438 2655 φιλοχωρήσαντες
452 2617 586 2655 Δἡμέτεροι
606 2618 758 2655 ἑωρακέναι
770 2619 839 2655 ,καὶ
856 2617 904 2655 τοῦ
922 2617 1023 2655 νεκροῦ
1030 2617 1075 2655 δέ
1089 2619 1225 2655 σώματος.
1243 2620 1258 2646 ὃ
1275 2617 1306 2646 οὐ
1326 2620 1380 2655 πρὸ
1397 2619 1495 2647 πολλοῦ
1518 2617 1612 2655 Ἰταλοί
1627 2617 1701 2649 τινες
1712 2617 1839 2653 διεκόμι-

204 2661 254 2679 σαν
265 2652 399 2683 ἐνταυθοῖ,
415 2652 581 2686 ἀνθέλκομαι
594 2653 677 2686 φάναι
692 2653 757 2683 ἴσως
771 2653 913 2686 ἀληθεύειν
925 2654 1016 2681 αὐτόν.
1054 2653 1077 2671 ’³
1090 2652 1232 2682 αίθίοπικά
1242 2664 1263 2688 ς
1274 2664 1281 2682 :

201 2688 225 2703 "
240 2689 287 2714 καὶ
303 2694 365 2714 ante
378 2688 450 2714 ἐλπι.
470 2688 556 2722 ponit.
571 2696 601 2719 ς.
640 2688 662 2703 ³⁵
679 2687 724 2722 ἐκ]
736 2688 765 2714 δὲ
779 2689 811 2714 ἐκ
822 2697 852 2720 ς.

1301 2655 1336 2682 cf.
1350 2654 1411 2682 cod.
1427 2655 1472 2682 94.
1486 2654 1644 2690 Ὶαμὸλίχου
1656 2654 1837 2690 δραματικὸν,

891 2689 914 2704 ³⁸
930 2689 999 2724 πρὸς
1015 2689 1037 2715 Α
1054 2698 1061 2716 :
1077 2690 1117 2721 είς
1133 2699 1163 2722 ς.
1203 2691 1225 2707 ’⁷
1240 2691 1451 2725 συστελλόμεναι
1468 2689 1533 2718 add.
1550 2691 1584 2718 A.
1621 2690 1645 2706 "
1666 2689 1770 2725 πατήρ.
1790 2689 1838 2716 καὶ

201 2724 284 2757 Θεαγ.
305 2732 336 2755 ς.
372 2723 395 2739 ³³
412 2720 489 2758 παρᾶ
504 2722 527 2749 Α
541 2731 548 2749 :
563 2722 629 2758 περὶ
649 2731 679 2755 ς.
718 2720 727 2739 λ
745 2723 927 2759 Καλασίριδος
940 2720 965 2756 ςζ
1003 2726 1012 2741 ¹
1024 2720 1116 2752 malim
1130 2720 1443 2761 Θεαγένει-κειμένῳ.

974 2775 1096 2810 NOTAE;

238 2838 444 2878 (ὃδὴ-(ἔριδιτῇ
459 2839 540 2866 refert
555 2839 667 2868 Lucum.
685 2839 732 2868 lib.
747 2847 766 2872 1,
801 2838 874 2870 Vera:
895 2816 989 2869 Ιιίειοέ.
1011 2841 1129 2870 Ctesiam
1142 2843 1173 2870 dc
1186 2842 1257 2870 Indis
1269 2841 1416 2878 scripsisse
1433 2842 1532 2878 ἃμήτε
1550 2840 1632 2873 αὐτὸς
1666 2838 1731 2873 εἶδε.
1765 2839 1838 2876 μήτι

201 2873 281 2900 ἄλλου
294 2874 416 2906 εἰπόντος
432 2875 542 2909 ἤκουσε.
