1934 3089
242 158 295 190 Eli-3

807 157 939 187 ΡΗΟΤΙΙ
958 155 1212 186 ΡᾹΤΒΙΑΗΟΗᾸΞ
1231 155 1286 185 CP.

1819 152 1874 184 2H

246 215 374 243 mnltuari
390 215 484 250 coepit,
501 215 597 242 melius
610 222 671 242 esse
686 220 744 241 rata
758 215 858 243 multos
869 214 950 242 simul
962 220 990 242 et
1003 215 1030 241 in

1083 214 1235 248 Ἀγρίππα,
1251 213 1420 248 ἐπετρόπευε
1435 212 1464 239 δὲ
1492 212 1542 247 τῆς
1566 211 1667 248 Συρίας
1680 212 1728 238 καὶ
1739 211 1873 245 Ἰουδαίας

246 263 477 296 libertate,,qu.1m
503 262 575 289 lente
597 269 629 289 ac
652 261 794 296 paulatim,
811 266 840 288 et
856 261 883 288 in
899 261 1032 288 servitute

244 308 392 342 exstingui.
406 307 500 335 Altero
522 313 596 334 certe
621 308 789 341 praefectura:
814 307 899 340 Flori,
916 306 1032 334 Neronis

245 362 309 381 vero
326 354 432 380 decimo
445 361 528 385 anno.
543 354 642 381 bellum
657 354 754 389 agitari
768 359 899 389 ereptum.
916 353 1033 388 ﬁnisque
1052 355 1061 372 '-

243 401 286 424 est
298 397 407 431 Iosephi
430 396 560 425 Historia
576 398 630 425 :de
643 398 722 431 cujus
742 397 812 432 stylo
837 405 919 432 supra
942 398 1033 425 dicere

243 450 365 470 memmi.

1082 259 1177 291 Γέσιος
1197 258 1315 295 Φλῶρος,
1336 259 1459 286 ’Δλὸίνου
1476 259 1598 294 διάδοχος
1614 267 1621 274 ·
1637 255 1668 286 οὖ
1680 258 1732 293 τὴν
1753 267 1874 294 κακουρ-

1056 310 1063 318 ’
1083 305 1146 339 γίαν
1157 306 1204 331 καὶ
1219 305 1349 340 ὠμότητα
1365 305 1396 331 τὺ
1422 304 1558 332 Ἰουδαίων
1584 305 1661 336 ἔθνος
1690 305 1721 331 οὺ
1743 305 1873 340 φέροντες

1083 350 1316 386 ἐστασίασαν,[99
1343 350 1390 386 Η.]
1422 352 1549 386 κρεῖσσον
1579 351 1750 386 ἡγησάμενοι
1776 350 1875 386 ἁθρόον

1084 398 1131 423 καὶ
1161 397 1210 424 σὺν
1232 397 1374 433 ἐλευθερίᾳ
1395 397 1411 432 ἦ
1441 398 1500 424 κατ’
1528 397 1619 431 ὀλίγον
1633 398 1682 424 καὶ
1707 398 1755 424 σὺν
1769 397 1877 433 δουλείᾳ

1085 443 1245 470 ἀπολέσθαι.
1264 443 1396 479 Δεύτερον
1410 443 1433 470 δ’
1447 442 1482 480 ἧν
1496 444 1519 459 ⁵⁵
1539 444 1599 475 ἔτος
1615 444 1664 479 τῆς
1684 444 1794 480 Φλώρου
1815 446 1877 470 ἑπι-

243 489 359 523 τροπῆς,
375 488 526 515 δωδέκατον
550 488 580 515 δὲ
604 488 653 524 τῆς
678 489 806 524 Νέρωνος
831 488 929 524 ἀρχῆς,
948 488 992 515 ὅτε
1007 489 1021 515 ὁ
1041 489 1156 524 πόλεμος
1179 489 1316 525 ὲλάμόανς
1334 490 1441 526 κίνησιν
1453 498 1462 506 σ
1482 491 1511 517 ὲν
1526 488 1568 524 οἷς
1583 490 1690 526 καὶτῆς
1706 491 1826 527 ἱστορίας
1846 498 1878 524 τι,

248 536 346 571 πέρας,
373 534 436 567 Οίος
447 536 475 562 δὲ
486 537 537 571 τὴν
557 536 658 571 φράσιν
695 536 782 568 ἐστὶν,
818 536 976 572 ἔμπροσθεν
1000 537 1077 572 εῐρητ

280 583 370 610 Gentis
386 583 422 609 illi
435 583 589 615 Iudaicum,
601 588 626 610 et
643 585 770 611 sacerdos
786 584 853 618 ipse,
866 584 951 619 patris
963 591 1030 618 quo-

242 637 294 663 que
318 631 428 663 stirpem
449 637 464 656 e
484 630 673 656 sacerdotibus
696 629 774 664 longa
800 629 933 663 majorum
959 630 1032 656 serie

242 675 359 702 ducebat
376 684 383 702 :
400 682 463 702 nam
486 680 573 702 mater
596 676 663 709 regii
679 676 818 710 sanguinis
843 675 893 702 fuit
913 683 946 702 ex
967 676 1032 702 Asa-

244 728 409 748 monaeorum
432 721 476 747 illa
497 721 598 753 sobole,
617 729 679 754 quae
703 721 858 748 diutissime
880 721 950 749 inter
965 729 1031 749 cott-

245 767 360 795 tribules
375 767 528 794 sacerdotio
546 768 629 800 potita
650 775 771 800 summo,
789 772 817 795 et
837 776 930 802 regno.
947 767 1032 796 Natus

245 822 309 850 ergo
325 814 461 848 Iosephus
474 822 507 842 ex
520 814 564 841 illa
574 819 671 846 matre,
689 819 716 841 et
731 814 854 847 lllatthia,
875 814 942 849 53b
959 822 1031 842 anno

244 862 331 895 primo
343 861 398 888 Caii
415 861 529 888 Romani
549 861 733 894 imperatoris,
745 861 801 895 jam
820 861 883 888 inde
898 869 912 887 a
929 862 1031 888 teneris

1080 547 1119 564 αι.

1121 583 1199 609 Ἐστι
1214 582 1241 609 δὲ
1256 583 1270 609 ό
1284 583 1306 600 ⁸⁸
1322 581 1454 618 Ἰώσηπος
1476 583 1554 618 γένος
1573 583 1622 618 μὲν
1641 582 1766 613 Ἰουδαῖος
1786 583 1879 618 ἱερεὺς

1084 629 1133 655 καὶ
1152 628 1181 661 ἐξ
1196 629 1292 664 ίερὲων
1308 629 1342 655 τὰ
1361 629 1429 663 πρὸς
1444 630 1547 664 πατρὸς
1561 629 1664 656 ἄνωθεν
1676 629 1878 664 καταγόμενος,

1085 675 1116 701 ὲκ
1132 675 1271 709 βασιλείου
1300 675 1328 701 δὲ
1345 676 1366 691 ⁵⁷
1385 675 1472 710 φυλῆς
1485 676 1538 702 ὑπὸ
1551 676 1602 709 τῆς
1616 676 1734 711 μητρός·
1750 676 1806 702 τῶν
1820 676 1879 712 γὰρ

1091 720 1279 755 Ἀσαμωναίου
1297 720 1410 751 παίδων,
1427 721 1451 747 οἳ
1471 721 1518 746 ἐπὶ
1542 720 1712 756 μακρότατον
1737 719 1792 746 τῶν
1807 721 1879 754 ὁμο-

1085 767 1177 801 φύλων
1193 767 1353 802 ίεράτευσάν
1368 775 1397 793 τε
1409 767 1457 793 καὶ
1471 767 1687 802 ἑϐασίλευσαν,ἡ
1703 767 1879 802 γεννησαμέ-

1085 822 1118 847 νη
1147 812 1292 846 ἀπόγονος.
1320 813 1428 839 Γίνεται
1449 812 1481 847 δὴ
1500 813 1522 828 ⁵⁸
1538 812 1567 845 ἐξ
1588 812 1674 847 αὐτῆς
1690 812 1738 838 καὶ
1752 811 1880 839 Ματθίου

1085 859 1156 885 κατὰ
1173 858 1203 884 τὸ
1225 858 1334 893 πρῶτον
1353 858 1412 889 ἔτος
1435 858 1485 893 τῆς
1510 857 1591 884 Γαΐου
1615 858 1756 892 Ῥωμαίων
1773 858 1881 894 ἠγεμο-

243 908 395 943 unguiculis
410 907 588 942 philosophia:
608 907 705 934 studiis
716 914 777 934 sese
792 907 904 934 dedidit.
917 907 1027 934 Annum

1083 904 1138 936 νίας
1157 905 1298 939 Ἰώσηπος,
1328 905 1361 931 ἐκ
1383 905 1447 936 νέας
1462 905 1511 939 μὲν
1535 905 1699 939 φιλολογῶν·
1715 905 1779 940 περὶ
1799 905 1829 931 δὲ
1849 906 1880 932 τὸ

243 954 340 982 deinde
355 955 493 988 attingens
507 959 613 980 sextum
632 954 781 985 decimum,
792 954 912 980 animum
925 961 1034 987 quoque

242 1001 275 1027 nd
288 1000 443 1027 .Imlzeorum
458 1005 547 1027 sectas
561 999 664 1034 appulit
676 1000 743 1034 (tres
757 999 813 1034 (76)
827 1004 918 1026 autem
936 1007 1030 1026 nume-

244 1046 349 1080 rantur)
370 1052 518 1079 nmnesque
534 1052 634 1079 magno
657 1045 740 1071 animi
766 1045 857 1072 studio
875 1049 1033 1079 persecutus

241 1097 293 1124 est,
308 1096 336 1117 ut
347 1092 466 1118 omnium
476 1096 555 1126 capto
570 1090 766 1124 experimento,
783 1091 911 1124 optimam
925 1090 1032 1116 tandem

241 1137 460 1171 amplecteretur.
476 1137 565 1172 Atque
582 1137 622 1163 hae
638 1136 694 1163 lere
710 1140 792 1162 sectae
807 1135 858 1163 illae
870 1145 877 1162 :
889 1135 1030 1168 Pharisaei,

243 1182 383 1210 Saitducaai
397 1189 425 1209 et
440 1183 536 1210 Βεεεηὶ
553 1182 620 1218 (77).
637 1183 710 1215 Quas
722 1190 783 1209 cum
800 1182 989 1216 percurrisset,
1005 1182 1032 1208 in

241 1229 416 1257 solitudinem
426 1229 538 1261 secedit,
552 1229 643 1263 ibique
651 1228 708 1255 viro
717 1233 771 1255 tres
778 1236 865 1258 annos
875 1229 1031 1263 utitur(78;,

241 1277 286 1310 qui
303 1275 451 1302 solitariam
465 1279 524 1302 erat
536 1274 617 1301 vitam
633 1280 742 1301 austere
750 1274 853 1308 pridem
864 1274 1031 1308 complexus,

242 1320 284 1346 cui
317 1319 507 1345 vestimentum
536 1318 664 1345 arboruut
693 1317 768 1351 folia,
791 1317 948 1345 alimentum
966 1327 1032 1346 vero

243 1363 333 1390 herbae
350 1367 447 1397 sponte
463 1368 532 1389 natae
557 1362 713 1397 praebebant
728 1371 735 1389 :
751 1367 779 1389 et
802 1362 898 1396 frigida
921 1363 1032 1397 insuper

243 1408 343 1442 smpius
366 1407 484 1434 interdiu
510 1411 646 1441 noctuque
666 1407 783 1438 lavabat,
800 1407 927 1441 puritatis
940 1407 1031 1434 conti-

245 1454 398 1488 nentiaeque
423 1453 521 1487 gratia.
539 1452 607 1479 Hinc
629 1451 663 1479 ad
688 1453 920 1480 undevicesimum
943 1453 1031 1480 aetatis

243 1507 344 1526 annum
366 1499 460 1527 urbem
489 1500 607 1533 repetiit,
634 1498 834 1526 Phariszeorum
859 1499 1029 1533 potissimum

243 1547 369 1574 haeresim
384 1551 503 1578 secutus,
513 1554 592 1580 quant
603 1546 627 1573 ei
645 1547 701 1573 fere
717 1547 834 1574 similem
851 1545 1028 1582 laciunt(79).

243 1602 303 1628 quae
317 1594 387 1628 apud
400 1599 494 1627 gentes
503 1577 596 1621 Stoica
612 1598 655 1621 est
667 1593 932 1628 appellata.Aunum
946 1577 1030 1628 ajgeus
1043 1577 1064 1605 Ο

246 1644 341 1674 postea
372 1640 553 1672 tricesimum,
570 1641 603 1667 ab
621 1639 876 1674 Hierosolymitanis
901 1640 934 1666 ad
957 1639 1031 1666 Gali-

242 1687 318 1714 l:eam
335 1687 533 1721 procurandum
549 1686 678 1713 tnittitur.
695 1685 754 1712 Jam
774 1685 846 1713 enim
870 1685 972 1712 turbari
988 1693 1031 1712 res

244 1737 387 1768 cmperant
399 1732 567 1766 Judaeorum,
586 1733 733 1766 multisque
746 1732 797 1766 ipsi
818 1731 913 1766 agitari
930 1731 1030 1758 tumul-
1045 1741 1051 1746 θ

243 1779 324 1806 tibus.
346 1778 412 1805 Dein
439 1778 612 1806 Galilzeorum
637 1778 734 1805 ductor
749 1781 868 1808 creatus,
886 1777 1031 1811 rempubli-

241 1832 301 1855 cam
318 1825 387 1852 bene
398 1825 524 1860 gessit,et
539 1824 639 1851 multas
650 1823 795 1858 variasque
809 1822 967 1850 aemulorum
974 1823 1029 1858 (80)

243 1872 269 1899 in
291 1871 431 1905 republica
451 1870 667 1898 administranda
690 1870 801 1896 insidias
815 1869 938 1896 evitavit.
963 1869 1029 1896 Cum

241 1918 360 1946 inimicis
377 1918 459 1944 etiam
476 1917 642 1944 moderatius
659 1916 774 1950 agendo,
789 1923 842 1943 non
860 1923 920 1943 raro
937 1923 985 1943 eos
1003 1916 1028 1943 in

242 1971 320 1999 suam
348 1963 454 1998 redegit
477 1967 652 1997 potestatem.
669 1961 771 1988 Bellum
793 1963 869 1995 item,
891 1962 961 1997 quod
982 1962 1029 1988 ad-

240 2017 336 2048 versus
352 2009 491 2036 Romanos
506 2009 606 2036 invitus
627 2009 760 2042 susoepit,
778 2008 884 2035 fortiter
904 2008 1029 2042 Jotapitis

240 2057 381 2086 sustinuit.
398 2055 483 2082 Vivus
501 2059 591 2082 tamen
608 2055 636 2081 in
658 2053 829 2088 Vespasiani,
844 2054 1028 2081 Romanorum

241 2103 327 2138 copiis
342 2101 475 2137 prafecti,
492 2106 656 2136 potestatem
672 2101 747 2127 venit
761 2110 767 2127 :
786 2107 866 2134 quem
888 2100 914 2126 in
932 2108 961 2127 se
979 2101 1030 2126 hu-

241 2156 351 2184 manum
373 2147 470 2178 sensit,
495 2154 527 2173 ac
551 2146 748 2180 perbenignum
766 2145 823 2178 jam
844 2150 911 2178 lum,
926 2151 953 2172 et
965 2153 1028 2172 vero

239 2195 357 2230 amplius
381 2197 525 2228 postquam
550 2192 702 2219 Romanum
724 2191 843 2218 obtinuit
862 2191 1027 2225 imperium:

1085 950 1279 977 ἑκκαιδέκατον
1299 950 1358 982 ἔτος
1380 950 1500 984 γεγονὼς
1512 950 1629 977 ὲπέὅαλε
1646 951 1694 977 καὶ
1714 952 1774 982 ταῖς
1798 951 1879 986 παρὰ

1090 995 1227 1026 Ἰουδαίοις
1238 995 1360 1030 αἱρέσεσι
1374 995 1459 1031 (τρεῖς
1474 995 1496 1021 δ’
1509 995 1573 1030 εἰσὶ)
1593 995 1641 1021 καὶ
1654 996 1743 1026 πασας
1758 996 1879 1027 εὐτόνως

1085 1041 1179 1076 μετῄει
1195 1041 1265 1077 ὑπὲρ
1273 1041 1321 1067 τοῦ
1338 1041 1433 1068 πασῶν
1449 1043 1547 1077 πεῖραν
1559 1041 1688 1076 εἰληφότα
1702 1042 1812 1068 ἑλέσθαι
1825 1043 1880 1077 τὴν

1083 1085 1199 1119 ἀμείνω,
1219 1085 1280 1111 Εἰσὶ
1296 1085 1319 1111 δ’
1335 1086 1363 1111 αἱ
1385 1085 1508 1120 αἱρέσεις
1531 1085 1674 1120 Φαρισαῖοι
1701 1085 1880 1113 Σαδδουκαῖοι

1084 1132 1131 1157 καὶ
1153 1131 1292 1166 Ἐσσηνοί·
1311 1131 1344 1162 ἃς
1362 1131 1474 1158 διελθὼν
1493 1131 1593 1165 ἔξεισιν
1613 1132 1661 1158 ἐπὶ
1684 1132 1733 1167 τὴν
1758 1133 1878 1167 ἔρημον,

1083 1178 1165 1204 κάκεῖ
1197 1178 1379 1213 συνδιατρίὸει
1417 1177 1554 1213 ἀνθρώπῳ
1584 1179 1638 1204 τινὶ
1667 1179 1713 1205 τὸν
1741 1179 1881 1214 ἑρημικὸν

1083 1223 1208 1250 ἀθλοῦντι
1220 1224 1277 1258 βίον
1288 1224 1334 1250 ἐπὶ
1351 1222 1533 1259 ἓτητρίσ..Ἦν
1550 1224 1578 1250 δὲ
1594 1223 1631 1258 τῷ
1641 1224 1777 1260 ἀνθρώπῳ
1794 1225 1879 1261 ἐσθὴς

1084 1269 1135 1304 μὲν
1151 1270 1182 1296 ἐκ
1195 1269 1323 1304 δένδρων,
1339 1270 1387 1296 καὶ
1402 1269 1489 1305 τροφὴ
1497 1269 1551 1296 τῶν
1562 1270 1704 1304 αὐτοφυῶν
1715 1271 1742 1297 αὶ
1753 1271 1879 1305 βοτάναι,

1082 1317 1130 1343 καὶ
1134 1317 1188 1351 ψυχ
1193 1316 1238 1351 ροῦ
1249 1316 1297 1343 ὓδα
1302 1316 1411 1351 τοίλουτ
1416 1316 1461 1351 ρὸν
1468 1316 1598 1348 πολλάκις
1607 1317 1653 1343 καὶ
1658 1317 1706 1351 τῆς
1714 1318 1768 1353 ὴμέ
1772 1326 1820 1352 ρας
1827 1319 1880 1344 καὶ

1081 1365 1131 1398 τῆς
1139 1364 1235 1394 νυκτὸς
1243 1363 1311 1398 πρὸς
1325 1363 1446 1397 ἁγνείαν.
1456 1363 1575 1390 Ἐκεῖθεν
1590 1364 1654 1398 περὶ
1662 1363 1691 1389 τὸ
1699 1364 1879 1390 ἐννεακαιδέ-

1082 1418 1164 1437 κατον
1174 1409 1232 1441 ἔτος
1240 1410 1363 1436 ἐπάνεισι
1374 1409 1442 1444 πρὸς
1448 1410 1498 1445 τὴν
1510 1410 1597 1440 πόλιν.
1609 1410 1658 1444 τὴν
1668 1410 1825 1445 Φαρισαίων
1838 1411 1880 1437 aL

1083 1465 1157 1492 ρεσιν
1165 1457 1297 1491 στέργων,
1305 1457 1338 1492 ἢν
1351 1457 1400 1483 καὶ
1411 1458 1443 1492 τῇ
1454 1456 1520 1492 παρ’
1532 1456 1646 1492 Ἕλλησί
1655 1465 1737 1492 φασιν
1756 1457 1779 1472 ⁸⁹
1792 1458 1880 1484 ἐοικέ-

1081 1502 1312 1538 ναιὲπιλεγομὲνῃ
1325 1500 1517 1538 Στωϊκῇ.Εἷτα
1529 1503 1628 1537 περὶτὸ
1637 1503 1800 1538 τριακοστὸν
1816 1504 1879 1535 ἔτος

1082 1549 1221 1583 πέμπεται
1247 1550 1323 1584 παρὰ
1345 1550 1400 1576 τῶν
1420 1549 1643 1584 Ἱεροσολυμιτῶν
1659 1549 1714 1575 τῶν
1743 1550 1772 1575 ὲν
1795 1550 1881 1577 Γαλι-

1082 1595 1146 1629 λαίᾳ
1170 1596 1328 1630 προνοήσων
1352 1596 1386 1611 ⁸⁸·
1404 1596 1491 1632 ἀρχὴν
1505 1596 1560 1631 γὰρ
1572 1596 1700 1631 ,ταραχῆς
1718 1596 1828 1631 ἐδέχετο
1845 1598 1880 1624 τὰ

1083 1640 1230 1673 Ἰουδαίων,
1259 1640 1372 1672 πολλαῖς
1397 1641 1523 1674 ἀταξίαις
1546 1641 1597 1677 ήδη
1612 1641 1878 1676 συναλλοιουμὲνων.

1082 1684 1150 1713 Εἶτα
1165 1687 1212 1713 καὶ
1224 1687 1378 1722 στρατηγὸς
1399 1687 1454 1714 τῶν
1469 1688 1535 1722 περὶ
1556 1689 1607 1722 τὴν
1622 1688 1767 1715 Γαλιλαίαν
1785 1698 1881 1724 χειρο-

1081 1732 1205 1766 τονηθεὶς
1222 1731 1252 1759 εὖ
1263 1741 1293 1759 τε
1305 1733 1428 1768 προῦστη
1440 1734 1461 1748 ⁶¹
1479 1733 1527 1759 τοῦ
1538 1733 1641 1765 ἔθνους,
1656 1734 1704 1760 καὶ
1719 1734 1821 1770 μυρίας
1830 1736 1880 1761 καὶ

1082 1778 1285 1809 ποικιλωτάτας
1298 1779 1351 1805 ὑπὸ
1368 1779 1423 1805 τῶν
1438 1779 1715 1814 ἀντιπολιτευομένων
1727 1780 1879 1812 ἐπιϐουλὰς

1082 1824 1202 1855 ὑποστὰς
1227 1823 1291 1860 [169
1318 1824 1363 1860 8.]
1381 1825 1472 1856 πάσας
1494 1825 1621 1859 ἐξέφυγε,
1645 1825 1693 1851 καὶ
1717 1826 1838 1860 μετρίως
1853 1826 1878 1842 ⁸·

1081 1871 1138 1901 τοῖς
1158 1870 1265 1905 ἐχυροῖς
1276 1870 1345 1905 ἔχων
1357 1870 1535 1903 ὑπεξουσίους
1548 1870 1570 1886 ⁵³
1580 1870 1710 1902 πολλάκις
1725 1872 1876 1906 ἐχρήσατο.

1081 1916 1136 1942 Καὶ
1150 1915 1196 1942 τὸν
1211 1915 1280 1950 πρὸς
1306 1916 1460 1951 Ῥωμαίους
1475 1916 1594 1952 πόλεμον
1615 1913 1690 1943 ἄκων
1707 1918 1878 1953 ἀναδεξάμε-

1081 1969 1126 1992 νος
1142 1962 1189 1988 καὶ
1205 1961 1336 1996 ἀνδρείως
1356 1962 1512 1996 διενεγκὼν,
1525 1964 1554 1989 ὲν
1573 1963 1745 1995 Ἰωταπάτοις
1761 1964 1784 1979 ⁸⁸
1799 1965 1878 1999 ὅμως

1081 2006 1202 2042 ζωγρείᾳ
1231 2007 1253 2023 ⁸⁸
1287 2008 1486 2043 οὑεσπασιανῷ
1510 2008 1656 2044 Ῥωμαίων
1680 2009 1742 2035 τότε
1775 2018 1877 2045 στρατ-

1081 2053 1192 2088 ηγοῦντι
1201 2053 1352 2081 ἁλίσκεται.
1361 2053 1427 2081 Εἶτα
1435 2055 1565 2090 τυγχάνει
1575 2055 1634 2082 λίαν
1644 2055 1778 2090 εὐμενοῦς
1788 2057 1876 2083 αὑτοῦ

1079 2101 1142 2127 τότε
1163 2110 1193 2128 τε
1217 2102 1239 2118 ⁸⁸
1263 2102 1308 2129 καὶ
1326 2103 1373 2128 ἐπὶ
1395 2102 1475 2129 πλέον
1494 2102 1639 2137 Ῥωμαίων
1661 2103 1805 2138 ἄρξαντος,
1823 2104 1877 2129 οὐκ

1080 2145 1164 2172 αὐτοῦ
1180 2146 1208 2172 δὲ
1228 2146 1310 2182 μόνου
1328 2147 1395 2173 ἀλλὰ
1413 2147 1460 2173 καὶ
1476 2147 1531 2173 τῶν
1547 2147 1649 2173 παίδων
1664 2146 1745 2172 Τίτου
1760 2146 1808 2172 καὶ
1823 2150 1876 2172 Δο-

1081 2192 1209 2227 μετιανοῦ
1217 2194 1249 2219 ὲκ
1262 2193 1387 2228 διαδοχῆς
1399 2194 1420 2208 ⁸⁷
1435 2193 1679 2228 βεῦασιλευκότων,
1686 2192 1723 2224 ὡς
1730 2193 1842 2226 καὶτῆς
1850 2194 1877 2209 ⁶⁸

240 2249 329 2275 neque
344 2241 431 2267 solum
448 2239 524 2266 illum
539 2240 618 2265 talem
633 2243 761 2271 expertus
776 2243 827 2269 est,
839 2239 886 2264 sed
899 2238 979 2264 etiam
996 2237 1028 2264 li-

1088 2237 1247 2273 Ῥωμαῖκῆς
1267 2240 1360 2273 τυχεῖν
1373 2238 1511 2270 πολιτείας
1526 2239 1572 2264 καὶ
1584 2239 1694 2264 πάντων
1706 2239 1736 2265 ὲν
1754 2238 1876 2274 ἀφθονίᾳ

239 2288 319 2323 heros
344 2286 402 2320 ejus
427 2284 519 2319 Titum
545 2291 578 2311 ac
601 2283 805 2315 Domitianum,
830 2283 875 2318 qui
906 2283 1026 2317 parentis

1081 2285 1263 2320 καταστῆναι.
1286 2285 1457 2320 ’Δπηρτίσθη
1481 2285 1498 2320 ἡ
1527 2285 1549 2301 ⁸⁵
1575 2284 1681 2319 ἱστορία
1709 2284 1753 2317 νς’
1775 2284 1874 2319 ἄγοντι

869 2373 988 2401 ἾΑΒΙᾹΞ
1005 2373 1209 2401 LECTIONES.

267 2422 320 2449 ⁵⁵δ’
332 2420 397 2458 ἧνΔ
412 2431 418 2449 :
435 2422 467 2458 δὴ
483 2431 513 2454 ς.
532 2422 555 2438 ⁵⁸
571 2423 584 2448 ὁ
600 2423 661 2448 add.
675 2422 708 2449 Α.
723 2422 745 2437 ¹⁷
763 2423 794 2448 ἐκ
806 2421 868 2457 βασ.
884 2431 914 2454 ς.
932 2423 954 2438 ⁸⁸
969 2422 1001 2456 δὴ
1017 2422 1062 2448 A:

237 2461 257 2485 3
280 2464 352 2485 extr.
392 2459 415 2477 ⁶⁰
429 2458 648 2492 προνοησάμενος
668 2466 699 2489 ς,

237 2494 368 2525 ταπὰτοις
383 2503 413 2526 ς.
439 2493 462 2509 ⁸⁵
477 2492 598 2528 ζωγρείᾳ
610 2501 682 2525 corr.

237 2528 299 2566 ⁶³ή1
327 2529 383 2571 δὲή
397 2538 427 2566 ςτ

737 2458 758 2493 θξ
776 2457 895 2493 προέστη
913 2466 959 2493 ςη
981 2458 1002 2474 ⁶¹
1021 2458 1131 2493 μέτριον
1144 2458 1178 2483 Α.

697 2493 718 2527 Α
732 2501 738 2519 :
751 2492 872 2527 ζωγρίαν
893 2501 924 2524 ς.
951 2492 974 2508 ⁸⁵
987 2493 1048 2519 τότε
1058 2501 1088 2519 τε
1099 2493 1122 2520 Α
1136 2501 1144 2518 :
1160 2500 1191 2518 τε
1207 2492 1270 2519 τότε
1288 2501 1318 2525 ς.
1350 2493 1371 2508 ⁸⁷
1384 2492 1454 2519 κατὰ
1470 2492 1594 2529 διαδοχὴν
1609 2502 1640 2525 ς.
1665 2493 1687 2508 ⁸⁸
1701 2493 1750 2527 τῆς
1763 2501 1819 2520 om.
1833 2494 1871 2521 A.

1078 2422 1110 2456 δὴ
1126 2421 1174 2448 οὖν
1188 2431 1218 2454 ς.
1256 2422 1279 2438 ⁸⁵
1289 2421 1382 2457 φασιν]
1404 2422 1495 2449 malim
1513 2431 1604 2457 φησιν.
1619 2422 1655 2448 cf.
1676 2421 1788 2457 Jnseph.
1811 2421 1871 2450 Vit.

1231 2457 1254 2473 ⁵⁸³
1266 2457 1433 2490 ὑπεξουσίως
1455 2459 1487 2488 Α,
1503 2457 1673 2489 ὑπεξουσίοις
1689 2466 1719 2489 ς.
1787 2457 1812 2472 ⁸⁸
1826 2459 1874 2484 ία-

984 2617 1100 2647 NOTAE.

272 2677 329 2739 (762
344 2678 382 2705 De
413 2677 512 2711 quibus
534 2677 645 2710 copiose
672 2676 702 2703 D.
719 2676 819 2717 Barnn_.
846 2676 921 2704 card.
946 2677 1025 2718 initio

272 2721 302 2739 ut.
335 2730 343 2739 .
369 2712 467 2739 Annal.
485 2714 586 2739 (eules.
607 2713 638 2739 Et
663 2717 762 2739 noster,
778 2711 865 2738 Nicol.
883 2712 1025 2739 Serranus

236 2711 302 2740 tom.
317 2711 343 2739 1.
369 2712 467 2742 Annal.
485 2714 586 2746 (cedes.
607 2713 638 2739 Et
663 2717 762 2739 noster,
778 2711 866 2747 Nicol.
883 2712 1026 2740 Serrarius

238 2748 370 2780 singulari
390 2755 440 2775 suo
455 2747 655 2775 Trihteresium
672 2747 814 2782 opusculo.

274 2783 330 2817 (Π)
355 2781 422 2809 Vide
446 2782 586 2809 Philonem
614 2781 736 2810 Judzeum
764 2783 810 2809 lib.
834 2782 912 2814 Quod
938 2783 1024 2809 omnis

236 2817 334 2852 probus
351 2818 427 2849 liber,
443 2818 469 2844 in
488 2818 561 2845 med.
575 2823 601 2845 et
618 2819 664 2844 lib.
682 2817 720 2844 De
735 2818 789 2843 vita
811 2818 1023 2852 contemplativa,

238 2857 302 2879 loto.
334 2853 412 2880 Suid.
436 2860 544 2888 quoque
585 2854 696 2887 vocibus
724 2853 847 2889 ’ῌσσαῖοι
877 2859 904 2880 et
939 2853 1024 2887 Φαρι-

237 2889 319 2917 σαῖσι.

1116 2677 1171 2712 (78)
1186 2677 1234 2704 Cui
1248 2685 1345 2705 nomen
1363 2677 1449 2710 Bono,
1464 2682 1532 2706 teste
1550 2675 1667 2711 Josepho
1689 2674 1736 2702 lib.
1758 2674 1796 2701 De
1813 2675 1870 2701 vita

1076 2721 1137 2744 sua.
1158 2713 1247 2740 initio.

1113 2748 1169 2782 (79)
1187 2748 1255 2775 Hinc
1271 2748 1339 2774 forte
1353 2753 1379 2774 et
1397 2747 1441 2775 illa
1465 2747 1556 2774 Stoica
1579 2747 1705 2780 degntala
1720 2753 1734 2770 ιι
1749 2745 1869 2782 Philone

1078 2780 1193 2810 tractata
1216 2784 1328 2817 singulis
1354 2783 1451 2810 libellis
1467 2792 1472 2809 :
1490 2781 1591 2809 Olines
1609 2782 1709 2816 probos
1722 2788 1784 2807 esse
1797 2780 1868 2806 libe-

1077 2826 1134 2848 ros,
1149 2823 1175 2844 et
1191 2825 1284 2844 omnes
1299 2819 1436 2853 improbos
1454 2826 1515 2846 esse
1529 2824 1632 2844 servos.

1112 2853 1214 2915 SSOJSIu
1238 2852 1448 2889 quibuslustus
1473 2853 1642 2889 Tibericnsis
1665 2852 1698 2880 de
1725 2858 1779 2887 quo
1804 2858 1865 2884 sup.

1132 2909 1137 2914 .
1151 2897 1167 2915 ὖ
1189 2909 1196 2915 .

1078 2890 1137 2916 cod.
1151 2889 1196 2915 55.
