1934 3089
74 174 127 206 253

607 171 870 202 BlBLIOTHECA.
890 182 926 188 ·-·
943 171 1024 201 COD.
1045 171 1175 201 LXXIX.

1650 173 1704 206 254

76 229 195 264 πόλεμον
215 227 361 255 ἀπέκλινεν
388 226 435 254 ἐπὶ
460 227 608 263 συνθήκαις
635 228 669 255 δι’
690 227 774 255 Ίλλοῦ
798 226 868 261 πρὸς

922 228 1052 254 creditum
1066 227 1158 260 fuerit,
1175 227 1210 256 ad
1226 235 1305 263 quem
1330 232 1417 255 tamen
1434 228 1515 255 certis
1528 228 1616 262 pactis
1631 227 1703 264 56a

75 274 170 308 αὑτὸν,
186 275 234 302 καὶ
250 273 403 309 εὐδοκιμῶν
416 273 463 310 ζεπὶ.
485 274 617 309 Ζήνωνος,
633 275 672 307 ὡς
687 275 734 301 καὶ
747 275 792 301 τὸν
809 275 867 301 υἱὸν

75 322 239 349 Βασιλίσκον
249 321 377 356 Καίσαρα
391 321 467 352 ἰδεῖν,
480 321 593 355 ὕστερον
607 322 805 357 ὲκρεουργήθη,
820 322 868 348 καὶ

75 371 89 396 ὁ
107 370 173 400 παῖς
197 370 231 394 ὲκ
251 367 301 394 τοῦ
317 369 329 383 ⁹
346 367 485 402 Καίσαρος
509 368 549 399 εἰς
573 367 635 399 τοὺς
657 368 686 394 ἐν
703 367 868 402 Βλαχέρναις

77 415 259 449 ἀναγνώστας
283 414 416 440 ἐτέλεσεν.
440 414 484 445 Ὠς
508 413 561 447 πρὸ
584 413 688 440 τούτων
705 413 867 444 Βασιλίσκος

74 462 190 497 Μάρκον
205 461 252 487 τὸν
267 460 335 487 ἴδιον
351 460 408 486 υἱὸν
422 460 550 494 Καίσαρα
568 460 678 486 ἀνεῖπεν
694 460 725 490 ¹⁶,
745 457 804 485 εἶτα
819 459 868 485 καὶ

75 507 201 542 βασιλέα.
217 507 273 533 Καὶ
288 505 327 537 ὠς
348 505 448 537 Ἰλλοῦς
470 505 569 540 συνέϐη
584 505 687 540 Ζήνωνι
707 506 748 536 εἰς
763 505 866 539 φιλίαν,

74 554 122 579 καὶ
148 553 231 580 πάλιν
254 551 402 579 ἀναλαϐεῖν
423 551 617 586 παρεσκεύασε
638 552 690 587 τὴν
718 551 866 586 βασιλείαν.

74 600 130 625 Καὶ
151 599 191 630 ὼς
208 597 457 628 καταστασιασθεὶς
479 597 607 631 βασιλεὺς
634 597 683 624 σὺν
697 598 730 632 τῇ
758 598 868 631 γυναικὶ

73 643 206 679 Ζηνωνίδι
218 644 266 669 καὶ
278 643 384 674 τέκνοις
399 642 566 676 καταφεύγει
577 643 616 673 εἰς
627 643 676 678 τὴν
694 643 866 678 Ἐκκλησίαν,

75 690 204 716 κάκεῖθεν
227 689 321 724 ἀπάτῃ
343 689 480 723 Ἀρμάτου
498 688 639 723 ἐκϐληθεὶς
661 688 811 722 ὲξορέζεται
828 690 869 720 εἰς

74 735 289 767 Καππαδοκίαν,
316 733 375 761 εἶτα
399 736 532 769 παγγενεὶ
547 734 568 749 ¹¹
589 734 805 768 κατασφὰζεται.
823 735 868 766 Ὧς

74 782 181 816 Πέτρου
192 782 241 808 τοῦ
249 781 397 813 δυσσεϐοῦς
406 781 454 812 τὰς
467 781 517 815 τῆς
528 781 674 816 Ἀνατολῆς
683 782 868 818 ταράσσοντας

79 821 246 863 ³Εκκλησίας
274 829 452 855 Καλανδίωνα
476 829 569 863 Ζήνων
584 829 598 854 ό
621 827 749 862 βασιλεὺς
778 829 818 861 εἰς
837 828 868 854 τὸ

919 273 981 300 Hilli
1000 273 1055 309 (98)
1071 281 1152 308 opera
1168 274 1377 306 conditionibus,
1403 273 1510 301 defecit.
1528 273 1584 301 Sub
1595 273 1704 302 Zenone

919 319 1001 353 igitur
1025 319 1093 346 tanti
1109 327 1171 346 cum
1190 326 1264 346 esset
1282 319 1400 346 nominis
1422 320 1563 353 Armatus,
1580 325 1607 346 ut
1627 325 1654 346 et
1673 321 1705 346 li-

919 365 983 391 lium
998 365 1158 392 Basiliscum
1171 365 1303 392 Catsarem
1321 365 1430 398 viderit,
1450 370 1509 400 post
1528 366 1704 392 nihilominus

919 411 946 438 in
963 410 1047 437 frusta
1063 411 1214 445 discerptus
1231 416 1271 438 est
1286 410 1342 446 (99)
1359 416 1386 437 et
1398 418 1464 444 puer
1481 411 1539 445 ipse
1551 419 1582 438 ex
1596 411 1705 438 Caesare

918 457 989 484 inter
1005 456 1120 484 lectores
1138 457 1163 483 in
1182 456 1340 483 Blachernis
1361 456 1480 491 proliteri
1496 457 1588 491 coepit.
1605 457 1703 483 Basili—

918 510 981 530 scus
997 508 1060 530 ante
1075 503 1131 529 haec
1149 501 1268 529 Marcum
1291 502 1374 528 lilium
1388 501 1521 528 Caesarem
1537 507 1655 533 crearat,
1672 509 1704 528 ac

919 553 979 584 post
1003 549 1084 576 etiam
1113 548 1314 582 imperatorem.
1334 547 1420 574 Hillns
1440 555 1501 574 cum
1515 547 1623 574 Zenone
1640 554 1706 573 con-

919 596 1011 623 ciliata
1024 595 1142 621 amicitia
1158 594 1300 628 imperium
1313 593 1401 620 eidem
1414 599 1575 626 recuperare
1587 591 1703 618 studuit.

920 641 1068 668 Basiliscus
1083 640 1174 674 itaque
1191 647 1205 666 a
1221 639 1359 666 seditiosis
1372 642 1524 672 superatus,
1542 645 1602 664 cunt
1619 636 1706 664 Zeno-

920 688 982 715 nide
994 687 1119 722 conjuge,
1132 693 1164 712 ac
1181 686 1273 712 liberis
1287 685 1313 711 in
1324 685 1450 718 letttplutlt
1465 691 1494 710 se
1507 683 1617 717 recepit,
1635 682 1706 708 unde

921 733 1024 760 Armati
1049 732 1190 759 fraudibus
1206 736 1356 761 extractus,
1369 736 1397 757 et
1411 731 1435 756 in
1449 729 1647 764 Cappadociam
1663 736 1706 754 rc—

919 780 1036 814 legatus.
1062 785 1124 805 mox
1144 786 1205 805 cum
1224 782 1278 803 tota
1305 777 1389 811 stirpe
1407 783 1493 802 caesus
1506 778 1557 802 est.
1572 774 1639 800 Cum
1656 772 1706 799 Pe-

921 830 979 854 trus
1009 825 1047 860 (l)
1072 825 1116 852 ille
1144 824 1243 858 itnpius
1262 822 1383 850 Orientis
1409 823 1531 848 turbaret
1556 820 1704 851 Ecclesias,

68 875 201 909 ἱερᾶσθαι
221 874 386 909 Ἀντιοχείας
398 874 541 901 ἀπέστειλε
557 875 591 906 ¹¹,
603 874 651 901 καὶ
662 874 788 909 δεόμενος
799 883 866 910 χρη-

922 873 994 900 misit
1006 871 1078 898 Zeno
1093 872 1241 906 imperator
1261 869 1468 900 Calandionem,
1484 873 1512 894 ut
1530 866 1707 894 Antiocheam

961 918 976 924 ια
1045 917 1051 923 ι
1289 920 1294 924 ι
1319 923 1329 924 η
1357 914 1420 924 ΙἹηνη
1447 914 1508 924 Ξ.-.-
1533 913 1643 924 -.«-».λ.ἱν«
1664 913 1688 924 Ε..

75 920 169 955 μάτων
176 921 209 947 ὲκ
219 921 386 955 μηνυμάτων
401 920 528 955 ἐπέτυχε,
534 920 581 947 καὶ
589 920 681 947 πολλοὶ
690 921 866 957 νεωτερίσαν-

72 975 119 998 τες
129 968 192 993 κατ’
202 967 285 993 αὐτοῦ
296 968 343 993 καὶ
351 967 502 999 ὲαλωκότες
510 968 588 1003 δίκην
595 967 697 995 ἔδοσαν.
708 967 752 1000 Ὦς
766 967 866 1000 Ίλλοῦς

72 1012 160 1039 πολλά
173 1014 207 1047 τῇ
227 1012 372 1047 Ῥωμαίων
385 1015 532 1047 συνήνεγκε
545 1013 668 1048 πολιτείᾳ
683 1014 743 1045 ταῖς
756 1022 786 1039 τε
799 1013 870 1040 κατὰ

72 1058 195 1092 πόλεμον
220 1057 417 1092 ἀνδραγαθίαις
430 1057 479 1084 καὶ
500 1059 560 1089 ταῖς
575 1057 645 1084 κατὰ
660 1058 739 1084 πόλιν
766 1058 871 1093 φιλοτι-

74 1107 153 1141 μίαις
170 1115 201 1133 τε
216 1107 264 1133 καὶ
279 1106 514 1142 δικαιοπραγίαις.
539 1107 582 1138 Ὠς
606 1106 677 1142 μετὰ
695 1107 745 1141 τὴν
760 1107 870 1142 ἀναίρε-

73 1161 116 1178 σιν
134 1152 183 1179 τοῦ
198 1152 332 1186 βασιλέως
347 1153 479 1184 Νέπωτος
498 1152 609 1188 Ῥώμης
630 1154 677 1180 καὶ
690 1154 735 1180 τὸν
749 1154 870 1189 διωγμὸν

71 1199 121 1225 τοῦ
138 1199 200 1234 μετ’
214 1200 296 1226 αὑτὸν
307 1200 515 1234 Αὑγουστούλου
529 1201 677 1237 Ὀδόακρος
693 1201 807 1234 Ἰταλιας
822 1203 870 1228 καὶ¹

73 1244 159 1279 αὐτῆς
184 1245 322 1280 ἐκράτησε
344 1245 471 1281 Ῥώμης’
492 1247 541 1272 καὶ
567 1247 772 1274 στασιασάντων
792 1247 869 1283 αὺτῷ

73 1291 128 1316 τῶν
142 1290 286 1324 δυσμικῶν
299 1291 438 1324 Γαλατῶν,
457 1292 753 1328 διαπρεσϐευσαμένων
773 1301 803 1320 τε
819 1294 870 1320 αὑ-

72 1337 129 1363 τῶν
150 1339 199 1363 καὶ
212 1337 361 1373 ὀδοὰκρου
374 1338 443 1373 πρὸς
453 1339 576 1373 Ζήνωνα.
590 1339 729 1375 Ὀδοάκρῳ
744 1340 844 1374 μᾶλλον
855 1342 870 1367 ό

73 1383 169 1416 Ζήνων
199 1383 356 1411 ἀπέκλινεν.
379 1383 423 1415 Ὠς
439 1383 551 1417 Ἀλανός
576 1394 619 1417 τις
640 1385 741 1412 Ἰλλοῠν
764 1386 870 1413 ἀνελεῖν

74 1428 218 1464 βουληθεὶς
237 1430 284 1456 καὶ
298 1430 403 1465 πλήξας
415 1431 566 1458 Ἐπινίκιον
578 1430 666 1463 εἶπεν,
681 1432 711 1461 ὃς
723 1430 757 1469 ἦν
770 1433 869 1465 οἰκεῖος

72 1475 191 1511 Βηρενῃ,
207 1476 258 1512 τὴν
281 1476 423 1511 ἀναίρεσιν
449 1477 612 1504 ὑποθέσθαι⁸
631 1477 678 1504 καὶ
695 1477 733 1509 ὡς
759 1478 867 1514 ἐξεδόθη

73 1521 225 1553 Ἐπινικισς
243 1522 326 1549 Ἵλλοῠ
337 1531 343 1537 ·
355 1523 403 1549 καὶ
412 1523 451 1554 ὡς
463 1523 609 1558 ὑποσχέσει
621 1525 668 1550 καὶ
679 1525 836 1560 ἀμνηστίας
847 1525 868 1542 ¹³

921 918 993 945 sedis
1010 917 1153 952 episcopus
1178 920 1340 943 sacraretur.
1356 914 1423 941 Cum
1447 914 1510 940 item
1533 913 1645 948 pecunia
1664 913 1708 938 in~

921 965 1024 998 digeret
1039 964 1198 998 imperator,
1215 962 1367 996 quaerendae
1389 961 1427 987 illi
1446 961 1566 995 pecunia:
1587 959 1707 985 rationes

920 1016 1038 1038 ostensa:
1054 1014 1128 1037 sunt.
1151 1008 1226 1035 Multi
1246 1007 1327 1034 rebus
1351 1006 1428 1033 novis
1447 1010 1542 1032 contra
1560 1004 1634 1030 illum
1650 1008 1708 1030 stu—

921 1059 1026 1088 dentes,
1045 1055 1117 1090 capti
1138 1062 1233 1089 poenas
1249 1053 1391 1081 dederunt.
1410 1051 1490 1078 Multa
1508 1051 1595 1078 Hillns
1606 1050 1707 1083 Roma-

922 1112 962 1131 na:
977 1102 1131 1138 reipublica:
1151 1101 1275 1133 contulit,
1291 1108 1353 1128 cum
1376 1099 1478 1126 militiae
1498 1099 1577 1125 rebus
1598 1097 1707 1123 fortiter

921 1151 1017 1185 gestis,
1035 1155 1091 1176 ttnn
1110 1149 1181 1176 domi
1195 1148 1316 1175 honestis
1332 1146 1439 1177 studiis,
1457 1145 1607 1178 acjustitia:
1619 1143 1705 1170 cultu.

922 1198 986 1225 Post
1017 1197 1208 1229 interemptum
1236 1194 1387 1221 Romanum
1413 1192 1546 1219 Caesarem
1571 1195 1706 1225 nepotem,

921 1249 948 1270 et
960 1243 1019 1276 ejus
1033 1248 1219 1268 successorem
1242 1238 1423 1273 Augustulum
1442 1235 1596 1271 expulsum,
1613 1235 1706 1261 Odoa-

921 1297 967 1316 cer
979 1287 1069 1321 Italia,
1083 1293 1164 1322 atque
1185 1287 1242 1321 ipsa
1257 1286 1325 1312 adeo
1340 1286 1407 1311 urbe
1424 1284 1525 1318 potitus
1538 1286 1588 1309 est.
1609 1280 1708 1307 Rebel-

921 1333 1041 1360 lantibus
1056 1337 1145 1358 autem
1163 1332 1225 1358 huic
1238 1329 1393 1357 Occidentis
1409 1328 1506 1360 Gallis,
1534 1333 1561 1354 et
1574 1327 1709 1361 legatione

921 1379 955 1406 ab
971 1379 1048 1414 ipsis,
1068 1378 1175 1412 aliaque
1187 1377 1220 1403 ab
1234 1375 1357 1403 Odoacro
1371 1376 1403 1402 ad
1418 1374 1553 1401 Zenonem
1569 1374 1661 1405 missa,
1680 1373 1708 1399 in

921 1426 1073 1454 Odoacrum
1096 1425 1182 1459 magis
1200 1424 1319 1451 Zenonis
1343 1423 1450 1449 aninms
1469 1421 1619 1448 inclinavit.
1646 1419 1709 1446 Ala-

922 1481 973 1500 nus
999 1472 1107 1506 quidam
1134 1470 1261 1498 occidere
1291 1468 1389 1496 llillum
1416 1473 1539 1498 conatus,
1559 1473 1620 1492 cum
1646 1472 1708 1491 eum

921 1519 1111 1555 percussissu,
1124 1517 1158 1544 ab
1175 1516 1308 1551 Epinicio,
1323 1515 1368 1549 qni
1385 1519 1445 1542 erat
1458 1513 1565 1540 Verinm
1580 1512 1709 1539 domesti-

73 1568 123 1594 καὶ
142 1568 312 1602 εὐεργεσιῶν
328 1568 428 1602 Σἐξεῖπε
453 1570 543 1596 πάντα
570 1571 729 1605 Ἐπινίκιος,
749 1559 801 1598 ὃσα
816 1573 866 1599 ὲπ-

922 1575 980 1600 cus,
997 1566 1174 1593 subornatum
1193 1571 1223 1591 se
1240 1565 1273 1590 ad
1297 1563 1399 1590 caedem
1418 1562 1467 1593 ait,
1489 1561 1579 1595 itaque
1593 1559 1709 1586 traditus

73 1614 204 1640 εϐοὐλευε
214 1615 318 1649 Βηρῖνα
330 1615 401 1641 κατά
419 1615 502 1642 Ἰλλοῧ
512 1624 520 1632 ο
535 1615 597 1652 [177
612 1617 659 1653 IL]
671 1618 718 1644 καὶ
728 1618 765 1650 ὡς
777 1619 870 1653 Ζήνων

73 1661 196 1695 Βηρτναν
214 1660 259 1687 διὰ
272 1661 351 1687 τοῦτο
374 1662 525 1694 ἐκδίδωσιν,
543 1663 557 1689 ὁ
578 1662 606 1689 δὲ
628 1663 715 1698 αὐτὴν
729 1664 768 1695 εἰς
784 1663 871 1698 φρού-

75 1715 132 1739 ριον
148 1706 278 1738 Κιλικίας
293 1707 461 1742 ὕπερορισας
473 1708 654 1743 ἠσφαλίσατο.
672 1708 717 1741 Ὠς
734 1710 870 1745 Παμπρε-

73 1753 129 1788 πὶῳ
140 1752 180 1788 τῷ
191 1752 316 1779 δυσσεϐεῖ
323 1754 367 1779 διὰ
376 1754 490 1789 Μάρσου
504 1755 603 1787 Ἰλλοῦς
612 1756 751 1790 φιλιωθεὶς
762 1757 871 1783 ἅπαντα

73 1799 146 1825 κατὰ
166 1799 265 1834 μικρὸν
288 1800 399 1835 συνέχεε
415 1801 449 1827 τὰ
474 1801 567 1828 αὑτοῦ.
586 1802 631 1834 Ὣς
647 1803 780 1837 ἐμφύλιος
806 1812 870 1829 συν-

74 1844 142 1880 έστη
161 1845 266 1880 Ζήνωνι
285 1845 307 1861 ’⁸
322 1846 441 1881 πόλεμος
458 1847 620 1883 ἐξάρχοντος
641 1848 802 1883 Μαρκιανοῦ
821 1849 870 1876 καὶ

75 1890 244 1925 Προκοπίου,
263 1891 331 1918 υἰῶν
348 1891 395 1919 τοῦ
415 1892 626 1927 βασιλεύσαντος
648 1894 758 1930 Ῥώμης
776 1896 870 1922 Ἀνθε-

76 1937 157 1970 μεου·
170 1937 220 1963 καὶ
242 1938 429 1973 κρατήσαντος
447 1939 571 1974 Ζήνωνος
593 1939 626 1966 δι’
647 1940 732 1968 Ὶλλοῦ
748 1942 870 1977 πρεσϐύι-

75 1989 154 2016 τερος
169 1982 220 2016 μὲν
235 1983 392 2018 Μαρκιανὸς
413 1985 617 2021 ἐχειροτονήθη,
638 1987 652 2013 ό
667 1986 695 2012 δὲ
716 1987 870 2022 Προκόπιος

76 2028 144 2063 ππ
159 2028 326 2064 Θεοδὼριχον
337 2030 383 2056 τὸν
393 2031 423 2056 ὲν
430 2030 523 2065 Θρᾴκῃ
532 2031 655 2066 διέφυγε.
665 2033 721 2059 Καὶ
735 2033 772 2065 ὡς
785 2034 871 2070 ὑπερ-

75 2074 196 2108 ορισθεὶς
217 2076 377 2110 Μαρκιανὸς
399 2077 428 2102 ὲν
451 2077 635 2112 Καππαδοκίᾳ.
659 2079 707 2111 καὶ
731 2079 871 2115 διαφυγὼν

77 2120 194 2155 ἐτάραξε
209 2120 260 2156 τὴν
283 2122 344 2147 κατ’
363 2122 506 2156 ’Ἄγκυραν
526 2123 669 2156 Γαλατίαν,
692 2123 752 2151 εἶτα
770 2126 870 2162 συλλη-

77 2166 154 2199 φθεὶς
171 2168 212 2198 εις
225 2167 364 2202 Ίσαυρίαν
376 2167 517 2204 διῳκίσθη.
533 2169 587 2195 Καὶ
598 2169 636 2201 ὡς
680 2171 747 2205 πρὸς
769 2172 870 2199 Ἰλλοῦν

921 1612 993 1639 llillo
1011 1611 1148 1646 Epinicius
1167 1615 1220 1642 est,
1242 1609 1287 1644 qui
1307 1610 1369 1635 data
1389 1608 1440 1634 fide
1464 1612 1490 1634 et
1508 1605 1665 1635 oblivionis,
1681 1608 1710 1630 el.

921 1659 1105 1694 prwmiorum,
1125 1657 1220 1684 ordine
1238 1660 1335 1682 cuncta
1356 1653 1507 1683 enarravit,
1528 1659 1586 1686 quze
1612 1651 1638 1677 in
1652 1649 1709 1676 Hil-

921 1706 976 1733 lutn
995 1704 1091 1732 Verina
1117 1704 1267 1730 moliretur.
1294 1701 1383 1733 Quare
1399 1699 1472 1726 Zeno
1490 1698 1616 1725 Vcrinam
1639 1696 1709 1722 Hillo

921 1752 1042 1783 tradidit,
1066 1751 1111 1785 qui
1128 1757 1187 1777 eam
1214 1749 1240 1776 in
1268 1748 1370 1776 Ciliciae
1396 1746 1537 1774 castellum
1563 1743 1709 1778 abit-gavit,

921 1805 1002 1833 atque
1026 1797 1062 1824 ita
1089 1802 1175 1823 tntum
1191 1803 1252 1822 sese
1275 1794 1403 1822 reddidit.
1432 1792 1519 1819 Hillns
1535 1791 1709 1824 Painprvpin,

921 1844 1024 1874 homini
1044 1845 1138 1879 impio,
1151 1842 1232 1871 Marsi
1252 1849 1346 1876 opera,
1359 1841 1448 1867 factus
1467 1846 1559 1870 carus,
1579 1837 1708 1872 paulatim

921 1891 1013 1920 omnia
1042 1891 1127 1925 ipsius
1149 1889 1259 1924 negotia
1292 1887 1472 1922 perturbavit.
1500 1885 1585 1913 Civile
1607 1881 1709 1910 Zenoni

921 1938 1020 1966 bellum
1041 1937 1102 1969 fuit,
1128 1941 1210 1969 atque
1232 1935 1390 1961 intestinum
1416 1930 1618 1966 insurgentibus
1641 1929 1711 1954 Mar—

921 1986 1004 2013 ciano
1027 1989 1053 2010 et
1069 1982 1214 2017 Procopio,
1234 1981 1297 2007 filiis
1312 1979 1371 2013 ejus
1385 1978 1430 2013 qui
1453 1978 1545 2004 lionnac
1559 1977 1711 2010 imperave-

921 2035 964 2058 rat
989 2029 1127 2057 Anthemii
1157 2035 1226 2061 qnos
1243 2016 1304 2053 cum
1330 2025 1416 2052 Hillns
1438 2023 1555 2051 Zenonis
1580 2021 1710 2054 auspiciis

921 2076 1076 2107 devicisset,
1093 2074 1248 2101 Marcianus
1265 2072 1374 2106 quidem
1394 2075 1457 2097 natu
1482 2068 1612 2103 grandior
1635 2067 1707 2094 ordi-

922 2127 1003 2149 natus
1018 2124 1061 2147 est
1075 2120 1216 2154 presbyter
1236 2126 1243 2144 :
1263 2116 1412 2150 Procopius
1432 2122 1497 2142 vero
1512 2116 1545 2141 ad
1559 2113 1711 2140 Theudori—

921 2169 1002 2196 chnnt
1032 2167 1057 2194 in
1083 2165 1229 2193 Thraciam
1252 2162 1384 2197 confugit.
1409 2162 1479 2195 Quin
1501 2166 1527 2187 et
1540 2161 1656 2187 extorris
1683 2160 1711 2185 in

76 2212 160 2261 ἒχθρα
185 2212 227 2247 τῷ
242 2213 350 2247 βασιλεί
370 2214 484 2250 συνέστη
510 2215 557 2241 καὶ
582 2215 698 2251 ηὐξήθη.
717 2216 796 2244 Οὕτω
820 2219 870 2253 μὲν

923 2213 1094 2250 Cappadocia
1117 2211 1282 2241 Marcianus,
1302 2209 1365 2243 luga
1391 2208 1507 2242 elapsus,
1525 2214 1585 2241 qua:
1601 2205 1634 2232 ad
1656 2205 1712 2232 An-

75 2258 122 2285 οὓν
141 2259 162 2274 ¹⁸
176 2259 223 2285 καὶ
238 2260 254 2285 ὁ
267 2259 405 2294 δεύτερος.

928 2269 1019 2298 cyram
1031 2260 1151 2295 pertinet
1164 2256 1310 2288 Galatiam,
1324 2254 1453 2285 turbavit,
1474 2254 1559 2279 donec
1573 2257 1669 2285 captus
1686 2250 1714 2276 in

77 2305 208 2332 Isauriam
222 2310 266 2332 est
285 2304 428 2339 relegatus.
443 2306 473 2333 In
487 2305 588 2334 Hillum
603 2315 712 2343 quoque
748 2311 782 2339 ab
817 2312 983 2349 imperatore
1013 2309 1105 2337 odium
1131 2306 1292 2337 conceptum
1331 2305 1384 2332 est,
1423 2303 1596 2333 auctumque.
1623 2300 1711 2334 Atque

78 2350 135 2377 haec
149 2349 220 2376 libro
232 2351 355 2376 secundo
368 2351 485 2384 prodita.

115 2395 146 2421 '0
163 2395 192 2421 δὲ
201 2395 295 2430 τρίτος
309 2395 378 2422 ἀλλα
388 2405 416 2423 τε
430 2397 563 2433 περιέχει,
577 2398 624 2426 καὶ
635 2399 673 2432 ὡς
685 2401 725 2433 εἰς
739 2402 769 2429 τὸ
780 2403 870 2438 ἐμφα-

76 2441 122 2472 νὲς
143 2440 245 2471 Ίλλοῦς
262 2441 418 2473 ἐπαναστὰς
434 2443 539 2478 Ζήνωνι
556 2443 668 2478 βασιλέα
679 2446 806 2474 Λεόντιον
821 2450 870 2476 σὺν

76 2487 183 2523 Βηρίνῃ
195 2487 316 2520 ἀνεῖπεν,
326 2488 401 2519 ὃπως
412 2497 441 2515 τε
455 2488 697 2526 δυσπραγήσαντες
711 2493 872 2529 ἐπολιορκή-

77 2532 165 2568 θησαν
180 2533 228 2559 καὶ
257 2533 366 2565 ἁλόντες
392 2535 603 2571 ἀπετμήθησαν,
632 2538 680 2564 καὶ
707 2537 792 2565 τᾶλλα
818 2539 871 2571 ἓως

77 2579 127 2611 τῆς
139 2579 266 2614 Ζήνωνος
277 2579 417 2616 τελευτῆς.

961 2400 1029 2436 56b
1059 2396 1170 2425 Tertius
1193 2394 1290 2422 deinde
1315 2393 1384 2420 liber
1408 2400 1470 2420 cum
1498 2391 1550 2418 alia
1579 2392 1711 2423 continet,

924 2453 981 2474 tttm
1002 2443 1138 2478 quomodo
1152 2440 1242 2475 palam
1265 2440 1290 2466 ill
1304 2438 1441 2465 Zenonem
1456 2437 1544 2464 Hillus
1557 2437 1714 2464 insurrexe-

925 2492 972 2523 rit,
1000 2488 1198 2521 Leantiutnque
1222 2486 1411 2519 imperatorem
1427 2483 1524 2510 Verina
1540 2483 1712 2510 renuntiave-

925 2538 973 2569 rit,
989 2540 1073 2570 utque
1102 2541 1131 2560 re
1158 2532 1304 2559 infeliciter
1334 2535 1422 2565 gesta,
1452 2529 1557 2556 obsessi
1585 2529 1713 2563 captique

924 2581 1013 2615 capite
1035 2579 1153 2606 truncati
1179 2578 1246 2609 sint,
1271 2576 1380 2611 aliaque
1397 2575 1430 2603 ad
1451 2575 1489 2611 (2)
1506 2576 1608 2603 exitum
1628 2581 1714 2609 usque

924 2626 1054 2654 Zen0nis.

701 2675 820 2703 VARle
835 2674 980 2702 LECTEON
986 2674 1038 2701 ES.

113 2718 125 2733 '
138 2718 169 2744 ὲκ
179 2717 229 2745 τοῦ
239 2718 261 2745 Δ
274 2726 280 2744 :
296 2719 350 2746 ἀπὸ
362 2729 393 2752 ς.
449 2720 471 2736 ¹⁶
486 2719 562 2747 εἶπεν
582 2721 616 2748 Α.

80 2752 185 2788 Ζήνωνι
202 2762 234 2786 ς.
269 2754 290 2771 ³⁵
307 2755 412 2790 μὲνοῦν
444 2757 544 2783 om.A.

665 2721 686 2736 “
701 2723 827 2757 παγγενῆ
841 2721 874 2748 A.
916 2720 939 2735 ¹¹
955 2719 1115 2747 ἀπέσταλκε
1133 2729 1164 2752 ς.
1209 2720 1231 2736 ³³
1245 2720 1412 2756 ἀμνηστείας
1423 2728 1455 2752 ς.

1506 2718 1529 2734 ’⁸
1540 2716 1656 2753 Ζήνωνι]
1673 2715 1713 2752 τῷ

843 2788 959 2819 NOTAE.

189 2823 307 2863 leponis
331 2824 403 2851 hunc
426 2824 530 2860 Magum
549 2826 637 2863 fuisse
659 2828 769 2863 scripsit
791 2828 868 2856 Suid.

86 2858 175 2921 δέω)
213 2859 335 2886 Malchos
368 2867 420 2894 sup
463 2857 498 2888 an
536 2861 662 2897 Onulpho
697 2857 870 2893 interfectum

960 2824 999 2860 (l)
1011 2824 1184 2860 #Hmreticus,
1205 2832 1279 2859 supr.
1316 2825 1531 2860 cognominatur,
1559 2823 1622 2851 cod.
1644 2823 1711 2857 61;.

926 2858 993 2890 alibi
1006 2858 1094 2890 Fullo,
1113 2858 1288 2887 Antiochénaa
1299 2858 1372 2887 sedis
1386 2866 1486 2893 raptor.

961 2895 1003 2932 (2)
1015 2894 1099 2928 Quem
1117 2897 1174 2931 lege
1189 2897 1258 2931 apud
1273 2895 1350 2923 Suid.
1366 2897 1392 2922 in
1411 2894 1531 2922 Zenone.
