  <div class='ocr_page' id='page_1' title='image "/cluster/home/n/w/nwhite01/storage/ocr_20150623/103/njp.32101010943882/184.png"; bbox 0 0 1934 3089; ppageno 0'>
   <div class='ocr_carea' id='block_1_1' title="bbox 81 153 133 184">
    <p class='ocr_par' dir='ltr' id='par_1_1' title="bbox 81 153 133 184">
     <span class='ocr_line' id='line_1_1' title="bbox 81 153 133 184; baseline 0 0"><span class='ocrx_word' id='word_1_1' title='bbox 81 153 133 184; x_wconf 76' lang='lat'><strong>261</strong></span> 
     </span>
    </p>
   </div>
   <div class='ocr_carea' id='block_1_2' title="bbox 624 147 1170 180">
    <p class='ocr_par' dir='ltr' id='par_1_2' title="bbox 624 147 1170 180">
     <span class='ocr_line' id='line_1_2' title="bbox 624 147 1170 180; baseline -0.002 -1"><span class='ocrx_word' id='word_1_2' title='bbox 624 147 885 180; x_wconf 81' lang='lat' dir='ltr'><strong>BlBLIOTllECA.</strong></span> <span class='ocrx_word' id='word_1_3' title='bbox 901 160 936 167; x_wconf 90' lang='lat'><em>--</em></span> <span class='ocrx_word' id='word_1_4' title='bbox 954 147 1036 178; x_wconf 87' lang='lat' dir='ltr'><strong>COD.</strong></span> <span class='ocrx_word' id='word_1_5' title='bbox 1056 148 1170 178; x_wconf 82' lang='lat' dir='ltr'><strong>LXXX.</strong></span> 
     </span>
    </p>
   </div>
   <div class='ocr_carea' id='block_1_3' title="bbox 1668 148 1724 180">
    <p class='ocr_par' dir='ltr' id='par_1_3' title="bbox 1668 148 1724 180">
     <span class='ocr_line' id='line_1_3' title="bbox 1668 148 1724 180; baseline 0 0"><span class='ocrx_word' id='word_1_6' title='bbox 1668 148 1724 180; x_wconf 68' lang='lat'><strong>26!</strong></span> 
     </span>
    </p>
   </div>
   <div class='ocr_carea' id='block_1_4' title="bbox 83 200 881 241">
    <p class='ocr_par' dir='ltr' id='par_1_4' title="bbox 83 202 880 241">
     <span class='ocr_line' id='line_1_4' title="bbox 83 202 880 241; baseline -0.01 -5"><span class='ocrx_word' id='word_1_7' title='bbox 83 209 202 236; x_wconf 78' lang='grc' dir='ltr'>θάνατον</span> <span class='ocrx_word' id='word_1_8' title='bbox 217 205 322 241; x_wconf 80' lang='grc' dir='ltr'>μαθὼν,</span> <span class='ocrx_word' id='word_1_9' title='bbox 349 205 528 239; x_wconf 79' lang='grc' dir='ltr'>ἐπειγόμενος</span> <span class='ocrx_word' id='word_1_10' title='bbox 552 203 620 238; x_wconf 72' lang='grc' dir='ltr'>πρὸς</span> <span class='ocrx_word' id='word_1_11' title='bbox 640 203 788 230; x_wconf 81' lang='grc' dir='ltr'>Ῥάϐενναν</span> <span class='ocrx_word' id='word_1_12' title='bbox 809 202 880 229; x_wconf 79' lang='grc' dir='ltr'>ὥστε</span> 
     </span>
    </p>
   </div>
   <div class='ocr_carea' id='block_1_5' title="bbox 934 200 1721 241">
    <p class='ocr_par' dir='ltr' id='par_1_5' title="bbox 935 200 1721 241">
     <span class='ocr_line' id='line_1_5' title="bbox 935 200 1721 241; baseline 0.006 -14"><span class='ocrx_word' id='word_1_13' title='bbox 935 200 1072 228; x_wconf 76' lang='lat' dir='ltr'><strong>ltavenam</strong></span> <span class='ocrx_word' id='word_1_14' title='bbox 1087 201 1230 234; x_wconf 76' lang='lat' dir='ltr'><strong>accedens,</strong></span> <span class='ocrx_word' id='word_1_15' title='bbox 1245 207 1339 229; x_wconf 89' lang='lat' dir='ltr'><strong>utcum</strong></span> <span class='ocrx_word' id='word_1_16' title='bbox 1353 201 1471 229; x_wconf 90' lang='lat' dir='ltr'><strong>llonorio</strong></span> <span class='ocrx_word' id='word_1_17' title='bbox 1479 201 1566 230; x_wconf 78' lang='lat' dir='ltr'><strong>fcedus</strong></span> <span class='ocrx_word' id='word_1_18' title='bbox 1578 203 1721 241; x_wconf 69' lang='lat' dir='ltr'><strong>iniret(22)</strong></span> 
     </span>
    </p>
   </div>
   <div class='ocr_carea' id='block_1_6' title="bbox 83 249 745 286">
    <p class='ocr_par' dir='ltr' id='par_1_6' title="bbox 83 249 745 286">
     <span class='ocr_line' id='line_1_6' title="bbox 83 249 745 286; baseline -0.009 -6"><span class='ocrx_word' id='word_1_19' title='bbox 83 252 252 281; x_wconf 81' lang='grc' dir='ltr'>σπείσασθαι</span> <span class='ocrx_word' id='word_1_20' title='bbox 271 251 404 286; x_wconf 82' lang='grc' dir='ltr'>ὀνωρίῳ,</span> <span class='ocrx_word' id='word_1_21' title='bbox 419 249 549 285; x_wconf 77' lang='grc' dir='ltr'>φοϐηθεὶς</span> <span class='ocrx_word' id='word_1_22' title='bbox 569 249 745 283; x_wconf 75' lang='grc' dir='ltr'><strong>ὑποστρέφει.</strong></span> 
     </span>
    </p>
   </div>
   <div class='ocr_carea' id='block_1_7' title="bbox 119 293 879 332">
    <p class='ocr_par' dir='ltr' id='par_1_7' title="bbox 119 293 879 332">
     <span class='ocr_line' id='line_1_7' title="bbox 119 293 879 332; baseline -0.008 -6"><span class='ocrx_word' id='word_1_23' title='bbox 119 300 183 326; x_wconf 62' lang='grc' dir='ltr'><strong>εΟτι</strong></span> <span class='ocrx_word' id='word_1_24' title='bbox 196 299 228 325; x_wconf 81' lang='grc' dir='ltr'>τὸ</span> <span class='ocrx_word' id='word_1_25' title='bbox 249 298 359 332; x_wconf 85' lang='grc' dir='ltr'>Ῥήγιον</span> <span class='ocrx_word' id='word_1_26' title='bbox 376 296 543 332; x_wconf 82' lang='grc' dir='ltr'>μητρόπολίς</span> <span class='ocrx_word' id='word_1_27' title='bbox 559 296 618 321; x_wconf 77' lang='grc' dir='ltr'>ἐστι</span> <span class='ocrx_word' id='word_1_28' title='bbox 632 295 681 329; x_wconf 74' lang='grc' dir='ltr'>τῆς</span> <span class='ocrx_word' id='word_1_29' title='bbox 697 293 829 329; x_wconf 77' lang='grc' dir='ltr'><strong>Βρεττίας</strong></span> <span class='ocrx_word' id='word_1_30' title='bbox 844 293 879 325; x_wconf 71' lang='grc'><strong>⁵⁸,</strong></span> 
     </span>
    </p>
   </div>
   <div class='ocr_carea' id='block_1_8' title="bbox 84 340 881 379">
    <p class='ocr_par' dir='ltr' id='par_1_8' title="bbox 84 340 881 379">
     <span class='ocr_line' id='line_1_8' title="bbox 84 340 881 379; baseline -0.004 -8"><span class='ocrx_word' id='word_1_31' title='bbox 84 345 116 377; x_wconf 70' lang='grc' dir='ltr'><strong>ἒξ</strong></span> <span class='ocrx_word' id='word_1_32' title='bbox 131 343 163 372; x_wconf 75' lang='grc' dir='ltr'><strong>οὗ</strong></span> <span class='ocrx_word' id='word_1_33' title='bbox 176 353 262 379; x_wconf 79' lang='grc' dir='ltr'>φησιν</span> <span class='ocrx_word' id='word_1_34' title='bbox 276 344 290 369; x_wconf 79' lang='grc' dir='ltr'>ὁ</span> <span class='ocrx_word' id='word_1_35' title='bbox 308 343 445 378; x_wconf 81' lang='grc' dir='ltr'>ἱστορικὸς</span> <span class='ocrx_word' id='word_1_36' title='bbox 465 342 607 377; x_wconf 75' lang='grc' dir='ltr'>Ἀλάριχον</span> <span class='ocrx_word' id='word_1_37' title='bbox 622 342 669 367; x_wconf 77' lang='grc' dir='ltr'>ἐπὶ</span> <span class='ocrx_word' id='word_1_38' title='bbox 684 340 809 368; x_wconf 83' lang='grc' dir='ltr'><strong>Σικελίαν</strong></span> <span class='ocrx_word' id='word_1_39' title='bbox 821 341 881 375; x_wconf 83' lang='grc' dir='ltr'>βου-</span> 
     </span>
    </p>
   </div>
   <div class='ocr_carea' id='block_1_9' title="bbox 83 388 879 426">
    <p class='ocr_par' dir='ltr' id='par_1_9' title="bbox 83 388 879 426">
     <span class='ocr_line' id='line_1_9' title="bbox 83 388 879 426; baseline -0.004 -9"><span class='ocrx_word' id='word_1_40' title='bbox 83 392 198 425; x_wconf 76' lang='grc' dir='ltr'>λόμενον</span> <span class='ocrx_word' id='word_1_41' title='bbox 205 390 394 426; x_wconf 74' lang='grc' dir='ltr'>περαιωθῆναι</span> <span class='ocrx_word' id='word_1_42' title='bbox 403 389 592 423; x_wconf 73' lang='grc' dir='ltr'><strong>ἐπισχεθῆναι·</strong></span> <span class='ocrx_word' id='word_1_43' title='bbox 605 388 718 422; x_wconf 83' lang='grc' dir='ltr'>ἄγαλμα</span> <span class='ocrx_word' id='word_1_44' title='bbox 727 388 792 423; x_wconf 78' lang='grc' dir='ltr'>γὰρ,</span> <span class='ocrx_word' id='word_1_45' title='bbox 802 388 879 423; x_wconf 69' lang='grc' dir='ltr'>φησι,</span> 
     </span>
    </p>
   </div>
   <div class='ocr_carea' id='block_1_10' title="bbox 82 434 879 472">
    <p class='ocr_par' dir='ltr' id='par_1_10' title="bbox 82 434 879 472">
     <span class='ocr_line' id='line_1_10' title="bbox 82 434 879 472; baseline -0.001 -9"><span class='ocrx_word' id='word_1_46' title='bbox 82 436 281 472; x_wconf 73' lang='grc' dir='ltr'><strong>τετελεσμένον</strong></span> <span class='ocrx_word' id='word_1_47' title='bbox 303 436 448 471; x_wconf 81' lang='grc' dir='ltr'><strong>ἱστάμενον</strong></span> <span class='ocrx_word' id='word_1_48' title='bbox 467 434 590 461; x_wconf 79' lang='grc' dir='ltr'>ἐκώλυσε</span> <span class='ocrx_word' id='word_1_49' title='bbox 605 434 628 450; x_wconf 67' lang='grc'><strong>⁸⁵</strong></span> <span class='ocrx_word' id='word_1_50' title='bbox 640 434 690 470; x_wconf 82' lang='grc' dir='ltr'>τὴν</span> <span class='ocrx_word' id='word_1_51' title='bbox 717 435 879 469; x_wconf 82' lang='grc' dir='ltr'>περαίωσιν.</span> 
     </span>
    </p>
   </div>
   <div class='ocr_carea' id='block_1_11' title="bbox 83 480 881 517">
    <p class='ocr_par' dir='ltr' id='par_1_11' title="bbox 83 480 881 517">
     <span class='ocr_line' id='line_1_11' title="bbox 83 480 881 517; baseline -0.003 -8"><span class='ocrx_word' id='word_1_52' title='bbox 83 482 236 510; x_wconf 79' lang='grc' dir='ltr'>Τετέλεστο</span> <span class='ocrx_word' id='word_1_53' title='bbox 249 482 288 514; x_wconf 78' lang='grc' dir='ltr'><strong>δὲ,</strong></span> <span class='ocrx_word' id='word_1_54' title='bbox 303 482 341 513; x_wconf 86' lang='grc' dir='ltr'>ὼς</span> <span class='ocrx_word' id='word_1_55' title='bbox 354 481 508 517; x_wconf 77' lang='grc' dir='ltr'>μυθολογετ,</span> <span class='ocrx_word' id='word_1_56' title='bbox 523 480 600 515; x_wconf 77' lang='grc' dir='ltr'>παρὰ</span> <span class='ocrx_word' id='word_1_57' title='bbox 610 480 665 506; x_wconf 83' lang='grc' dir='ltr'><strong>τῶν</strong></span> <span class='ocrx_word' id='word_1_58' title='bbox 676 481 798 516; x_wconf 79' lang='grc' dir='ltr'>ἀρχαίων</span> <span class='ocrx_word' id='word_1_59' title='bbox 812 481 881 507; x_wconf 81' lang='grc' dir='ltr'><strong>ἁπο-</strong></span> 
     </span>
    </p>
   </div>
   <div class='ocr_carea' id='block_1_12' title="bbox 81 527 881 564">
    <p class='ocr_par' dir='ltr' id='par_1_12' title="bbox 81 527 881 564">
     <span class='ocr_line' id='line_1_12' title="bbox 81 527 881 564; baseline -0.003 -9"><span class='ocrx_word' id='word_1_60' title='bbox 81 529 216 564; x_wconf 76' lang='grc' dir='ltr'>τρόπαιον</span> <span class='ocrx_word' id='word_1_61' title='bbox 240 537 271 554; x_wconf 80' lang='grc' dir='ltr'><strong>τε</strong></span> <span class='ocrx_word' id='word_1_62' title='bbox 285 528 332 554; x_wconf 85' lang='grc' dir='ltr'><strong>τοῦ</strong></span> <span class='ocrx_word' id='word_1_63' title='bbox 355 527 410 555; x_wconf 80' lang='grc' dir='ltr'><strong>ἀπὸ</strong></span> <span class='ocrx_word' id='word_1_64' title='bbox 429 528 478 562; x_wconf 82' lang='grc' dir='ltr'><strong>τῆς</strong></span> <span class='ocrx_word' id='word_1_65' title='bbox 498 527 600 562; x_wconf 75' lang='grc' dir='ltr'>Αἴτνης</span> <span class='ocrx_word' id='word_1_66' title='bbox 628 527 714 562; x_wconf 80' lang='grc' dir='ltr'>πυρὸς</span> <span class='ocrx_word' id='word_1_67' title='bbox 740 527 788 553; x_wconf 79' lang='grc' dir='ltr'>καὶ</span> <span class='ocrx_word' id='word_1_68' title='bbox 812 527 881 562; x_wconf 80' lang='grc' dir='ltr'>πρὸς</span> 
     </span>
    </p>
   </div>
   <div class='ocr_carea' id='block_1_13' title="bbox 82 573 880 610">
    <p class='ocr_par' dir='ltr' id='par_1_13' title="bbox 82 573 880 610">
     <span class='ocr_line' id='line_1_13' title="bbox 82 573 880 610; baseline -0.003 -9"><span class='ocrx_word' id='word_1_69' title='bbox 82 575 206 602; x_wconf 78' lang='grc' dir='ltr'>κώλυσιν</span> <span class='ocrx_word' id='word_1_70' title='bbox 228 576 349 610; x_wconf 83' lang='grc' dir='ltr'><strong>παρόδου</strong></span> <span class='ocrx_word' id='word_1_71' title='bbox 371 574 416 601; x_wconf 85' lang='grc' dir='ltr'>διὰ</span> <span class='ocrx_word' id='word_1_72' title='bbox 438 573 578 608; x_wconf 75' lang='grc' dir='ltr'><strong>θαλάσσης</strong></span> <span class='ocrx_word' id='word_1_73' title='bbox 595 573 753 608; x_wconf 82' lang='grc' dir='ltr'>βαρϐάρων·</span> <span class='ocrx_word' id='word_1_74' title='bbox 777 573 807 600; x_wconf 85' lang='grc' dir='ltr'>ἐν</span> <span class='ocrx_word' id='word_1_75' title='bbox 825 574 880 608; x_wconf 85' lang='grc' dir='ltr'><strong>γὰρ</strong></span> 
     </span>
    </p>
   </div>
   <div class='ocr_carea' id='block_1_14' title="bbox 80 618 881 656">
    <p class='ocr_par' dir='ltr' id='par_1_14' title="bbox 80 618 881 656">
     <span class='ocr_line' id='line_1_14' title="bbox 80 618 881 656; baseline -0.004 -8"><span class='ocrx_word' id='word_1_76' title='bbox 80 621 124 656; x_wconf 81' lang='grc' dir='ltr'>τῷ</span> <span class='ocrx_word' id='word_1_77' title='bbox 139 623 182 648; x_wconf 81' lang='grc' dir='ltr'><strong>ἑνὶ</strong></span> <span class='ocrx_word' id='word_1_78' title='bbox 207 622 269 648; x_wconf 67' lang='grc' dir='ltr'>ποδὶ</span> <span class='ocrx_word' id='word_1_79' title='bbox 288 621 345 656; x_wconf 79' lang='grc' dir='ltr'><strong>πῦρ</strong></span> <span class='ocrx_word' id='word_1_80' title='bbox 373 620 524 656; x_wconf 79' lang='grc' dir='ltr'><strong>ἀκοίμητον</strong></span> <span class='ocrx_word' id='word_1_81' title='bbox 549 620 696 654; x_wconf 79' lang='grc' dir='ltr'>ἐτύγχανε.</span> <span class='ocrx_word' id='word_1_82' title='bbox 714 620 762 646; x_wconf 82' lang='grc' dir='ltr'>καὶ</span> <span class='ocrx_word' id='word_1_83' title='bbox 787 620 816 645; x_wconf 84' lang='grc' dir='ltr'>ὲν</span> <span class='ocrx_word' id='word_1_84' title='bbox 842 618 881 654; x_wconf 80' lang='grc' dir='ltr'>τῷ</span> 
     </span>
    </p>
   </div>
   <div class='ocr_carea' id='block_1_15' title="bbox 84 664 881 702">
    <p class='ocr_par' dir='ltr' id='par_1_15' title="bbox 84 664 881 702">
     <span class='ocr_line' id='line_1_15' title="bbox 84 664 881 702; baseline -0.004 -8"><span class='ocrx_word' id='word_1_85' title='bbox 84 669 176 702; x_wconf 73' lang='grc' dir='ltr'>ἑτέρῳ</span> <span class='ocrx_word' id='word_1_86' title='bbox 192 667 265 702; x_wconf 81' lang='grc' dir='ltr'>ὓδωρ</span> <span class='ocrx_word' id='word_1_87' title='bbox 286 667 463 702; x_wconf 74' lang='grc' dir='ltr'>ἀδιάφθορον.</span> <span class='ocrx_word' id='word_1_88' title='bbox 490 664 527 693; x_wconf 74' lang='grc' dir='ltr'><strong>Οὖ</strong></span> <span class='ocrx_word' id='word_1_89' title='bbox 541 666 740 698; x_wconf 80' lang='grc' dir='ltr'><strong>καταλυθέντος</strong></span> <span class='ocrx_word' id='word_1_90' title='bbox 766 665 881 700; x_wconf 79' lang='grc' dir='ltr'>ὕστερον</span> 
     </span>
    </p>
   </div>
   <div class='ocr_carea' id='block_1_16' title="bbox 84 711 882 748">
    <p class='ocr_par' dir='ltr' id='par_1_16' title="bbox 84 711 882 748">
     <span class='ocr_line' id='line_1_16' title="bbox 84 711 882 748; baseline -0.003 -8"><span class='ocrx_word' id='word_1_91' title='bbox 84 714 117 741; x_wconf 74' lang='grc' dir='ltr'>ἐκ</span> <span class='ocrx_word' id='word_1_92' title='bbox 128 722 159 740; x_wconf 87' lang='grc' dir='ltr'><strong>τε</strong></span> <span class='ocrx_word' id='word_1_93' title='bbox 173 713 221 740; x_wconf 82' lang='grc' dir='ltr'>τοῦ</span> <span class='ocrx_word' id='word_1_94' title='bbox 237 713 365 739; x_wconf 78' lang='grc' dir='ltr'><strong>Αἰτναίου</strong></span> <span class='ocrx_word' id='word_1_95' title='bbox 381 713 468 747; x_wconf 79' lang='grc' dir='ltr'>πυρὸς</span> <span class='ocrx_word' id='word_1_96' title='bbox 484 713 532 739; x_wconf 79' lang='grc' dir='ltr'>καὶ</span> <span class='ocrx_word' id='word_1_97' title='bbox 544 713 576 739; x_wconf 80' lang='grc' dir='ltr'>ὲκ</span> <span class='ocrx_word' id='word_1_98' title='bbox 587 712 642 738; x_wconf 86' lang='grc' dir='ltr'>τῶν</span> <span class='ocrx_word' id='word_1_99' title='bbox 654 711 800 748; x_wconf 83' lang='grc' dir='ltr'>βαρϐάρων</span> <span class='ocrx_word' id='word_1_100' title='bbox 818 711 882 746; x_wconf 82' lang='grc' dir='ltr'><strong>βλά-</strong></span> 
     </span>
    </p>
   </div>
   <div class='ocr_carea' id='block_1_17' title="bbox 84 758 882 795">
    <p class='ocr_par' dir='ltr' id='par_1_17' title="bbox 84 758 882 795">
     <span class='ocr_line' id='line_1_17' title="bbox 84 758 882 795; baseline -0.004 -9"><span class='ocrx_word' id='word_1_101' title='bbox 84 761 136 791; x_wconf 83' lang='grc' dir='ltr'><strong>ϐας</strong></span> <span class='ocrx_word' id='word_1_102' title='bbox 150 762 167 795; x_wconf 79' lang='grc' dir='ltr'>ἡ</span> <span class='ocrx_word' id='word_1_103' title='bbox 192 759 305 786; x_wconf 78' lang='grc' dir='ltr'>Σικελία</span> <span class='ocrx_word' id='word_1_104' title='bbox 326 759 446 792; x_wconf 75' lang='grc' dir='ltr'><strong>ἐδέξατο.</strong></span> <span class='ocrx_word' id='word_1_105' title='bbox 468 759 646 795; x_wconf 76' lang='grc' dir='ltr'><strong>Κατέστρεψε</strong></span> <span class='ocrx_word' id='word_1_106' title='bbox 669 759 698 785; x_wconf 80' lang='grc' dir='ltr'>δὲ</span> <span class='ocrx_word' id='word_1_107' title='bbox 718 759 748 784; x_wconf 78' lang='grc' dir='ltr'>τὸ</span> <span class='ocrx_word' id='word_1_108' title='bbox 769 758 882 792; x_wconf 77' lang='grc' dir='ltr'>ἄγαλμα</span> 
     </span>
    </p>
   </div>
   <div class='ocr_carea' id='block_1_18' title="bbox 89 804 881 841">
    <p class='ocr_par' dir='ltr' id='par_1_18' title="bbox 89 804 881 841">
     <span class='ocr_line' id='line_1_18' title="bbox 89 804 881 841; baseline -0.003 -9"><span class='ocrx_word' id='word_1_109' title='bbox 89 806 256 841; x_wconf 77' lang='grc' dir='ltr'>Ἀσκληπιὸς</span> <span class='ocrx_word' id='word_1_110' title='bbox 264 807 279 832; x_wconf 87' lang='grc' dir='ltr'><strong>ό</strong></span> <span class='ocrx_word' id='word_1_111' title='bbox 289 806 344 833; x_wconf 84' lang='grc' dir='ltr'><strong>τῶν</strong></span> <span class='ocrx_word' id='word_1_112' title='bbox 358 807 388 832; x_wconf 81' lang='grc' dir='ltr'>ὲν</span> <span class='ocrx_word' id='word_1_113' title='bbox 401 805 513 841; x_wconf 76' lang='grc' dir='ltr'>Σικελίᾳ</span> <span class='ocrx_word' id='word_1_114' title='bbox 526 805 674 841; x_wconf 80' lang='grc' dir='ltr'>κτημάτων</span> <span class='ocrx_word' id='word_1_115' title='bbox 687 804 881 832; x_wconf 78' lang='grc' dir='ltr'>Κωνσταντίου</span> 
     </span>
    </p>
   </div>
   <div class='ocr_carea' id='block_1_19' title="bbox 85 852 613 888">
    <p class='ocr_par' dir='ltr' id='par_1_19' title="bbox 85 852 613 888">
     <span class='ocr_line' id='line_1_19' title="bbox 85 852 613 888; baseline 0.002 -10"><span class='ocrx_word' id='word_1_116' title='bbox 85 853 132 879; x_wconf 78' lang='grc' dir='ltr'>καὶ</span> <span class='ocrx_word' id='word_1_117' title='bbox 145 853 295 883; x_wconf 81' lang='grc' dir='ltr'>Πλακιδίας</span> <span class='ocrx_word' id='word_1_118' title='bbox 310 852 448 888; x_wconf 79' lang='grc' dir='ltr'><strong>διοικητὴς</strong></span> <span class='ocrx_word' id='word_1_119' title='bbox 463 853 613 883; x_wconf 78' lang='grc' dir='ltr'>καταστάς.</span> 
     </span>
    </p>
   </div>
   <div class='ocr_carea' id='block_1_20' title="bbox 933 246 1300 280">
    <p class='ocr_par' dir='ltr' id='par_1_20' title="bbox 933 246 1300 280">
     <span class='ocr_line' id='line_1_20' title="bbox 933 246 1300 280; baseline 0.005 -9"><span class='ocrx_word' id='word_1_120' title='bbox 933 251 1005 272; x_wconf 88' lang='lat' dir='ltr'><strong>metu</strong></span> <span class='ocrx_word' id='word_1_121' title='bbox 1019 246 1161 280; x_wconf 83' lang='lat' dir='ltr'><strong>perculsus</strong></span> <span class='ocrx_word' id='word_1_122' title='bbox 1177 247 1300 274; x_wconf 84' lang='lat' dir='ltr'><strong>revertit.</strong></span> 
     </span>
    </p>
   </div>
   <div class='ocr_carea' id='block_1_21' title="bbox 969 292 1722 330">
    <p class='ocr_par' dir='ltr' id='par_1_21' title="bbox 969 292 1722 330">
     <span class='ocr_line' id='line_1_21' title="bbox 969 292 1722 330; baseline 0.005 -12"><span class='ocrx_word' id='word_1_123' title='bbox 969 292 1101 327; x_wconf 79' lang='lat' dir='ltr'><strong>Rhegium</strong></span> <span class='ocrx_word' id='word_1_124' title='bbox 1119 294 1288 328; x_wconf 88' lang='lat' dir='ltr'><strong>metropolim</strong></span> <span class='ocrx_word' id='word_1_125' title='bbox 1302 301 1362 321; x_wconf 87' lang='lat' dir='ltr'><strong>esse</strong></span> <span class='ocrx_word' id='word_1_126' title='bbox 1374 294 1430 329; x_wconf 77' lang='lat'><strong>(25)</strong></span> <span class='ocrx_word' id='word_1_127' title='bbox 1444 294 1621 325; x_wconf 70' lang='lat' dir='ltr'><strong>Bruttiorum.</strong></span> <span class='ocrx_word' id='word_1_128' title='bbox 1644 303 1659 322; x_wconf 86' lang='lat' dir='ltr'><strong>e</strong></span> <span class='ocrx_word' id='word_1_129' title='bbox 1669 303 1722 330; x_wconf 79' lang='lat' dir='ltr'><strong>qua</strong></span> 
     </span>
    </p>
   </div>
   <div class='ocr_carea' id='block_1_22' title="bbox 933 339 1724 377">
    <p class='ocr_par' dir='ltr' id='par_1_22' title="bbox 933 339 1724 377">
     <span class='ocr_line' id='line_1_22' title="bbox 933 339 1724 377; baseline 0.005 -11"><span class='ocrx_word' id='word_1_130' title='bbox 933 339 1015 366; x_wconf 85' lang='lat' dir='ltr'><strong>refert</strong></span> <span class='ocrx_word' id='word_1_131' title='bbox 1028 340 1175 367; x_wconf 90' lang='lat' dir='ltr'><strong>historicus</strong></span> <span class='ocrx_word' id='word_1_132' title='bbox 1188 341 1357 374; x_wconf 86' lang='lat' dir='ltr'><strong>Alarichum,</strong></span> <span class='ocrx_word' id='word_1_133' title='bbox 1372 342 1435 368; x_wconf 91' lang='lat' dir='ltr'><strong>dum</strong></span> <span class='ocrx_word' id='word_1_134' title='bbox 1461 342 1487 369; x_wconf 95' lang='lat' dir='ltr'><strong>in</strong></span> <span class='ocrx_word' id='word_1_135' title='bbox 1505 341 1627 370; x_wconf 87' lang='lat' dir='ltr'><strong>Siciliam</strong></span> <span class='ocrx_word' id='word_1_136' title='bbox 1645 343 1724 377; x_wconf 87' lang='lat' dir='ltr'><strong>traji-</strong></span> 
     </span>
    </p>
   </div>
   <div class='ocr_carea' id='block_1_23' title="bbox 930 387 1723 423">
    <p class='ocr_par' dir='ltr' id='par_1_23' title="bbox 930 387 1723 423">
     <span class='ocr_line' id='line_1_23' title="bbox 930 387 1723 423; baseline 0.005 -12"><span class='ocrx_word' id='word_1_137' title='bbox 930 393 993 423; x_wconf 79' lang='lat' dir='ltr'><strong>cere</strong></span> <span class='ocrx_word' id='word_1_138' title='bbox 1006 391 1237 420; x_wconf 83' lang='lat' dir='ltr'><strong>parat,retentum</strong></span> <span class='ocrx_word' id='word_1_139' title='bbox 1251 387 1344 414; x_wconf 84' lang='lat' dir='ltr'><strong>fuisse.</strong></span> <span class='ocrx_word' id='word_1_140' title='bbox 1358 387 1452 414; x_wconf 83' lang='lat' dir='ltr'><strong>Statua</strong></span> <span class='ocrx_word' id='word_1_141' title='bbox 1464 389 1546 420; x_wconf 81' lang='lat' dir='ltr'><strong>enim,</strong></span> <span class='ocrx_word' id='word_1_142' title='bbox 1563 389 1660 423; x_wconf 90' lang='lat' dir='ltr'><strong>inquit,</strong></span> <span class='ocrx_word' id='word_1_143' title='bbox 1680 389 1723 415; x_wconf 85' lang='lat' dir='ltr'><strong>itt-</strong></span> 
     </span>
    </p>
   </div>
   <div class='ocr_carea' id='block_1_24' title="bbox 932 430 1723 465">
    <p class='ocr_par' dir='ltr' id='par_1_24' title="bbox 932 430 1723 465">
     <span class='ocr_line' id='line_1_24' title="bbox 932 430 1723 465; baseline 0.009 -12"><span class='ocrx_word' id='word_1_144' title='bbox 932 434 1077 463; x_wconf 71' lang='lat' dir='ltr'><strong>augurata,</strong></span> <span class='ocrx_word' id='word_1_145' title='bbox 1095 430 1130 456; x_wconf 86' lang='lat' dir='ltr'><strong>ibi</strong></span> <span class='ocrx_word' id='word_1_146' title='bbox 1155 435 1230 457; x_wconf 82' lang='lat' dir='ltr'><strong>stans</strong></span> <span class='ocrx_word' id='word_1_147' title='bbox 1250 431 1391 465; x_wconf 90' lang='lat' dir='ltr'><strong>trajectum</strong></span> <span class='ocrx_word' id='word_1_148' title='bbox 1408 434 1527 462; x_wconf 79' lang='lat' dir='ltr'><strong>vetabat.</strong></span> <span class='ocrx_word' id='word_1_149' title='bbox 1543 433 1642 461; x_wconf 83' lang='lat' dir='ltr'><strong>Fuerat</strong></span> <span class='ocrx_word' id='word_1_150' title='bbox 1657 441 1723 460; x_wconf 77' lang='lat' dir='ltr'><strong>vero</strong></span> 
     </span>
    </p>
   </div>
   <div class='ocr_carea' id='block_1_25' title="bbox 933 474 1722 511">
    <p class='ocr_par' dir='ltr' id='par_1_25' title="bbox 933 474 1722 511">
     <span class='ocr_line' id='line_1_25' title="bbox 933 474 1722 511; baseline 0.005 -12"><span class='ocrx_word' id='word_1_151' title='bbox 933 474 1001 505; x_wconf 65' lang='lat' dir='ltr'><strong>haec,</strong></span> <span class='ocrx_word' id='word_1_152' title='bbox 1022 478 1050 500; x_wconf 94' lang='lat' dir='ltr'><strong>ut</strong></span> <span class='ocrx_word' id='word_1_153' title='bbox 1067 474 1215 506; x_wconf 84' lang='lat' dir='ltr'><strong>fabulatur,</strong></span> <span class='ocrx_word' id='word_1_154' title='bbox 1237 475 1271 502; x_wconf 87' lang='lat' dir='ltr'><strong>ab</strong></span> <span class='ocrx_word' id='word_1_155' title='bbox 1289 477 1408 510; x_wconf 89' lang='lat' dir='ltr'><strong>antiquis</strong></span> <span class='ocrx_word' id='word_1_156' title='bbox 1424 477 1593 511; x_wconf 83' lang='lat' dir='ltr'><strong>inaugurata,</strong></span> <span class='ocrx_word' id='word_1_157' title='bbox 1613 484 1672 504; x_wconf 89' lang='lat' dir='ltr'><strong>cum</strong></span> <span class='ocrx_word' id='word_1_158' title='bbox 1691 481 1722 503; x_wconf 91' lang='lat' dir='ltr'><strong>ut</strong></span> 
     </span>
    </p>
   </div>
   <div class='ocr_carea' id='block_1_26' title="bbox 932 520 1722 554">
    <p class='ocr_par' dir='ltr' id='par_1_26' title="bbox 932 520 1722 554">
     <span class='ocr_line' id='line_1_26' title="bbox 932 520 1722 554; baseline 0.005 -8"><span class='ocrx_word' id='word_1_159' title='bbox 932 520 1021 547; x_wconf 63' lang='lat' dir='ltr'><strong>Eum</strong></span> <span class='ocrx_word' id='word_1_160' title='bbox 1038 521 1137 547; x_wconf 87' lang='lat' dir='ltr'><strong>montis</strong></span> <span class='ocrx_word' id='word_1_161' title='bbox 1162 522 1237 554; x_wconf 79' lang='lat' dir='ltr'><strong>ignes</strong></span> <span class='ocrx_word' id='word_1_162' title='bbox 1265 526 1411 554; x_wconf 78' lang='lat' dir='ltr'><strong>averteret,</strong></span> <span class='ocrx_word' id='word_1_163' title='bbox 1431 528 1485 549; x_wconf 88' lang='lat' dir='ltr'><strong>tttm</strong></span> <span class='ocrx_word' id='word_1_164' title='bbox 1508 528 1535 549; x_wconf 89' lang='lat' dir='ltr'><strong>ut</strong></span> <span class='ocrx_word' id='word_1_165' title='bbox 1551 523 1633 550; x_wconf 87' lang='lat' dir='ltr'><strong>maris</strong></span> <span class='ocrx_word' id='word_1_166' title='bbox 1645 528 1722 550; x_wconf 87' lang='lat' dir='ltr'><strong>tran—</strong></span> 
     </span>
    </p>
   </div>
   <div class='ocr_carea' id='block_1_27' title="bbox 932 567 1723 605">
    <p class='ocr_par' dir='ltr' id='par_1_27' title="bbox 932 567 1723 605">
     <span class='ocr_line' id='line_1_27' title="bbox 932 567 1723 605; baseline 0.005 -12"><span class='ocrx_word' id='word_1_167' title='bbox 932 567 984 594; x_wconf 88' lang='lat' dir='ltr'><strong>situ</strong></span> <span class='ocrx_word' id='word_1_168' title='bbox 1006 567 1140 595; x_wconf 79' lang='lat' dir='ltr'><strong>Barbaros</strong></span> <span class='ocrx_word' id='word_1_169' title='bbox 1151 569 1327 602; x_wconf 70' lang='lat' dir='ltr'><strong>.proltiberet.</strong></span> <span class='ocrx_word' id='word_1_170' title='bbox 1342 568 1435 596; x_wconf 80' lang='lat' dir='ltr'><strong>Altero</strong></span> <span class='ocrx_word' id='word_1_171' title='bbox 1452 569 1524 596; x_wconf 90' lang='lat' dir='ltr'><strong>enim</strong></span> <span class='ocrx_word' id='word_1_172' title='bbox 1546 570 1613 604; x_wconf 85' lang='lat' dir='ltr'><strong>pede</strong></span> <span class='ocrx_word' id='word_1_173' title='bbox 1626 577 1723 605; x_wconf 82' lang='lat' dir='ltr'><strong>perpe-</strong></span> 
     </span>
    </p>
   </div>
   <div class='ocr_carea' id='block_1_28' title="bbox 932 613 1724 651">
    <p class='ocr_par' dir='ltr' id='par_1_28' title="bbox 932 613 1724 651">
     <span class='ocr_line' id='line_1_28' title="bbox 932 613 1724 651; baseline 0.004 -11"><span class='ocrx_word' id='word_1_174' title='bbox 932 617 1008 640; x_wconf 90' lang='lat' dir='ltr'><strong>tutttn</strong></span> <span class='ocrx_word' id='word_1_175' title='bbox 1032 613 1133 649; x_wconf 78' lang='lat' dir='ltr'><strong>ignem,</strong></span> <span class='ocrx_word' id='word_1_176' title='bbox 1158 614 1244 642; x_wconf 83' lang='lat' dir='ltr'><strong>altero</strong></span> <span class='ocrx_word' id='word_1_177' title='bbox 1262 623 1326 642; x_wconf 84' lang='lat' dir='ltr'><strong>vero</strong></span> <span class='ocrx_word' id='word_1_178' title='bbox 1349 623 1495 650; x_wconf 84' lang='lat' dir='ltr'><strong>perennem</strong></span> <span class='ocrx_word' id='word_1_179' title='bbox 1516 624 1612 651; x_wconf 87' lang='lat' dir='ltr'><strong>aquam</strong></span> <span class='ocrx_word' id='word_1_180' title='bbox 1633 621 1724 651; x_wconf 75' lang='lat' dir='ltr'><strong>gesta-</strong></span> 
     </span>
    </p>
   </div>
   <div class='ocr_carea' id='block_1_29' title="bbox 934 659 1722 695">
    <p class='ocr_par' dir='ltr' id='par_1_29' title="bbox 934 659 1722 695">
     <span class='ocr_line' id='line_1_29' title="bbox 934 659 1722 695; baseline 0.005 -10"><span class='ocrx_word' id='word_1_181' title='bbox 934 659 988 686; x_wconf 87' lang='lat' dir='ltr'><strong>bat.</strong></span> <span class='ocrx_word' id='word_1_182' title='bbox 1005 659 1042 686; x_wconf 82' lang='lat' dir='ltr'><strong>Ea</strong></span> <span class='ocrx_word' id='word_1_183' title='bbox 1060 660 1142 695; x_wconf 80' lang='lat' dir='ltr'><strong>igitur</strong></span> <span class='ocrx_word' id='word_1_184' title='bbox 1161 666 1250 687; x_wconf 87' lang='lat' dir='ltr'><strong>statua</strong></span> <span class='ocrx_word' id='word_1_185' title='bbox 1263 660 1416 693; x_wconf 81' lang='lat' dir='ltr'><strong>confracta,</strong></span> <span class='ocrx_word' id='word_1_186' title='bbox 1432 662 1541 689; x_wconf 85' lang='lat' dir='ltr'><strong>tandem</strong></span> <span class='ocrx_word' id='word_1_187' title='bbox 1569 670 1600 688; x_wconf 86' lang='lat' dir='ltr'><strong>ex</strong></span> <span class='ocrx_word' id='word_1_188' title='bbox 1617 662 1722 689; x_wconf 67' lang='lat' dir='ltr'><strong>AEInaao</strong></span> 
     </span>
    </p>
   </div>
   <div class='ocr_carea' id='block_1_30' title="bbox 934 706 1724 741">
    <p class='ocr_par' dir='ltr' id='par_1_30' title="bbox 934 706 1724 741">
     <span class='ocr_line' id='line_1_30' title="bbox 934 706 1724 741; baseline 0.005 -9"><span class='ocrx_word' id='word_1_189' title='bbox 934 707 993 741; x_wconf 82' lang='lat' dir='ltr'><strong>igne</strong></span> <span class='ocrx_word' id='word_1_190' title='bbox 1012 706 1079 741; x_wconf 62' lang='grc'><strong>(24),</strong></span> <span class='ocrx_word' id='word_1_191' title='bbox 1100 712 1127 733; x_wconf 87' lang='lat' dir='ltr'><strong>et</strong></span> <span class='ocrx_word' id='word_1_192' title='bbox 1148 715 1162 733; x_wconf 89' lang='lat' dir='ltr'><strong>a</strong></span> <span class='ocrx_word' id='word_1_193' title='bbox 1184 706 1311 735; x_wconf 87' lang='lat' dir='ltr'><strong>Barbaris</strong></span> <span class='ocrx_word' id='word_1_194' title='bbox 1328 707 1521 734; x_wconf 82' lang='lat' dir='ltr'><strong>detrimentum</strong></span> <span class='ocrx_word' id='word_1_195' title='bbox 1537 708 1657 735; x_wconf 89' lang='lat' dir='ltr'><strong>Siciliam</strong></span> <span class='ocrx_word' id='word_1_196' title='bbox 1678 716 1724 736; x_wconf 80' lang='lat' dir='ltr'><strong>ce-</strong></span> 
     </span>
    </p>
   </div>
   <div class='ocr_carea' id='block_1_31' title="bbox 933 752 1721 789">
    <p class='ocr_par' dir='ltr' id='par_1_31' title="bbox 933 752 1721 789">
     <span class='ocr_line' id='line_1_31' title="bbox 933 752 1721 789; baseline 0.005 -12"><span class='ocrx_word' id='word_1_197' title='bbox 933 752 1016 785; x_wconf 83' lang='lat' dir='ltr'><strong>pisse.</strong></span> <span class='ocrx_word' id='word_1_198' title='bbox 1035 752 1162 779; x_wconf 83' lang='lat' dir='ltr'><strong>Eversam</strong></span> <span class='ocrx_word' id='word_1_199' title='bbox 1183 761 1246 780; x_wconf 84' lang='lat' dir='ltr'><strong>vero</strong></span> <span class='ocrx_word' id='word_1_200' title='bbox 1259 759 1376 780; x_wconf 83' lang='lat' dir='ltr'><strong>statuam</strong></span> <span class='ocrx_word' id='word_1_201' title='bbox 1395 755 1429 781; x_wconf 87' lang='lat' dir='ltr'><strong>ab</strong></span> <span class='ocrx_word' id='word_1_202' title='bbox 1441 753 1611 788; x_wconf 68' lang='lat' dir='ltr'><strong>Aisculapio,</strong></span> <span class='ocrx_word' id='word_1_203' title='bbox 1632 755 1678 789; x_wconf 92' lang='lat' dir='ltr'><strong>qui</strong></span> <span class='ocrx_word' id='word_1_204' title='bbox 1695 755 1721 781; x_wconf 90' lang='lat' dir='ltr'><strong>in</strong></span> 
     </span>
    </p>
   </div>
   <div class='ocr_carea' id='block_1_32' title="bbox 934 798 1723 834">
    <p class='ocr_par' dir='ltr' id='par_1_32' title="bbox 934 798 1723 834">
     <span class='ocr_line' id='line_1_32' title="bbox 934 798 1723 834; baseline 0.004 -9"><span class='ocrx_word' id='word_1_205' title='bbox 934 798 1028 826; x_wconf 75' lang='lat' dir='ltr'><strong>Sicilia</strong></span> <span class='ocrx_word' id='word_1_206' title='bbox 1039 799 1242 834; x_wconf 86' lang='lat' dir='ltr'><strong>possessionum</strong></span> <span class='ocrx_word' id='word_1_207' title='bbox 1257 800 1411 827; x_wconf 81' lang='lat' dir='ltr'><strong>Constantii</strong></span> <span class='ocrx_word' id='word_1_208' title='bbox 1428 806 1456 828; x_wconf 81' lang='lat' dir='ltr'><strong>et</strong></span> <span class='ocrx_word' id='word_1_209' title='bbox 1474 801 1598 828; x_wconf 76' lang='lat' dir='ltr'><strong>Placidia:</strong></span> <span class='ocrx_word' id='word_1_210' title='bbox 1612 807 1723 829; x_wconf 87' lang='lat' dir='ltr'><strong>curator</strong></span> 
     </span>
    </p>
   </div>
   <div class='ocr_carea' id='block_1_33' title="bbox 933 850 1002 872">
    <p class='ocr_par' dir='ltr' id='par_1_33' title="bbox 933 850 1002 872">
     <span class='ocr_line' id='line_1_33' title="bbox 933 850 1002 872; baseline 0 0"><span class='ocrx_word' id='word_1_211' title='bbox 933 850 1002 872; x_wconf 89' lang='lat' dir='ltr'><strong>erat.</strong></span> 
     </span>
    </p>
   </div>
   <div class='ocr_carea' id='block_1_34' title="bbox 121 883 881 934">
    <p class='ocr_par' dir='ltr' id='par_1_34' title="bbox 121 897 881 934">
     <span class='ocr_line' id='line_1_34' title="bbox 121 897 881 934; baseline -0.001 -8"><span class='ocrx_word' id='word_1_212' title='bbox 121 900 185 926; x_wconf 80' lang='grc' dir='ltr'><strong>ὀτι</strong></span> <span class='ocrx_word' id='word_1_213' title='bbox 201 900 408 926; x_wconf 81' lang='grc' dir='ltr'>Κωνσταντίνου</span> <span class='ocrx_word' id='word_1_214' title='bbox 425 900 449 916; x_wconf 72' lang='grc'><strong>⁸⁸</strong></span> <span class='ocrx_word' id='word_1_215' title='bbox 463 899 511 926; x_wconf 84' lang='grc' dir='ltr'><strong>τοῦ</strong></span> <span class='ocrx_word' id='word_1_216' title='bbox 525 899 659 934; x_wconf 78' lang='grc' dir='ltr'>τυράννου</span> <span class='ocrx_word' id='word_1_217' title='bbox 674 899 722 926; x_wconf 82' lang='grc' dir='ltr'><strong>καὶ</strong></span> <span class='ocrx_word' id='word_1_218' title='bbox 734 897 881 925; x_wconf 84' lang='grc' dir='ltr'>Κώνσταν-</span> 
     </span>
    </p>
   </div>
   <div class='ocr_carea' id='block_1_35' title="bbox 934 883 1724 934">
    <p class='ocr_par' dir='ltr' id='par_1_35' title="bbox 966 890 1724 927">
     <span class='ocr_line' id='line_1_35' title="bbox 966 890 1724 927; baseline 0.003 -10"><span class='ocrx_word' id='word_1_219' title='bbox 966 890 1146 918; x_wconf 82' lang='lat' dir='ltr'><strong>Constantino</strong></span> <span class='ocrx_word' id='word_1_220' title='bbox 1159 892 1292 927; x_wconf 65' lang='lat' dir='ltr'><strong>ityranno,</strong></span> <span class='ocrx_word' id='word_1_221' title='bbox 1306 897 1334 919; x_wconf 87' lang='lat' dir='ltr'><strong>et</strong></span> <span class='ocrx_word' id='word_1_222' title='bbox 1351 891 1500 920; x_wconf 84' lang='lat' dir='ltr'><strong>Constante</strong></span> <span class='ocrx_word' id='word_1_223' title='bbox 1527 892 1581 920; x_wconf 86' lang='lat' dir='ltr'><strong>ﬁlio</strong></span> <span class='ocrx_word' id='word_1_224' title='bbox 1595 892 1651 927; x_wconf 87' lang='lat' dir='ltr'><strong>(qui</strong></span> <span class='ocrx_word' id='word_1_225' title='bbox 1669 893 1724 927; x_wconf 90' lang='lat' dir='ltr'><strong>pri-</strong></span> 
     </span>
    </p>
   </div>
   <div class='ocr_carea' id='block_1_36' title="bbox 82 945 881 982">
    <p class='ocr_par' dir='ltr' id='par_1_36' title="bbox 82 945 881 982">
     <span class='ocr_line' id='line_1_36' title="bbox 82 945 881 982; baseline -0.001 -10"><span class='ocrx_word' id='word_1_226' title='bbox 82 954 131 977; x_wconf 85' lang='grc' dir='ltr'><strong>τος</strong></span> <span class='ocrx_word' id='word_1_227' title='bbox 149 946 198 972; x_wconf 81' lang='grc' dir='ltr'>τοῦ</span> <span class='ocrx_word' id='word_1_228' title='bbox 222 947 329 977; x_wconf 81' lang='grc' dir='ltr'>παιδὸς.</span> <span class='ocrx_word' id='word_1_229' title='bbox 347 946 377 978; x_wconf 83' lang='grc' dir='ltr'>ὃς</span> <span class='ocrx_word' id='word_1_230' title='bbox 390 946 523 982; x_wconf 72' lang='grc' dir='ltr'>πρότερον</span> <span class='ocrx_word' id='word_1_231' title='bbox 540 946 591 980; x_wconf 82' lang='grc' dir='ltr'><strong>μὲν</strong></span> <span class='ocrx_word' id='word_1_232' title='bbox 613 946 724 981; x_wconf 82' lang='grc' dir='ltr'>Καῖσαρ</span> <span class='ocrx_word' id='word_1_233' title='bbox 739 945 836 972; x_wconf 69' lang='grc' dir='ltr'>ἔπειτα</span> <span class='ocrx_word' id='word_1_234' title='bbox 852 945 881 971; x_wconf 74' lang='grc' dir='ltr'><strong>δὲ</strong></span> 
     </span>
    </p>
   </div>
   <div class='ocr_carea' id='block_1_37' title="bbox 85 992 880 1028">
    <p class='ocr_par' dir='ltr' id='par_1_37' title="bbox 85 992 880 1028">
     <span class='ocr_line' id='line_1_37' title="bbox 85 992 880 1028; baseline -0.001 -9"><span class='ocrx_word' id='word_1_235' title='bbox 85 994 134 1019; x_wconf 80' lang='grc' dir='ltr'>καὶ</span> <span class='ocrx_word' id='word_1_236' title='bbox 147 993 277 1028; x_wconf 84' lang='grc' dir='ltr'>βασιλεὺς</span> <span class='ocrx_word' id='word_1_237' title='bbox 291 993 355 1028; x_wconf 61' lang='lat' dir='ltr'><strong>[iss</strong></span> <span class='ocrx_word' id='word_1_238' title='bbox 367 992 414 1028; x_wconf 64' lang='grc' dir='ltr'><strong>Κ]</strong></span> <span class='ocrx_word' id='word_1_239' title='bbox 430 992 663 1028; x_wconf 73' lang='grc' dir='ltr'>ἐκεχειροτόνητο,</span> <span class='ocrx_word' id='word_1_240' title='bbox 675 992 780 1019; x_wconf 84' lang='grc' dir='ltr'>τούτων</span> <span class='ocrx_word' id='word_1_241' title='bbox 795 993 880 1027; x_wconf 84' lang='grc' dir='ltr'>ἡττη-</span> 
     </span>
    </p>
   </div>
   <div class='ocr_carea' id='block_1_38' title="bbox 85 1037 881 1073">
    <p class='ocr_par' dir='ltr' id='par_1_38' title="bbox 85 1037 881 1073">
     <span class='ocr_line' id='line_1_38' title="bbox 85 1037 881 1073; baseline -0.003 -8"><span class='ocrx_word' id='word_1_242' title='bbox 85 1038 189 1065; x_wconf 79' lang='grc' dir='ltr'><strong>θέντων</strong></span> <span class='ocrx_word' id='word_1_243' title='bbox 204 1039 253 1065; x_wconf 77' lang='grc' dir='ltr'>καὶ</span> <span class='ocrx_word' id='word_1_244' title='bbox 271 1038 447 1072; x_wconf 83' lang='grc' dir='ltr'>πεφευγότων</span> <span class='ocrx_word' id='word_1_245' title='bbox 469 1038 610 1073; x_wconf 89' lang='grc' dir='ltr'>Γερόντιος</span> <span class='ocrx_word' id='word_1_246' title='bbox 623 1039 637 1065; x_wconf 85' lang='grc' dir='ltr'>ὁ</span> <span class='ocrx_word' id='word_1_247' title='bbox 659 1038 813 1073; x_wconf 76' lang='grc' dir='ltr'>σρατηγὺς,</span> <span class='ocrx_word' id='word_1_248' title='bbox 831 1037 881 1072; x_wconf 85' lang='grc' dir='ltr'><strong>τὴν</strong></span> 
     </span>
    </p>
   </div>
   <div class='ocr_carea' id='block_1_39' title="bbox 85 1083 881 1120">
    <p class='ocr_par' dir='ltr' id='par_1_39' title="bbox 85 1083 881 1120">
     <span class='ocr_line' id='line_1_39' title="bbox 85 1083 881 1120; baseline -0.001 -10"><span class='ocrx_word' id='word_1_249' title='bbox 85 1084 155 1120; x_wconf 75' lang='grc' dir='ltr'>πρὸς</span> <span class='ocrx_word' id='word_1_250' title='bbox 167 1084 233 1115; x_wconf 83' lang='grc' dir='ltr'>τοὺς</span> <span class='ocrx_word' id='word_1_251' title='bbox 252 1083 408 1119; x_wconf 74' lang='grc' dir='ltr'>βαρϐάρους</span> <span class='ocrx_word' id='word_1_252' title='bbox 433 1083 584 1118; x_wconf 81' lang='grc' dir='ltr'>ἀσμενίσας</span> <span class='ocrx_word' id='word_1_253' title='bbox 600 1084 713 1118; x_wconf 76' lang='grc' dir='ltr'>εἰρήνην</span> <span class='ocrx_word' id='word_1_254' title='bbox 726 1103 733 1116; x_wconf 89' lang='grc'><em>,</em></span> <span class='ocrx_word' id='word_1_255' title='bbox 753 1083 881 1119; x_wconf 73' lang='grc' dir='ltr'>Μάξιμον</span> 
     </span>
    </p>
   </div>
   <div class='ocr_carea' id='block_1_40' title="bbox 85 1129 881 1164">
    <p class='ocr_par' dir='ltr' id='par_1_40' title="bbox 85 1129 881 1164">
     <span class='ocr_line' id='line_1_40' title="bbox 85 1129 881 1164; baseline 0 -8"><span class='ocrx_word' id='word_1_256' title='bbox 85 1131 132 1156; x_wconf 81' lang='grc' dir='ltr'>τὸν</span> <span class='ocrx_word' id='word_1_257' title='bbox 149 1129 250 1156; x_wconf 79' lang='grc' dir='ltr'>ἑαυτοῦ</span> <span class='ocrx_word' id='word_1_258' title='bbox 273 1130 371 1162; x_wconf 80' lang='grc' dir='ltr'>παῖδα,</span> <span class='ocrx_word' id='word_1_259' title='bbox 395 1131 435 1161; x_wconf 80' lang='grc' dir='ltr'><strong>εις</strong></span> <span class='ocrx_word' id='word_1_260' title='bbox 458 1129 507 1164; x_wconf 82' lang='grc' dir='ltr'>τὴν</span> <span class='ocrx_word' id='word_1_261' title='bbox 523 1129 578 1156; x_wconf 82' lang='grc' dir='ltr'>τῶν</span> <span class='ocrx_word' id='word_1_262' title='bbox 605 1129 774 1163; x_wconf 82' lang='grc' dir='ltr'>δομεστίκων</span> <span class='ocrx_word' id='word_1_263' title='bbox 801 1129 881 1162; x_wconf 75' lang='grc' dir='ltr'>τάξιν</span> 
     </span>
    </p>
   </div>
   <div class='ocr_carea' id='block_1_41' title="bbox 85 1173 882 1211">
    <p class='ocr_par' dir='ltr' id='par_1_41' title="bbox 85 1173 882 1211">
     <span class='ocr_line' id='line_1_41' title="bbox 85 1173 882 1211; baseline 0 -9"><span class='ocrx_word' id='word_1_264' title='bbox 85 1175 227 1208; x_wconf 73' lang='grc' dir='ltr'>τελοῦντα,</span> <span class='ocrx_word' id='word_1_265' title='bbox 246 1175 360 1210; x_wconf 78' lang='grc' dir='ltr'>βασιλέα</span> <span class='ocrx_word' id='word_1_266' title='bbox 373 1175 545 1211; x_wconf 81' lang='grc' dir='ltr'>ἀναγορεύει·</span> <span class='ocrx_word' id='word_1_267' title='bbox 560 1173 620 1202; x_wconf 77' lang='grc' dir='ltr'>εἶτα</span> <span class='ocrx_word' id='word_1_268' title='bbox 631 1175 778 1208; x_wconf 75' lang='grc' dir='ltr'>ἐπιδιώξας</span> <span class='ocrx_word' id='word_1_269' title='bbox 804 1175 882 1202; x_wconf 83' lang='grc' dir='ltr'><strong>Κών-</strong></span> 
     </span>
    </p>
   </div>
   <div class='ocr_carea' id='block_1_42' title="bbox 85 1221 881 1257">
    <p class='ocr_par' dir='ltr' id='par_1_42' title="bbox 85 1221 881 1257">
     <span class='ocr_line' id='line_1_42' title="bbox 85 1221 881 1257; baseline 0.001 -10"><span class='ocrx_word' id='word_1_270' title='bbox 85 1229 192 1248; x_wconf 78' lang='grc' dir='ltr'>σταντα</span> <span class='ocrx_word' id='word_1_271' title='bbox 205 1221 399 1256; x_wconf 76' lang='grc' dir='ltr'>κατεπράξατο</span> <span class='ocrx_word' id='word_1_272' title='bbox 410 1221 586 1257; x_wconf 80' lang='grc' dir='ltr'>ἀναιρεθῆναι</span> <span class='ocrx_word' id='word_1_273' title='bbox 600 1242 607 1254; x_wconf 91' lang='grc'>,</span> <span class='ocrx_word' id='word_1_274' title='bbox 628 1223 676 1249; x_wconf 78' lang='grc' dir='ltr'>καὶ</span> <span class='ocrx_word' id='word_1_275' title='bbox 700 1222 771 1248; x_wconf 85' lang='grc' dir='ltr'>κατὰ</span> <span class='ocrx_word' id='word_1_276' title='bbox 797 1222 881 1254; x_wconf 83' lang='grc' dir='ltr'>πόδας</span> 
     </span>
    </p>
   </div>
   <div class='ocr_carea' id='block_1_43' title="bbox 85 1267 881 1303">
    <p class='ocr_par' dir='ltr' id='par_1_43' title="bbox 85 1267 881 1303">
     <span class='ocr_line' id='line_1_43' title="bbox 85 1267 881 1303; baseline 0.003 -10"><span class='ocrx_word' id='word_1_277' title='bbox 85 1267 182 1294; x_wconf 77' lang='grc' dir='ltr'>εἵπετο</span> <span class='ocrx_word' id='word_1_278' title='bbox 197 1267 304 1294; x_wconf 83' lang='grc' dir='ltr'><strong>διώκων</strong></span> <span class='ocrx_word' id='word_1_279' title='bbox 324 1269 372 1294; x_wconf 77' lang='grc' dir='ltr'>καὶ</span> <span class='ocrx_word' id='word_1_280' title='bbox 392 1268 438 1294; x_wconf 85' lang='grc' dir='ltr'>τὸν</span> <span class='ocrx_word' id='word_1_281' title='bbox 464 1268 570 1303; x_wconf 79' lang='grc' dir='ltr'>πατέρα</span> <span class='ocrx_word' id='word_1_282' title='bbox 594 1268 810 1296; x_wconf 85' lang='grc' dir='ltr'>Κωνσταντίνον.</span> <span class='ocrx_word' id='word_1_283' title='bbox 836 1268 881 1295; x_wconf 82' lang='grc' dir='ltr'>Ἐν</span> 
     </span>
    </p>
   </div>
   <div class='ocr_carea' id='block_1_44' title="bbox 86 1310 881 1347">
    <p class='ocr_par' dir='ltr' id='par_1_44' title="bbox 86 1310 881 1347">
     <span class='ocr_line' id='line_1_44' title="bbox 86 1310 881 1347; baseline 0.001 -8"><span class='ocrx_word' id='word_1_284' title='bbox 86 1310 109 1346; x_wconf 82' lang='grc' dir='ltr'>ᾧ</span> <span class='ocrx_word' id='word_1_285' title='bbox 130 1313 160 1339; x_wconf 79' lang='grc' dir='ltr'><strong>δὲ</strong></span> <span class='ocrx_word' id='word_1_286' title='bbox 179 1312 267 1339; x_wconf 81' lang='grc' dir='ltr'>ταῦτα</span> <span class='ocrx_word' id='word_1_287' title='bbox 293 1313 419 1346; x_wconf 80' lang='grc' dir='ltr'>ἐγίνετο,</span> <span class='ocrx_word' id='word_1_288' title='bbox 447 1313 637 1344; x_wconf 79' lang='grc' dir='ltr'>Κωνστάντιος</span> <span class='ocrx_word' id='word_1_289' title='bbox 668 1314 715 1340; x_wconf 84' lang='grc' dir='ltr'>καὶ</span> <span class='ocrx_word' id='word_1_290' title='bbox 744 1313 881 1347; x_wconf 79' lang='grc' dir='ltr'>Οὺλφι).ᾶς</span> 
     </span>
    </p>
   </div>
   <div class='ocr_carea' id='block_1_45' title="bbox 85 1358 879 1394">
    <p class='ocr_par' dir='ltr' id='par_1_45' title="bbox 85 1358 879 1394">
     <span class='ocr_line' id='line_1_45' title="bbox 85 1358 879 1394; baseline 0.001 -10"><span class='ocrx_word' id='word_1_291' title='bbox 85 1358 302 1385; x_wconf 74' lang='grc' dir='ltr'>ἀποστέλλονται</span> <span class='ocrx_word' id='word_1_292' title='bbox 323 1359 399 1394; x_wconf 74' lang='grc' dir='ltr'>παρὰ</span> <span class='ocrx_word' id='word_1_293' title='bbox 422 1359 553 1393; x_wconf 86' lang='grc' dir='ltr'>Ὀνωρίου</span> <span class='ocrx_word' id='word_1_294' title='bbox 566 1359 638 1385; x_wconf 82' lang='grc' dir='ltr'>κατὰ</span> <span class='ocrx_word' id='word_1_295' title='bbox 661 1359 879 1392; x_wconf 78' lang='grc' dir='ltr'>Κωνσταντίνου,</span> 
     </span>
    </p>
   </div>
   <div class='ocr_carea' id='block_1_46' title="bbox 86 1404 882 1440">
    <p class='ocr_par' dir='ltr' id='par_1_46' title="bbox 86 1404 882 1440">
     <span class='ocr_line' id='line_1_46' title="bbox 86 1404 882 1440; baseline 0.001 -9"><span class='ocrx_word' id='word_1_296' title='bbox 86 1406 136 1432; x_wconf 77' lang='grc' dir='ltr'>καὶ</span> <span class='ocrx_word' id='word_1_297' title='bbox 148 1405 349 1436; x_wconf 80' lang='grc' dir='ltr'>καταλαϐόντες</span> <span class='ocrx_word' id='word_1_298' title='bbox 361 1406 411 1440; x_wconf 83' lang='grc' dir='ltr'>τὴν</span> <span class='ocrx_word' id='word_1_299' title='bbox 428 1404 586 1440; x_wconf 79' lang='grc' dir='ltr'>Ἀρὴλατον,</span> <span class='ocrx_word' id='word_1_300' title='bbox 600 1405 665 1431; x_wconf 77' lang='grc' dir='ltr'>ἔνθα</span> <span class='ocrx_word' id='word_1_301' title='bbox 676 1405 726 1437; x_wconf 84' lang='grc' dir='ltr'><strong>τὰς</strong></span> <span class='ocrx_word' id='word_1_302' title='bbox 739 1405 882 1440; x_wconf 75' lang='grc' dir='ltr'>διατριϐὰς</span> 
     </span>
    </p>
   </div>
   <div class='ocr_carea' id='block_1_47' title="bbox 86 1451 882 1487">
    <p class='ocr_par' dir='ltr' id='par_1_47' title="bbox 86 1451 882 1487">
     <span class='ocr_line' id='line_1_47' title="bbox 86 1451 882 1487; baseline 0.003 -11"><span class='ocrx_word' id='word_1_303' title='bbox 86 1451 208 1477; x_wconf 68' lang='grc' dir='ltr'>ἐποιεῖτο</span> <span class='ocrx_word' id='word_1_304' title='bbox 222 1451 427 1482; x_wconf 82' lang='grc' dir='ltr'>Κωνσταντῖνος</span> <span class='ocrx_word' id='word_1_305' title='bbox 439 1452 487 1477; x_wconf 78' lang='grc' dir='ltr'>σὺν</span> <span class='ocrx_word' id='word_1_306' title='bbox 507 1452 642 1486; x_wconf 82' lang='grc' dir='ltr'>ἰουλιανῷ</span> <span class='ocrx_word' id='word_1_307' title='bbox 657 1451 696 1487; x_wconf 86' lang='grc' dir='ltr'><strong>τῷ</strong></span> <span class='ocrx_word' id='word_1_308' title='bbox 716 1452 801 1484; x_wconf 73' lang='grc' dir='ltr'>παιδὶ,</span> <span class='ocrx_word' id='word_1_309' title='bbox 817 1452 882 1478; x_wconf 84' lang='grc' dir='ltr'>ταύ-</span> 
     </span>
    </p>
   </div>
   <div class='ocr_carea' id='block_1_48' title="bbox 86 1496 882 1532">
    <p class='ocr_par' dir='ltr' id='par_1_48' title="bbox 86 1496 882 1532">
     <span class='ocr_line' id='line_1_48' title="bbox 86 1496 882 1532; baseline 0.003 -10"><span class='ocrx_word' id='word_1_310' title='bbox 86 1504 139 1531; x_wconf 84' lang='grc' dir='ltr'><strong>την</strong></span> <span class='ocrx_word' id='word_1_311' title='bbox 154 1496 342 1531; x_wconf 83' lang='grc' dir='ltr'>πολιορκοῦσι·</span> <span class='ocrx_word' id='word_1_312' title='bbox 364 1497 411 1523; x_wconf 70' lang='grc' dir='ltr'>καὶ</span> <span class='ocrx_word' id='word_1_313' title='bbox 433 1497 638 1529; x_wconf 80' lang='grc' dir='ltr'>Κωνσταντίνος</span> <span class='ocrx_word' id='word_1_314' title='bbox 659 1497 825 1532; x_wconf 68' lang='grc' dir='ltr'>καταφυγὼν</span> <span class='ocrx_word' id='word_1_315' title='bbox 842 1499 882 1530; x_wconf 76' lang='grc' dir='ltr'>εἰς</span> 
     </span>
    </p>
   </div>
   <div class='ocr_carea' id='block_1_49' title="bbox 934 937 1723 973">
    <p class='ocr_par' dir='ltr' id='par_1_49' title="bbox 934 937 1723 973">
     <span class='ocr_line' id='line_1_49' title="bbox 934 937 1723 973; baseline 0.003 -10"><span class='ocrx_word' id='word_1_316' title='bbox 934 945 1008 964; x_wconf 91' lang='lat' dir='ltr'><strong>mum</strong></span> <span class='ocrx_word' id='word_1_317' title='bbox 1026 937 1134 972; x_wconf 85' lang='lat' dir='ltr'><strong>quidem</strong></span> <span class='ocrx_word' id='word_1_318' title='bbox 1150 937 1250 971; x_wconf 68' lang='lat' dir='ltr'><strong>Caesar,</strong></span> <span class='ocrx_word' id='word_1_319' title='bbox 1265 943 1325 973; x_wconf 90' lang='lat' dir='ltr'><strong>post</strong></span> <span class='ocrx_word' id='word_1_320' title='bbox 1347 938 1428 965; x_wconf 88' lang='lat' dir='ltr'><strong>etiam</strong></span> <span class='ocrx_word' id='word_1_321' title='bbox 1447 937 1596 973; x_wconf 85' lang='lat' dir='ltr'><strong>imperator</strong></span> <span class='ocrx_word' id='word_1_322' title='bbox 1614 944 1723 966; x_wconf 87' lang='lat' dir='ltr'><strong>creatus</strong></span> 
     </span>
    </p>
   </div>
   <div class='ocr_carea' id='block_1_50' title="bbox 932 983 1723 1019">
    <p class='ocr_par' dir='ltr' id='par_1_50' title="bbox 932 983 1723 1019">
     <span class='ocr_line' id='line_1_50' title="bbox 932 983 1723 1019; baseline 0.003 -9"><span class='ocrx_word' id='word_1_323' title='bbox 932 983 1021 1010; x_wconf 80' lang='lat' dir='ltr'><strong>fuerat</strong></span> <span class='ocrx_word' id='word_1_324' title='bbox 1038 984 1129 1016; x_wconf 82' lang='lat' dir='ltr'><strong>victis,</strong></span> <span class='ocrx_word' id='word_1_325' title='bbox 1149 983 1267 1019; x_wconf 78' lang='lat' dir='ltr'><strong>fugaque</strong></span> <span class='ocrx_word' id='word_1_326' title='bbox 1291 984 1413 1019; x_wconf 81' lang='lat' dir='ltr'><strong>dilapsis.</strong></span> <span class='ocrx_word' id='word_1_327' title='bbox 1427 984 1574 1012; x_wconf 87' lang='lat' dir='ltr'><strong>Gerontius</strong></span> <span class='ocrx_word' id='word_1_328' title='bbox 1591 985 1652 1012; x_wconf 88' lang='lat' dir='ltr'><strong>belli</strong></span> <span class='ocrx_word' id='word_1_329' title='bbox 1667 985 1723 1012; x_wconf 74' lang='lat' dir='ltr'><strong>dux</strong></span> 
     </span>
    </p>
   </div>
   <div class='ocr_carea' id='block_1_51' title="bbox 932 1029 1724 1065">
    <p class='ocr_par' dir='ltr' id='par_1_51' title="bbox 932 1029 1724 1065">
     <span class='ocr_line' id='line_1_51' title="bbox 932 1029 1724 1065; baseline 0.001 -8"><span class='ocrx_word' id='word_1_330' title='bbox 932 1037 993 1057; x_wconf 89' lang='lat' dir='ltr'><strong>cum</strong></span> <span class='ocrx_word' id='word_1_331' title='bbox 1014 1029 1143 1057; x_wconf 83' lang='lat' dir='ltr'><strong>Barbaris</strong></span> <span class='ocrx_word' id='word_1_332' title='bbox 1155 1037 1222 1064; x_wconf 87' lang='lat' dir='ltr'><strong>pace</strong></span> <span class='ocrx_word' id='word_1_333' title='bbox 1232 1030 1327 1065; x_wconf 69' lang='lat' dir='ltr'><strong>[libens</strong></span> <span class='ocrx_word' id='word_1_334' title='bbox 1344 1031 1410 1058; x_wconf 91' lang='lat' dir='ltr'><strong>inita</strong></span> <span class='ocrx_word' id='word_1_335' title='bbox 1431 1030 1514 1057; x_wconf 87' lang='lat' dir='ltr'><strong>lilitttn</strong></span> <span class='ocrx_word' id='word_1_336' title='bbox 1539 1038 1618 1058; x_wconf 88' lang='lat' dir='ltr'><strong>suttm</strong></span> <span class='ocrx_word' id='word_1_337' title='bbox 1639 1031 1724 1058; x_wconf 71' lang='lat' dir='ltr'><strong>Maxi-</strong></span> 
     </span>
    </p>
   </div>
   <div class='ocr_carea' id='block_1_52' title="bbox 933 1076 1724 1112">
    <p class='ocr_par' dir='ltr' id='par_1_52' title="bbox 933 1076 1724 1112">
     <span class='ocr_line' id='line_1_52' title="bbox 933 1076 1724 1112; baseline 0.004 -10"><span class='ocrx_word' id='word_1_338' title='bbox 933 1084 1006 1103; x_wconf 84' lang='lat' dir='ltr'><strong>mum</strong></span> <span class='ocrx_word' id='word_1_339' title='bbox 1026 1076 1071 1110; x_wconf 91' lang='lat' dir='ltr'><strong>qui</strong></span> <span class='ocrx_word' id='word_1_340' title='bbox 1089 1077 1160 1103; x_wconf 91' lang='lat' dir='ltr'><strong>inter</strong></span> <span class='ocrx_word' id='word_1_341' title='bbox 1176 1076 1339 1105; x_wconf 84' lang='lat' dir='ltr'><strong>domesticos</strong></span> <span class='ocrx_word' id='word_1_342' title='bbox 1359 1077 1416 1112; x_wconf 65' lang='grc' dir='ltr'><strong>(ἳῦ)</strong></span> <span class='ocrx_word' id='word_1_343' title='bbox 1439 1078 1644 1110; x_wconf 80' lang='lat' dir='ltr'><strong>numerabatur,</strong></span> <span class='ocrx_word' id='word_1_344' title='bbox 1665 1077 1724 1105; x_wconf 67' lang='lat' dir='ltr'><strong>Ca3-</strong></span> 
     </span>
    </p>
   </div>
   <div class='ocr_carea' id='block_1_53' title="bbox 933 1122 1724 1156">
    <p class='ocr_par' dir='ltr' id='par_1_53' title="bbox 933 1122 1724 1156">
     <span class='ocr_line' id='line_1_53' title="bbox 933 1122 1724 1156; baseline 0 -5"><span class='ocrx_word' id='word_1_345' title='bbox 933 1130 1024 1151; x_wconf 84' lang='lat' dir='ltr'><strong>sarem</strong></span> <span class='ocrx_word' id='word_1_346' title='bbox 1050 1123 1199 1150; x_wconf 87' lang='lat' dir='ltr'><strong>renuntiat.</strong></span> <span class='ocrx_word' id='word_1_347' title='bbox 1224 1122 1402 1150; x_wconf 87' lang='lat' dir='ltr'><strong>Coustantetn</strong></span> <span class='ocrx_word' id='word_1_348' title='bbox 1430 1123 1528 1151; x_wconf 88' lang='lat' dir='ltr'><strong>deinde</strong></span> <span class='ocrx_word' id='word_1_349' title='bbox 1544 1124 1692 1156; x_wconf 83' lang='lat' dir='ltr'><strong>insecutus,</strong></span> <span class='ocrx_word' id='word_1_350' title='bbox 1708 1131 1724 1151; x_wconf 91' lang='lat' dir='ltr'><strong>e</strong></span> 
     </span>
    </p>
   </div>
   <div class='ocr_carea' id='block_1_54' title="bbox 933 1169 1724 1205">
    <p class='ocr_par' dir='ltr' id='par_1_54' title="bbox 933 1169 1724 1205">
     <span class='ocr_line' id='line_1_54' title="bbox 933 1169 1724 1205; baseline 0.003 -9"><span class='ocrx_word' id='word_1_351' title='bbox 933 1169 1022 1196; x_wconf 85' lang='lat' dir='ltr'><strong>medio</strong></span> <span class='ocrx_word' id='word_1_352' title='bbox 1041 1169 1166 1202; x_wconf 84' lang='lat' dir='ltr'><strong>sustulit,</strong></span> <span class='ocrx_word' id='word_1_353' title='bbox 1197 1175 1225 1197; x_wconf 86' lang='lat' dir='ltr'><strong>et</strong></span> <span class='ocrx_word' id='word_1_354' title='bbox 1252 1170 1365 1205; x_wconf 75' lang='lat' dir='ltr'><strong>vestigia</strong></span> <span class='ocrx_word' id='word_1_355' title='bbox 1392 1175 1569 1204; x_wconf 84' lang='lat' dir='ltr'><strong>consectans,</strong></span> <span class='ocrx_word' id='word_1_356' title='bbox 1590 1171 1724 1199; x_wconf 88' lang='lat' dir='ltr'><strong>Constan-</strong></span> 
     </span>
    </p>
   </div>
   <div class='ocr_carea' id='block_1_55' title="bbox 933 1216 1724 1252">
    <p class='ocr_par' dir='ltr' id='par_1_55' title="bbox 933 1216 1724 1252">
     <span class='ocr_line' id='line_1_55' title="bbox 933 1216 1724 1252; baseline 0.004 -11"><span class='ocrx_word' id='word_1_357' title='bbox 933 1216 1019 1242; x_wconf 91' lang='lat' dir='ltr'><strong>tinum</strong></span> <span class='ocrx_word' id='word_1_358' title='bbox 1047 1223 1154 1250; x_wconf 78' lang='lat' dir='ltr'><strong>quoque</strong></span> <span class='ocrx_word' id='word_1_359' title='bbox 1174 1221 1278 1250; x_wconf 85' lang='lat' dir='ltr'><strong>patrem</strong></span> <span class='ocrx_word' id='word_1_360' title='bbox 1308 1217 1529 1252; x_wconf 78' lang='lat' dir='ltr'><strong>persequebatur.</strong></span> <span class='ocrx_word' id='word_1_361' title='bbox 1561 1217 1630 1244; x_wconf 80' lang='lat' dir='ltr'><strong>Dum</strong></span> <span class='ocrx_word' id='word_1_362' title='bbox 1665 1218 1724 1244; x_wconf 62' lang='lat' dir='ltr'><strong>hate</strong></span> 
     </span>
    </p>
   </div>
   <div class='ocr_carea' id='block_1_56' title="bbox 932 1261 1723 1297">
    <p class='ocr_par' dir='ltr' id='par_1_56' title="bbox 932 1261 1723 1297">
     <span class='ocr_line' id='line_1_56' title="bbox 932 1261 1723 1297; baseline 0 -9"><span class='ocrx_word' id='word_1_363' title='bbox 932 1265 1074 1296; x_wconf 77' lang='lat' dir='ltr'><strong>geruntur,</strong></span> <span class='ocrx_word' id='word_1_364' title='bbox 1100 1261 1295 1290; x_wconf 86' lang='lat' dir='ltr'><strong>Constantinus</strong></span> <span class='ocrx_word' id='word_1_365' title='bbox 1323 1262 1380 1297; x_wconf 73' lang='lat'><strong>(26)</strong></span> <span class='ocrx_word' id='word_1_366' title='bbox 1403 1268 1430 1288; x_wconf 90' lang='lat' dir='ltr'><strong>et</strong></span> <span class='ocrx_word' id='word_1_367' title='bbox 1459 1262 1582 1297; x_wconf 83' lang='lat' dir='ltr'><strong>Ulphilas</strong></span> <span class='ocrx_word' id='word_1_368' title='bbox 1606 1263 1640 1290; x_wconf 86' lang='lat' dir='ltr'><strong>ab</strong></span> <span class='ocrx_word' id='word_1_369' title='bbox 1667 1261 1723 1288; x_wconf 90' lang='lat' dir='ltr'><strong>llo-</strong></span> 
     </span>
    </p>
   </div>
   <div class='ocr_carea' id='block_1_57' title="bbox 933 1308 1725 1344">
    <p class='ocr_par' dir='ltr' id='par_1_57' title="bbox 933 1308 1725 1344">
     <span class='ocr_line' id='line_1_57' title="bbox 933 1308 1725 1344; baseline 0.001 -9"><span class='ocrx_word' id='word_1_370' title='bbox 933 1308 1010 1335; x_wconf 90' lang='lat' dir='ltr'><strong>norio</strong></span> <span class='ocrx_word' id='word_1_371' title='bbox 1032 1309 1162 1336; x_wconf 83' lang='lat' dir='ltr'><strong>adversus</strong></span> <span class='ocrx_word' id='word_1_372' title='bbox 1183 1308 1390 1336; x_wconf 82' lang='lat' dir='ltr'><strong>Constantinum</strong></span> <span class='ocrx_word' id='word_1_373' title='bbox 1408 1308 1500 1342; x_wconf 83' lang='lat' dir='ltr'><strong>missi;</strong></span> <span class='ocrx_word' id='word_1_374' title='bbox 1525 1317 1640 1344; x_wconf 84' lang='lat' dir='ltr'><strong>cumque</strong></span> <span class='ocrx_word' id='word_1_375' title='bbox 1657 1309 1725 1336; x_wconf 76' lang='lat' dir='ltr'><strong>Are-</strong></span> 
     </span>
    </p>
   </div>
   <div class='ocr_carea' id='block_1_58' title="bbox 932 1354 1725 1389">
    <p class='ocr_par' dir='ltr' id='par_1_58' title="bbox 932 1354 1725 1389">
     <span class='ocr_line' id='line_1_58' title="bbox 932 1354 1725 1389; baseline 0 -8"><span class='ocrx_word' id='word_1_376' title='bbox 932 1354 1012 1381; x_wconf 64' lang='lat' dir='ltr'><strong>latem</strong></span> <span class='ocrx_word' id='word_1_377' title='bbox 1027 1355 1214 1388; x_wconf 81' lang='lat' dir='ltr'><strong>pervenissent</strong></span> <span class='ocrx_word' id='word_1_378' title='bbox 1233 1354 1304 1389; x_wconf 78' lang='lat' dir='ltr'><strong>58b</strong></span> <span class='ocrx_word' id='word_1_379' title='bbox 1322 1354 1368 1381; x_wconf 85' lang='lat' dir='ltr'><strong>ubi</strong></span> <span class='ocrx_word' id='word_1_380' title='bbox 1392 1354 1588 1382; x_wconf 78' lang='lat' dir='ltr'><strong>Constantinus</strong></span> <span class='ocrx_word' id='word_1_381' title='bbox 1600 1362 1660 1382; x_wconf 88' lang='lat' dir='ltr'><strong>cum</strong></span> <span class='ocrx_word' id='word_1_382' title='bbox 1677 1355 1725 1383; x_wconf 82' lang='lat' dir='ltr'><strong>Ju-</strong></span> 
     </span>
    </p>
   </div>
   <div class='ocr_carea' id='block_1_59' title="bbox 933 1399 1723 1434">
    <p class='ocr_par' dir='ltr' id='par_1_59' title="bbox 933 1399 1723 1434">
     <span class='ocr_line' id='line_1_59' title="bbox 933 1399 1723 1434; baseline 0.003 -8"><span class='ocrx_word' id='word_1_383' title='bbox 933 1399 1005 1426; x_wconf 88' lang='lat' dir='ltr'><strong>liano</strong></span> <span class='ocrx_word' id='word_1_384' title='bbox 1022 1399 1076 1426; x_wconf 83' lang='lat' dir='ltr'><strong>ﬁlio</strong></span> <span class='ocrx_word' id='word_1_385' title='bbox 1099 1400 1214 1434; x_wconf 80' lang='lat' dir='ltr'><strong>agebat,</strong></span> <span class='ocrx_word' id='word_1_386' title='bbox 1232 1400 1301 1427; x_wconf 87' lang='lat' dir='ltr'><strong>hanc</strong></span> <span class='ocrx_word' id='word_1_387' title='bbox 1324 1400 1457 1427; x_wconf 85' lang='lat' dir='ltr'><strong>obsident.</strong></span> <span class='ocrx_word' id='word_1_388' title='bbox 1475 1400 1671 1428; x_wconf 80' lang='lat' dir='ltr'><strong>Constantinus</strong></span> <span class='ocrx_word' id='word_1_389' title='bbox 1689 1401 1723 1428; x_wconf 84' lang='lat' dir='ltr'><strong>ad</strong></span> 
     </span>
    </p>
   </div>
   <div class='ocr_carea' id='block_1_60' title="bbox 934 1446 1724 1482">
    <p class='ocr_par' dir='ltr' id='par_1_60' title="bbox 934 1446 1724 1482">
     <span class='ocr_line' id='line_1_60' title="bbox 934 1446 1724 1482; baseline 0.003 -10"><span class='ocrx_word' id='word_1_390' title='bbox 934 1446 1061 1480; x_wconf 86' lang='lat' dir='ltr'><strong>templum</strong></span> <span class='ocrx_word' id='word_1_391' title='bbox 1070 1447 1238 1481; x_wconf 74' lang='lat' dir='ltr'><strong>confugiens,</strong></span> <span class='ocrx_word' id='word_1_392' title='bbox 1246 1447 1372 1474; x_wconf 78' lang='lat' dir='ltr'><strong>sacerdos</strong></span> <span class='ocrx_word' id='word_1_393' title='bbox 1383 1447 1534 1480; x_wconf 87' lang='lat' dir='ltr'><strong>ordinatur,</strong></span> <span class='ocrx_word' id='word_1_394' title='bbox 1544 1446 1724 1482; x_wconf 79' lang='lat' dir='ltr'><strong>jurejurando</strong></span> 
     </span>
    </p>
   </div>
   <div class='ocr_carea' id='block_1_61' title="bbox 933 1492 1726 1527">
    <p class='ocr_par' dir='ltr' id='par_1_61' title="bbox 933 1492 1726 1527">
     <span class='ocr_line' id='line_1_61' title="bbox 933 1492 1726 1527; baseline 0.004 -10"><span class='ocrx_word' id='word_1_395' title='bbox 933 1493 965 1519; x_wconf 87' lang='lat' dir='ltr'><strong>de</strong></span> <span class='ocrx_word' id='word_1_396' title='bbox 980 1492 1066 1520; x_wconf 85' lang='lat' dir='ltr'><strong>salute</strong></span> <span class='ocrx_word' id='word_1_397' title='bbox 1081 1492 1118 1518; x_wconf 93' lang='lat' dir='ltr'><strong>illi</strong></span> <span class='ocrx_word' id='word_1_398' title='bbox 1137 1493 1218 1525; x_wconf 90' lang='lat' dir='ltr'><strong>dato;</strong></span> <span class='ocrx_word' id='word_1_399' title='bbox 1234 1493 1272 1520; x_wconf 88' lang='lat' dir='ltr'><strong>sic</strong></span> <span class='ocrx_word' id='word_1_400' title='bbox 1283 1493 1359 1520; x_wconf 85' lang='lat' dir='ltr'><strong>urbis</strong></span> <span class='ocrx_word' id='word_1_401' title='bbox 1376 1498 1460 1527; x_wconf 60' lang='lat' dir='ltr'><strong>portae</strong></span> <span class='ocrx_word' id='word_1_402' title='bbox 1474 1492 1660 1520; x_wconf 79' lang='lat' dir='ltr'><strong>obsideutihus</strong></span> <span class='ocrx_word' id='word_1_403' title='bbox 1674 1493 1726 1520; x_wconf 85' lang='lat' dir='ltr'><strong>nti-</strong></span> 
     </span>
    </p>
   </div>
   <div class='ocr_carea' id='block_1_62' title="bbox 84 1538 881 1579">
    <p class='ocr_par' dir='ltr' id='par_1_62' title="bbox 84 1542 881 1579">
     <span class='ocr_line' id='line_1_62' title="bbox 84 1542 881 1579; baseline 0.001 -10"><span class='ocrx_word' id='word_1_404' title='bbox 84 1543 235 1578; x_wconf 72' lang='grc' dir='ltr'>εὐκτήριον</span> <span class='ocrx_word' id='word_1_405' title='bbox 257 1542 444 1578; x_wconf 80' lang='grc' dir='ltr'>πρεσϐύτερος</span> <span class='ocrx_word' id='word_1_406' title='bbox 465 1543 527 1569; x_wconf 84' lang='grc' dir='ltr'>τότε</span> <span class='ocrx_word' id='word_1_407' title='bbox 550 1545 768 1578; x_wconf 76' lang='grc' dir='ltr'>χειροτονεῖται,</span> <span class='ocrx_word' id='word_1_408' title='bbox 792 1544 881 1579; x_wconf 81' lang='grc' dir='ltr'>ὅρκων</span> 
     </span>
    </p>
   </div>
   <div class='ocr_carea' id='block_1_63' title="bbox 934 1538 1725 1579">
    <p class='ocr_par' dir='ltr' id='par_1_63' title="bbox 935 1538 1725 1574">
     <span class='ocr_line' id='line_1_63' title="bbox 935 1538 1725 1574; baseline 0.001 -9"><span class='ocrx_word' id='word_1_409' title='bbox 935 1539 1026 1566; x_wconf 89' lang='lat' dir='ltr'><strong>litibus</strong></span> <span class='ocrx_word' id='word_1_410' title='bbox 1038 1543 1138 1574; x_wconf 64' lang='lat' dir='ltr'><strong>apertae</strong></span> <span class='ocrx_word' id='word_1_411' title='bbox 1151 1544 1225 1570; x_wconf 84' lang='lat' dir='ltr'><strong>sunt,</strong></span> <span class='ocrx_word' id='word_1_412' title='bbox 1247 1539 1401 1573; x_wconf 90' lang='lat' dir='ltr'><strong>missusque</strong></span> <span class='ocrx_word' id='word_1_413' title='bbox 1422 1543 1464 1566; x_wconf 87' lang='lat' dir='ltr'><strong>est</strong></span> <span class='ocrx_word' id='word_1_414' title='bbox 1483 1547 1546 1566; x_wconf 85' lang='lat' dir='ltr'><strong>cum</strong></span> <span class='ocrx_word' id='word_1_415' title='bbox 1571 1538 1678 1566; x_wconf 78' lang='lat' dir='ltr'><strong>Juliatto</strong></span> <span class='ocrx_word' id='word_1_416' title='bbox 1693 1539 1725 1566; x_wconf 83' lang='lat' dir='ltr'><strong>li-</strong></span> 
     </span>
    </p>
   </div>
   <div class='ocr_carea' id='block_1_64' title="bbox 86 1589 882 1625">
    <p class='ocr_par' dir='ltr' id='par_1_64' title="bbox 86 1589 882 1625">
     <span class='ocr_line' id='line_1_64' title="bbox 86 1589 882 1625; baseline 0.001 -10"><span class='ocrx_word' id='word_1_417' title='bbox 86 1589 164 1622; x_wconf 85' lang='grc' dir='ltr'><strong>αὺτῷ</strong></span> <span class='ocrx_word' id='word_1_418' title='bbox 183 1590 255 1625; x_wconf 79' lang='grc' dir='ltr'><strong>ὑπὲρ</strong></span> <span class='ocrx_word' id='word_1_419' title='bbox 269 1589 406 1625; x_wconf 84' lang='grc' dir='ltr'>σωτηρίας</span> <span class='ocrx_word' id='word_1_420' title='bbox 428 1589 569 1615; x_wconf 77' lang='grc' dir='ltr'>δοθέντων·</span> <span class='ocrx_word' id='word_1_421' title='bbox 585 1590 632 1616; x_wconf 76' lang='grc' dir='ltr'>καὶ</span> <span class='ocrx_word' id='word_1_422' title='bbox 647 1591 704 1621; x_wconf 81' lang='grc' dir='ltr'>τοῖς</span> <span class='ocrx_word' id='word_1_423' title='bbox 718 1590 882 1624; x_wconf 83' lang='grc' dir='ltr'>πολιορκοῦ-</span> 
     </span>
    </p>
   </div>
   <div class='ocr_carea' id='block_1_65' title="bbox 89 1634 882 1670">
    <p class='ocr_par' dir='ltr' id='par_1_65' title="bbox 89 1634 882 1670">
     <span class='ocr_line' id='line_1_65' title="bbox 89 1634 882 1670; baseline 0.004 -11"><span class='ocrx_word' id='word_1_424' title='bbox 89 1642 132 1660; x_wconf 81' lang='grc' dir='ltr'><strong>σιν</strong></span> <span class='ocrx_word' id='word_1_425' title='bbox 145 1636 174 1661; x_wconf 75' lang='grc' dir='ltr'>αἱ</span> <span class='ocrx_word' id='word_1_426' title='bbox 190 1634 274 1660; x_wconf 73' lang='grc' dir='ltr'>πύλαι</span> <span class='ocrx_word' id='word_1_427' title='bbox 289 1635 338 1668; x_wconf 72' lang='grc' dir='ltr'>τῆς</span> <span class='ocrx_word' id='word_1_428' title='bbox 355 1634 459 1666; x_wconf 76' lang='grc' dir='ltr'>πόλεως</span> <span class='ocrx_word' id='word_1_429' title='bbox 480 1634 725 1662; x_wconf 80' lang='grc' dir='ltr'>ἁναπετάννυνται.</span> <span class='ocrx_word' id='word_1_430' title='bbox 742 1636 796 1662; x_wconf 62' lang='grc' dir='ltr'><strong>Καὶ⁸</strong></span> <span class='ocrx_word' id='word_1_431' title='bbox 811 1635 882 1670; x_wconf 85' lang='grc' dir='ltr'><strong>πέμ-</strong></span> 
     </span>
    </p>
   </div>
   <div class='ocr_carea' id='block_1_66' title="bbox 89 1680 882 1716">
    <p class='ocr_par' dir='ltr' id='par_1_66' title="bbox 89 1680 882 1716">
     <span class='ocr_line' id='line_1_66' title="bbox 89 1680 882 1716; baseline 0.001 -10"><span class='ocrx_word' id='word_1_432' title='bbox 89 1689 171 1707; x_wconf 77' lang='grc' dir='ltr'>πεται</span> <span class='ocrx_word' id='word_1_433' title='bbox 187 1682 235 1707; x_wconf 78' lang='grc' dir='ltr'><strong>σὺν</strong></span> <span class='ocrx_word' id='word_1_434' title='bbox 247 1680 287 1715; x_wconf 81' lang='grc' dir='ltr'>τῷ</span> <span class='ocrx_word' id='word_1_435' title='bbox 301 1680 351 1715; x_wconf 83' lang='grc' dir='ltr'>υἱῷ</span> <span class='ocrx_word' id='word_1_436' title='bbox 367 1681 570 1712; x_wconf 78' lang='grc' dir='ltr'>Κωνσταντίνος</span> <span class='ocrx_word' id='word_1_437' title='bbox 582 1681 650 1716; x_wconf 83' lang='grc' dir='ltr'>πρὸς</span> <span class='ocrx_word' id='word_1_438' title='bbox 670 1680 809 1716; x_wconf 73' lang='grc' dir='ltr'>Ὀνώριον-</span> <span class='ocrx_word' id='word_1_439' title='bbox 828 1682 842 1707; x_wconf 86' lang='grc' dir='ltr'><strong>ό</strong></span> <span class='ocrx_word' id='word_1_440' title='bbox 854 1681 882 1707; x_wconf 81' lang='grc' dir='ltr'><strong>δὲ</strong></span> 
     </span>
    </p>
   </div>
   <div class='ocr_carea' id='block_1_67' title="bbox 89 1725 883 1760">
    <p class='ocr_par' dir='ltr' id='par_1_67' title="bbox 89 1725 883 1760">
     <span class='ocr_line' id='line_1_67' title="bbox 89 1725 883 1760; baseline 0.001 -9"><span class='ocrx_word' id='word_1_441' title='bbox 89 1725 270 1760; x_wconf 77' lang='grc' dir='ltr'>μνησικακῶν</span> <span class='ocrx_word' id='word_1_442' title='bbox 291 1726 381 1757; x_wconf 85' lang='grc' dir='ltr'>αὐτοῖς</span> <span class='ocrx_word' id='word_1_443' title='bbox 407 1725 476 1760; x_wconf 80' lang='grc' dir='ltr'>ὑπὲρ</span> <span class='ocrx_word' id='word_1_444' title='bbox 501 1726 557 1752; x_wconf 81' lang='grc' dir='ltr'>τῶν</span> <span class='ocrx_word' id='word_1_445' title='bbox 585 1725 704 1760; x_wconf 66' lang='grc' dir='ltr'>ἀνεψιῶν</span> <span class='ocrx_word' id='word_1_446' title='bbox 720 1726 813 1758; x_wconf 78' lang='grc' dir='ltr'>αὑτοῦ,</span> <span class='ocrx_word' id='word_1_447' title='bbox 836 1725 883 1758; x_wconf 82' lang='grc' dir='ltr'>οὓς</span> 
     </span>
    </p>
   </div>
   <div class='ocr_carea' id='block_1_68' title="bbox 91 1772 883 1808">
    <p class='ocr_par' dir='ltr' id='par_1_68' title="bbox 91 1772 883 1808">
     <span class='ocr_line' id='line_1_68' title="bbox 91 1772 883 1808; baseline 0 -11"><span class='ocrx_word' id='word_1_448' title='bbox 91 1772 227 1806; x_wconf 75' lang='grc' dir='ltr'>ἐτύγχανε</span> <span class='ocrx_word' id='word_1_449' title='bbox 255 1773 460 1804; x_wconf 81' lang='grc' dir='ltr'>Κωνσταντῖνος</span> <span class='ocrx_word' id='word_1_450' title='bbox 490 1772 593 1799; x_wconf 81' lang='grc' dir='ltr'>ἀνελὼν</span> <span class='ocrx_word' id='word_1_451' title='bbox 608 1791 615 1802; x_wconf 90' lang='grc'><em>,</em></span> <span class='ocrx_word' id='word_1_452' title='bbox 652 1772 704 1808; x_wconf 67' lang='grc' dir='ltr'>πρὸ</span> <span class='ocrx_word' id='word_1_453' title='bbox 735 1773 883 1808; x_wconf 84' lang='grc' dir='ltr'>τριάκοντα</span> 
     </span>
    </p>
   </div>
   <div class='ocr_carea' id='block_1_69' title="bbox 89 1817 883 1855">
    <p class='ocr_par' dir='ltr' id='par_1_69' title="bbox 89 1817 883 1855">
     <span class='ocr_line' id='line_1_69' title="bbox 89 1817 883 1855; baseline 0.001 -11"><span class='ocrx_word' id='word_1_454' title='bbox 89 1817 142 1853; x_wconf 83' lang='grc' dir='ltr'><strong>τῆς</strong></span> <span class='ocrx_word' id='word_1_455' title='bbox 173 1818 320 1853; x_wconf 83' lang='grc' dir='ltr'>Ῥαϐέννης</span> <span class='ocrx_word' id='word_1_456' title='bbox 345 1819 442 1853; x_wconf 81' lang='grc' dir='ltr'>μιλίων</span> <span class='ocrx_word' id='word_1_457' title='bbox 484 1819 559 1854; x_wconf 77' lang='grc' dir='ltr'>παρὰ</span> <span class='ocrx_word' id='word_1_458' title='bbox 591 1819 653 1851; x_wconf 78' lang='grc' dir='ltr'>τοὺς</span> <span class='ocrx_word' id='word_1_459' title='bbox 681 1820 779 1855; x_wconf 81' lang='grc' dir='ltr'>ὅρκους</span> <span class='ocrx_word' id='word_1_460' title='bbox 798 1827 883 1853; x_wconf 83' lang='grc' dir='ltr'>προσ-</span> 
     </span>
    </p>
   </div>
   <div class='ocr_carea' id='block_1_70' title="bbox 89 1864 885 1900">
    <p class='ocr_par' dir='ltr' id='par_1_70' title="bbox 89 1864 885 1900">
     <span class='ocr_line' id='line_1_70' title="bbox 89 1864 885 1900; baseline 0.001 -10"><span class='ocrx_word' id='word_1_461' title='bbox 89 1864 184 1891; x_wconf 75' lang='grc' dir='ltr'>τάττει</span> <span class='ocrx_word' id='word_1_462' title='bbox 207 1864 319 1896; x_wconf 81' lang='grc' dir='ltr'>τούτους</span> <span class='ocrx_word' id='word_1_463' title='bbox 341 1865 531 1900; x_wconf 80' lang='grc' dir='ltr'>ἀναιρεθῆναι.</span> <span class='ocrx_word' id='word_1_464' title='bbox 553 1865 694 1900; x_wconf 87' lang='grc' dir='ltr'>Γερόντιος</span> <span class='ocrx_word' id='word_1_465' title='bbox 711 1865 740 1892; x_wconf 74' lang='grc' dir='ltr'><strong>δὲ</strong></span> <span class='ocrx_word' id='word_1_466' title='bbox 761 1873 885 1900; x_wconf 84' lang='grc' dir='ltr'>παραγε-</span> 
     </span>
    </p>
   </div>
   <div class='ocr_carea' id='block_1_71' title="bbox 91 1911 883 1948">
    <p class='ocr_par' dir='ltr' id='par_1_71' title="bbox 91 1911 883 1948">
     <span class='ocr_line' id='line_1_71' title="bbox 91 1911 883 1948; baseline 0.003 -12"><span class='ocrx_word' id='word_1_467' title='bbox 91 1911 215 1946; x_wconf 83' lang='grc' dir='ltr'>νομένων</span> <span class='ocrx_word' id='word_1_468' title='bbox 228 1911 349 1946; x_wconf 81' lang='grc' dir='ltr'>Οὺλφιλᾶ</span> <span class='ocrx_word' id='word_1_469' title='bbox 360 1911 422 1948; x_wconf 79' lang='grc'><strong>[107</strong></span> <span class='ocrx_word' id='word_1_470' title='bbox 433 1911 480 1948; x_wconf 65' lang='grc' dir='ltr'><strong>ιι]</strong></span> <span class='ocrx_word' id='word_1_471' title='bbox 489 1912 537 1939; x_wconf 78' lang='grc' dir='ltr'>καὶ</span> <span class='ocrx_word' id='word_1_472' title='bbox 551 1912 759 1939; x_wconf 86' lang='grc' dir='ltr'>Κωνσταντίνου</span> <span class='ocrx_word' id='word_1_473' title='bbox 775 1911 883 1946; x_wconf 81' lang='grc' dir='ltr'>φεύγει,</span> 
     </span>
    </p>
   </div>
   <div class='ocr_carea' id='block_1_72' title="bbox 91 1956 884 1995">
    <p class='ocr_par' dir='ltr' id='par_1_72' title="bbox 91 1956 884 1995">
     <span class='ocr_line' id='line_1_72' title="bbox 91 1956 884 1995; baseline 0 -10"><span class='ocrx_word' id='word_1_474' title='bbox 91 1959 139 1985; x_wconf 81' lang='grc' dir='ltr'>καὶ</span> <span class='ocrx_word' id='word_1_475' title='bbox 158 1959 360 1994; x_wconf 74' lang='grc' dir='ltr'>καταληφθεὶς,</span> <span class='ocrx_word' id='word_1_476' title='bbox 385 1959 428 1986; x_wconf 79' lang='grc' dir='ltr'>ὅτι</span> <span class='ocrx_word' id='word_1_477' title='bbox 449 1959 594 1995; x_wconf 74' lang='grc' dir='ltr'>ἐγκρατῶς</span> <span class='ocrx_word' id='word_1_478' title='bbox 612 1956 682 1994; x_wconf 83' lang='grc' dir='ltr'>ἦρχε</span> <span class='ocrx_word' id='word_1_479' title='bbox 708 1959 755 1985; x_wconf 79' lang='grc' dir='ltr'>τοῦ</span> <span class='ocrx_word' id='word_1_480' title='bbox 781 1959 884 1986; x_wconf 83' lang='grc' dir='ltr'>οίκείου</span> 
     </span>
    </p>
   </div>
   <div class='ocr_carea' id='block_1_73' title="bbox 91 2004 884 2040">
    <p class='ocr_par' dir='ltr' id='par_1_73' title="bbox 91 2004 884 2040">
     <span class='ocr_line' id='line_1_73' title="bbox 91 2004 884 2040; baseline 0 -10"><span class='ocrx_word' id='word_1_481' title='bbox 91 2004 222 2040; x_wconf 78' lang='grc' dir='ltr'>στρατοῦ,</span> <span class='ocrx_word' id='word_1_482' title='bbox 238 2004 283 2031; x_wconf 78' lang='grc' dir='ltr'><strong>ὑπ’</strong></span> <span class='ocrx_word' id='word_1_483' title='bbox 294 2005 383 2032; x_wconf 78' lang='grc' dir='ltr'>αὐτῶν</span> <span class='ocrx_word' id='word_1_484' title='bbox 400 2005 514 2032; x_wconf 70' lang='grc' dir='ltr'>ἐκείνων</span> <span class='ocrx_word' id='word_1_485' title='bbox 527 2004 744 2032; x_wconf 76' lang='grc' dir='ltr'>ἐπιϐουλεύεται·</span> <span class='ocrx_word' id='word_1_486' title='bbox 759 2004 815 2040; x_wconf 82' lang='grc' dir='ltr'><strong>πῦρ</strong></span> <span class='ocrx_word' id='word_1_487' title='bbox 829 2005 884 2040; x_wconf 82' lang='grc' dir='ltr'>γὰρ</span> 
     </span>
    </p>
   </div>
   <div class='ocr_carea' id='block_1_74' title="bbox 90 2050 884 2086">
    <p class='ocr_par' dir='ltr' id='par_1_74' title="bbox 90 2050 884 2086">
     <span class='ocr_line' id='line_1_74' title="bbox 90 2050 884 2086; baseline 0 -9"><span class='ocrx_word' id='word_1_488' title='bbox 90 2051 164 2077; x_wconf 80' lang='grc' dir='ltr'>κατὰ</span> <span class='ocrx_word' id='word_1_489' title='bbox 184 2051 237 2085; x_wconf 83' lang='grc' dir='ltr'><strong>τῆς</strong></span> <span class='ocrx_word' id='word_1_490' title='bbox 261 2052 353 2083; x_wconf 81' lang='grc' dir='ltr'>οἰκίας</span> <span class='ocrx_word' id='word_1_491' title='bbox 371 2050 454 2078; x_wconf 70' lang='grc' dir='ltr'><strong>αὖτοῦ</strong></span> <span class='ocrx_word' id='word_1_492' title='bbox 475 2051 592 2086; x_wconf 77' lang='grc' dir='ltr'>ἀνῆψαν.</span> <span class='ocrx_word' id='word_1_493' title='bbox 614 2050 643 2077; x_wconf 92' lang='lat'><strong>&#39;0</strong></span> <span class='ocrx_word' id='word_1_494' title='bbox 669 2050 698 2077; x_wconf 82' lang='grc' dir='ltr'><strong>δὲ</strong></span> <span class='ocrx_word' id='word_1_495' title='bbox 726 2050 795 2084; x_wconf 81' lang='grc' dir='ltr'>πρὸς</span> <span class='ocrx_word' id='word_1_496' title='bbox 821 2050 884 2081; x_wconf 83' lang='grc' dir='ltr'>τοὺς</span> 
     </span>
    </p>
   </div>
   <div class='ocr_carea' id='block_1_75' title="bbox 90 2096 884 2131">
    <p class='ocr_par' dir='ltr' id='par_1_75' title="bbox 90 2096 884 2131">
     <span class='ocr_line' id='line_1_75' title="bbox 90 2096 884 2131; baseline 0 -10"><span class='ocrx_word' id='word_1_497' title='bbox 90 2097 300 2128; x_wconf 74' lang='grc' dir='ltr'>ἑπαναστάντας</span> <span class='ocrx_word' id='word_1_498' title='bbox 314 2097 458 2131; x_wconf 84' lang='grc' dir='ltr'>κρατερῶς</span> <span class='ocrx_word' id='word_1_499' title='bbox 474 2097 603 2131; x_wconf 76' lang='grc' dir='ltr'><strong>ἐμάχετο,</strong></span> <span class='ocrx_word' id='word_1_500' title='bbox 620 2096 669 2123; x_wconf 77' lang='grc' dir='ltr'>ἕνα</span> <span class='ocrx_word' id='word_1_501' title='bbox 679 2096 884 2131; x_wconf 77' lang='grc' dir='ltr'>συναγωνιστὴν</span> 
     </span>
    </p>
   </div>
   <div class='ocr_carea' id='block_1_76' title="bbox 90 2140 884 2177">
    <p class='ocr_par' dir='ltr' id='par_1_76' title="bbox 90 2140 884 2177">
     <span class='ocr_line' id='line_1_76' title="bbox 90 2140 884 2177; baseline -0.003 -9"><span class='ocrx_word' id='word_1_502' title='bbox 90 2143 162 2177; x_wconf 78' lang='grc' dir='ltr'>ἔχων</span> <span class='ocrx_word' id='word_1_503' title='bbox 183 2143 294 2168; x_wconf 72' lang='grc' dir='ltr'>Ἀλανὸν</span> <span class='ocrx_word' id='word_1_504' title='bbox 319 2143 348 2169; x_wconf 77' lang='grc' dir='ltr'>τὸ</span> <span class='ocrx_word' id='word_1_505' title='bbox 363 2143 451 2176; x_wconf 80' lang='grc' dir='ltr'>γένος,</span> <span class='ocrx_word' id='word_1_506' title='bbox 469 2143 510 2172; x_wconf 84' lang='grc' dir='ltr'><strong>εἰς</strong></span> <span class='ocrx_word' id='word_1_507' title='bbox 531 2141 643 2172; x_wconf 86' lang='grc' dir='ltr'>δούλους</span> <span class='ocrx_word' id='word_1_508' title='bbox 666 2140 750 2167; x_wconf 81' lang='grc' dir='ltr'>αὐτοῦ</span> <span class='ocrx_word' id='word_1_509' title='bbox 777 2140 800 2156; x_wconf 74' lang='grc'><strong>⁸⁷</strong></span> <span class='ocrx_word' id='word_1_510' title='bbox 823 2141 884 2174; x_wconf 87' lang='grc' dir='ltr'>ἀρι-</span> 
     </span>
    </p>
   </div>
   <div class='ocr_carea' id='block_1_77' title="bbox 90 2187 883 2223">
    <p class='ocr_par' dir='ltr' id='par_1_77' title="bbox 90 2187 883 2223">
     <span class='ocr_line' id='line_1_77' title="bbox 90 2187 883 2223; baseline -0.004 -8"><span class='ocrx_word' id='word_1_511' title='bbox 90 2188 257 2223; x_wconf 78' lang='grc' dir='ltr'>θμούμενον.</span> <span class='ocrx_word' id='word_1_512' title='bbox 272 2188 354 2220; x_wconf 81' lang='grc' dir='ltr'>Τέλος</span> <span class='ocrx_word' id='word_1_513' title='bbox 368 2188 413 2215; x_wconf 86' lang='grc' dir='ltr'><strong>τόν</strong></span> <span class='ocrx_word' id='word_1_514' title='bbox 438 2196 467 2214; x_wconf 87' lang='grc' dir='ltr'><strong>τε</strong></span> <span class='ocrx_word' id='word_1_515' title='bbox 493 2187 603 2214; x_wconf 68' lang='grc' dir='ltr'>Ἀλανδν</span> <span class='ocrx_word' id='word_1_516' title='bbox 618 2187 665 2214; x_wconf 86' lang='grc' dir='ltr'><strong>καί</strong></span> <span class='ocrx_word' id='word_1_517' title='bbox 683 2187 732 2222; x_wconf 82' lang='grc' dir='ltr'>τὴν</span> <span class='ocrx_word' id='word_1_518' title='bbox 754 2187 883 2220; x_wconf 75' lang='grc' dir='ltr'>γυναῖκα,</span> 
     </span>
    </p>
   </div>
   <div class='ocr_carea' id='block_1_78' title="bbox 934 1585 1725 1613">
    <p class='ocr_par' dir='ltr' id='par_1_78' title="bbox 934 1585 1725 1613">
     <span class='ocr_line' id='line_1_78' title="bbox 934 1585 1725 1613; baseline 0.001 -1"><span class='ocrx_word' id='word_1_519' title='bbox 934 1586 969 1612; x_wconf 88' lang='lat' dir='ltr'><strong>lio</strong></span> <span class='ocrx_word' id='word_1_520' title='bbox 990 1585 1187 1613; x_wconf 86' lang='lat' dir='ltr'><strong>Constantinus</strong></span> <span class='ocrx_word' id='word_1_521' title='bbox 1210 1587 1244 1612; x_wconf 83' lang='lat' dir='ltr'><strong>ad</strong></span> <span class='ocrx_word' id='word_1_522' title='bbox 1265 1585 1425 1613; x_wconf 85' lang='lat' dir='ltr'><strong>Honorium.</strong></span> <span class='ocrx_word' id='word_1_523' title='bbox 1454 1585 1499 1613; x_wconf 86' lang='lat' dir='ltr'><strong>Ille</strong></span> <span class='ocrx_word' id='word_1_524' title='bbox 1523 1593 1588 1612; x_wconf 83' lang='lat' dir='ltr'><strong>vero</strong></span> <span class='ocrx_word' id='word_1_525' title='bbox 1614 1586 1725 1613; x_wconf 85' lang='lat' dir='ltr'><strong>minime</strong></span> 
     </span>
    </p>
   </div>
   <div class='ocr_carea' id='block_1_79' title="bbox 935 1631 1726 1666">
    <p class='ocr_par' dir='ltr' id='par_1_79' title="bbox 935 1631 1726 1666">
     <span class='ocr_line' id='line_1_79' title="bbox 935 1631 1726 1666; baseline 0.001 -8"><span class='ocrx_word' id='word_1_526' title='bbox 935 1631 1000 1666; x_wconf 81' lang='lat' dir='ltr'><strong>ipsis</strong></span> <span class='ocrx_word' id='word_1_527' title='bbox 1021 1631 1175 1666; x_wconf 79' lang='lat' dir='ltr'><strong>ignoscens,</strong></span> <span class='ocrx_word' id='word_1_528' title='bbox 1201 1632 1236 1660; x_wconf 93' lang='lat' dir='ltr'><strong>ob</strong></span> <span class='ocrx_word' id='word_1_529' title='bbox 1263 1632 1420 1659; x_wconf 85' lang='lat' dir='ltr'><strong>interfectos</strong></span> <span class='ocrx_word' id='word_1_530' title='bbox 1447 1639 1461 1658; x_wconf 88' lang='lat' dir='ltr'><strong>a</strong></span> <span class='ocrx_word' id='word_1_531' title='bbox 1483 1631 1660 1658; x_wconf 80' lang='lat' dir='ltr'><strong>Constantino</strong></span> <span class='ocrx_word' id='word_1_532' title='bbox 1676 1639 1726 1659; x_wconf 92' lang='lat' dir='ltr'><strong>co-</strong></span> 
     </span>
    </p>
   </div>
   <div class='ocr_carea' id='block_1_80' title="bbox 934 1677 1724 1714">
    <p class='ocr_par' dir='ltr' id='par_1_80' title="bbox 934 1677 1724 1714">
     <span class='ocr_line' id='line_1_80' title="bbox 934 1677 1724 1714; baseline 0 -10"><span class='ocrx_word' id='word_1_533' title='bbox 934 1683 1029 1712; x_wconf 71' lang='lat' dir='ltr'><strong>gnatos</strong></span> <span class='ocrx_word' id='word_1_534' title='bbox 1054 1686 1118 1706; x_wconf 82' lang='lat' dir='ltr'><strong>suos</strong></span> <span class='ocrx_word' id='word_1_535' title='bbox 1132 1678 1201 1714; x_wconf 70' lang='lat'><strong>(27),</strong></span> <span class='ocrx_word' id='word_1_536' title='bbox 1224 1679 1257 1705; x_wconf 89' lang='lat' dir='ltr'><strong>ad</strong></span> <span class='ocrx_word' id='word_1_537' title='bbox 1283 1678 1391 1712; x_wconf 78' lang='lat' dir='ltr'><strong>triginta</strong></span> <span class='ocrx_word' id='word_1_538' title='bbox 1406 1677 1461 1713; x_wconf 80' lang='lat'><strong>(‘28)</strong></span> <span class='ocrx_word' id='word_1_539' title='bbox 1482 1686 1496 1704; x_wconf 87' lang='lat' dir='ltr'><strong>a</strong></span> <span class='ocrx_word' id='word_1_540' title='bbox 1518 1677 1644 1705; x_wconf 77' lang='lat' dir='ltr'><strong>Ravenna</strong></span> <span class='ocrx_word' id='word_1_541' title='bbox 1662 1677 1724 1704; x_wconf 85' lang='lat' dir='ltr'><strong>mil-</strong></span> 
     </span>
    </p>
   </div>
   <div class='ocr_carea' id='block_1_81' title="bbox 935 1723 1724 1759">
    <p class='ocr_par' dir='ltr' id='par_1_81' title="bbox 935 1723 1724 1759">
     <span class='ocr_line' id='line_1_81' title="bbox 935 1723 1724 1759; baseline -0.001 -8"><span class='ocrx_word' id='word_1_542' title='bbox 935 1724 1024 1756; x_wconf 86' lang='lat' dir='ltr'><strong>liaria,</strong></span> <span class='ocrx_word' id='word_1_543' title='bbox 1040 1729 1133 1752; x_wconf 86' lang='lat' dir='ltr'><strong>contra</strong></span> <span class='ocrx_word' id='word_1_544' title='bbox 1156 1724 1334 1759; x_wconf 67' lang='lat' dir='ltr'><strong>jurisjurandi</strong></span> <span class='ocrx_word' id='word_1_545' title='bbox 1353 1725 1431 1751; x_wconf 82' lang='lat' dir='ltr'><strong>Iidem</strong></span> <span class='ocrx_word' id='word_1_546' title='bbox 1454 1725 1567 1751; x_wconf 78' lang='lat' dir='ltr'><strong>interfici</strong></span> <span class='ocrx_word' id='word_1_547' title='bbox 1581 1723 1724 1756; x_wconf 85' lang='lat' dir='ltr'><strong>eosjttbet.</strong></span> 
     </span>
    </p>
   </div>
   <div class='ocr_carea' id='block_1_82' title="bbox 934 1770 1727 1806">
    <p class='ocr_par' dir='ltr' id='par_1_82' title="bbox 934 1770 1727 1806">
     <span class='ocr_line' id='line_1_82' title="bbox 934 1770 1727 1806; baseline -0.001 -8"><span class='ocrx_word' id='word_1_548' title='bbox 934 1770 1082 1798; x_wconf 83' lang='lat' dir='ltr'><strong>Gerontius</strong></span> <span class='ocrx_word' id='word_1_549' title='bbox 1103 1771 1177 1803; x_wconf 81' lang='lat' dir='ltr'><strong>dein,</strong></span> <span class='ocrx_word' id='word_1_550' title='bbox 1210 1771 1401 1798; x_wconf 84' lang='lat' dir='ltr'><strong>accedentibus</strong></span> <span class='ocrx_word' id='word_1_551' title='bbox 1417 1770 1526 1806; x_wconf 83' lang='lat' dir='ltr'><strong>Ulpltila</strong></span> <span class='ocrx_word' id='word_1_552' title='bbox 1547 1775 1576 1798; x_wconf 86' lang='lat' dir='ltr'><strong>et</strong></span> <span class='ocrx_word' id='word_1_553' title='bbox 1593 1770 1727 1798; x_wconf 87' lang='lat' dir='ltr'><strong>Constan-</strong></span> 
     </span>
    </p>
   </div>
   <div class='ocr_carea' id='block_1_83' title="bbox 937 1816 1725 1852">
    <p class='ocr_par' dir='ltr' id='par_1_83' title="bbox 937 1816 1725 1852">
     <span class='ocr_line' id='line_1_83' title="bbox 937 1816 1725 1852; baseline -0.001 -8"><span class='ocrx_word' id='word_1_554' title='bbox 937 1817 1004 1850; x_wconf 90' lang='lat' dir='ltr'><strong>tino,</strong></span> <span class='ocrx_word' id='word_1_555' title='bbox 1027 1816 1116 1852; x_wconf 73' lang='lat' dir='ltr'><strong>fugam</strong></span> <span class='ocrx_word' id='word_1_556' title='bbox 1136 1817 1273 1851; x_wconf 86' lang='lat' dir='ltr'><strong>capessit:</strong></span> <span class='ocrx_word' id='word_1_557' title='bbox 1290 1818 1529 1852; x_wconf 82' lang='lat' dir='ltr'><strong>deprehensusque</strong></span> <span class='ocrx_word' id='word_1_558' title='bbox 1549 1817 1620 1852; x_wconf 90' lang='lat' dir='ltr'><strong>quod</strong></span> <span class='ocrx_word' id='word_1_559' title='bbox 1637 1816 1725 1851; x_wconf 92' lang='lat' dir='ltr'><strong>impo-</strong></span> 
     </span>
    </p>
   </div>
   <div class='ocr_carea' id='block_1_84' title="bbox 936 1863 1725 1898">
    <p class='ocr_par' dir='ltr' id='par_1_84' title="bbox 936 1863 1725 1898">
     <span class='ocr_line' id='line_1_84' title="bbox 936 1863 1725 1898; baseline 0.001 -8"><span class='ocrx_word' id='word_1_560' title='bbox 936 1864 1037 1891; x_wconf 88' lang='lat' dir='ltr'><strong>tentius</strong></span> <span class='ocrx_word' id='word_1_561' title='bbox 1058 1863 1188 1892; x_wconf 78' lang='lat' dir='ltr'><strong>exercitui</strong></span> <span class='ocrx_word' id='word_1_562' title='bbox 1203 1863 1366 1898; x_wconf 65' lang='lat' dir='ltr'><strong>praefuisset,</strong></span> <span class='ocrx_word' id='word_1_563' title='bbox 1381 1871 1491 1891; x_wconf 88' lang='lat' dir='ltr'><strong>suorttm</strong></span> <span class='ocrx_word' id='word_1_564' title='bbox 1506 1864 1613 1891; x_wconf 85' lang='lat' dir='ltr'><strong>insidiis</strong></span> <span class='ocrx_word' id='word_1_565' title='bbox 1626 1864 1725 1898; x_wconf 83' lang='lat' dir='ltr'><strong>petitus</strong></span> 
     </span>
    </p>
   </div>
   <div class='ocr_carea' id='block_1_85' title="bbox 935 1908 1727 1944">
    <p class='ocr_par' dir='ltr' id='par_1_85' title="bbox 935 1908 1727 1944">
     <span class='ocr_line' id='line_1_85' title="bbox 935 1908 1727 1944; baseline -0.001 -8"><span class='ocrx_word' id='word_1_566' title='bbox 935 1915 988 1936; x_wconf 88' lang='lat' dir='ltr'><strong>est.</strong></span> <span class='ocrx_word' id='word_1_567' title='bbox 1019 1908 1109 1944; x_wconf 74' lang='lat' dir='ltr'><strong>Ignem</strong></span> <span class='ocrx_word' id='word_1_568' title='bbox 1135 1910 1226 1944; x_wconf 85' lang='lat' dir='ltr'><strong>itaque</strong></span> <span class='ocrx_word' id='word_1_569' title='bbox 1246 1909 1330 1944; x_wconf 87' lang='lat' dir='ltr'><strong>ipsius</strong></span> <span class='ocrx_word' id='word_1_570' title='bbox 1354 1908 1457 1936; x_wconf 75' lang='lat' dir='ltr'><strong>aedibus</strong></span> <span class='ocrx_word' id='word_1_571' title='bbox 1485 1909 1636 1943; x_wconf 86' lang='lat' dir='ltr'><strong>injeccrunt</strong></span> <span class='ocrx_word' id='word_1_572' title='bbox 1666 1917 1674 1935; x_wconf 88' lang='lat'><strong>:</strong></span> <span class='ocrx_word' id='word_1_573' title='bbox 1698 1913 1727 1935; x_wconf 82' lang='lat' dir='ltr'><strong>at</strong></span> 
     </span>
    </p>
   </div>
   <div class='ocr_carea' id='block_1_86' title="bbox 937 1954 1727 1989">
    <p class='ocr_par' dir='ltr' id='par_1_86' title="bbox 937 1954 1727 1989">
     <span class='ocr_line' id='line_1_86' title="bbox 937 1954 1727 1989; baseline -0.003 -7"><span class='ocrx_word' id='word_1_574' title='bbox 937 1955 982 1982; x_wconf 85' lang='lat' dir='ltr'><strong>ille</strong></span> <span class='ocrx_word' id='word_1_575' title='bbox 997 1955 1103 1982; x_wconf 81' lang='lat' dir='ltr'><strong>fortiter</strong></span> <span class='ocrx_word' id='word_1_576' title='bbox 1113 1955 1139 1982; x_wconf 93' lang='lat' dir='ltr'><strong>in</strong></span> <span class='ocrx_word' id='word_1_577' title='bbox 1158 1955 1328 1983; x_wconf 85' lang='lat' dir='ltr'><strong>adversarios</strong></span> <span class='ocrx_word' id='word_1_578' title='bbox 1338 1959 1448 1989; x_wconf 75' lang='lat' dir='ltr'><strong>pugnat,</strong></span> <span class='ocrx_word' id='word_1_579' title='bbox 1462 1962 1515 1981; x_wconf 87' lang='lat' dir='ltr'><strong>uno</strong></span> <span class='ocrx_word' id='word_1_580' title='bbox 1529 1954 1674 1988; x_wconf 80' lang='lat' dir='ltr'><strong>adjuvante</strong></span> <span class='ocrx_word' id='word_1_581' title='bbox 1684 1954 1727 1980; x_wconf 86' lang='lat' dir='ltr'><strong>fa-</strong></span> 
     </span>
    </p>
   </div>
   <div class='ocr_carea' id='block_1_87' title="bbox 936 2000 1726 2036">
    <p class='ocr_par' dir='ltr' id='par_1_87' title="bbox 936 2000 1726 2036">
     <span class='ocr_line' id='line_1_87' title="bbox 936 2000 1726 2036; baseline -0.001 -8"><span class='ocrx_word' id='word_1_582' title='bbox 936 2002 1021 2034; x_wconf 88' lang='lat' dir='ltr'><strong>mulo,</strong></span> <span class='ocrx_word' id='word_1_583' title='bbox 1035 2002 1081 2036; x_wconf 89' lang='lat' dir='ltr'><strong>qui</strong></span> <span class='ocrx_word' id='word_1_584' title='bbox 1096 2001 1202 2029; x_wconf 81' lang='lat' dir='ltr'><strong>Alanus</strong></span> <span class='ocrx_word' id='word_1_585' title='bbox 1215 2005 1284 2028; x_wconf 91' lang='lat' dir='ltr'><strong>erat.</strong></span> <span class='ocrx_word' id='word_1_586' title='bbox 1305 2000 1345 2028; x_wconf 81' lang='lat' dir='ltr'><strong>Re</strong></span> <span class='ocrx_word' id='word_1_587' title='bbox 1357 2005 1446 2028; x_wconf 88' lang='lat' dir='ltr'><strong>tamen</strong></span> <span class='ocrx_word' id='word_1_588' title='bbox 1460 2001 1568 2028; x_wconf 84' lang='lat' dir='ltr'><strong>tandem</strong></span> <span class='ocrx_word' id='word_1_589' title='bbox 1582 2001 1726 2034; x_wconf 85' lang='lat' dir='ltr'><strong>desperata</strong></span> 
     </span>
    </p>
   </div>
   <div class='ocr_carea' id='block_1_88' title="bbox 935 2046 1728 2082">
    <p class='ocr_par' dir='ltr' id='par_1_88' title="bbox 935 2046 1728 2082">
     <span class='ocr_line' id='line_1_88' title="bbox 935 2046 1728 2082; baseline -0.004 -7"><span class='ocrx_word' id='word_1_590' title='bbox 935 2048 1050 2075; x_wconf 85' lang='lat' dir='ltr'><strong>Alanum</strong></span> <span class='ocrx_word' id='word_1_591' title='bbox 1069 2048 1156 2080; x_wconf 86' lang='lat' dir='ltr'><strong>illum,</strong></span> <span class='ocrx_word' id='word_1_592' title='bbox 1173 2055 1304 2082; x_wconf 86' lang='lat' dir='ltr'><strong>suamque</strong></span> <span class='ocrx_word' id='word_1_593' title='bbox 1329 2054 1440 2073; x_wconf 77' lang='lat' dir='ltr'><strong>uxorem</strong></span> <span class='ocrx_word' id='word_1_594' title='bbox 1454 2046 1529 2082; x_wconf 73' lang='lat'><strong>(29),</strong></span> <span class='ocrx_word' id='word_1_595' title='bbox 1547 2051 1574 2073; x_wconf 93' lang='lat' dir='ltr'><strong>ut</strong></span> <span class='ocrx_word' id='word_1_596' title='bbox 1597 2046 1648 2080; x_wconf 87' lang='lat' dir='ltr'><strong>ipsi</strong></span> <span class='ocrx_word' id='word_1_597' title='bbox 1664 2053 1728 2081; x_wconf 78' lang='lat' dir='ltr'><strong>pos—</strong></span> 
     </span>
    </p>
   </div>
   <div class='ocr_carea' id='block_1_89' title="bbox 937 2091 1726 2126">
    <p class='ocr_par' dir='ltr' id='par_1_89' title="bbox 937 2091 1726 2126">
     <span class='ocr_line' id='line_1_89' title="bbox 937 2091 1726 2126; baseline -0.003 -6"><span class='ocrx_word' id='word_1_598' title='bbox 937 2094 1064 2126; x_wconf 85' lang='lat' dir='ltr'><strong>tularant,</strong></span> <span class='ocrx_word' id='word_1_599' title='bbox 1085 2093 1228 2125; x_wconf 88' lang='lat' dir='ltr'><strong>interimit,</strong></span> <span class='ocrx_word' id='word_1_600' title='bbox 1254 2099 1286 2119; x_wconf 84' lang='lat' dir='ltr'><strong>ac</strong></span> <span class='ocrx_word' id='word_1_601' title='bbox 1308 2092 1424 2126; x_wconf 84' lang='lat' dir='ltr'><strong>denique</strong></span> <span class='ocrx_word' id='word_1_602' title='bbox 1443 2093 1524 2118; x_wconf 83' lang='lat' dir='ltr'><strong>etiam</strong></span> <span class='ocrx_word' id='word_1_603' title='bbox 1544 2091 1595 2118; x_wconf 88' lang='lat' dir='ltr'><strong>sibi</strong></span> <span class='ocrx_word' id='word_1_604' title='bbox 1610 2097 1726 2119; x_wconf 92' lang='lat' dir='ltr'><strong>mortem</strong></span> 
     </span>
    </p>
   </div>
   <div class='ocr_carea' id='block_1_90' title="bbox 936 2139 1727 2175">
    <p class='ocr_par' dir='ltr' id='par_1_90' title="bbox 936 2139 1727 2175">
     <span class='ocr_line' id='line_1_90' title="bbox 936 2139 1727 2175; baseline -0.004 -6"><span class='ocrx_word' id='word_1_605' title='bbox 936 2142 1090 2169; x_wconf 86' lang='lat' dir='ltr'><strong>consciscit.</strong></span> <span class='ocrx_word' id='word_1_606' title='bbox 1115 2141 1247 2168; x_wconf 84' lang='lat' dir='ltr'><strong>Maximus</strong></span> <span class='ocrx_word' id='word_1_607' title='bbox 1271 2140 1330 2175; x_wconf 89' lang='lat' dir='ltr'><strong>ejus</strong></span> <span class='ocrx_word' id='word_1_608' title='bbox 1352 2140 1445 2173; x_wconf 83' lang='lat' dir='ltr'><strong>ﬁlius,</strong></span> <span class='ocrx_word' id='word_1_609' title='bbox 1470 2147 1500 2167; x_wconf 90' lang='lat' dir='ltr'><strong>re</strong></span> <span class='ocrx_word' id='word_1_610' title='bbox 1523 2139 1670 2173; x_wconf 87' lang='lat' dir='ltr'><strong>intellecta,</strong></span> <span class='ocrx_word' id='word_1_611' title='bbox 1692 2140 1727 2166; x_wconf 85' lang='lat' dir='ltr'><strong>ad</strong></span> 
     </span>
    </p>
   </div>
   <div class='ocr_carea' id='block_1_91' title="bbox 938 2185 1379 2221">
    <p class='ocr_par' dir='ltr' id='par_1_91' title="bbox 938 2185 1379 2221">
     <span class='ocr_line' id='line_1_91' title="bbox 938 2185 1379 2221; baseline -0.002 -7"><span class='ocrx_word' id='word_1_612' title='bbox 938 2187 1084 2215; x_wconf 60' lang='lat' dir='ltr'><strong>foederatos</strong></span> <span class='ocrx_word' id='word_1_613' title='bbox 1099 2186 1221 2221; x_wconf 74' lang='lat' dir='ltr'><strong>confugit</strong></span> <span class='ocrx_word' id='word_1_614' title='bbox 1234 2185 1379 2213; x_wconf 85' lang='lat' dir='ltr'><strong>Barbaros.</strong></span> 
     </span>
    </p>
   </div>
   <div class='ocr_carea' id='block_1_92' title="bbox 89 2229 1728 2270">
    <p class='ocr_par' dir='ltr' id='par_1_92' title="bbox 89 2229 1728 2270">
     <span class='ocr_line' id='line_1_92' title="bbox 89 2229 1728 2270; baseline -0.003 -8"><span class='ocrx_word' id='word_1_615' title='bbox 89 2235 171 2263; x_wconf 78' lang='grc' dir='ltr'>τοῦτο</span> <span class='ocrx_word' id='word_1_616' title='bbox 187 2233 449 2270; x_wconf 83' lang='grc' dir='ltr'>προθυμουμένους,</span> <span class='ocrx_word' id='word_1_617' title='bbox 472 2233 588 2267; x_wconf 81' lang='grc' dir='ltr'>ἀναιρεῖ,</span> <span class='ocrx_word' id='word_1_618' title='bbox 615 2231 836 2266; x_wconf 69' lang='grc' dir='ltr'>ἐπικατασφάζει</span> <span class='ocrx_word' id='word_1_619' title='bbox 855 2232 883 2259; x_wconf 86' lang='grc' dir='ltr'><strong>δὲ</strong></span> <span class='ocrx_word' id='word_1_620' title='bbox 901 2234 948 2260; x_wconf 77' lang='grc' dir='ltr'>καὶ</span> <span class='ocrx_word' id='word_1_621' title='bbox 960 2233 1066 2260; x_wconf 81' lang='grc' dir='ltr'>ἑαυτόν.</span> <span class='ocrx_word' id='word_1_622' title='bbox 1083 2232 1210 2268; x_wconf 74' lang='grc' dir='ltr'>Μάξιμος</span> <span class='ocrx_word' id='word_1_623' title='bbox 1231 2232 1260 2258; x_wconf 84' lang='grc' dir='ltr'><strong>δὲ</strong></span> <span class='ocrx_word' id='word_1_624' title='bbox 1291 2232 1306 2258; x_wconf 83' lang='grc' dir='ltr'><strong>ό</strong></span> <span class='ocrx_word' id='word_1_625' title='bbox 1338 2233 1403 2264; x_wconf 87' lang='grc' dir='ltr'>παῖς</span> <span class='ocrx_word' id='word_1_626' title='bbox 1426 2231 1516 2258; x_wconf 68' lang='grc' dir='ltr'>ταῦτα</span> <span class='ocrx_word' id='word_1_627' title='bbox 1546 2230 1642 2266; x_wconf 85' lang='grc' dir='ltr'>μαθὼν</span> <span class='ocrx_word' id='word_1_628' title='bbox 1659 2229 1728 2266; x_wconf 78' lang='grc' dir='ltr'>πρὸς</span> 
     </span>
    </p>
   </div>
   <div class='ocr_carea' id='block_1_93' title="bbox 90 2278 648 2314">
    <p class='ocr_par' dir='ltr' id='par_1_93' title="bbox 90 2278 648 2314">
     <span class='ocr_line' id='line_1_93' title="bbox 90 2278 648 2314; baseline -0.007 -6"><span class='ocrx_word' id='word_1_629' title='bbox 90 2281 153 2312; x_wconf 74' lang='grc' dir='ltr'>τοὺς</span> <span class='ocrx_word' id='word_1_630' title='bbox 173 2279 361 2311; x_wconf 80' lang='grc' dir='ltr'>ὑποσπόνδους</span> <span class='ocrx_word' id='word_1_631' title='bbox 373 2279 470 2313; x_wconf 77' lang='grc' dir='ltr'>φεύγει</span> <span class='ocrx_word' id='word_1_632' title='bbox 482 2278 648 2314; x_wconf 85' lang='grc' dir='ltr'>βαρϐάρους.</span> 
     </span>
    </p>
   </div>
   <div class='ocr_carea' id='block_1_94' title="bbox 127 2320 881 2359">
    <p class='ocr_par' dir='ltr' id='par_1_94' title="bbox 127 2324 881 2359">
     <span class='ocr_line' id='line_1_94' title="bbox 127 2324 881 2359; baseline -0.007 -5"><span class='ocrx_word' id='word_1_633' title='bbox 127 2329 190 2355; x_wconf 85' lang='grc' dir='ltr'>Ὀτι</span> <span class='ocrx_word' id='word_1_634' title='bbox 213 2327 320 2358; x_wconf 78' lang='grc' dir='ltr'>Ὶυϐῖνος</span> <span class='ocrx_word' id='word_1_635' title='bbox 333 2327 354 2341; x_wconf 74' lang='grc'><strong><em>⁵⁸</em></strong></span> <span class='ocrx_word' id='word_1_636' title='bbox 364 2327 393 2352; x_wconf 79' lang='grc' dir='ltr'>ἐν</span> <span class='ocrx_word' id='word_1_637' title='bbox 406 2325 566 2359; x_wconf 77' lang='grc' dir='ltr'>Μουνδιακῷ</span> <span class='ocrx_word' id='word_1_638' title='bbox 578 2324 599 2340; x_wconf 80' lang='grc'><strong>’⁵⁹</strong></span> <span class='ocrx_word' id='word_1_639' title='bbox 608 2325 656 2359; x_wconf 84' lang='grc' dir='ltr'><strong>τῆς</strong></span> <span class='ocrx_word' id='word_1_640' title='bbox 671 2325 767 2359; x_wconf 78' lang='grc' dir='ltr'>ἐτέρας</span> <span class='ocrx_word' id='word_1_641' title='bbox 780 2324 881 2359; x_wconf 87' lang='grc' dir='ltr'>Γερμα-</span> 
     </span>
    </p>
   </div>
   <div class='ocr_carea' id='block_1_95' title="bbox 934 2320 1729 2359">
    <p class='ocr_par' dir='ltr' id='par_1_95' title="bbox 974 2320 1729 2358">
     <span class='ocr_line' id='line_1_95' title="bbox 974 2320 1729 2358; baseline -0.003 -7"><span class='ocrx_word' id='word_1_642' title='bbox 974 2323 1098 2351; x_wconf 81' lang='lat' dir='ltr'><strong>Jovitiius</strong></span> <span class='ocrx_word' id='word_1_643' title='bbox 1114 2323 1183 2357; x_wconf 84' lang='lat' dir='ltr'><strong>apud</strong></span> <span class='ocrx_word' id='word_1_644' title='bbox 1198 2322 1366 2349; x_wconf 82' lang='lat' dir='ltr'><strong>Mundacitttn</strong></span> <span class='ocrx_word' id='word_1_645' title='bbox 1382 2322 1437 2358; x_wconf 78' lang='grc'><strong>(50)</strong></span> <span class='ocrx_word' id='word_1_646' title='bbox 1452 2321 1606 2349; x_wconf 71' lang='lat' dir='ltr'><strong>Germanim</strong></span> <span class='ocrx_word' id='word_1_647' title='bbox 1615 2320 1729 2349; x_wconf 84' lang='lat' dir='ltr'><strong>alterius</strong></span> 
     </span>
    </p>
   </div>
   <div class='ocr_carea' id='block_1_96' title="bbox 90 2367 881 2406">
    <p class='ocr_par' dir='ltr' id='par_1_96' title="bbox 90 2369 881 2406">
     <span class='ocr_line' id='line_1_96' title="bbox 90 2369 881 2406; baseline -0.009 -5"><span class='ocrx_word' id='word_1_648' title='bbox 90 2375 150 2406; x_wconf 73' lang='grc' dir='ltr'>νίας</span> <span class='ocrx_word' id='word_1_649' title='bbox 169 2374 241 2400; x_wconf 71' lang='grc' dir='ltr'>κατὰ</span> <span class='ocrx_word' id='word_1_650' title='bbox 265 2371 383 2406; x_wconf 85' lang='grc' dir='ltr'>σπουδὴν</span> <span class='ocrx_word' id='word_1_651' title='bbox 405 2371 428 2386; x_wconf 78' lang='grc'><strong><em>⁵⁵</em></strong></span> <span class='ocrx_word' id='word_1_652' title='bbox 452 2369 531 2406; x_wconf 87' lang='grc' dir='ltr'>Γώαρ</span> <span class='ocrx_word' id='word_1_653' title='bbox 550 2370 597 2396; x_wconf 82' lang='grc' dir='ltr'><strong>τοῦ</strong></span> <span class='ocrx_word' id='word_1_654' title='bbox 620 2369 730 2396; x_wconf 84' lang='grc' dir='ltr'>Ἀλανοῦ</span> <span class='ocrx_word' id='word_1_655' title='bbox 753 2370 799 2395; x_wconf 79' lang='grc' dir='ltr'>καὶ</span> <span class='ocrx_word' id='word_1_656' title='bbox 820 2369 881 2395; x_wconf 80' lang='grc' dir='ltr'>Γυν-</span> 
     </span>
    </p>
   </div>
   <div class='ocr_carea' id='block_1_97' title="bbox 934 2367 1729 2406">
    <p class='ocr_par' dir='ltr' id='par_1_97' title="bbox 940 2367 1729 2402">
     <span class='ocr_line' id='line_1_97' title="bbox 940 2367 1729 2402; baseline -0.004 -5"><span class='ocrx_word' id='word_1_657' title='bbox 940 2370 1046 2402; x_wconf 84' lang='lat' dir='ltr'><strong>urbem.</strong></span> <span class='ocrx_word' id='word_1_658' title='bbox 1063 2370 1155 2397; x_wconf 88' lang='lat' dir='ltr'><strong>studio</strong></span> <span class='ocrx_word' id='word_1_659' title='bbox 1179 2369 1277 2397; x_wconf 84' lang='lat' dir='ltr'><strong>Goaris</strong></span> <span class='ocrx_word' id='word_1_660' title='bbox 1297 2369 1387 2401; x_wconf 83' lang='lat' dir='ltr'><strong>Alani,</strong></span> <span class='ocrx_word' id='word_1_661' title='bbox 1406 2374 1433 2395; x_wconf 84' lang='lat' dir='ltr'><strong>et</strong></span> <span class='ocrx_word' id='word_1_662' title='bbox 1458 2368 1581 2396; x_wconf 85' lang='lat' dir='ltr'><strong>Guntiari</strong></span> <span class='ocrx_word' id='word_1_663' title='bbox 1605 2367 1729 2402; x_wconf 73' lang='lat' dir='ltr'><strong>Burgun-</strong></span> 
     </span>
    </p>
   </div>
   <div class='ocr_carea' id='block_1_98' title="bbox 90 2414 881 2455">
    <p class='ocr_par' dir='ltr' id='par_1_98' title="bbox 90 2415 881 2455">
     <span class='ocr_line' id='line_1_98' title="bbox 90 2415 881 2455; baseline -0.009 -7"><span class='ocrx_word' id='word_1_664' title='bbox 90 2420 211 2455; x_wconf 74' lang='grc' dir='ltr'>τιαρίου,</span> <span class='ocrx_word' id='word_1_665' title='bbox 226 2420 255 2450; x_wconf 82' lang='grc' dir='ltr'>ὃς</span> <span class='ocrx_word' id='word_1_666' title='bbox 274 2419 410 2454; x_wconf 77' lang='grc' dir='ltr'>φύλαρχος</span> <span class='ocrx_word' id='word_1_667' title='bbox 423 2416 593 2453; x_wconf 74' lang='grc' dir='ltr'>ἐχρημάτιζε</span> <span class='ocrx_word' id='word_1_668' title='bbox 615 2416 670 2443; x_wconf 87' lang='grc' dir='ltr'><strong>τῶν</strong></span> <span class='ocrx_word' id='word_1_669' title='bbox 688 2415 881 2451; x_wconf 78' lang='grc' dir='ltr'>Βουργουντιό-</span> 
     </span>
    </p>
   </div>
   <div class='ocr_carea' id='block_1_99' title="bbox 934 2414 1728 2455">
    <p class='ocr_par' dir='ltr' id='par_1_99' title="bbox 939 2414 1728 2451">
     <span class='ocr_line' id='line_1_99' title="bbox 939 2414 1728 2451; baseline -0.003 -8"><span class='ocrx_word' id='word_1_670' title='bbox 939 2417 1043 2443; x_wconf 86' lang='lat' dir='ltr'><strong>diorum</strong></span> <span class='ocrx_word' id='word_1_671' title='bbox 1069 2415 1192 2451; x_wconf 65' lang='lat' dir='ltr'><strong>praefecti</strong></span> <span class='ocrx_word' id='word_1_672' title='bbox 1207 2419 1342 2450; x_wconf 86' lang='lat' dir='ltr'><strong>tyrannus</strong></span> <span class='ocrx_word' id='word_1_673' title='bbox 1358 2418 1468 2442; x_wconf 85' lang='lat' dir='ltr'><strong>creatus</strong></span> <span class='ocrx_word' id='word_1_674' title='bbox 1487 2420 1541 2442; x_wconf 88' lang='lat' dir='ltr'><strong>est.</strong></span> <span class='ocrx_word' id='word_1_675' title='bbox 1554 2414 1604 2442; x_wconf 89' lang='lat' dir='ltr'><strong>Cui</strong></span> <span class='ocrx_word' id='word_1_676' title='bbox 1622 2418 1652 2441; x_wconf 90' lang='lat' dir='ltr'><strong>ut</strong></span> <span class='ocrx_word' id='word_1_677' title='bbox 1666 2421 1728 2442; x_wconf 80' lang='lat' dir='ltr'><strong>sese</strong></span> 
     </span>
    </p>
   </div>
   <div class='ocr_carea' id='block_1_100' title="bbox 726 2484 1073 2513">
    <p class='ocr_par' dir='ltr' id='par_1_100' title="bbox 726 2484 1073 2513">
     <span class='ocr_line' id='line_1_100' title="bbox 726 2484 1073 2513; baseline -0.003 0"><span class='ocrx_word' id='word_1_678' title='bbox 726 2484 844 2513; x_wconf 80' lang='lat' dir='ltr'><strong>VARle</strong></span> <span class='ocrx_word' id='word_1_679' title='bbox 870 2484 1073 2512; x_wconf 79' lang='lat' dir='ltr'><strong>LECTlONES.</strong></span> 
     </span>
    </p>
   </div>
   <div class='ocr_carea' id='block_1_101' title="bbox 132 2529 1730 2574">
    <p class='ocr_par' dir='ltr' id='par_1_101' title="bbox 132 2529 1730 2574">
     <span class='ocr_line' id='line_1_101' title="bbox 132 2529 1730 2574; baseline -0.006 -9"><span class='ocrx_word' id='word_1_680' title='bbox 132 2539 157 2555; x_wconf 77' lang='lat'>“</span> <span class='ocrx_word' id='word_1_681' title='bbox 171 2537 321 2574; x_wconf 79' lang='grc' dir='ltr'>Βρετανίαε</span> <span class='ocrx_word' id='word_1_682' title='bbox 344 2546 375 2574; x_wconf 55' lang='grc' dir='ltr'><strong>(ςΓ</strong></span> <span class='ocrx_word' id='word_1_683' title='bbox 411 2537 433 2553; x_wconf 75' lang='grc'><strong>⁸³</strong></span> <span class='ocrx_word' id='word_1_684' title='bbox 449 2535 599 2574; x_wconf 47' lang='grc' dir='ltr'>ἐκώλυε-ς.</span> <span class='ocrx_word' id='word_1_685' title='bbox 634 2534 659 2574; x_wconf 50' lang='grc' dir='ltr'><strong>ξ’</strong></span> <span class='ocrx_word' id='word_1_686' title='bbox 675 2533 882 2574; x_wconf 50' lang='grc' dir='ltr'>ξςωνστανςιίνου</span> <span class='ocrx_word' id='word_1_687' title='bbox 898 2541 940 2574; x_wconf 71' lang='lat' dir='ltr'><strong>pr.</strong></span> <span class='ocrx_word' id='word_1_688' title='bbox 1015 2533 1206 2561; x_wconf 83' lang='grc' dir='ltr'>Κωνσταντίου</span> <span class='ocrx_word' id='word_1_689' title='bbox 1227 2540 1300 2560; x_wconf 87' lang='lat' dir='ltr'><strong>corr.</strong></span> <span class='ocrx_word' id='word_1_690' title='bbox 1329 2531 1354 2548; x_wconf 80' lang='lat'><strong>&quot;’</strong></span> <span class='ocrx_word' id='word_1_691' title='bbox 1366 2530 1441 2566; x_wconf 84' lang='grc' dir='ltr'>αὖτῷ</span> <span class='ocrx_word' id='word_1_692' title='bbox 1453 2539 1484 2563; x_wconf 85' lang='grc' dir='ltr'>ς.</span> <span class='ocrx_word' id='word_1_693' title='bbox 1523 2530 1546 2546; x_wconf 72' lang='grc'><strong><em>⁵⁵</em></strong></span> <span class='ocrx_word' id='word_1_694' title='bbox 1565 2529 1686 2562; x_wconf 81' lang='grc' dir='ltr'>Ἰωϐῖνος</span> <span class='ocrx_word' id='word_1_695' title='bbox 1697 2538 1730 2563; x_wconf 83' lang='grc' dir='ltr'><strong>ς’,</strong></span> 
     </span>
    </p>
   </div>
   <div class='ocr_carea' id='block_1_102' title="bbox 89 2567 992 2607">
    <p class='ocr_par' dir='ltr' id='par_1_102' title="bbox 89 2567 992 2607">
     <span class='ocr_line' id='line_1_102' title="bbox 89 2567 992 2607; baseline -0.007 -6"><span class='ocrx_word' id='word_1_696' title='bbox 89 2578 139 2604; x_wconf 85' lang='lat' dir='ltr'><strong>sic</strong></span> <span class='ocrx_word' id='word_1_697' title='bbox 153 2581 182 2602; x_wconf 84' lang='lat' dir='ltr'><strong>et</strong></span> <span class='ocrx_word' id='word_1_698' title='bbox 194 2567 272 2601; x_wconf 62' lang='lat' dir='ltr'><strong>&#39;mfra</strong></span> <span class='ocrx_word' id='word_1_699' title='bbox 308 2574 331 2589; x_wconf 76' lang='lat'>&quot;</span> <span class='ocrx_word' id='word_1_700' title='bbox 345 2567 542 2607; x_wconf 74' lang='grc' dir='ltr'>Μογουντιακῷ</span> <span class='ocrx_word' id='word_1_701' title='bbox 558 2567 741 2599; x_wconf 71' lang='lat' dir='ltr'><strong>Hmschelius.</strong></span> <span class='ocrx_word' id='word_1_702' title='bbox 790 2569 814 2585; x_wconf 80' lang='grc' dir='ltr'><strong>⁵ο</strong></span> <span class='ocrx_word' id='word_1_703' title='bbox 832 2567 950 2603; x_wconf 82' lang='grc' dir='ltr'>σπονδὴν</span> <span class='ocrx_word' id='word_1_704' title='bbox 960 2570 992 2595; x_wconf 76' lang='grc' dir='ltr'><strong>Α.</strong></span> 
     </span>
    </p>
   </div>
   <div class='ocr_carea' id='block_1_103' title="bbox 851 2614 967 2643">
    <p class='ocr_par' dir='ltr' id='par_1_103' title="bbox 851 2614 967 2643">
     <span class='ocr_line' id='line_1_103' title="bbox 851 2614 967 2643; baseline 0 0"><span class='ocrx_word' id='word_1_705' title='bbox 851 2614 967 2643; x_wconf 61' lang='grc' dir='ltr'><strong>ΝΟΤΔΕ.</strong></span> 
     </span>
    </p>
   </div>
   <div class='ocr_carea' id='block_1_104' title="bbox 132 2665 676 2701">
    <p class='ocr_par' dir='ltr' id='par_1_104' title="bbox 132 2665 676 2701">
     <span class='ocr_line' id='line_1_104' title="bbox 132 2665 676 2701; baseline -0.004 -8"><span class='ocrx_word' id='word_1_706' title='bbox 132 2667 190 2701; x_wconf 64' lang='lat'><strong>(21)</strong></span> <span class='ocrx_word' id='word_1_707' title='bbox 206 2667 286 2693; x_wconf 84' lang='lat' dir='ltr'><strong>Anno</strong></span> <span class='ocrx_word' id='word_1_708' title='bbox 297 2665 400 2694; x_wconf 85' lang='lat' dir='ltr'><strong>Christi</strong></span> <span class='ocrx_word' id='word_1_709' title='bbox 418 2666 482 2693; x_wconf 78' lang='grc'><strong>411.</strong></span> <span class='ocrx_word' id='word_1_710' title='bbox 497 2665 560 2693; x_wconf 87' lang='lat' dir='ltr'><strong>Car.</strong></span> <span class='ocrx_word' id='word_1_711' title='bbox 579 2665 676 2698; x_wconf 71' lang='lat' dir='ltr'><strong>Sigon.</strong></span> 
     </span>
    </p>
   </div>
   <div class='ocr_carea' id='block_1_105' title="bbox 128 2700 701 2739">
    <p class='ocr_par' dir='ltr' id='par_1_105' title="bbox 128 2700 701 2739">
     <span class='ocr_line' id='line_1_105' title="bbox 128 2700 701 2739; baseline -0.003 -11"><span class='ocrx_word' id='word_1_712' title='bbox 128 2700 189 2739; x_wconf 69' lang='lat'><strong>(23)</strong></span> <span class='ocrx_word' id='word_1_713' title='bbox 204 2702 322 2739; x_wconf 69' lang='lat' dir='ltr'><strong>Qmuiuo</strong></span> <span class='ocrx_word' id='word_1_714' title='bbox 338 2701 468 2739; x_wconf 76' lang='grc' dir='ltr'>Βρεττίας</span> <span class='ocrx_word' id='word_1_715' title='bbox 488 2702 628 2739; x_wconf 64' lang='lat' dir='ltr'><strong>legendum</strong></span> <span class='ocrx_word' id='word_1_716' title='bbox 647 2700 701 2727; x_wconf 87' lang='lat' dir='ltr'><strong>hic.</strong></span> 
     </span>
    </p>
   </div>
   <div class='ocr_carea' id='block_1_106' title="bbox 128 2734 807 2774">
    <p class='ocr_par' dir='ltr' id='par_1_106' title="bbox 128 2734 807 2774">
     <span class='ocr_line' id='line_1_106' title="bbox 128 2734 807 2774; baseline -0.007 -9"><span class='ocrx_word' id='word_1_717' title='bbox 128 2734 187 2774; x_wconf 51' lang='lat'><strong>(&#39;25)</strong></span> <span class='ocrx_word' id='word_1_718' title='bbox 204 2737 244 2774; x_wconf 57' lang='grc' dir='ltr'>ξι</span> <span class='ocrx_word' id='word_1_719' title='bbox 259 2745 326 2774; x_wconf 49' lang='grc' dir='ltr'>[ωηο</span> <span class='ocrx_word' id='word_1_720' title='bbox 343 2734 807 2774; x_wconf 58' lang='lat' dir='ltr'><strong>scilicetgentiuuLsupet-stitione.</strong></span> 
     </span>
    </p>
   </div>
   <div class='ocr_carea' id='block_1_107' title="bbox 131 2768 888 2809">
    <p class='ocr_par' dir='ltr' id='par_1_107' title="bbox 131 2768 888 2809">
     <span class='ocr_line' id='line_1_107' title="bbox 131 2768 888 2809; baseline -0.004 -10"><span class='ocrx_word' id='word_1_721' title='bbox 207 2772 245 2809; x_wconf 64' lang='lat' dir='ltr'><strong>De</strong></span> <span class='ocrx_word' id='word_1_722' title='bbox 260 2771 417 2799; x_wconf 77' lang='lat' dir='ltr'><strong>Domesticis</strong></span> <span class='ocrx_word' id='word_1_723' title='bbox 432 2768 736 2809; x_wconf 37' lang='lat' dir='ltr'><strong>videndns‘Cu‘rOpalat.</strong></span> <span class='ocrx_word' id='word_1_724' title='bbox 748 2768 838 2809; x_wconf 67' lang='lat' dir='ltr'><strong>libello</strong></span> <span class='ocrx_word' id='word_1_725' title='bbox 855 2768 888 2796; x_wconf 84' lang='lat' dir='ltr'><strong>de</strong></span> 
     </span>
    </p>
   </div>
   <div class='ocr_carea' id='block_1_108' title="bbox 93 2805 831 2841">
    <p class='ocr_par' dir='ltr' id='par_1_108' title="bbox 93 2805 831 2841">
     <span class='ocr_line' id='line_1_108' title="bbox 93 2805 831 2841; baseline -0.008 -5"><span class='ocrx_word' id='word_1_726' title='bbox 93 2805 206 2836; x_wconf 63' lang='lat' dir='ltr'><strong>ofﬁcial.</strong></span> <span class='ocrx_word' id='word_1_727' title='bbox 222 2807 432 2841; x_wconf 77' lang='lat' dir='ltr'><strong>Coustantmop.</strong></span> <span class='ocrx_word' id='word_1_728' title='bbox 452 2806 560 2833; x_wconf 82' lang='lat' dir='ltr'><strong>Brissou</strong></span> <span class='ocrx_word' id='word_1_729' title='bbox 574 2805 600 2832; x_wconf 88' lang='lat' dir='ltr'><strong>in</strong></span> <span class='ocrx_word' id='word_1_730' title='bbox 614 2805 756 2841; x_wconf 14' lang='lat' dir='ltr'><strong>lexico,‘et</strong></span> <span class='ocrx_word' id='word_1_731' title='bbox 770 2805 831 2831; x_wconf 91' lang='lat' dir='ltr'><strong>alii.</strong></span> 
     </span>
    </p>
   </div>
   <div class='ocr_carea' id='block_1_109' title="bbox 130 2839 886 2879">
    <p class='ocr_par' dir='ltr' id='par_1_109' title="bbox 130 2839 886 2879">
     <span class='ocr_line' id='line_1_109' title="bbox 130 2839 886 2879; baseline -0.007 -9"><span class='ocrx_word' id='word_1_732' title='bbox 130 2844 185 2879; x_wconf 76' lang='lat'><strong>(26)</strong></span> <span class='ocrx_word' id='word_1_733' title='bbox 209 2843 283 2870; x_wconf 82' lang='lat' dir='ltr'><strong>Idem</strong></span> <span class='ocrx_word' id='word_1_734' title='bbox 306 2843 352 2878; x_wconf 84' lang='lat' dir='ltr'><strong>qui</strong></span> <span class='ocrx_word' id='word_1_735' title='bbox 374 2839 523 2870; x_wconf 76' lang='lat' dir='ltr'><strong>Placidi-am</strong></span> <span class='ocrx_word' id='word_1_736' title='bbox 546 2845 639 2876; x_wconf 85' lang='lat' dir='ltr'><strong>postea</strong></span> <span class='ocrx_word' id='word_1_737' title='bbox 665 2839 810 2875; x_wconf 72' lang='lat' dir='ltr'><strong>conjugeui</strong></span> <span class='ocrx_word' id='word_1_738' title='bbox 838 2845 886 2865; x_wconf 83' lang='lat' dir='ltr'><strong>ac-</strong></span> 
     </span>
    </p>
   </div>
   <div class='ocr_carea' id='block_1_110' title="bbox 97 2884 178 2914">
    <p class='ocr_par' dir='ltr' id='par_1_110' title="bbox 97 2884 178 2914">
     <span class='ocr_line' id='line_1_110' title="bbox 97 2884 178 2914; baseline 0 -7"><span class='ocrx_word' id='word_1_739' title='bbox 97 2884 178 2914; x_wconf 61' lang='lat' dir='ltr'><strong>Cl‘pll.</strong></span> 
     </span>
    </p>
   </div>
   <div class='ocr_carea' id='block_1_111' title="bbox 979 2660 1732 2699">
    <p class='ocr_par' dir='ltr' id='par_1_111' title="bbox 979 2660 1732 2699">
     <span class='ocr_line' id='line_1_111' title="bbox 979 2660 1732 2699; baseline -0.007 -7"><span class='ocrx_word' id='word_1_740' title='bbox 979 2664 1037 2699; x_wconf 73' lang='grc'>(27)</span> <span class='ocrx_word' id='word_1_741' title='bbox 1055 2664 1237 2692; x_wconf 86' lang='lat' dir='ltr'><strong>Verenianum</strong></span> <span class='ocrx_word' id='word_1_742' title='bbox 1255 2671 1287 2690; x_wconf 89' lang='lat' dir='ltr'><strong>ac</strong></span> <span class='ocrx_word' id='word_1_743' title='bbox 1301 2663 1445 2698; x_wconf 83' lang='lat' dir='ltr'><strong>Didymnm</strong></span> <span class='ocrx_word' id='word_1_744' title='bbox 1466 2662 1602 2699; x_wconf 76' lang='lat' dir='ltr'><strong>intelligit,</strong></span> <span class='ocrx_word' id='word_1_745' title='bbox 1621 2660 1732 2699; x_wconf 53' lang='lat' dir='ltr'><strong>decui-</strong></span> 
     </span>
    </p>
   </div>
   <div class='ocr_carea' id='block_1_112' title="bbox 942 2696 1727 2740">
    <p class='ocr_par' dir='ltr' id='par_1_112' title="bbox 942 2696 1727 2740">
     <span class='ocr_line' id='line_1_112' title="bbox 942 2696 1727 2740; baseline -0.004 -14"><span class='ocrx_word' id='word_1_746' title='bbox 942 2699 992 2740; x_wconf 80' lang='lat' dir='ltr'><strong>_b_t_-s</strong></span> <span class='ocrx_word' id='word_1_747' title='bbox 1008 2696 1132 2728; x_wconf 76' lang='lat' dir='ltr'><strong>stimus</strong></span> <span class='ocrx_word' id='word_1_748' title='bbox 1154 2705 1235 2734; x_wconf 85' lang='lat' dir='ltr'><strong>atque</strong></span> <span class='ocrx_word' id='word_1_749' title='bbox 1250 2696 1438 2731; x_wconf 74' lang='lat' dir='ltr'><strong>Sozonteuus,</strong></span> <span class='ocrx_word' id='word_1_750' title='bbox 1464 2703 1490 2726; x_wconf 90' lang='lat' dir='ltr'><strong>et</strong></span> <span class='ocrx_word' id='word_1_751' title='bbox 1510 2706 1544 2726; x_wconf 79' lang='lat' dir='ltr'><strong>ex</strong></span> <span class='ocrx_word' id='word_1_752' title='bbox 1568 2697 1610 2724; x_wconf 81' lang='lat' dir='ltr'><strong>his</strong></span> <span class='ocrx_word' id='word_1_753' title='bbox 1633 2696 1727 2731; x_wconf 69' lang='lat' dir='ltr'><strong>Signu-</strong></span> 
     </span>
    </p>
   </div>
   <div class='ocr_carea' id='block_1_113' title="bbox 942 2735 1466 2805">
    <p class='ocr_par' dir='ltr' id='par_1_113' title="bbox 942 2735 1466 2805">
     <span class='ocr_line' id='line_1_113' title="bbox 942 2735 1466 2805; baseline -0.006 -8"><span class='ocrx_word' id='word_1_754' title='bbox 942 2735 1034 2805; x_wconf 58' lang='grc' dir='ltr'><strong>Ιὼβξῇ</strong></span> <span class='ocrx_word' id='word_1_755' title='bbox 1047 2770 1087 2799; x_wconf 83' lang='lat' dir='ltr'><strong>Ad</strong></span> <span class='ocrx_word' id='word_1_756' title='bbox 1100 2769 1228 2797; x_wconf 82' lang='lat' dir='ltr'><strong>Mincium</strong></span> <span class='ocrx_word' id='word_1_757' title='bbox 1244 2769 1355 2805; x_wconf 79' lang='lat' dir='ltr'><strong>ﬂumen,</strong></span> <span class='ocrx_word' id='word_1_758' title='bbox 1371 2767 1466 2803; x_wconf 73' lang='lat' dir='ltr'><strong>Sigon.</strong></span> 
     </span>
    </p>
   </div>
   <div class='ocr_carea' id='block_1_114' title="bbox 977 2804 1526 2840">
    <p class='ocr_par' dir='ltr' id='par_1_114' title="bbox 977 2804 1526 2840">
     <span class='ocr_line' id='line_1_114' title="bbox 977 2804 1526 2840; baseline -0.005 -8"><span class='ocrx_word' id='word_1_759' title='bbox 977 2804 1034 2840; x_wconf 77' lang='lat'><strong>(‘29)</strong></span> <span class='ocrx_word' id='word_1_760' title='bbox 1052 2805 1233 2832; x_wconf 80' lang='lat' dir='ltr'><strong>Nonniohiam</strong></span> <span class='ocrx_word' id='word_1_761' title='bbox 1248 2805 1311 2831; x_wconf 75' lang='lat' dir='ltr'><strong>Car.</strong></span> <span class='ocrx_word' id='word_1_762' title='bbox 1327 2804 1422 2840; x_wconf 73' lang='lat' dir='ltr'><strong>Sigon.</strong></span> <span class='ocrx_word' id='word_1_763' title='bbox 1439 2806 1526 2840; x_wconf 66' lang='grc' dir='ltr'>νοι-ειι.</span> 
     </span>
    </p>
   </div>
   <div class='ocr_carea' id='block_1_115' title="bbox 977 2835 1692 2877">
    <p class='ocr_par' dir='ltr' id='par_1_115' title="bbox 977 2835 1692 2877">
     <span class='ocr_line' id='line_1_115' title="bbox 977 2835 1692 2877; baseline -0.006 -9"><span class='ocrx_word' id='word_1_764' title='bbox 977 2835 1033 2877; x_wconf 69' lang='grc'><strong>(50)</strong></span> <span class='ocrx_word' id='word_1_765' title='bbox 1051 2841 1248 2876; x_wconf 71' lang='lat' dir='ltr'><strong>Mogontiacum</strong></span> <span class='ocrx_word' id='word_1_766' title='bbox 1265 2835 1380 2867; x_wconf 59' lang='lat' dir='ltr'><strong>debebat</strong></span> <span class='ocrx_word' id='word_1_767' title='bbox 1402 2839 1523 2866; x_wconf 82' lang='lat' dir='ltr'><strong>scribere</strong></span> <span class='ocrx_word' id='word_1_768' title='bbox 1536 2835 1692 2872; x_wconf 85' lang='lat' dir='ltr'><strong>Olympiod.</strong></span> 
     </span>
    </p>
   </div>
  </div>
