1934 3089
219 141 273 173 367

802 139 935 170 ΡΗΟἸῙΙ
950 140 1204 171 PATRIABCH/E
1223 141 1277 171 ΟΡ.

1807 138 1863 170 268

222 202 326 233 partem
339 196 408 233 (t2),
426 196 596 225 multitudine
613 197 670 231 jam
687 199 766 223 aucta
784 197 913 230 civitate;
930 197 1019 224 a’ddit—

1074 206 1152 232 μενον
1176 197 1259 233 μέρος
1273 197 1314 232 τῷ
1338 196 1417 233 δήμῳ
1435 198 1475 228 εἰς
1490 195 1592 231 πλῆθος
1614 195 1665 230 ἠδη
1687 194 1737 230 τῆς
1756 194 1864 227 πόλεως

221 252 274 279 que
287 251 340 271 uno
359 244 402 270 die
424 251 565 270 numerum
584 243 678 271 initum
691 249 752 270 esse
772 243 872 270 civium
887 248 1019 279 quatuor-

223 289 309 316 decim
326 288 450 315 millium.

258 334 429 369 Adaulphus,
455 341 519 362 nato
541 335 592 362 sibi
612 342 627 362 e
643 334 764 363 Placidia
783 334 849 368 lilio,
869 335 912 362 cui
929 334 1019 363 Theo-

223 381 300 408 dosio
316 388 414 408 nomen
429 382 515 413 dedit,
527 381 677 409 Romanam
690 382 807 417 amplius
820 382 1017 416 rempublicam

223 434 317 454 amare
349 427 504 454 videbatur.
521 427 618 455 Verum
628 428 800 461 Constantio,
816 429 927 464 ejusque
942 436 1017 456 asse-

231 472 282 500 clis
310 473 537 508 repugnantibus,
556 474 615 508 eius
629 479 656 501 et
670 475 762 502 uxoris
777 474 1018 511 Placidite,[pacis

226 518 495 555 ineundaﬂconatus
521 520 622 547 frustra
640 520 758 548 fuerunt.
775 519 945 548 Exstinctum
970 529 1019 548 au-

223 569 278 591 tem
293 565 530 599 posteainl’antem
560 565 737 592 vehetncnter
765 571 882 600 uterque
912 573 1015 600 parens

223 609 292 637 luxit
319 610 391 645 60a
407 615 590 645 argenteaque
601 619 682 646 capsa
694 611 844 643 conditum,
863 611 939 646 juxta
956 611 1018 637 Bar-

224 655 351 683 cinonem
366 656 392 682 in
411 655 511 690 templo
526 656 641 690 quodam
659 656 836 690 sepelierunt.
854 655 1019 683 lnterticitnr

225 702 323 729 deinde
340 707 367 729 et
384 702 545 736 Adaulpltus
562 701 618 736 ipse
637 701 712 737 (dum
729 709 812 736 equos
829 703 894 728 suos
917 701 943 727 in
960 707 1018 728 stu-

225 748 290 775 bnlo
304 768 311 782 ,
328 749 361 776 de
374 756 463 780 more,
494 747 707 783 contemplatur)
722 755 738 775 a
764 747 866 775 Gottho
899 748 1016 783 quodam

227 794 287 828 ejus
305 795 466 828 domestico,
487 795 581 823 Dobbii
599 795 718 828 nomine,
737 802 798 822 cum
823 794 893 822 hanc
917 795 1017 822 veteris

226 841 282 869 odii
303 841 471 870 .vindicandi
500 842 674 869 occasionem
694 841 737 868 ille
764 845 918 875 captasset;
935 839 1015 875 hujus

225 887 297 914 enim
316 887 391 922 prior
408 887 547 918 dominus.
565 886 701 914 Golthicte
726 887 813 921 partis
841 893 901 918 rex,
928 886 1017 913 fuerat

226 933 261 961 ab
283 933 424 969 Adaulpho
440 940 456 960 e
485 933 576 960 medio
598 933 731 960 sublatus.
749 932 855 960 Exinde
884 932 1016 959 Dobbinm

225 983 366 1014 receptum
391 976 549 1014 Adaulphus
566 979 592 1006 in
610 986 686 1006 suam
704 978 837 1006 familiam
871 979 1014 1006 asciverat:

225 1025 270 1060 qui
286 1025 313 1053 in
329 1025 459 1053 ultionem
478 1025 579 1060 prioris
596 1025 721 1057 domini,
739 1024 854 1052 alterum
879 1024 961 1057 hunc,
978 1024 1019 1052 in-

223 1072 295 1106 jecta
336 1079 418 1099 mann
450 1071 586 1105 violenta,
618 1071 739 1099 sustulit.
768 1070 887 1098 Moriens
919 1070 1019 1098 Adaul-

225 1119 296 1154 phus
315 1117 391 1145 fratri
424 1125 473 1146 suo
496 1118 633 1152 iniunxit,
668 1117 791 1145 Placidia
819 1123 849 1145 ut
866 1117 1018 1154 [Honorio]

226 1165 404 1198 redderetur;
420 1169 513 1199 utque,
534 1163 557 1192 si
577 1172 630 1199 quo
644 1165 724 1191 modo
747 1170 867 1199 possent,
886 1164 1018 1192 Romam

226 1209 277 1237 sibi
307 1210 397 1244 gentis
437 1210 613 1238 concordiam
634 1208 747 1246 [Gottlti
768 1210 778 1246 J
796 1211 1013 1246 sccietatemque

225 1256 421 1284 conciliarent.
444 1257 537 1291 Atqui
554 1257 688 1285 successit
711 1257 772 1284 Sari
795 1258 880 1284 frater
904 1257 1020 1292 Singiri-

227 1304 294 1331 chus
309 1302 318 1338 (
332 1303 422 1330 studio
447 1303 536 1337 potius
549 1311 581 1330 ac
595 1303 633 1337 vi,
657 1310 738 1337 quam
763 1303 950 1336 successione,
969 1307 1018 1330 aut

226 1348 285 1381 lege
314 1347 585 1383 creatus)Adaulpbi
622 1348 746 1383 epriore
776 1349 892 1384 conjuge
920 1349 1019 1376 liberos

227 1394 254 1420 vi
276 1401 292 1420 e
321 1393 381 1421 sinu
422 1392 541 1428 Sigesari
571 1394 691 1429 episcopi
723 1395 863 1430 abreptos,
893 1395 1018 1428 occidit;

227 1445 309 1473 atque
338 1439 424 1474 ipsam
465 1438 615 1466 Placidiam
659 1441 792 1474 reginam,
831 1441 856 1468 in
885 1440 1019 1476 Allaulphi

227 1485 331 1513 scilicet
358 1485 561 1517 contumeliam,
591 1487 704 1520 pedibus
730 1492 794 1514 ante
824 1494 924 1522 equum
965 1495 1018 1515 una

1069 243 1258 279 ἐπιδιδούσης·
1286 243 1390 279 ἔγραψε
1405 243 1460 279 γὰρ
1473 243 1494 258 ⁷¹
1516 242 1563 269 καὶ
1585 243 1614 269 ὲν
1635 242 1685 277 μιᾷ
1708 241 1802 277 ἡμέρᾳ
1818 249 1865 268 τε-

1071 290 1166 325 τέχθαι
1176 290 1199 305 ⁷³
1214 289 1331 325 ἀριθμὸν
1346 289 1474 324 χιλιάδων
1487 288 1705 323 δεκατεσσάρων.

1107 335 1170 372 [109
1185 335 1233 371 }I.]
1249 336 1308 362 Ὀτι
1331 334 1494 368 Ἀδαοῦλφος
1511 334 1654 368 τεχθέντος
1674 332 1749 368 αὐτῷ
1763 333 1795 359 ὲκ
1811 333 1866 367 τῆς

1069 381 1216 413 Πλακιδίας
1239 381 1343 413 παιδὸς,
1363 377 1386 414 ᾧ
1406 379 1552 407 ἐπ’έθετοτδ
1579 379 1676 413 κλῆσιν
1710 378 1863 410 Θεοδόσιον,

1069 427 1151 455 πλέον
1166 426 1307 462 ἠσπάζετο
1322 426 1371 462 τὴν
1387 427 1455 461 πρὸς
1484 419 1637 460 Ῥωμαίοῦς
1659 424 1764 458 φιλίαν·
1783 425 1865 450 Κων-

1071 473 1195 500 σταντίυυ
1205 472 1234 498 δὲ
1248 473 1295 498 καὶ
1308 472 1364 498 τῶν
1377 471 1442 507 περὶ
1458 471 1647 498 Κωνστάντιον
1665 465 1865 506 ἀντιπραττόῖμ

1068 528 1122 546 των
1133 519 1229 554 ἔμενεν
1238 518 1379 554 ἄπρακτος
1390 520 1406 554 ἡ
1417 518 1512 545 τούτου
1523 518 1570 544 καὶ
1578 518 1601 533 ⁷⁵
1617 517 1763 547 Πλακιδίας
1776 517 1864 552 ὁρμή.

1069 567 1287 601 Τελευτήσαντος
1297 565 1325 592 δὲ
1334 565 1380 592 τοῦ
1395 565 1488 596 παιδὸς
1500 564 1596 595 πένθος
1606 564 1677 599 μέγα
1685 563 1809 590 ποιοῦσιν
1818 564 1865 590 ἐπ’

1069 612 1154 648 αὐτῷ,
1172 612 1219 638 καὶ
1233 612 1382 639 ϐάπτουσιν
1396 612 1425 637 ὲν
1439 611 1554 646 λάρνακι
1573 610 1737 640 καταθέντες
1752 609 1867 645 ἀργυρᾷ

1069 659 1122 694 πρὶν
1139 659 1189 693 τῆς
1204 657 1396 693 Βαρκέλλωνος
1417 657 1445 683 ἐν
1459 665 1512 683 τινι
1537 657 1684 692 εὺκτηρίῳ.
1699 654 1766 682 Εἶτα
1787 657 1867 682 ἀναι-

1069 707 1157 741 ρεῖται
1172 705 1219 732 καὶ
1244 703 1425 739 Ἀδαοῦλᾳος,
1440 704 1479 734 είς
1496 704 1661 738 ὲπιτήρησιν
1684 703 1740 729 τῶν
1752 702 1866 730 οἰκείων

1068 751 1171 783 ἵππων,
1193 751 1230 782 ὡς
1248 750 1350 777 εἴθιστο
1375 749 1462 782 αὐτῷ,
1485 749 1631 784 διατρίϐων
1648 749 1678 775 ἐν
1692 748 1731 784 τῷ
1748 749 1864 775 ἱππῶνι.

1074 798 1195 832 Ἀναιρεῖ
1215 796 1244 823 δὲ
1267 797 1348 823 αὑτὸν
1365 793 1447 828 sig”
1462 796 1518 823 τῶν
1540 795 1649 822 οἰκείων
1668 795 1774 821 Γότθων
1797 795 1867 821 Δού-

1068 842 1158 874 6ιος⁷⁶
1181 842 1312 878 τοῠνομα,
1339 842 1440 877 ἔχθραν
1457 841 1578 868 παλαιὰν
1598 840 1864 877 καιροφυλακήσας·

1069 889 1152 915 πάλαι
1166 889 1219 924 γὰρ
1233 886 1268 923 ἦν
1283 889 1297 915 ὁ
1307 888 1328 904 ⁷⁷
1344 887 1441 914 τούτου
1456 887 1600 922 δεσπότης,
1616 886 1715 922 μοίρας
1732 886 1867 922 Γοτθικῆς

1071 935 1136 971 ῥῆξ’,
1155 935 1207 961 ὑπὸ
1240 934 1405 968 Ἀδαούλφου
1429 934 1618 970 ἀνῃρημένος,
1645 932 1675 965 ἐξ
1699 930 1730 959 οὗ
1747 933 1794 959 καὶ
1816 932 1866 958 τὸν

1069 980 1180 1006 uocem
1202 979 1295 1007 λαϐὼν
1329 979 1491 1013 ’Δδαοῦλφος
1519 979 1691 1014 ᾠκειώσατοο
1723 979 1738 1005 ὁ
1763 978 1792 1004 δὲ
1823 977 1866 1013 τῷ

1069 1027 1171 1063 πρώτῳ
1192 1027 1310 1063 δεσπότῃ
1324 1026 1436 1062 ἀμύνων
1449 1026 1494 1053 τὸν
1513 1025 1640 1062 δεύτερον
1657 1025 1819 1061 διεχρήσατο
1827 1024 1865 1052 ’³.

1069 1074 1210 1100 Τελευτῶν
1224 1074 1252 1100 δὲ
1274 1074 1435 1108 ’Δδαοῦλφος
1449 1072 1617 1108 προσέταττε
1634 1072 1673 1107 τῷ
1686 1072 1744 1107 ἰδίῳ
1756 1071 1866 1106 ἀδελφῷ

1070 1117 1216 1144 ἀποδοῦναι
1237 1119 1286 1154 τὴν
1306 1118 1464 1150 Πλακιδίαν,
1494 1118 1557 1150 καὶ,
1576 1118 1602 1144 el
1614 1126 1640 1144 τι
1655 1117 1790 1148 δύναιντο,
1814 1117 1868 1152 τὴν

1077 1164 1221 1199 Ῥωμαίων
1245 1164 1336 1199 φιλίαν
1358 1165 1464 1196 ἑαυτοῖς
1480 1163 1718 1199 περιποιήσασθαι.
1736 1163 1867 1198 Διάδοχος

1070 1209 1098 1236 δὲ
1120 1210 1134 1235 ὁ
1148 1209 1196 1236 τοῦ
1219 1209 1306 1244 Σάρου
1325 1209 1440 1244 ἀδελφὸς
1456 1209 1629 1245 Σιγγέριχος,
1645 1208 1747 1244 σπουδῇ
1763 1209 1866 1244 μᾶλλον

1071 1256 1118 1282 καὶ
1130 1255 1277 1291 δυναστείᾳ
1294 1255 1311 1290 ἢ
1327 1255 1474 1290 ἀκολουθίᾳ
1488 1255 1535 1281 καὶ
1554 1256 1640 1290 νόμῳ,
1655 1255 1774 1289 γίνεται·
1789 1255 1818 1286 ὃς
1831 1255 1867 1282 τά

1070 1310 1099 1327 τε
1115 1301 1227 1334 παιδία,
1245 1301 1263 1328 ἃ
1280 1302 1312 1328 ὲκ
1331 1301 1381 1336 τῆς
1405 1302 1541 1337 προτέρας
1566 1301 1696 1335 γυναικὸς
1716 1301 1866 1335 ἐτύγχανεν

1077 1347 1232 1383 Ἂδαούλφῳ
1244 1348 1442 1383 γεγεννημένα,
1457 1348 1555 1380 ἀνεῖλε,
1571 1348 1617 1384 βίᾳ
1630 1348 1684 1374 τῶν
1695 1347 1742 1374 τοῦ
1754 1348 1868 1374 ἐπισκό-

1071 1402 1122 1419 που
1137 1394 1290 1428 Σιγησάρου
1305 1394 1411 1421 κόλπων
1423 1394 1600 1426 ἀποσπάσας,
1616 1394 1664 1420 καὶ
1678 1393 1727 1428 τὴν
1743 1393 1868 1428 βασιλίδα

1071 1439 1220 1466 Πλακιδίαν
1242 1440 1281 1471 εἰς
1307 1439 1386 1475 ὖὸριν
1415 1439 1581 1474 Ἀδαούλφου
1599 1441 1631 1466 ὲκ
1648 1440 1728 1472 ποδὸς
1743 1441 1868 1476 προηγὴ-

1073 1486 1170 1513 σασθαι
1185 1486 1232 1512 τοῦ
1254 1486 1338 1512 ἵππου
1363 1486 1421 1522 ἅμα
1446 1487 1548 1513 λοιπῶν
1574 1487 1596 1503 ⁷¹
1615 1486 1798 1522 αἰχμαλώτων
1819 1488 1868 1513 έπ-

228 1539 289 1559 cutn
313 1531 422 1558 caeteris
444 1531 560 1566 captivis
586 1532 727 1560 ambulare
744 1533 845 1567 coegit,
860 1534 942 1568 idque
963 1539 1019 1561 toto

1074 1531 1152 1564 έταξε
1162 1541 1169 1547 ·
1184 1533 1232 1558 καὶ
1246 1532 1276 1558 ’τὺ
1292 1531 1431 1567 διάστημα
1445 1530 1478 1568 ἦν
1487 1533 1509 1548 ⁸⁰
1524 1533 1574 1568 τῆς
1587 1533 1755 1568 προπομπῆς
1771 1534 1805 1559 ἐκ
1820 1533 1871 1568 τῆς

229 1576 275 1603 illo
287 1576 374 1610 spatio
399 1577 471 1611 quod
491 1581 533 1603 est
559 1577 594 1604 ab
621 1577 688 1605 urbe
712 1578 744 1604 ad
769 1578 957 1605 duodecimum
977 1587 1020 1606 us-

229 1628 282 1654 que
304 1621 418 1655 lapidem
432 1640 439 1647 .
473 1621 581 1656 Septem
604 1621 649 1650 ille
673 1622 730 1650 dies
750 1631 811 1651 cum
843 1624 1018 1658 imperasset,

230 1666 407 1701 interemptus
420 1670 471 1699 est,
488 1671 515 1693 et
539 1666 704 1694 Gottborum
729 1668 782 1696 dux
800 1667 1022 1705 ﬁlias-(incon-

230 1711 366 1738 stituitur.

265 1755 359 1784 Refert
374 1757 419 1784 hic
450 1758 567 1792 scriptor
595 1758 705 1786 audisse
728 1767 758 1788 se
774 1767 789 1787 e
806 1760 913 1788 Valerio
929 1761 1024 1788 claris-

231 1805 300 1831 simo
323 1804 392 1836 viro,
408 1804 443 1831 de
455 1805 592 1839 argenteis
625 1807 724 1833 statuis
746 1808 780 1834 ad
811 1808 947 1836 Barbaros
979 1817 1022 1835 ar-

232 1850 332 1877 cendos
358 1850 530 1884 inauguratis
541 1851 598 1887 (45)
612 1872 619 1879 .
641 1851 708 1879 Nam
724 1852 890 1886 Constantii,
924 1855 1022 1888 inquit,

232 1897 404 1931 imperatoris
432 1899 612 1932 temporibus,
632 1898 760 1934 prtefecto
786 1900 812 1926 in
829 1900 946 1928 Thracia
971 1901 1023 1928 Va-

231 1942 309 1975 lerio,
332 1942 460 1971 indicium
485 1944 585 1971 factum
605 1945 723 1973 thesauri
740 1947 912 1982 reperinndi.
944 1948 1023 1976 Vale-

234 1988 290 2016 rius
304 1996 370 2017 vero
395 1989 429 2017 ad
444 1991 532 2018 locutu
562 1992 707 2026 accedens,
733 2001 840 2021 sacrum
867 1994 940 2021 illum
963 2003 1025 2023 esse

233 2034 364 2069 religione
379 2043 412 2063 ex
427 2036 524 2064 incolis
536 2038 672 2072 cognovit,
689 2044 718 2065 et
730 2040 842 2074 antiquo
854 2041 907 2068 ritu
921 2046 1025 2068 statuas

232 2080 333 2108 ibidem
356 2087 544 2111 consecratas.
573 2084 674 2111 Retulit
699 2085 757 2112 haec
771 2086 804 2112 ad
819 2086 1023 2121 imperatorem,

233 2127 450 2163 rcscriptumquc
466 2130 581 2165 accepit,
606 2137 660 2165 quo
680 2130 828 2165 jubebatur
845 2132 961 2159 indicata
981 2133 1024 2159 illa

232 2171 302 2200 bona
330 2173 435 2201 tollere.
461 2174 545 2209 Igitur
568 2175 667 2204 t-ti‘osso
692 2177 763 2210 loco,
798 2182 852 2205 tres
874 2178 967 2205 solidae
992 2186 1025 2206 ex

1074 1579 1178 1610 πόλεως
1193 1579 1274 1614 μέχρι
1289 1579 1442 1606 δωδεκάτου
1459 1579 1585 1614 σημείου.
1607 1579 1694 1606 Ἑπτὰ
1713 1580 1742 1606 δὲ
1757 1579 1871 1615 ἡμέρας

1075 1624 1161 1660 ἄρξας
1182 1626 1347 1660 ἀναιρεῖται,
1364 1625 1479 1661 ἡγεμὼν
1500 1625 1529 1652 δὲ
1548 1625 1603 1652 τῶν
1619 1623 1726 1652 Γὸτοων
1749 1626 1872 1658 Qualia;

1074 1670 1247 1697 καοίσταται.

1110 1759 1172 1785 Ὀτι
1188 1759 1201 1785 ὁ
1219 1759 1353 1794 ἱστορικός
1375 1768 1441 1794 φησι
1458 1759 1535 1795 παρὰ
1550 1758 1712 1793 Οὐαλερίου,
1726 1757 1798 1788 τινὸς
1816 1757 1876 1784 τῶν

1075 1805 1218 1841 ἐπισήμων
1237 1805 1352 1832 ἀκοῦσαι
1377 1806 1442 1841 περὶ
1464 1806 1632 1840 ἀνδριάντων
1649 1804 1779 1840 ἀργυρῶν
1795 1812 1876 1830 τετε-

1074 1851 1242 1887 λεσμένων⁸¹
1255 1852 1295 1883 εἰς
1310 1852 1455 1888 βαρὸάρων
1468 1851 1654 1878 ἀποκώλυσ;ν,
1678 1851 1722 1878 Ἐν
1739 1850 1795 1886 γὰρ
1811 1853 1877 1882 ταῖς

1075 1898 1204 1933 ἡμέραις,
1226 1899 1303 1933 φησὶ,
1329 1898 1522 1924 Κωνσταντίου
1544 1897 1591 1924 τοῦ
1621 1897 1755 1932 βασιλέως
1782 1898 1812 1922 ὲν
1837 1898 1875 1931 τῇ

1076 1945 1170 1981 Θρᾴκῃ
1186 1945 1336 1980 Οὐαλερίου
1356 1945 1485 1980 ἄρχοντος
1514 1945 1630 1981 μήνυσις
1644 1944 1756 1979 γέγονεν
1771 1944 1810 1976 ὡς
1823 1944 1874 1978 θη-

1077 1992 1177 2026 σαυρὸς
1190 1991 1328 2026 εὑρεθείη.
1343 1991 1491 2026 Οὐαλέριος
1503 1991 1531 2017 δὲ
1543 1994 1621 2026 παρὰ
1634 1991 1679 2017 τον
1691 1990 1774 2017 τόπον
1786 1999 1877 2025 παρα-

1077 2040 1223 2074 γενόμενος
1249 2038 1380 2074 μανθάνει
1404 2038 1510 2073 παρά⁸¹
1535 2037 1589 2064 τῶν
1616 2038 1772 2072 ἐπιχωρίων
1800 2036 1878 2070 ἱερὸν

1077 2083 1146 2112 εἶναι
1159 2085 1205 2112 τὸν
1217 2085 1300 2112 τόπον
1312 2085 1345 2117 ⁸³,
1363 2085 1410 2112 καὶ
1426 2084 1455 2116 ἐξ
1474 2083 1591 2120 ἀρχαίας
1606 2082 1720 2116 τελετῆς
1743 2082 1874 2117 ἀνδριάν-

1077 2140 1125 2163 τας
1141 2132 1169 2157 ὲν
1193 2131 1267 2167 αὐτῷ
1290 2131 1471 2167 ἁφιερῶσθαι.
1490 2129 1556 2158 Εἶτα
1576 2130 1709 2165 ἀναφέρει
1731 2129 1819 2154 ταῦτα
1834 2129 1877 2164 τῷ

1079 2176 1194 2211 βασιλεῖ,
1211 2177 1257 2203 καὶ
1269 2177 1375 2212 δέχεται
1390 2176 1510 2211 γράμμα
1520 2175 1670 2210 ὲπιτρέπον
1681 2174 1756 2209 αὺτῷ
1772 2174 1878 2200 ἀναλα-

235 2224 349 2255 argento
364 2221 503 2249 iabricata:
514 2228 628 2257 repertas
641 2228 706 2251 sunt
718 2229 822 2256 statuae,
832 2225 922 2259 specie
929 2225 1019 2253 barba-

1081 2222 1139 2248 ὅεῖν
1153 2222 1188 2248 τὰ
1202 2222 1368 2258 μηνυθέντα.
1393 2222 1601 2257 ’Λνορυχθέντος
1614 2221 1704 2248 τοίνυν
1724 2220 1772 2247 τοῦ
1789 2221 1876 2246 τόπου

233 2265 290 2293 rica
307 2266 376 2298 siue,
391 2271 418 2294 et
428 2273 544 2303 utroque
556 2269 667 2296 brachio
689 2275 795 2303 ansato,
808 2275 882 2298 veste
895 2276 1025 2306 praeterea

235 2309 374 2345 vuriegata
402 2311 546 2340 barbarico
566 2313 619 2340 ritu
640 2313 752 2347 indutae,
770 2319 798 2342 et
812 2322 916 2342 comam
935 2316 1025 2350 capite

234 2359 371 2389 gestantes
392 2359 474 2392 atque
489 2358 515 2384 in
533 2359 758 2393 septentrionem,
773 2367 833 2394 qua:
846 2360 1023 2388 barbarorum

235 2401 309 2436 regio
319 2407 371 2436 cst,
388 2403 518 2431 obversari.
533 2404 599 2438 Quae
611 2404 692 2432 simul
707 2411 787 2440 atque
800 2411 896 2434 statuae
910 2408 1023 2435 sublata:

1078 2268 1254 2302 εὑρίσκονται
1277 2270 1352 2304 τρεῖς
1372 2268 1531 2303 ἀνδριάντες
1555 2267 1588 2294 δι’
1613 2267 1674 2293 ὅλου
1701 2266 1730 2298 ἐξ
1751 2265 1878 2301 ἀργύρου

1079 2315 1272 2350 πεποιημένοι,
1294 2315 1324 2340 ὲν
1341 2314 1363 2330 ⁸⁵
1380 2315 1499 2350 σχήματι
1524 2312 1719 2349 βαρϐαρικῷη
1744 2312 1879 2347 κσςιακεί-

1081 2369 1155 2394 μενοι
1172 2361 1219 2387 καὶ
1233 2360 1467 2396 ἐξηγκωνισμένοι
1480 2360 1540 2386 κατ’
1565 2360 1669 2394 ἀμφοῖν
1686 2359 1746 2384 ταῖν
1771 2359 1877 2392 χεροῖν,

1081 2408 1144 2445 [189
1160 2407 1213 2444 R.]
1239 2407 1408 2442 ἐνδεδυμένοι
1434 2407 1463 2433 δὲ
1489 2405 1627 2442 βάρϐαρον
1658 2403 1881 2438 πεποικιλμένην

895 2473 1012 2503 VARle
1029 2476 1233 2505 LEC'l‘lONES.

190 2550 193 2552 μ
241 2568 251 2570 _
289 2533 312 2549 ⁷¹
327 2532 428 2570 γὰρηρ
451 2542 458 2560 :
485 2532 514 2559 δὲ
542 2542 583 2570 ςκ
622 2533 646 2550 ⁷³
661 2534 792 2570 τετάχθαι
808 2544 840 2567 ς.

234 2568 295 2599 ῦιος
310 2567 472 2594 -Δόὸΰιον
502 2577 532 2600 ς.
573 2569 584 2584 ⁷
619 2570 633 2595 ό
657 2577 712 2597 om.
730 2567 773 2597 Ἄ.

235 2646 291 2666 om.
305 2639 338 2665 Α.
366 2639 389 2655 ⁵⁸
401 2638 568 2674 βαρϐαρικοῦ
588 2648 618 2671 ς.

897 2536 920 2552 ⁷⁸
950 2537 1069 2573 ἐπέθηκε
1095 2547 1126 2570 ς.
1165 2539 1188 2554 ⁷⁵
1203 2538 1249 2564 καὶ
1264 2537 1314 2572 τῆς
1339 2537 1399 2573 m,
1418 2545 1448 2573 ς.

813 2571 837 2608 ⁷ξ
850 2571 1038 2608 ’διεχειρίσατο
1066 2582 1096 2606 ς.

235 2604 258 2619 ⁸¹
281 2602 493 2640 τετελεσμένων]
521 2603 574 2640 viil.
601 2603 709 2633 Kuster.
727 2607 760 2633 ad
791 2606 867 2634 Suid.
897 2602 921 2634 θ’.
943 2602 1068 2640 Μάλεας.

1501 2537 1587 2568 ⁷⁸ἐίς
1613 2543 1667 2563 om.
1697 2535 1729 2563 Α.
1769 2536 1793 2552 ⁷⁸
1807 2535 1879 2562 Δόϐ-

1149 2574 1172 2590 ⁷⁹
1184 2567 1492 2608 λοιποῖςάίχμαλῶτοις
1512 2580 1547 2604 ς.
1580 2567 1583 2568 ν
1605 2571 1628 2586 ⁸⁰
1657 2567 1703 2632 ἢν]
1729 2570 1759 2597 δὲ
1782 2569 1818 2606 ἦν
1845 2579 1878 2602 ς,

1163 2608 1239 2632 παρὰ
1254 2608 1275 2632 Α
1293 2617 1300 2632 :
1316 2608 1380 2632 περὶ
1392 2616 1423 2632 c.
1464 2606 1489 2623 ⁸³
1500 2607 1546 2632 τὸν
1560 2606 1642 2632 τόπον
1657 2614 1669 2632 ε
1684 2614 1727 2632 ναι
1739 2614 1771 2632 ς.
1809 2606 1833 2622 ⁸⁸
1849 2607 1878 2631 ἐν

1124 2609 1147 2625 ⁸¹
1163 2608 1240 2644 παρὰ
1253 2608 1276 2635 Α
1293 2617 1300 2635 :
1316 2606 1380 2643 περὶ
1392 2616 1424 2640 ς.
1464 2606 1489 2623 ⁸³
1500 2607 1546 2633 τὸν
1560 2606 1642 2633 τόπον
1657 2606 1727 2633 εἷναι
1739 2614 1771 2639 ς.
1809 2606 1833 2622 ⁸⁸
1849 2607 1880 2631 ἐν

981 2688 1098 2716 NOTAE.

622 2734 638 2750 υ

274 2765 331 2802 (42)
347 2765 466 2802 Subaudi
484 2766 615 2802 frumenti
626 2765 736 2802 publici,
766 2766 838 2800 quod
857 2766 958 2793 viritim
976 2774 1028 2802 pu-

237 2800 310 2842 blice
327 2804 427 2841 populo
440 2801 520 2841 Itoni.
537 2800 766 2835 distribuebatur,
779 2802 812 2829 de
827 2809 880 2836 quo
897 2800 983 2829 multa
1000 2803 1027 2830 in

238 2838 324 2871 itnpp.
344 2838 496 2870 rescriptis.

274 2870 332 2906 (45)
345 2871 438 2899 Graece
455 2876 498 2899 est
524 2870 578 2907 πρὸ
599 2870 649 2906 τῆς
666 2871 878 2907 Βαρκέλλωνος,
900 2877 929 2902 ut
947 2872 1028 2902 hodie

1084 2768 1184 2796 dicitur
1197 2776 1205 2794 :
1222 2768 1371 2803 antiquitus
1384 2775 1450 2803 vero
1461 2767 1588 2799 Barcino,
1606 2767 1693 2795 Plinio
1705 2771 1733 2794 ct
1751 2766 1877 2796 Paulino.

1119 2802 1176 2837 (44)
1194 2802 1295 2837 Sigon.’
1305 2808 1332 2830 et
1347 2803 1393 2830 alii
1410 2802 1499 2830 Vallia
1513 2803 1667 2831 ediderunt.

1119 2837 1176 2874 (45)
1191 2837 1390 2879 qumendare
1412 2844 1528 2867 conatur
1552 2839 1634 2867 homo
1650 2838 1778 2867 ethnicus
1799 2846 1877 2866 suam

1083 2878 1318 2909 ευρθτδιιιιοηοω.
1710 2886 1713 2889 ~
