1934 3089
54 145 104 178 269
603 143 869 174 BIBLIOTHEGA.
889 155 924 161 --
943 143 1026 173 COD.
1047 142 1163 172 LXXX.
1639 138 1694 171 270

54 205 172 240 ἐσθῆτα,
188 203 239 230 καὶ
251 202 392 238 κομῶντες
405 202 456 234 τὰς
472 201 610 237 κεφαλὰς,
623 201 747 233 νεύοντες
762 202 808 227 ἐπὶ
824 201 854 227 τὸ

914 205 970 227 ῑιΙΙιῑ
995 206 1097 234 paucos
1115 203 1176 234 post
1192 197 1261 231 dies,
1291 197 1454 225 Gottborum
1486 196 1604 231 primunt
1632 204 1700 230 gens

53 252 177 288 ἀρκτῷον
195 251 291 286 μέρος,
312 249 440 277 τουτέστι
459 249 532 276 κατὰ
545 249 592 275 τοῦ
616 249 785 285 βαρὸαρικοῦ
798 247 853 284 χώ-

914 246 1060 273 iniversam
1075 245 1192 272 incurrit
1203 243 1361 275 Thraciam;
1375 241 1529 276 futuraeque
1551 247 1611 276 post
1627 241 1699 278 σοὺ

56 306 111 334 pou.
141 294 196 324 Ὧν
215 296 384 330 ἀνδριάντων
408 295 620 330 ἀναληφθέντων
647 295 777 330 πάραυτα
807 295 853 321 καὶ

914 293 992 321 ianlo
1011 296 1092 319 erant
1105 290 1265 318 Hunnorum
1280 296 1312 317 ac
1326 289 1513 317 Sarmatarum
1532 288 1701 316 incursiones

56 343 112 377 μετ’
133 342 233 375 ὀλίγας
244 341 350 376 ἡμέρας
361 340 469 375 πρῶτον
484 340 535 375 μὲν
546 340 576 366 τὸ
586 339 610 355 ³⁸
624 340 730 366 Γότθων
743 339 818 371 ἔθνος
830 339 853 356 ⁸⁷

917 348 932 367 n
963 339 1112 375 Illyricum,
1137 341 1164 364 et
1190 337 1276 372 ipsam
1289 335 1436 364 Thraciam
1457 343 1468 364 :
1488 335 1527 363 uti
1554 335 1699 362 Thraciam

54 390 143 415 πᾶσαν
159 388 300 423 ἐπιτρέχει
312 387 362 422 τὴν
374 386 496 422 Θρᾴκην,
511 385 608 420 ἔμελλε
618 385 648 412 δὲ
665 386 763 421 μικρὸν
775 385 853 412 ὔστε-

914 387 985 414 inter
1000 391 1028 414 et
1042 385 1180 422 Illyricum
1197 385 1248 412 sita
1264 388 1329 411 sttnt
1345 383 1403 410 haec
1413 382 1627 410 consecrationis
1641 381 1700 409 loca

56 443 99 470 ρον
113 435 162 460 καὶ
177 434 209 460 τὸ
220 434 274 460 τῶν
291 433 400 460 Οῦννων
414 433 461 458 καὶ
475 431 504 458 τὸ
521 430 576 458 τῶν
593 432 747 467 Σαρματῶν
765 441 851 458 κατα-

914 438 935 461 et
963 433 1043 460 triutn
1078 437 1232 460 statuarum
1266 437 1407 463 numerus,
1443 430 1573 457 adversus
1605 437 1700 459 omnes

54 479 219 515 δραμεῖσθαι
234 479 265 505 τό
280 488 309 506 τε
330 479 476 513 Ἰλλυρικὸν
495 478 543 505 καὶ
560 477 646 513 αὐτὴν
661 478 710 514 τὴν
725 478 847 514 Θρᾴκην·

914 484 997 514 {entes
1014 478 1145 506 barbaras
1171 479 1348 511 inauguratus
1369 477 1521 505 videbatur.

55 530 82 556 ὲν
99 528 180 562 μέσῳ
203 528 258 562 γὰρ
272 527 358 561 αὐτῆς
381 535 411 553 τε
438 526 550 562 Θρᾴκης
562 527 610 553 καὶ
629 526 675 553 τοῦ
703 526 852 562 Ἰλλυρικοῦ
872 527 1017 554 κατέκειτο
1031 527 1066 553 τὰ
1084 526 1134 561 τῆς
1147 525 1274 560 τελετῆς,
1288 525 1335 551 καὶ
1347 523 1429 560 ἐῴκει
1455 523 1510 550 τῶν
1541 524 1626 560 τριῶν
1654 525 1700 551 ἁν-

55 574 190 610 δριάντων
207 576 222 600 ό
245 573 363 609 ἀριθμὸς
391 573 463 600 κατὰ
483 573 584 605 παντὸς
608 573 704 605 ἔθνους
713 574 735 589 ’⁸⁸
753 573 911 601 τετελέσθαι
924 574 946 590 ¹⁹
962 574 1114 610 βαρϐάρου.

89 621 156 658 [MO
178 621 233 658 IL]
252 622 313 648 Ὀτι
335 622 350 647 ό
368 621 504 657 ἱστορικὸς
529 623 594 657 περὶ
608 621 656 648 τοῦ
676 622 778 648 οἰκείου
795 622 855 648 δια-

57 667 205 703 λαμὸἀνων
231 667 347 694 διάπλου
372 666 458 694 πολλὰ
483 666 582 693 παθεῖν
614 667 663 693 καὶ
689 667 856 702 δυστυχῆσαι

59 723 135 750 φησι.
151 714 236 747 Λέγει
250 713 280 740 δὲ
295 713 343 740 καὶ
358 714 398 744 είς
411 713 461 744 τὰς
482 713 600 748 Ἀθήνας
613 714 744 748 κατᾶραι,
760 715 808 740 καὶ
822 715 854 749 τῇ

56 760 141 786 αὑτοῦ
160 760 266 794 σπουδῇ
289 760 338 786 καὶ
353 759 500 795 ἐπιμελείᾳ
520 760 560 790 είς
577 759 601 775 ⁹⁰
627 760 672 786 τὸν
700 759 856 793 σοφιστικὸν

59 806 154 840 θρόνον
167 806 320 841 ἀναχθῆναι
338 805 463 832 Λεόντιον
483 806 560 833 οὔπω
575 806 713 833 ἐθέλοντα.
728 806 808 840 Λέγει
829 806 857 832 δὲ

58 853 105 879 καὶ
127 853 195 887 περὶ
203 852 252 879 τοῦ
270 852 401 887 τρίϐωνος
411 872 418 884 ,
435 852 473 884 ὡς
488 853 538 879 οὐκ
549 853 613 887 ἐξῆν
629 853 699 880 κατὰ
711 853 761 885 τὰς
778 853 856 888 Ἀθή-

58 907 105 930 νας
129 898 332 934 περιϐαλέσθαι
347 898 429 924 αὐτόν
446 907 518 930 τινα,
536 899 583 925 καὶ
599 898 717 934 μάλιστα
734 898 818 930 ξένον,
834 895 857 932 ᾧ

59 945 96 979 μὴ
107 945 129 960 ³⁸
144 945 201 970 τῶν
217 943 353 978 σοφιστῶν
374 945 390 979 ὴ
414 942 513 979 γνώμη
526 945 662 980 ἐπέτρεπε
679 945 726 971 καὶ
740 945 770 971 αἱ
785 944 857 971 κατὰ

57 991 120 1020 τοὺς
133 990 310 1024 σοφιστικοὺς
318 989 418 1024 νόμους
428 989 537 1017 τελεταὶ
545 990 688 1017 ἐϐεϐαίουν
696 991 727 1016 τὸ
735 990 854 1026 ἀξίωμα.

56 1033 111 1062 Ἦν
127 1035 157 1061 δὲ
177 1036 201 1051 ⁹¹
217 1036 252 1061 τὰ
269 1035 421 1069 τελούμενα
436 1035 564 1062 τοιαῦτα·
587 1035 700 1071 Πρῶτον
718 1036 767 1071 μὲν
790 1044 856 1063 κατ-

57 1082 158 1116 ήγοντο
167 1081 214 1107 ἐπὶ
223 1081 253 1107 τὸ
262 1081 394 1116 δημόσιον
404 1081 548 1116 βαλανεῖον
558 1083 615 1109 ὅσοι
628 1083 765 1117 νεήλυδες,
781 1082 813 1109 ἄν
826 1091 856 1108 τε

59 1127 155 1162 μικροὶ
170 1127 204 1154 ἂν
219 1135 249 1152 τε
269 1127 392 1161 μεγάλοι.
425 1127 470 1160 Ἐξ
486 1123 523 1154 ὧν
541 1127 590 1153 καὶ
605 1128 629 1154 ot
652 1128 720 1161 πρὸς
738 1128 783 1154 τον
797 1127 856 1162 τρί‹

58 1174 133 1200 εωνα
150 1173 318 1208 ἐπιτήδειοι,
335 1173 443 1208 ἡλικίας
463 1173 513 1208 ἤδη
531 1173 628 1210 καιροῦ
649 1173 793 1208 γεγονότες
810 1173 857 1205 οὓς

57 1221 97 1251 εἰς
114 1220 201 1254 μέσον
224 1219 337 1245 ἔὸαλλον
351 1220 375 1246 oi
394 1219 563 1254 κατάγοντες
589 1220 772 1254 σχολαστικοί.
790 1217 858 1246 Εἶτα

56 1265 111 1291 τῶν
131 1265 182 1300 μὲν
199 1265 356 1301 ἔμπροσθεν
377 1266 529 1300 τρεχόντων
548 1266 595 1292 καὶ
614 1265 786 1297 κωλυόντων,
803 1265 857 1292 τῶν

54 1312 85 1338 δὲ
114 1311 262 1339 ὠθούντων
285 1313 333 1339 καὶ
355 1313 520 1347 ἐπεχόντων,
541 1313 651 1339 πάντων
677 1313 706 1339 δὲ
723 1312 779 1339 τῶν
804 1322 858 1339 κω-

56 1357 178 1384 λυόντων
207 1358 297 1386 ταῦτσ.
325 1359 449 1394 βοώντων
470 1370 479 1386 ι
497 1361 567 1392 Στᾶ,
585 1361 655 1393 ad,
681 1361 710 1387 οὐ
727 1361 817 1394 λούει,
845 1370 854 1386 ι

55 1406 250 1438 κατακρατεῖν
273 1405 354 1440 δῆθεν
392 1406 440 1432 τοῦ
466 1407 572 1441 ἀγῶνος
600 1407 710 1434 ἐδόκουν
736 1407 762 1433 at
794 1407 858 1433 άντ-

55 1449 196 1481 ωῧοῦντες
220 1451 262 1481 εὶς
277 1451 360 1485 τιμὴν
377 1451 425 1477 τοῦ
441 1452 631 1486 καταγομένου
659 1451 855 1487 σχολιαστικοῦ,

944 621 983 650 De
1000 630 1048 649 sua
1063 622 1183 656 scriptor
1201 620 1246 649 hic
1261 620 1436 656 navigatione
1457 618 1543 647 refert
1568 619 1652 646 multa
1672 626 1702 646 se

909 669 1023 696 adversa
1036 668 1194 703 pertulisse.
1215 667 1337 694 Athenas
1362 674 1470 702 quoque
1489 666 1627 701 appulisse
1641 669 1701 693 tra-

908 715 959 746 dit,
975 722 1079 749 suoque
1093 714 1183 741 studio
1202 718 1230 741 et
1244 721 1310 740 cura
1323 714 1355 739 ad
1370 713 1547 746 sophisticam
1560 713 1641 739 etiam
1658 719 1702 739 se-

909 762 970 788 dent
987 766 1112 788 evectum
1125 759 1282 794 Leontium,
1297 759 1405 787 tametsi
1425 759 1450 786 id
1467 758 1512 786 ille
1528 765 1701 793 nequaquam

909 808 1001 835 vellet.
1032 807 1085 835 Sed
1103 812 1131 834 et
1157 807 1190 834 de
1211 807 1292 841 pallio
1311 806 1459 841 sopbistico
1484 805 1540 841 (46)
1563 805 1702 832 memoriae

910 854 1043 890 prodidit,
1065 854 1165 881 nemini
1189 853 1351 888 (praesertim
1374 860 1438 880 vero
1461 858 1555 879 extero
1575 850 1702 885 homini),

908 901 1025 928 Athenis
1046 901 1071 927 id
1086 905 1195 934 gestare
1217 899 1345 930 licuisse;
1369 899 1419 926 nisi
1433 899 1623 932 sophistarum
1644 897 1702 925 sul-

909 947 998 981 l'ragio
1018 946 1077 980 ejus
1100 946 1219 981 gestatio
1235 945 1273 973 illi
1295 951 1438 975 concessa,
1462 943 1635 978 dignitasque
1650 943 1702 970 ista

909 994 1095 1028 sophistarum
1117 993 1206 1028 legum
1225 992 1325 1019 ritibus
1336 997 1411 1018 esset
1425 990 1604 1018 conﬁrmata.
1623 989 1702 1016 Ritus

909 1046 1012 1071 autent,
1027 1039 1072 1075 qui
1093 1040 1307 1074 peragebantur,
1336 1038 1402 1065 tales
1417 1041 1507 1064 erant.
1530 1037 1650 1063 Primum
1667 1037 1702 1063 ad

910 1087 1046 1122 publicum
1067 1086 1192 1113 balneum
1209 1085 1415 1111 deducebantur
1437 1083 1482 1118 qui
1499 1083 1592 1110 novitii
1619 1084 1702 1110 adve-

909 1132 1024 1161 nissent.
1038 1132 1096 1158 sive
1109 1131 1199 1165 parvi,
1215 1130 1271 1156 sive
1280 1129 1456 1164 grandiores:
1475 1133 1559 1163 atque
1573 1129 1643 1154 inter
1652 1128 1702 1154 hos

909 1179 991 1206 etiam
1002 1179 1019 1205 ii
1039 1178 1086 1212 qui
1102 1185 1151 1211 per
1168 1181 1276 1203 mtatcm
1291 1177 1323 1202 ad
1339 1175 1451 1208 pallium
1468 1175 1632 1202 sumendum
1645 1175 1700 1209 apti

909 1230 998 1257 crant,
1019 1231 1088 1259 quos
1105 1224 1131 1250 in
1146 1223 1264 1249 taedium
1281 1221 1480 1256 protrudebant
1493 1221 1668 1254 scholastici,
1685 1228 1701 1248 a

910 1271 1008 1306 quibus
1031 1269 1246 1300 deducebantur,
1266 1268 1364 1295 deinde
1384 1268 1446 1294 aliis
1471 1267 1703 1302 prazcnrrentibus

910 1323 991 1351 atque
1009 1315 1232 1351 prohibentibus,“
1248 1314 1309 1341 aliis
1325 1313 1596 1348 protrndcntibus,et
1608 1318 1702 1341 contra

913 1362 1107 1390 tendentibus:
1124 1365 1258 1396 quotquot
1282 1366 1372 1387 antem
1397 1360 1578 1395 prohibebant
1602 1360 1704 1387 vocife-

917 1409 1063 1436 rantibus:
1084 1418 1093 1434 ι
1113 1408 1171 1440 Sta,
1185 1412 1238 1439 sla,
1268 1415 1320 1434 non
1340 1406 1411 1438 lava,
1434 1417 1443 1432 ι
1463 1406 1639 1433 nihilominus
1661 1411 1702 1432 ta-

911 1463 971 1483 men
984 1456 1012 1482 in
1028 1455 1176 1482 certamine
1189 1455 1206 1481 ii
1224 1453 1386 1480 videbantur
1396 1453 1534 1485 obtinere,
1548 1452 1594 1487 qni
1608 1452 1634 1478 in
1653 1452 1702 1478 Ιιοι

56 1496 134 1527 ὅστις
173 1497 245 1530 μετὰ
280 1497 380 1532 πολλὴν
405 1497 491 1533 ὤραν,
526 1498 650 1529 στάσεως
678 1497 780 1532 πολλῆς
810 1498 855 1524 ἐπὶ

914 1510 1004 1529 norem
1031 1501 1201 1532 scholastici,
1226 1507 1308 1535 quem
1334 1498 1517 1530 deducebant.
1538 1498 1703 1525 obsistentes

56 1542 116 1572 τοῖς
143 1542 324 1577 προαχθεῖσιν
357 1543 463 1578 ὲῦίμοις
499 1545 604 1579 ῥήμασι
635 1544 856 1579 προγενομένης,

55 1588 204 1622 εἰσάγεται
218 1590 259 1620 εἰς
272 1589 319 1614 τὸν
332 1588 433 1624 Θερμὸν
452 1588 526 1616 οἷκον
544 1591 589 1616 καὶ
606 1590 770 1616 ἀπολούεται
779 1599 785 1605 ·
798 1587 858 1616 εἶτα

57 1634 245 1669 ἐνδυσάμενος
262 1635 368 1670 ἐδέχετο
391 1637 441 1671 τὴν
463 1637 511 1663 τοῦ
535 1636 669 1672 τρίϐωνος
690 1637 814 1668 ἐξουσίαν
823 1637 856 1670 ⁸³,

56 1681 106 1706 καί
120 1681 237 1716 αὐτόθεν
246 1681 316 1715 μετὰ
331 1681 378 1708 τοῦ
397 1682 527 1715 τρίϐωνος
541 1683 573 1709 ἐκ
587 1683 634 1709 τοῦ
657 1682 798 1717 βαλανείου
813 1683 859 1708 ὲν-

57 1725 133 1761 τίμῳ
149 1727 198 1753 καὶ
216 1727 352 1762 περιδόξῳ
371 1728 609 1764 δορυφορούμενος
631 1729 726 1764 πομπῇ
755 1729 857 1764 ἀπῄει,

57 1772 183 1804 δαπάνας
203 1773 334 1807 ἐπιγνοὺς
350 1775 469 1810 φανερὰς
494 1776 534 1806 εὶς
550 1776 614 1807 τοὺς
635 1775 690 1802 τῶν
712 1775 858 1810 διατριεῶν

57 1819 219 1853 προστάτας
231 1821 295 1852 τοὺς
308 1820 471 1856 λεγομένους
493 1822 668 1857 ’Λκρωμίτας

96 1908 161 1934 Ὀτι
176 1908 202 1934 ot
219 1908 368 1936 Οὺὰνδαλοι
381 1910 445 1942 τοὺς
454 1910 569 1942 Γότθους
586 1912 735 1944 Τρούλους
743 1911 857 1938 καλοῦσι

55 1953 104 1979 διὰ
117 1953 148 1979 τὸ
164 1953 237 1988 λιμῷ
253 1955 432 1990 πιεζομένους
447 1957 546 1988 αὐτοὺς
559 1956 675 1992 τροῦλαν
692 1957 766 1984 σίτου
782 1958 858 1992 παρὰ

56 1999 114 2026 τῶν
131 2001 296 2027 causam
315 2002 463 2036 ἀγοράζειν
487 2002 547 2035 ἑνὸς
576 2003 757 2039 χρυσίνουιι.
786 2005 803 2039 ἡ
829 2004 858 2030 δὲ

55 2046 163 2081 τροῦλα
176 2047 238 2074 οὐδὲ
253 2048 345 2083 τριτον
362 2048 457 2080 ξέστου
475 2051 572 2085 χωρεῖ.

94 2092 159 2119 Ὀτι
187 2094 261 2120 κατὰ
281 2094 332 2126 τὰς
364 2095 502 2126 Ἱσπανίας
526 2096 580 2123 τῶν
595 2097 755 2124 οὐανδάλων
770 2105 856 2124 κατα-

56 2138 229 2172 δραμόντων,
245 2141 294 2166 καὶ
305 2139 359 2166 τῶν
379 2140 524 2175 Ῥωμαίων
536 2142 575 2173 είς
588 2141 638 2173 τὰς
650 2143 857 2178 τετειχισμένας

57 2184 153 2215 πόλεις
171 2186 398 2220 καταφυγόντων,
423 2187 551 2219 τοσοῦτος
578 2188 667 2214 αὐτῶν
691 2188 769 2223 λιμὸς
788 2197 855 2215 κατ·
874 2185 896 2212 D

57 2229 214 2264 εκράτησεν
238 2229 277 2262 ὡς
298 2232 339 2262 εἰς
360 2231 564 2267 ἀλληλοψαγίαν
584 2233 776 2268 ἐκϐιασθῆναι.
801 2234 856 2260 Καὶ

57 2276 128 2310 γυνὴ
141 2275 265 2311 τέσσαρα
282 2277 365 2303 τέκνα
381 2277 481 2312 ἔχουσα
504 2279 594 2305 πάντα
619 2279 768 2313 κατέφαγε,
787 2281 856 2315 πρόο

58 2329 142 2354 φασιν
167 2321 211 2355 ἐφ’
231 2322 350 2349 ἑκάστου
377 2323 527 2359 ποιουμένη
555 2325 605 2359 τὴν
629 2326 683 2352 τῶν
700 2326 855 2354 ὑπολοίπων

57 2366 163 2402 τροφὴν
183 2367 231 2393 καὶ
257 2368 407 2403 σωτηρίαν,
420 2369 472 2401 ἕως
497 2370 530 2396 ἂν
548 2371 637 2398 πάντα
659 2372 856 2406 καταφαγοῦσα

58 2411 142 2444 λίθοις
159 2413 212 2440 ὑπὸ
224 2413 272 2440 τοῦ
287 2413 375 2450 δήμου
392 2415 524 2451 ἀνῃρέθη.

93 2458 157 2486 Ὀτι
170 2459 336 2492 Εὐπλούτιος
352 2461 366 2486 ὁ
382 2462 579 2497 μαγιστριανὸς
600 2462 668 2498 πρὸς
684 2463 808 2498 Οὐάλιον,
822 2465 853 2496 ὃς

57 2503 113 2532 τῶν
143 2504 253 2532 Γότθων
284 2505 453 2541 ἐχρημάτιζε
480 2507 628 2543 φύλαρχος,
657 2509 853 2537 ἀποστέλλεται

913 1548 1100 1576 retrndebant.
1114 1546 1235 1573 Tandem
1250 1550 1310 1580 post
1327 1545 1433 1579 longam
1448 1552 1563 1576 moram,
1575 1544 1702 1571 multam-

911 1602 964 1628 que
977 1593 1011 1620 ob
1031 1593 1104 1620 illata
1119 1601 1153 1620 ex
1171 1600 1246 1619 more
1268 1591 1340 1618 ultro
1357 1591 1479 1626 citroque
1495 1591 1575 1618 verba
1592 1596 1704 1619 conten-

912 1641 1023 1671 tionem,
1047 1640 1069 1666 is
1084 1640 1129 1673 qui
1142 1639 1297 1670 deducitur,
1311 1638 1336 1664 in
1347 1638 1464 1665 calidam
1482 1637 1580 1665 cellam
1596 1638 1703 1665 induci-

911 1691 966 1719 tur,
982 1686 1072 1721 ibique
1088 1685 1217 1712 abluitur.
1235 1685 1269 1710 At
1290 1689 1434 1718 postquam
1456 1691 1486 1711 se
1507 1683 1605 1715 induit,
1626 1683 1702 1718 pallii

912 1733 1070 1766 dignitatem
1094 1731 1203 1766 accipit,
1221 1736 1306 1765 atque
1319 1730 1417 1757 exinde
1433 1738 1493 1757 ctnn
1515 1730 1597 1765 pallio
1613 1737 1629 1757 e
1647 1730 1705 1757 bal-

913 1786 974 1811 neo,
988 1778 1091 1806 celebri
1118 1783 1146 1805 et
1161 1777 1311 1804 bonoritica
1327 1777 1445 1812 stipatus
1461 1783 1569 1812 punipa,
1584 1776 1704 1810 digredi-

912 1832 967 1858 tur,
996 1826 1114 1854 decretis
1136 1825 1280 1852 lnculentis
1308 1825 1463 1860 smnptibus
1490 1824 1517 1851 in
1545 1823 1701 1851 scholarum

913 1872 1062 1902 antistites,
1077 1872 1124 1906 qui
1141 1871 1268 1898 dicttntur
1279 1870 1426 1897 Acrmnita:
1443 1869 1511 1905 (47).

948 1918 1060 1946 Vandali
1075 1917 1190 1945 Gotlbos
1204 1917 1339 1951 appellant
1352 1915 1458 1947 Trulos,
1476 1920 1616 1949 propterea
1631 1914 1702 1949 quod

911 1965 938 1992 bi
952 1964 1040 1992 enecti
1065 1963 1213 1998 aliquando
1240 1962 1324 1994 fame,
1347 1962 1431 1989 tritici
1449 1962 1546 1988 trulam
1562 1969 1577 1988 a
1593 1961 1701 1988 Vanda-

911 2011 944 2038 lis
957 2018 1039 2037 aureo
1058 2018 1111 2037 uno
1128 2010 1304 2036 redimerem.
1321 2008 1405 2035 Trnla
1424 2015 1489 2035 vero
1505 2008 1625 2035 nondum
1644 2013 1700 2034 ter-

911 2057 977 2084 tiam
997 2057 1106 2083 sextarii
1127 2060 1231 2090 partem
1245 2055 1328 2089 capit.

945 2102 1013 2128 Dum
1028 2102 1140 2129 Vandali
1150 2101 1296 2137 Hispanias
1306 2105 1467 2133 vastassent,
1480 2100 1525 2135 qui
1541 2100 1568 2127 itt
1579 2104 1702 2127 mur-atas

911 2155 940 2175 se
956 2148 1038 2174 urbes
1051 2147 1166 2174 Romani
1184 2152 1355 2182 receperant,
1367 2154 1399 2174 eo
1415 2146 1512 2173 inediae
1524 2146 1614 2173 adacti
1626 2149 1699 2176 sunt,

910 2197 940 2220 ut
960 2193 1077 2220 invicem
1097 2201 1126 2220 se
1142 2193 1357 2220 laniandoedere
1369 2198 1543 2228 cogerentur.
1557 2192 1594 2219 lbi
1605 2192 1702 2219 mulier

910 2247 974 2272 una,
996 2245 1116 2274 quatuor
1132 2239 1278 2267 liberorum
1305 2243 1403 2272 mater,
1425 2246 1521 2266 omnes
1538 2240 1700 2272 devoravit;

909 2286 942 2312 ad
960 2285 1081 2320 singulos
1094 2291 1257 2320 praetexens,
1274 2285 1395 2319 reliquos
1408 2293 1438 2313 se
1453 2285 1535 2318 alere,
1551 2293 1584 2312 ac
1596 2285 1703 2313 salvare

908 2331 987 2363 velle,
1010 2332 1097 2358 donec
1114 2331 1241 2358 omnibus
1264 2330 1419 2366 absumptis
1433 2331 1572 2365 lapidibus
1585 2338 1601 2358 ί
1622 2331 1701 2366 plebe

908 2378 1005 2405 obruta
1021 2382 1072 2404 est.

942 2468 1017 2503 δια
1030 2467 1172 2502 Euplutins
1186 2467 1379 2502 magistriantts
1400 2468 1434 2494 ad
1448 2467 1554 2495 Valinm
1566 2467 1623 2502 (48)
1635 2467 1702 2495 Got-

909 2511 1017 2539 tborum
1037 2511 1194 2546 praelectum
1219 2512 1349 2543 mittitur,
1369 2513 1414 2547 qui
1435 2513 1510 2547 pacis
1523 2513 1626 2540 l'aadera
1648 2513 1701 2540 ini-

713 2593 832 2622 VARl/E
853 2594 1060 2623 LECTIONES-

80 2649 117 2690 -η
130 2647 218 2690 22,172.
229 2648 340 2690 τῶν-ς..ν
371 2649 517 2690 {15030;}
534 2659 542 2678 :
559 2653 706 2690 μέροςεζ
729 2654 751 2670 ’⁸⁸
766 2654 858 2687 ἔθνους
870 2663 924 2683 om.
938 2656 972 2684 Α.
1000 2656 1021 2672 ⁸⁸
1037 2655 1173 2683 τελεῖσθαι
1191 2665 1221 2689 ς.

55 2684 113 2711 τῶν
126 2682 205 2720 poitit
216 2693 249 2717 ς.
289 2685 311 2700 ¹¹
323 2682 359 2720 ἦν
374 2685 415 2721 δέ]
427 2686 463 2714 cf.
479 2682 675 2722 Wyttenbach
687 2688 791 2725 Eunap.
805 2691 833 2718 2.
884 2682 971 2719 ΞΒΟΪ
984 2692 1008 2708 ’³
1024 2682 1151 2724 ἐξουσίαν
1162 2693 1184 2718 Α
1195 2682 1292 2725 ἷᾶξίαν
1371 2682 1567 2730 9"him—iratos}.

819 2758 937 2790 NOTIE.

94 2798 238 2840 (£6)_Vide_
252 2799 416 2840 lli-Gregor.
434 2800 566 2840 Na‘zlanz;
578 2809 649 2832 orat.
665 2804 719 2837 20,
737 2813 795 2840 quze
808 2813 850 2834 est

54 2833 93 2875 tie
105 2833 145 2875 8;;
155 2834 258 2875 Basilio
271 2833 531 2875 yagn6,_post_init.
546 2838 650 2875 Emtap.
666 2833 774 2875 quoque
795 2833 848 2869 ini;

56 2868 99 2896 lio
124 2868 302 2905 Probazresii,
318 2868 355 2900 ‘et
374 2868 417 2900 16.
452 2871 554 2909 Gorop.
582 2868 849 2905 Becaninn'libriv

1267 2657 1290 2673 ὀ
1301 2655 1352 2694 εἰς]
1370 2657 1417 2684 καὶ
1433 2658 1473 2690 είς
1493 2661 1531 2691 ς’,
1571 2658 1593 2675 ’⁸
1608 2658 1624 2694 ἠ
1639 2663 1701 2685 ante

907 2807 1046 2881 072g)th
1061 2845 1184 2881 μείζονες
1198 2844 1346 2880 Hesycbio.
1362 2850 1389 2873 ct
1403 2845 1482 2881 quasi
1495 2844 1662 2880 superiores.

944 2878 1000 2915 (48)
1017 2878 1082 2915 Sup.
1108 2878 1210 2908 Valiam
1226 2878 1341 2908 vocavit.
