1934 3089
221 131 275 165 2'15

800 133 932 163 PHOTII
951 132 1204 163 PATRIARCILE
1222 132 1277 162 ΟΡ.

1802 129 1859 160 276

222 195 306 222 atque
321 188 495 223 colloquium.
522 187 705 222 Abt-ipuerunt
730 188 822 222 itaque
845 196 898 221 me,
913 189 962 220 ait,
979 193 1008 215 ut

1072 189 1146 224 ›ἠμη.
1174 188 1230 215 Καὶ
1257 186 1353 214 ἔλαϐόν
1377 194 1421 222 με,
1450 185 1527 221 φησὶ,
1555 184 1636 220 μέχρι
1653 183 1677 200 ’⁸
1696 183 1781 219 αὐτῆς
1805 183 1862 216 τῆς

224 234 284 261 lllas
296 241 404 268 quoque
419 233 542 266 regiones
561 233 770 266 perlustrarem,
784 233 813 260 in
827 233 912 267 ipsam
927 239 1013 266 usque

223 279 342 311 Talmin,
360 287 374 305 a
393 279 459 305 meis
486 278 685 305 contribulibus
701 279 822 313 quinque
844 279 949 305 dierqu
970 279 1013 305 in-

224 325 337 352 tervullo
354 325 510 356 distantem,
539 323 572 350 ad
589 323 682 351 urbem
701 332 760 358 quae
784 325 883 351 dicitur
913 324 1011 350 Prima.

226 371 286 397 l’aec
298 371 362 397 olim
381 371 467 405 prima
486 370 633 397 Thebaidis
650 370 723 401 urbs,
747 370 870 404 proxime
886 378 899 396 a
914 369 1014 396 Barba-

224 415 281 441 rico
306 416 363 442 solo
393 415 499 447 aberat,
519 422 636 448 eamque
657 416 691 442 ob
714 422 823 441 causam
843 422 857 441 a
884 414 1014 442 Romanis

224 460 320 488 Lilino
333 461 466 488 vorabulo
487 461 575 487 Prima
592 461 740 492 nominata,
761 469 815 494 quo
836 461 919 487 etiam
943 468 1014 487 tuine

225 508 334 535 nomine
358 508 512 540 vocitatur,
551 507 677 543 quamvis
704 508 783 542 longo
806 508 862 541 jam
894 512 1015 540 tempore

226 551 336 580 Barbari
367 561 425 579 cam
443 553 496 580 sibi
516 552 693 583 vindicarint,
721 561 782 579 cum
813 553 874 579 aliis
899 558 1015 587 quatuor

224 597 329 631 oppidis
366 598 529 624 thuicoue
559 617 567 630 ,
592 597 713 630 Chiride,
739 597 859 632 Thapide
896 603 923 624 et
953 597 1016 624 Tal-

226 643 306 670 mide.
323 644 351 670 In
371 645 422 671 bac
447 645 557 678 regione
582 644 721 678 smaragdi
751 652 781 672 se
807 644 913 671 fotlinas
939 652 1014 678 repe-

228 688 296 716 risse
329 690 446 716 scribit:
479 691 549 717 unde
590 689 781 725 Egyptiorum
815 692 924 726 regibus
951 691 1014 717 olim

226 735 362 769 smaragdi
390 735 434 762 illa
463 741 537 762 tanta
567 737 645 770 copia
672 736 872 770 suppeditabat.
899 737 932 763 Et
958 737 1016 764 hmo

226 780 334 814 quidem
351 780 533 808 Barbarorum
563 788 641 809 vates
672 782 807 816 inspicere
835 782 1011 810 invitabant:

229 833 320 853 verum
338 827 362 852 id
382 828 441 854 sine
461 827 529 853 bona
547 828 619 862 regis
637 828 714 854 venia
732 835 785 855 non
800 827 908 854 licebat.

264 871 300 898 De
323 871 436 899 Libanio
453 874 570 906 quodam
593 873 750 899 admiranda
766 872 859 904 refert.
884 873 1014 900 Asianum
1031 881 1052 909 Β

227 924 325 952 genere
347 918 418 945 hunc
443 917 564 945 Honorio
579 923 606 945 et
622 919 782 946 Constantio
800 919 1011 952 imperatoribus

228 962 383 990 Ravennam
413 964 540 996 venisse,
576 972 765 999 suuunumque
803 965 954 992 Veneticum
983 973 1015 993 ac

229 1016 335 1043 magum
361 1008 454 1037 fuisse.
474 1009 544 1037 Dicit
557 1010 628 1036 enim
652 1010 803 1045 professum
831 1018 903 1041 esse,
928 1011 1015 1038 admi-

207 1080 210 1083 ,
228 1055 309 1081 ranula
325 1062 403 1089 posse
419 1062 448 1082 se
460 1056 563 1090 alisque
582 1057 696 1083 armatis
715 1056 869 1083 hominibus
882 1056 1014 1084 adversus

228 1099 359 1127 Barbaros
386 1105 506 1134 patrare.
528 1101 564 1127 At
590 1109 651 1128 cum
676 1101 773 1128 deinde
797 1103 1013 1136 experimentum

227 1145 354 1179 promissi
371 1145 500 1177 dedisset,
514 1151 542 1173 et
558 1147 628 1173 fama
650 1147 756 1181 longius
770 1155 882 1175 manans
895 1148 929 1174 ad
941 1148 1015 1182 ipsas

227 1198 313 1225 usque
329 1191 454 1218 Placidia:
472 1199 552 1219 aures
567 1200 704 1220 rumorem
723 1193 874 1226 detulisset,
891 1200 1014 1221 necatum

227 1236 302 1263 ἱιιυιιι
315 1243 386 1266 esse.
403 1238 587 1264 comminante
610 1237 730 1265 Placidia
754 1237 860 1272 conjugi
882 1238 1016 1266 Constan-

228 1283 265 1308 tio
282 1282 437 1315 divortium,
456 1284 507 1310 nisi
524 1291 538 1310 e
554 1284 623 1312 vivis
647 1284 787 1312 tolleretur
803 1284 934 1313 Libanius
949 1293 1016 1321 prat-

228 1328 352 1364 stigiator
367 1335 448 1363 atque
462 1329 588 1359 infidelis.

263 1374 439 1403 Consmntius
452 1384 551 1410 genere
572 1376 679 1412 Illyrius
696 1376 757 1410 fuit,
781 1385 796 1405 e
815 1377 925 1405 Panazso
948 1379 1015 1405 urbe

229 1419 329 1452 Cadim,
345 1429 390 1455 qm
411 1421 503 1448 multis
518 1422 598 1449 obitis
612 1422 669 1456 jam
685 1423 748 1450 inde
770 1431 784 1449 a
799 1422 943 1450 Theodosii
959 1423 1016 1450 Ma-

229 1466 273 1500 gni
289 1467 457 1500 temporibus
472 1467 576 1494 militia:
592 1468 751 1495 muneribus
763 1469 796 1495 ad
808 1476 943 1496 summum
958 1474 1016 1495 tan-

229 1511 353 1545 dem,uti
379 1511 507 1544 diximus,
524 1513 629 1546 imperii
655 1513 759 1547 apicem
780 1519 890 1541 evectus
907 1518 959 1541 est.
992 1513 1016 1540 Is

207 1591 210 1594 .
228 1565 290 1584 cum
306 1562 403 1585 caetera
420 1558 470 1585 fuit
488 1558 567 1585 laude
584 1559 693 1594 dignus,
709 1564 764 1586 tum
779 1560 850 1594 quod
868 1559 926 1586 auri
942 1559 1015 1586 nulla
1030 1563 1052 1592 C

233 1606 380 1641 cupiditate
406 1606 543 1642 ﬂagraret,
559 1607 630 1642 62b
649 1613 793 1642 antequam
807 1608 915 1642 quidem
932 1607 1020 1635 Placi-

227 1652 279 1683 dia;
300 1653 519 1688 conjungeretur.
538 1654 603 1680 Nam
621 1662 652 1681 ea
673 1662 757 1682 uxore
778 1655 869 1687 ducta,
888 1656 1018 1689 pecunia-

230 1706 289 1725 rum
310 1699 405 1726 avidus
420 1700 515 1728 evasit.
533 1699 594 1733 Ipso
616 1707 681 1734 ergo
698 1705 817 1731 mortuo,
838 1707 900 1726 cum
925 1707 1018 1734 postu-

229 1744 292 1772 latis
319 1744 445 1772 homines
471 1745 629 1773 Ravennam
660 1746 781 1780 undique
817 1746 1016 1778 conﬂuxerunt,

229 1798 296 1825 quos
312 1791 390 1820 bonis
411 1791 456 1818 ille
470 1799 517 1826 per
533 1791 658 1826 iniuriam
682 1793 814 1819 exuisset.
839 1791 939 1819 Verum
962 1792 1018 1820 llo-

230 1838 311 1871 norii,
343 1837 441 1872 inquit,
470 1838 580 1871 lenitas,
605 1844 633 1866 et
657 1838 783 1866 Placidia:
803 1846 864 1865 cum
884 1845 919 1866 eo
945 1844 1019 1866 arcta

228 1884 311 1912 nimis
333 1884 514 1916 familiaritas,
538 1885 646 1912 frustra
667 1891 696 1912 ut
713 1890 804 1913 essent
819 1885 859 1912 liae
875 1886 1021 1920 quaerimo-

230 1930 293 1962 uiae,
307 1931 450 1966 oinnisqne
464 1932 531 1958 adeo
546 1931 617 1965 juris
636 1932 676 1958 vis
692 1940 724 1959 ac
752 1932 871 1966 potentia
883 1952 890 1964 ,
918 1932 1019 1959 cﬂ‘ecit.

267 1975 377 2003 llonorii
393 1983 456 2011 erga
479 1983 600 2004 sororem
619 1977 698 2003 insita
724 1976 832 2003 all‘ectio
861 1981 934 2003 tanta
960 1976 1020 2008 fuit,

229 2030 262 2050 ex
278 2030 331 2057 quo
348 2022 525 2053 Constantius
549 2023 607 2057 ejus
632 2023 750 2050 maritus
773 2023 828 2050 vita
846 2023 974 2055 decessit,
992 2028 1022 2049 ut

231 2068 335 2102 perdite
349 2069 432 2096 nimis
447 2069 574 2100 amando,
590 2073 618 2096 et
632 2070 740 2096 aSsidue
757 2077 789 2096 os
813 2069 872 2103 ejus
896 2069 1021 2096 osculan-

231 2117 277 2145 do,
294 2115 379 2149 turpis
399 2116 470 2149 apud
493 2115 591 2143 mullos
608 2116 813 2143 consuetudinis
839 2115 1021 2150 suspicionem

231 2169 285 2189 non
301 2162 434 2196 etfugerit.
448 2162 501 2189 Sed
516 2163 560 2189 hic
584 2170 660 2190 amor
682 2162 708 2189 in
730 2167 834 2188 tantum
850 2161 924 2188 brevi
942 2161 1023 2188 vertit

232 2208 334 2239 odium,
350 2207 564 2235 allaborantilms
584 2207 707 2242 Spadusa
722 2207 789 2242 (56),
806 2211 887 2240 atque
906 2206 1020 2240 Elpidia,

232 2254 358 2284 Placidia:
374 2256 490 2286 nutrice,
513 2254 612 2289 quibus
635 2253 678 2281 illa
697 2253 835 2280 tribuebat
855 2252 1021 2287 plurimum;

231 2302 373 2337 adiurante
390 2302 453 2330 item
478 2302 550 2336 ipsas
573 2300 692 2328 Leonteo
715 2300 786 2327 illius
801 2303 929 2326 curatore
955 2298 1022 2334 (57).

232 2353 262 2376 ut
289 2353 317 2375 et
340 2348 488 2375 seditiones
514 2347 651 2374 Ravennae
677 2346 832 2380 frequenter
862 2344 1024 2372 exsisterent

233 2393 401 2428 (adhaerebat
418 2394 490 2423 enim
519 2393 569 2428 ipsi
599 2393 687 2419 adhuc
711 2391 893 2418 Barbarorum
923 2390 1021 2423 turba,

234 2447 294 2467 cum
311 2448 344 2467 ex
369 2439 515 2474 Adaulphi.
546 2443 601 2465 tum
619 2445 652 2465 ex
678 2436 832 2464 Constantii
851 2435 1022 2470 imperatoris

232 2484 375 2521 conjugiis)
403 2489 431 2512 et.
454 2485 566 2511 vulnera
593 2483 673 2510 etiam
692 2483 819 2517 utrinque
845 2481 1021 2509 inferrentur.

233 2531 326 2565 Donec
340 2531 448 2559 tandem
464 2531 498 2558 ob
521 2537 568 2563 eas
590 2531 662 2565 ipsas
691 2529 858 2562 inimicitias,
884 2533 912 2556 et
938 2529 1022 2563 priori

1065 235 1208 268 Τάλμεως,
1234 233 1305 259 ὥστε
1334 231 1480 263 κάκείνους
1506 231 1570 261 τοὺς
1582 229 1688 264 χώρους
1701 228 1858 264 ἱστορῆσαι.

1063 280 1232 315 διέχοντας¹⁸
1263 278 1317 306 ἀπὸ
1339 277 1392 305 τῶν
1415 277 1502 304 Φιλῶν
1524 277 1546 292 ¹⁶
1574 276 1714 310 διάστημα
1743 274 1859 310 ἡμερῶν

1065 328 1157 358 πέντε,
1177 327 1258 362 μέχρι
1270 326 1375 356 πόλεως
1387 325 1437 359 τῆς
1449 323 1600 357 λεγομένης
1623 323 1727 357 Πρῖμα,
1752 322 1814 356 ἥτις
1828 321 1862 347 τὸ

1066 373 1180 400 παλαιὸν
1213 372 1308 408 πρώτη
1329 372 1405 402 πόλις
1436 371 1486 405 τῆς
1513 369 1647 404 Θηϐαΐδος
1662 368 1715 394 ἀπὸ
1730 367 1778 394 τοῦ
1791 367 1861 401 βαρ-

1065 419 1180 454 ϐαρικοῦ
1205 419 1337 453 ἐτύγχανε
1349 418 1370 434 ’⁷
1383 425 1389 432 ⁸
1404 417 1444 443 διδ
1459 416 1533 451 παρὰ
1547 415 1601 442 τῶν
1623 415 1767 448 Ῥωμαίων
1788 414 1860 439 Ῥω·-

1067 464 1136 499 μαίᾳ
1160 466 1235 498 φωνῇ
1271 464 1364 498 Πρῖμα
1380 462 1439 497 ἢτοι
1456 461 1552 496 πρώτη
1565 460 1723 494 ὠνομάσθη.
1741 460 1788 485 καὶ
1809 458 1860 484 νῦν

1065 509 1137 536 οὕτω
1161 510 1284 536 καλεῖται
1316 508 1405 535 καίτοι
1433 509 1465 534 ἐκ
1485 506 1583 533 πολλοῦ
1610 506 1783 532 οἰκειωθεῑσα
1799 504 1861 535 τοῖς

1067 556 1215 591 βαρϐάροις
1229 555 1289 590 μεθ’
1298 554 1399 589 ἐτέρων
1408 553 1550 587 τεσσάρων
1558 551 1672 580 πόλεων,
1683 550 1861 580 Φοινικῶνος,

1065 601 1193 637 Χίριδος,
1216 601 1345 632 Θὰπιδος,
1373 599 1517 634 Τάλμιδος.
1551 597 1632 633 Παρὰ
1650 597 1763 628 τούτους
1791 596 1862 626 τοὺς

1065 648 1171 684 χώρους
1192 648 1259 682 φησὶ
1276 647 1324 673 καὶ
1337 646 1496 681 σμαράγδου
1517 644 1636 679 μέταλλα
1655 642 1725 669 εἶναι
1749 642 1861 678 μαθεῖν,

1065 694 1095 727 ἐξ
1112 691 1148 720 ὦν
1161 695 1217 724 τοῖς
1229 693 1388 726 Αἰγυπτίων
1406 691 1561 726 βασιλεῦσιν
1572 691 1588 726 ἡ
1599 690 1755 724 σμάραγδος
1766 688 1864 714 ἐπλεό-

1066 738 1142 771 ναζε.
1158 740 1213 765 Καὶ
1226 738 1323 770 ταῦτα,
1340 738 1432 772 φησὶν,
1449 738 1473 764 οἱ
1489 737 1627 772 προφῆται
1642 736 1695 762 τῶν
1712 735 1863 770 βαρϐάρων

1066 786 1239 821 προῡτρετιόν
1253 794 1286 820 με
1299 783 1451 810 θεάσασθαι
1466 791 1472 798 '
1492 783 1551 809 ἀλλ’
1571 783 1620 809 οὐκ
1634 780 1668 817 ἧν
1681 782 1760 808 τοῦτο
1778 781 1863 808 δυνα-

1066 833 1112 859 τὸν
1124 832 1251 866 γενέσθαι
1266 832 1351 866 χωρὶς
1369 829 1517 866 βασιλικῆς
1529 828 1714 864 προστάξεως.

1103 879 1165 905 ’Ότι
1193 878 1320 905 Λιϐάνιόν
1339 886 1408 903 τινα
1421 876 1607 912 τερατολογεῖ,
1623 874 1748 900 Ἀσιανδν
1766 873 1797 900 τὸ
1811 873 1863 907 γέ-

1068 934 1123 957 νος,
1139 925 1210 951 κατὰ
1227 925 1277 960 τὴν
1299 924 1437 960 βασιλείαν
1458 923 1588 958 Ὀνωρίου
1602 922 1649 949 καὶ
1668 921 1863 947 Κωνσταντίου

1068 971 1267 998 ὲπὶῬάϐενναν
1280 969 1494 1006 παραγενέσθαι.
1514 970 1616 1003 ’Ἀκρον
1632 969 1660 994 δὲ
1677 967 1769 994 τοῦτον
1789 964 1865 994 εἶναι

1068 1018 1234 1044 τελεστικόν.
1248 1018 1302 1044 Καὶ
1332 1016 1462 1044 δύνασθαι
1479 1016 1506 1042 δέ
1525 1024 1591 1049 φησι
1605 1014 1652 1041 καὶ
1665 1012 1858 1048 ὑπισχνεῖσϐαι

1068 1065 1150 1091 αὐτὸν
1165 1065 1249 1100 χωρὶς
1271 1063 1389 1090 ὁπλιτῶν
1406 1062 1454 1089 καὶ
1469 1061 1541 1088 κατὰ
1555 1060 1706 1096 Βαρϐάρων
1728 1060 1863 1094 ἐνεργεῖν.

1068 1104 1136 1137 Εἶτά
1155 1112 1252 1144 πεῖραν
1267 1109 1338 1141 δοὺς,
1374 1108 1468 1143 φησὶν,
1501 1105 1577 1139 οὗτος
1601 1108 1651 1142 τῆς
1675 1106 1862 1140 ὑποσχέσεως,

1069 1155 1116 1182 καὶ
1130 1155 1179 1189 τῆς
1205 1155 1299 1190 φήμης
1311 1153 1468 1188 δραμούσης
1492 1152 1562 1178 ὥστε
1574 1151 1620 1178 καὶ
1648 1150 1794 1176 Πλακιδίαν
1809 1149 1864 1182 τὴν

1070 1200 1194 1236 βασιλίδα
1223 1199 1340 1235 μαθεῖν.
1367 1199 1519 1234 ἀναιρεῖται
1543 1199 1557 1224 ό
1580 1196 1732 1231 τελεστὴς·
1752 1194 1863 1228 ἠπείλει

1069 1247 1123 1282 γὰρ
1133 1267 1140 1279 ,
1170 1247 1263 1280 φησὶν,
1275 1247 1291 1280 ἡ
1314 1245 1444 1272 Πλακιδία
1461 1244 1645 1278 Κωνσταντίῳ
1660 1240 1799 1277 χωρισμὸν
1811 1239 1864 1266 τοῦ

1069 1292 1160 1327 γάμου
1176 1312 1183 1322 ,
1210 1291 1235 1317 εἰ
1262 1292 1319 1322 τοῖς
1344 1289 1412 1321 ζῶσι
1451 1289 1578 1320 Λιϐάνιος
1603 1288 1626 1304 ³⁸
1658 1286 1858 1322 περιλείποιτο,

1069 1336 1138 1372 ἀνὴρ
1147 1336 1213 1370 γόης
1230 1335 1277 1362 καὶ
1293 1334 1417 1365 ἄπιστος.

1108 1383 1171 1408 ’Ὁτι
1198 1380 1394 1411 Κωνστάντιος,
1414 1378 1545 1414 Ὶλλυριδς
1575 1376 1609 1414 ἦν
1633 1377 1664 1403 τὸ
1687 1377 1777 1411 γένος,
1808 1375 1865 1402 ἀπὸ

1071 1428 1207 1456 Παναῖσου
1221 1428 1242 1443 ⁵³
1257 1425 1361 1457 πόλεως
1370 1426 1418 1460 τῆς
1433 1425 1457 1461 [l
1466 1425 1497 1451 l5
1512 1423 1558 1460 IL]
1571 1423 1686 1454 Καδίας,
1702 1423 1750 1449 καὶ
1762 1421 1865 1452 πολλὰς

1071 1475 1215 1510 στρατείας
1240 1474 1294 1501 ἀπὸ
1309 1473 1363 1500 τῶν
1393 1471 1534 1498 Θεοδοσίου
1559 1470 1663 1505 χρόνων
1676 1468 1723 1495 τοῦ
1741 1467 1865 1503 μεγάλου

1069 1521 1180 1548 διελθὼν
1210 1519 1322 1555 ὕστερον
1345 1519 1392 1545 καὶ
1418 1518 1467 1552 τὴν
1482 1517 1505 1532 ³⁰
1528 1516 1663 1551 βασίλειον
1691 1515 1798 1549 ἀρχὴν,
1826 1514 1865 1544 ὡς

1069 1566 1134 1602 [196
1145 1564 1191 1600 IL]
1208 1564 1323 1601 ἐρρήθη,
1341 1563 1436 1589 ὑπέδυ.
1452 1560 1506 1588 Ἦν
1514 1561 1543 1587 δὲ
1553 1559 1638 1588 τᾶλλα
1650 1559 1698 1594 μὲν
1710 1559 1864 1589 ἐπαινετὸς,

1072 1612 1118 1639 καὶ
1131 1611 1280 1647 χρημάτων
1295 1610 1324 1636 δὲ
1341 1608 1474 1644 κρείττων
1489 1607 1554 1641 πρὶν
1568 1606 1584 1641 ἢ
1601 1604 1770 1638 συναφοῆναι
1791 1604 1866 1630 Πλα-

1071 1659 1145 1693 κιδίᾳ
1158 1665 1164 1672 '
1197 1657 1258 1683 ἐπεὶ
1271 1655 1300 1682 δὲ
1316 1655 1390 1690 αὐτῇ
1406 1654 1426 1669 ³¹
1445 1652 1618 1685 συνέζευκτο,
1635 1652 1672 1682 είς
1691 1650 1867 1685 φιλοχρημα-

1070 1705 1131 1731 τίαν
1145 1702 1284 1735 ὲξώκειλε.
1307 1700 1385 1728 Μετὰ
1402 1699 1495 1735 μέντοι
1507 1699 1552 1725 τὸν
1568 1697 1652 1725 αὐτοῦ
1666 1697 1781 1723 Θάνατον
1801 1695 1865 1730 δεή-

1072 1759 1129 1782 σεις
1140 1749 1201 1776 κατ’
1214 1747 1297 1774 αὐτοῦ
1309 1746 1364 1773 τῶν
1377 1746 1417 1777 εἰς
1436 1745 1568 1780 χρήματα
1578 1744 1599 1759 ³¹
1617 1742 1802 1777 ἀδικηθέντων
1816 1741 1867 1767 ἐπὶ

1077 1796 1225 1823 Ῥάϐενναν
1238 1792 1408 1827 πανταχόθεν
1422 1791 1582 1826 συνέρρεον
1601 1788 1658 1815 ἀλλ’
1709 1787 1757 1813 τοῦ
1777 1787 1866 1814 Ὀνωο

1073 1842 1143 1878 ρίου,
1174 1841 1251 1875 φησὶ,
1280 1838 1417 1873 κουφότης
1438 1837 1486 1863 καὶ
1506 1837 1523 1871 ἠ
1543 1835 1592 1869 τῆς
1616 1833 1766 1864 Πλακιδίας
1796 1832 1870 1867 πρδλς

1072 1887 1154 1914 αὑτὸν
1182 1885 1319 1919 οίκειότης
1344 1883 1502 1918 ἀπράκτους
1517 1881 1606 1908 αὐτῶν
1618 1879 1667 1911 τὰς
1679 1879 1802 1914 αἰτήσεις
1819 1878 1871 1904 καὶ

1072 1933 1121 1968 τὴν
1138 1932 1215 1967 ἰσχὺν
1230 1931 1277 1958 τοῦ
1292 1929 1397 1957 δικαίου
1414 1929 1566 1962 ἀπέφηνεν.

1109 1977 1173 2004 Ὅτι
1187 1976 1305 2010 τοσαύτη
1316 1975 1436 2006 διάθεσις
1444 1973 1565 2010 Ὀνωρίῳ
1574 1972 1597 1989 ³³
1613 1971 1682 2007 πρὸς
1696 1970 1745 2006 τὴν
1760 1970 1869 1997 οἰκείαν

1073 2023 1204 2059 ἀδελφὴν,
1236 2023 1265 2056 ἐξ
1294 2019 1379 2057 οὗπερ
1402 2022 1416 2047 ὁ
1442 2020 1544 2054 ταύτης
1575 2018 1644 2053 ἀνὴρ
1675 2017 1869 2048 Κωνστάντιος

1073 2070 1191 2102 ἀπεϐίω,
1220 2067 1447 2104 παρεμπεφύκει,
1470 2067 1508 2098 ὡς
1540 2065 1589 2101 τὴν
1609 2066 1727 2100 ἄμετρον
1755 2063 1871 2097 ἀγάπην

1073 2116 1164 2142 αὐτῶν
1176 2115 1198 2132 ³⁸
1215 2116 1259 2142 καὶ
1271 2115 1306 2141 τὰ
1326 2114 1425 2149 συνεχῆ
1455 2113 1526 2140 κατὰ
1561 2112 1649 2148 στόμα
1668 2111 1812 2146 φιλήματα
1827 2112 1870 2141 εἰς

1077 2162 1211 2196 ὑπόληψιν
1233 2161 1349 2196 αἰσχρὰν
1363 2159 1493 2190 etiamin“
1520 2159 1576 2189 τοῖς
1592 2157 1699 2188 πολλοῖς
1725 2156 1868 2190 ἐμϐαλεῖν.

1083 2208 1165 2234 Ἀλλὰ
1197 2207 1316 2241 τοσαύτη
1344 2205 1426 2232 πάλιν
1455 2204 1548 2234 αὐτοῖς
1582 2201 1750 2236 ὲναπετέχθη
1781 2200 1871 2235 ἔχθρα

1077 2254 1178 2288 σπουδῇ
1192 2252 1349 2287 Σπαδούσης
1357 2251 1379 2267 ³⁸
1390 2249 1582 2280 καὶἘλπιδίας
1596 2248 1704 2284 (τροφὸς
1721 2245 1783 2281 δ’ἦν
1796 2245 1873 2282 αὕτη

1077 2299 1248 2334 Πλακιδίας),
1264 2295 1307 2329 αἶς
1321 2298 1368 2325 καὶ
1379 2298 1415 2323 τὰ
1426 2296 1510 2323 πολλὰ
1524 2296 1664 2331 προσεῖχε,
1674 2293 1871 2328 συμπράττον-

1077 2354 1123 2377 τος
1146 2346 1242 2376 αὺταῐς
1265 2344 1313 2371 καὶ
1336 2343 1475 2375 Λεοντέως
1500 2342 1547 2369 τοῦ
1569 2340 1670 2376 ταύτης
1690 2339 1871 2374 κουρὰτορος,

1079 2392 1151 2418 ὥστε
1167 2392 1277 2423 στάσεις
1291 2391 1341 2426 μὲν
1357 2390 1488 2421 πολλάκις
1502 2390 1531 2415 ἐν
1544 2390 1577 2424 τῇ
1595 2387 1725 2422 Ῥαϐέννῃ
1737 2386 1872 2420 συστῆναι

1078 2438 1188 2473 (περιῆν
1203 2437 1257 2473 γὰρ
1280 2436 1393 2472 κάκείνῃ
1410 2436 1514 2469 πλῆθος
1527 2433 1672 2470 βαρϐάρων
1687 2434 1720 2459 ὲκ
1737 2431 1787 2466 τῆς
1801 2431 1873 2465 πρὸς

1084 2482 1248 2517 Ἀδαοῦλφον
1279 2481 1429 2516 συναφείας
1451 2481 1498 2508 καὶ
1511 2481 1543 2506 ἐκ
1565 2480 1615 2514 τῆς
1639 2477 1707 2513 πρὸς
1721 2476 1873 2503 Κωνστάν-

1078 2537 1138 2556 τιον
1156 2528 1300 2564 συζυγίας)
1311 2528 1358 2554 καὶ
1372 2527 1480 2563 πληγὰς
1494 2527 1524 2553 δὲ
1535 2524 1678 2561 προελθεῖν
1691 2523 1721 2556 ἐξ
1736 2521 1870 2556 ἑκατέρου

884 2611 1002 2640 VARle
1022 2611 1223 2643 LECTIONES.

271 2660 404 2701 “pint;
417 2660 635 2701 g._“_63€xovro;
653 2660 832 2701 ςὶἡιτιιιψσξειεΔ
840 2661 964 2701 διέχοντα
978 2662 1018 2687 vel
1033 2661 1191 2701 malum:qu
1225 2660 1248 2701 ’ξ
1256 2659 1341 2694 φίλων
1356 2667 1387 2701 Ξ.
1418 2656 1620 2701 1⁸⁷-διεῖιξγχξινε

235 2695 407 2730 περιλίποετο
421 2698 478 2730 τοῖς
492 2695 576 2728 ζῶσιν
590 2704 621 2728 ς,

235 2731 259 2747 ³³
280 2731 409 2768 Ὀνωρίου
426 2740 457 2764 ς’.

673 2697 694 2714 ’⁸
711 2696 765 2728 ἀπὸ
780 2696 882 2727 Naidos
898 2696 1033 2724 Labbeus.

1072 2687 1094 2713 ἢ
1108 2687 1208 2728 καίείς
1223 2687 1272 2730 τὴν
1287 2704 1318 2727 ς.
1357 2687 1378 2710 ίι
1395 2694 1463 2728 αὐτῇ
1482 2687 1595 2718 ιιιΜξ-Ἇ.
1633 2690 1655 2730 ξι
1668 2687 1818 2730 χρημάτων
1836 2694 1870 2721 ς.

503 2724 526 2747 ³⁸
540 2724 631 2758 αὐτῶν
662 2724 773 2766 ἀγάπην
791 2740 821 2763 ς’.
861 2724 883 2748 ³⁵
895 2731 1005 2764 αὐτοὺςι
1037 2732 1126 2759 αὐτῶν
1141 2732 1174 2758 Α.
1199 2724 1234 2747 ’³⁸
1247 2724 1406 2765 Σπᾶδούσης
1444 2724 1492 2754 καὶ
1506 2729 1529 2754 Α
1543 2736 1549 2754 :
1564 2724 1767 2758 σπουδαζούσης
1782 2731 1815 2754 ς.

975 2788 1091 2817 ΝΟΤᾸΕ.

270 2835 328 2871 (56)
343 2834 414 2870 Lego
425 2835 594 2871 Σπαδούσης,
609 2835 670 2862 dum
688 2836 752 2871 quid
767 2837 867 2863 certius
878 2836 1021 2870 reperiam.

274 2864 331 2906 t5?)
351 2864 451 2901 [‘Jlatt't
467 2864 592 2905 forsitan,
607 2872 653 2907 qui
666 2864 837 2906 Ctiropatatcs
850 2864 957 2908 quoque
972 2871 1132 2909 appellatus.
1152 2868 1219 2896 Vide
1231 2872 1256 2895 et
1269 2866 1390 2895 Brisson.
1407 2864 1532 2893 Lexican.
