1934 3089
65 112 117 144 επ

570 113 835 144 BIBLIOTHECA.
848 127 881 132 -—
896 113 978 144 COD.
989 113 1105 143 LXXX.

1655 111 1709 142 ars

65 169 175 203 μέρους.
200 167 285 200 τέλος
309 167 342 194 ἑκ
355 167 406 202 τῆς
426 166 597 202 ἀναφθείσης
624 167 733 203 ἐκείνης
759 167 860 202 ἔχθρας

931 167 1000 195 mori
1020 175 1070 202 par
1084 175 1155 195 nunc
1167 167 1275 198 odium,
1293 165 1556 202 Constantinopolim
1576 165 1708 200 Placidia.

64 214 109 240 καὶ
124 213 172 240 τοῦ
191 213 360 249 ἀντιρρόπου
377 213 427 248 τῆς
443 213 509 248 πρὶν
527 213 620 247 φιλίας
636 214 731 249 μίσους
746 215 785 246 εἰς
810 214 861 241 Βυ-

65 260 172 291 ζάντιον
186 259 330 291 Πλακιδία,
344 258 392 286 τοῦ
405 259 521 293 ἀδελφοῦ
549 258 795 295 ὑπερισχύσαντος,
811 260 860 286 σὺν

64 305 119 335 τοῖς
139 304 253 335 οικείοις
277 305 372 331 παισὶν
406 304 571 340 ἐξορίζεται.
600 306 657 331 Καὶ
689 305 770 340 μόνος
790 306 860 341 αὐτῇ

65 350 232 384 Βονηφάτιος
246 351 280 377 τὰ
301 351 384 378 πιστά
407 351 550 385 φυλάττων
570 351 624 378 ἀπὸ
646 352 695 386 τῆς
714 352 859 387 Ἀφρικῆς,

67 395 100 433 ἦς
112 395 195 437 ἦρχε,
224 399 270 424 καὶ
286 398 417 433 χρήματα
428 397 465 429 ὡς
477 397 589 424 ἐδύνατο
606 397 714 433 ἔπεμπε
732 398 780 425 καὶ
794 398 864 428 ποὺς

910 213 995 240 fratre
1006 213 1179 248 praevalente,
1196 220 1257 240 cum
1274 212 1371 239 liberis
1393 212 1542 247 ahlegatur.
1563 211 1644 239 Solus
1656 211 1710 237 Bo-

912 259 1029 294 nifaciqs
1049 259 1128 287 fidem
1154 259 1190 285 illi
1220 265 1344 290 servans,
1374 265 1435 285 cum
1468 265 1502 285 ex
1530 256 1634 288 Africa.
1665 257 1711 287 cui

913 311 1039 338 praeerat,
1066 305 1220 340 pecuniam,
1244 309 1273 331 ut
1294 309 1410 338 poterat.
1433 303 1570 336 submisit,
1592 309 1647 331 tum
1675 305 1708 331 ad

916 351 967 378 alia
982 353 1006 378 ei
1026 351 1155 385 obsequia
1172 356 1271 386 praesto
1286 351 1345 377 fuit.
1366 350 1416 383 Qui
1440 354 1499 384 post
1526 350 1619 383 etiam,
1635 351 1718 379 ιιιιᾱη

918 397 1063 430 imperium
1081 397 1138 424 haec
1157 397 1267 428 rediret,
1283 395 1349 423 nihil
1365 403 1417 422 non
1435 394 1510 428 fecit,
1528 395 1655 431 tulitque.

65 447 113 480 τὴν
128 445 215 480 ἀλλην
237 446 318 478 αὐτὸς
336 445 450 473 ἔσπευδε
476 446 635 481 θεραπείαν,
666 445 779 481 ὕστερον
805 445 834 472 δὲ
856 444 905 472 καὶ
920 445 960 476 εἰς
992 445 1042 480 τὴν
1067 445 1117 479 τῆς
1148 443 1287 479 βασιλείας
1314 442 1446 478 ἀνάληψιν
1469 443 1578 469 ἅπαντα
1601 442 1714 469 συνεϐά-

65 495 136 521 λετο.

100 543 166 569 Ὅτι
191 542 322 578 Ὀνώριος
344 541 462 576 ὑδερικῷ
490 541 626 576 νοσήματι
645 541 727 573 ἁλοὺς
755 541 808 576 προ
831 540 861 573 ἒξ

66 588 211 615 καλανδῶν
241 586 436 622 Σεπτεμϐρίων
459 587 592 622 τελευτᾷ·
622 587 671 613 καὶ
699 587 855 622 πέμποντας.

68 635 224 670 γράμματα
238 633 306 669 πρὸς
318 633 340 649 ³⁷
356 633 406 667 τὴν
429 633 562 668 ἀνατολὴν
573 634 619 659 τὴν
631 632 765 668 βασιλέως
779 633 861 660 θάνα-

69 688 113 706 τον
135 679 287 714 μηνύοντα.
306 679 350 705 Ἐν
364 675 386 713 ᾦ
399 678 427 705 δὲ
444 679 531 706 ταῦτα
548 678 713 713 ἐπέμποντο,
734 679 863 713 Ἰωάννης

71 734 110 757 τις
124 726 299 760 αὐθεντήσας
311 727 448 760 τυραννεῖ.
458 726 515 760 Ἐφ’
522 723 553 753 οὗ
565 726 672 761 καὶτῆς
686 726 867 761 ἀναρρήσεως

72 771 220 806 γινομένης
234 772 257 787 ³⁸
270 771 373 808 ὲρῥήθη
399 771 493 808 ὥσπερ
518 771 571 798 ἀπό
585 780 658 803 τινος
680 772 862 807 προρρήσεως

73 817 243 852 προαχθέν³⁵·
257 817 378 849 ιΠίπτει,
388 818 419 843 οὐ
429 818 549 851 στήκει.»
558 817 605 844 καὶ
615 817 645 843 τὸ
658 817 760 851 πλῆθος
770 817 864 852 ὥσπερ

73 861 265 892 ἀναλύοντες⁸⁰
273 862 320 888 ἐπὶ
328 862 358 888 τὸ
373 861 482 898 ρηθὲν⁵¹
494 861 678 897 ἀναφωνοῦσι·
694 862 821 898 ιΣτήκει,
834 863 865 889 οὺ

74 907 198 934 πίπτει.»

110 954 175 980 Ὀτι
189 953 359 988 Βονηφάτιος
379 954 451 989 ἀνὴρ
461 951 497 990 ἦν
506 954 636 989 ἡρωϊκὸς,
659 953 706 981 καὶ
724 954 795 981 κατὰ
808 954 872 981 πολ-

73 999 129 1027 λῶν
155 1000 288 1032 πολλάκις
311 1000 458 1036 βαρϐάρων
490 1001 669 1036 ἠρίστευσεν,
695 1001 790 1028 ἄλλοτε
822 1002 871 1037 μὲν

75 1047 125 1072 σὺν
148 1046 252 1078 ὀλίγοις
263 1046 456 1082 ἐπερχόμενος,
468 1046 565 1073 ἄλλοτε
577 1045 606 1072 δὲ
617 1046 666 1073 καὶ
679 1047 727 1072 σὺν
739 1046 871 1078 πλείοσιν,

75 1093 162 1119 ἐνίοτε
176 1093 205 1119 δὲ
219 1093 266 1119 καὶ
283 1092 445 1128 μονομαχῶν
456 1101 462 1107 “
475 1093 523 1119 καὶ
545 1091 638 1123 ἁπλῶς
663 1093 762 1124 εἰπεῖν,
791 1092 873 1119 παντὶ

73 1138 170 1173 τρόπῳ
180 1138 287 1164 πολλῶν
302 1137 450 1173 βαρϐάρων
466 1137 514 1164 καὶ
529 1137 666 1173 διαφόρων
679 1137 766 1164 ὲθνῶν
786 1137 874 1173 ἀπήλ-

75 1182 141 1212 λαξε
157 1182 208 1216 τὴν
222 1182 368 1216 Ἀφρικὴν.
386 1179 441 1208 Ἦν
453 1181 481 1208 δὲ
495 1182 543 1208 καὶ
558 1181 736 1217 δικαιοσύνης
756 1182 875 1217 ἐραστὴς

75 1227 125 1253 καὶ
154 1227 305 1262 χρημάτων
327 1227 472 1263 κρείττων.
490 1227 633 1263 Ἐπράχθη
652 1227 679 1254 δὲ
697 1227 772 1263 αὐτῷ
787 1227 834 1254 καί
849 1236 876 1254 τι

75 1272 209 1299 τοιοῦτον·
224 1274 308 1309 ’Δνήρ
320 1282 362 1305 τις
371 1273 512 1308 ἄγροικος,
527 1273 597 1309 ἔχων
606 1273 741 1300 ἀνθοῦσαν
758 1275 877 1308 γυναῖκα

76 1320 129 1353 τὴν
152 1319 230 1354 ὥραν
247 1338 254 1351 ,
286 1320 338 1345 ὑπό
361 1328 433 1351 τινος
466 1319 520 1345 τῶν
548 1319 700 1354 συμμάχων
730 1319 877 1356 βαρϐάρων

78 1365 242 1400 ἐμοιχεύετο
260 1365 293 1393 ⁸³.
322 1367 414 1392 Δεῐται
434 1366 579 1401 τοιγαροῦν
603 1366 774 1401 Βονηφατίου
791 1387 799 1398 ,
828 1366 878 1402 τὴν

78 1410 160 1446 ὓᾶριν
183 1411 392 1446 ὀλοφυρόμενος.
416 1412 445 1438 '0
473 1412 501 1438 δὲ
525 1411 691 1446 Βονηφάτιος
719 1412 813 1448 μαθὼν
848 1413 879 1439 τὸ

879 793 900 820 Β

952 538 1087 566 Honorius
1100 545 1176 572 aqua:
1195 536 1337 564 intercutis
1359 536 1454 563 morbo
1469 540 1623 570 correptus,
1647 541 1711 564 ante

916 584 987 610 diem
1009 590 1034 609 vt
1051 581 1111 609 Kal.
1137 582 1275 616 Septemb.
1293 581 1347 618 (58)
1362 582 1444 608 vitam
1463 581 1542 613 liniit,
1565 581 1711 616 missasque

920 630 946 657 in
968 629 1142 656 Occidentem
1155 629 1261 660 litteraa,
1279 628 1392 663 Augusti
1408 632 1522 655 mortem
1538 627 1707 655 nuntiantes.

920 675 985 709 Quae
999 677 1060 702 dum
1079 675 1151 702 ultro
1176 675 1300 709 citroque
1328 675 1484 706 mittuntur,
1511 673 1632 702 Joannes
1655 676 1715 709 qui-

921 723 983 749 dam
1009 721 1182 757 tyrannidem
1210 721 1363 756 occupavit,
1388 725 1469 755 atque
1484 720 1543 755 ejus
1568 720 1715 755 inaugura-

922 769 994 795 tionc
1009 768 1125 802 imperii,
1151 772 1279 802 tanquam
1296 767 1329 794 ab
1352 767 1446 802 aliquo
1464 766 1562 794 futura:
1587 766 1626 793 rei
1650 773 1716 794 ora-

920 813 980 840 culo
996 833 1003 846 ,
1018 812 1120 847 jactum
1134 817 1177 840 est
1190 822 1197 840 :
1217 821 1227 838 ι
1245 812 1334 844 Cadit,
1349 820 1403 840 non
1421 817 1491 846 stat;
1510 821 1521 838 ι
1536 813 1607 847 quod
1619 812 1712 850 vulgus

920 860 1021 886 dictum
1049 859 1188 886 invertens
1216 859 1406 886 exclamabat:
1437 868 1446 884 (
1479 858 1560 886 Stat.
1588 864 1641 885 non
1671 866 1718 885 ca-

921 906 970 933 dit.
989 915 998 932 ι

956 951 1112 979 Bonifacius
1128 951 1184 987 (59)
1203 952 1246 978 vir
1262 957 1323 979 erat
1342 951 1483 984 heroicus,
1495 951 1541 986 qui
1556 959 1619 980 cum
1645 953 1716 978 mul-

922 999 960 1027 tis
973 1007 1045 1034 szepe
1065 999 1192 1034 gentibus
1209 1000 1334 1027 barbaris
1350 1004 1462 1028 strenue
1484 1000 1625 1035 pugnavit,
1647 1007 1718 1035 pan-

924 1045 964 1073 cis
977 1046 1114 1072 interdum
1143 1045 1229 1080 copiis
1259 1045 1401 1078 adhibitis,
1421 1046 1557 1073 interdum
1583 1046 1717 1080 pluribus.

925 1098 1120 1127 nonnunquam
1145 1098 1208 1118 vero
1227 1095 1254 1118 et
1270 1090 1402 1126 singulari
1428 1091 1599 1119 certamine:
1626 1096 1664 1123 et,
1689 1095 1725 1117 ut-

924 1137 1007 1164 verho
1030 1137 1135 1169 dicam,
1154 1136 1286 1164 barbaras
1312 1137 1429 1170 multas,
1456 1137 1601 1172 variasque
1624 1142 1720 1172 gentes

925 1183 1016 1210 Africa
1032 1183 1146 1218 expulit.
1163 1182 1237 1210 idem
1260 1182 1373 1217 iustitiae
1393 1181 1435 1209 vel
1451 1182 1478 1209 in
1497 1182 1592 1216 primis
1614 1181 1719 1210 Studiu-

926 1237 982 1261 sus,
999 1233 1026 1256 et
1041 1229 1182 1256 abstinens
1206 1237 1237 1256 ac
1256 1229 1434 1264 pecuniarum
1462 1233 1633 1263 contemptor
1658 1228 1719 1260 fuit,

927 1283 942 1302 a
957 1282 1010 1310 quo
1031 1275 1112 1302 etiam
1137 1275 1290 1309 hujusmodi
1317 1275 1462 1310 aliquando
1488 1279 1624 1310 patratum
1647 1274 1714 1302 faci-

929 1327 989 1347 nus.
1016 1319 1089 1355 63a
1105 1318 1234 1347 Rusticus
1249 1319 1360 1354 quidam
1378 1320 1516 1354 prtestanti
1539 1319 1626 1347 forma
1653 1327 1721 1353 uxo-

930 1373 984 1391 rem
1001 1373 1077 1392 suam
1094 1373 1153 1392 ctttn
1183 1365 1303 1393 Barbaro
1329 1367 1447 1401 quodam
1475 1374 1490 1394 c
1517 1366 1717 1394 conftederatis

931 1410 1018 1438 milite
1039 1418 1222 1438 consuescere
1250 1413 1388 1446 cognovit,
1405 1413 1508 1447 rogavit
1533 1413 1626 1448 itaque
1641 1413 1726 1440 Boni—7

77 1457 223 1491 διάστημα
234 1456 281 1483 τοῦ
294 1457 377 1483 τόπου
394 1459 441 1484 καὶ
452 1457 482 1484 τὸ
490 1458 576 1492 δνομα
591 1458 639 1484 τοῦ
653 1458 750 1493 ἀγροῦ,
766 1460 795 1485 ὲν
809 1455 832 1492 ᾧ
845 1459 873 1485 τὰ

933 1456 1045 1490 facium,
1061 1458 1178 1485 dedecus
1203 1457 1266 1484 illud
1286 1458 1397 1488 familia:
1417 1458 1574 1493 deplorans,
1593 1465 1624 1486 ut
1643 1466 1722 1493 opem

78 1504 132 1537 τῆς
146 1503 269 1537 μοιχείας
285 1504 447 1538 ἐπράττετο.
464 1504 511 1530 τὸν
530 1504 578 1539 μὲν
597 1504 690 1540 ίκέτην
700 1504 724 1520 ⁸⁸
751 1504 814 1540 [1M-
833 1504 880 1540 1].]

80 1550 153 1579 τέως
182 1550 345 1584 ἀπέπεμπε,
374 1550 531 1584 προστάξας
556 1550 637 1576 πάλιν
663 1551 696 1586 τῇ
715 1550 780 1585 ἑξῆς
807 1551 881 1586 αὐτῷ

85 1595 264 1631 προσελθεῖν,
285 1595 366 1630 ὀψίας
390 1595 418 1622 δὲ
438 1595 528 1621 λαθὼν
545 1595 679 1628 ἅπαντας,
698 1596 745 1622 καὶ
767 1595 815 1622 ἐπὶ
837 1596 882 1622 τὸν

82 1641 172 1677 ἀγρὸν
201 1642 300 1673 ἐλάσας
336 1641 522 1676 ἑϐδομήκοντα
547 1641 725 1676 διιστάμενον
753 1642 881 1674 σταδίοις,

81 1688 131 1715 καὶ
146 1686 236 1723 εὑρὼν
253 1687 299 1714 τὸν
313 1686 451 1722 βάρϐαρον
473 1688 507 1721 τῇ
529 1688 712 1723 μοιχευομένη
731 1687 884 1721 συγκαθεύ-

81 1732 178 1763 δοντα,
202 1733 299 1767 τέμνει
323 1740 352 1758 τε
376 1732 459 1759 αὐτοῦ
475 1732 523 1768 τὴν
545 1732 666 1768 κεφαλὴν
681 1733 727 1760 καὶ
747 1733 781 1759 δι’
798 1733 883 1769 αὐτῆς

84 1779 257 1812 ὑποστρέφει
280 1778 388 1810 νυκτός.
409 1779 589 1812 Προσελθόντι
605 1778 635 1805 δὲ
654 1779 727 1806 κατά
746 1779 776 1806 τὸ
796 1779 880 1815 πρόσ-

84 1834 180 1860 ταγμα
191 1826 232 1855 εἰς
239 1824 289 1859 τὴν
307 1824 403 1860 αὔριον
417 1825 457 1860 τῷ
474 1825 553 1861 ἀνδρὶ
566 1825 706 1852 ἐπιδίδωσι
718 1826 765 1853 τοῦ
782 1826 884 1861 βαρὸά-

86 1880 137 1907 ρον
152 1871 203 1907 τὴν
218 1870 352 1905 κεφαλὴν,
365 1870 614 1906 διαπυνθανόμενος
630 1871 655 1897 εί
669 1871 846 1906 ὲπιγινώσκοι
860 1872 884 1888 ⁸⁸

85 1918 185 1953 αὑτήν.
207 1917 272 1954 [197
300 1916 347 1953 R.]
367 1916 398 1943 '0
419 1916 447 1943 δὲ
471 1919 528 1948 τοῖς
556 1917 690 1952 παροῦσιν
719 1917 778 1952 ἅμα
798 1926 885 1944 κατα-

86 1963 207 1998 πλαγεὶς
218 1964 267 1990 καὶ
277 1963 469 1999 ἀμηχανήσας,
487 1962 583 1990 ἔπειτα
600 1964 727 1997 ἐπιγνοὺς
743 1963 789 1990 καὶ
799 1963 885 1991 πολλὰ

86 2010 139 2044 τῆς
149 2009 325 2043 δικαιοσύνης
337 2009 538 2043 εὐχαριστήσας
550 2008 584 2039 ⁸⁵,
605 2008 655 2034 σὺν
665 2009 739 2044 χαρᾷ
754 2009 848 2044 ἀπῄει.

125 2055 190 2080 ὀτι
203 2053 318 2084 ἕκαστος
333 2052 387 2079 τῶν
400 2052 526 2087 μεγάλων
543 2052 626 2079 οἴκων
638 2053 688 2087 τῆς
709 2052 829 2088 Ῥώμης,
847 2053 885 2085 ὥς

89 2109 186 2136 φησιν,
212 2100 321 2127 ἅπαντα
338 2098 411 2134 εῖχεν
427 2099 456 2124 ἐν
476 2098 566 2133 ἑαυτῷ
583 2098 670 2125 ὁπόσα
685 2098 762 2130 πόλις
779 2099 886 2134 σύμμεο

934 1503 1028 1531 ferret.
1041 1502 1087 1530 llle
1101 1524 1109 1536 ,
1127 1504 1236 1538 cognito
1252 1503 1302 1531 loci
1318 1504 1472 1537 intervallo,
1487 1509 1516 1532 et
1530 1505 1587 1540 agri
1601 1504 1721 1535 nomine.

936 1549 980 1576 ubi
997 1549 1159 1577 adulterium
1177 1555 1340 1585 patrarctur,
1364 1550 1500 1577 hominem
1531 1556 1587 1577 tum
1612 1550 1725 1585 quidem

933 1594 1049 1628 dimisit,
1067 1596 1093 1623 in
1117 1601 1255 1631 pOsterum
1280 1596 1351 1623 diem
1378 1597 1410 1623 ad
1436 1603 1467 1623 se
1491 1596 1581 1624 redire
1603 1595 1723 1631 iussum.

934 1640 1020 1668 Noctu
1044 1646 1155 1673 autem,
1182 1641 1274 1668 insciis
1301 1641 1429 1669 omnibus
1460 1641 1486 1668 in
1514 1648 1609 1676 agrum
1641 1641 1721 1671 illum.

934 1687 1106 1722 septuaginta
1125 1687 1222 1715 stadiis
1240 1687 1365 1715 dissitum
1391 1686 1539 1722 profectus,
1562 1687 1724 1722 deprehensi

933 1741 994 1760 cum
1014 1734 1119 1761 moecha
1147 1733 1260 1761 Barbari
1287 1737 1369 1768 caput
1391 1735 1555 1768 amputavit,
1575 1733 1725 1768 eademque

935 1780 1044 1806 domum
1062 1785 1141 1808 nocte
1164 1781 1287 1808 revertit.
1317 1780 1452 1808 Redeunti
1470 1780 1543 1812 dein,
1568 1785 1598 1806 ιιι
1613 1781 1725 1807 manda-

935 1831 991 1853 tum
1014 1827 1113 1860 fuerat,
1131 1827 1263 1862 postridie
1285 1826 1394 1858 marito,
1412 1825 1524 1853 Barbari
1549 1830 1630 1863 caput
1644 1826 1726 1853 obtu-

936 1871 977 1903 lit,
993 1876 1166 1906 percontatus
1187 1879 1221 1898 an
1246 1872 1378 1899 novisset.
1403 1870 1449 1897 llle
1471 1871 1628 1905 spectaculo
1663 1878 1726 1906 per-

935 1926 1043 1952 cnssus,
1057 1923 1085 1946 et
1104 1919 1181 1953 quasi
1203 1925 1282 1946 sensu
1310 1922 1411 1950 motus,
1442 1925 1503 1944 mox
1537 1918 1581 1945 ubi
1606 1919 1725 1954 agnovit,

937 1965 1030 1992 multis
1056 1964 1169 2000 iustitia:
1197 1971 1280 1992 causa
1297 1963 1366 1991 actis
1389 1963 1497 1998 gratiis,
1522 1963 1633 1991 domum
1650 1964 1734 1992 hctus.

937 2011 1027 2038 rediit.

973 2057 994 2084 E
1010 2057 1114 2092 tnagnis
1124 2056 1253 2084 Romanae
1276 2057 1352 2085 urbis
1367 2057 1490 2085 domibus
1505 2058 1549 2093 (ut
1562 2058 1606 2085 hic
1628 2057 1729 2094 refert)

938 2103 1027 2130 omnia
1039 2103 1109 2129 intra
1119 2110 1147 2130 se
1162 2111 1332 2138 unaquaeque
1359 2104 1471 2137 habuit,
1485 2111 1652 2138 quaecunque
1666 2111 1728 2131 nte-

89 2156 156 2182 στρος
164 2146 282 2180 ⁴ἠδύνατο
290 2146 373 2182 ἔχειν,
391 2147 558 2182 ἱππόδρομον
570 2146 618 2172 καὶ
630 2146 731 2181 φόρους
743 2146 791 2172 καὶ
803 2146 873 2172 ναοὺι

939 2149 1039 2176 diocris
1066 2149 1146 2176 etiam
1174 2149 1239 2176 urbs
1258 2149 1357 2176 habere
1376 2150 1479 2184 potuit;
1501 2150 1705 2184 hippodromum
1719 2168 1729 2182 .

90 2194 140 2220 καὶ
165 2192 257 2228 πηγὰς
274 2193 322 2219 καὶ
337 2193 438 2229 λουτρὰ
457 2193 585 2228 διάφορα.
600 2191 647 2218 Διδ
660 2192 708 2218 καὶ
732 2192 746 2218 ὁ
762 2199 887 2227 συγγρα-

91 2241 160 2274 φεὺς
176 2239 380 2274 ἀπεφθέγξατο.

92 2285 140 2320 Εἷς
152 2287 244 2322 δόμος
250 2286 330 2314 ἄστυ
336 2287 431 2314 πόλει·
443 2285 633 2318 πόλις-ἄστεα
638 2284 731 2320 μυρία
739 2284 837 2311 κεύθει
849 2283 884 2311 ⁸⁸.

93 2331 184 2360 *Ησαν
210 2333 240 2359 δὲ
261 2333 309 2359 καὶ
325 2332 425 2369 λουτρὰ
445 2332 563 2368 δημόσια
588 2330 764 2366 παμμεγέθη.
797 2331 830 2357 At
858 2330 888 2357 δὲ

99 2379 277 2405 Ἀντωνιαναὶ
293 2378 366 2406 οὓτω
381 2379 547 2412 καλούμεναι
567 2378 607 2409 είς
633 2377 727 2412 χρείαν
741 2376 796 2403 τῶν
811 2376 888 2403 λουο-

97 2426 187 2459 μένων
201 2424 336 2460 καθέδρας
351 2423 424 2460 εῐχον
431 2425 453 2441 ⁵⁷
470 2423 678 2459 παρακειμένας
692 2423 780 2459 χιλίας
792 2423 889 2456 ἐξακοι

97 2471 168 2505 σίας,
185 2471 219 2497 ἐκ
233 2470 382 2506 μαρμάρου
396 2470 654 2505 κατεσκευασμένας
672 2468 766 2502 ξεστοῦ
780 2477 788 2485 ·
799 2481 801 2483 τ
813 2468 842 2495 αι
860 2468 890 2495 δὲ

941 2194 1015 2228 fora,
1029 2194 1139 2222 delubra
1149 2195 1266 2228 ,fontes,
1281 2195 1354 2222 varia
1369 2195 1477 2223 balnea.
1493 2194 1561 2223 Hinc
1571 2199 1598 2223 et
1612 2195 1732 2230 scriptor

940 2239 980 2266 sic
993 2239 1124 2266 exclamat
1138 2244 1154 2266 :‘

941 2283 990 2310 Est
1004 2283 1066 2310 urbs
1075 2292 1128 2311 una
1142 2284 1235 2311 domus
1246 2292 1256 2312 :
1272 2284 1343 2311 mille
1354 2285 1451 2319 oppida
1460 2285 1573 2312 continet
1583 2293 1636 2312 una
1656 2285 1730 2313 urbs.

940 2329 992 2357 Sed
1008 2325 1153 2358 etlav'acra
1170 2330 1274 2364 publica
1294 2331 1395 2366 ingenti
1411 2338 1521 2365 prorsus
1533 2330 1608 2358 fuere
1628 2331 1734 2365 magni-

939 2376 1046 2408 tudine,
1069 2377 1212 2411 equibus,
1247 2384 1306 2412 quae
1334 2376 1525 2404 Antoniniante
1556 2377 1731 2404 nominantur

940 2422 1071 2456 thermae,
1089 2424 1122 2450 ail
1142 2423 1353 2450 commodiorem
1373 2423 1523 2450 lavantium
1542 2431 1618 2450 usum
1631 2443 1639 2456 ,
1659 2423 1734 2451 mille

944 2474 1073 2497 sexcenta
1092 2469 1245 2498 habuerunt
1261 2471 1355 2499 sedilia
1371 2479 1387 2499 e
1401 2478 1539 2499 marmore
1553 2471 1635 2506 polito
1650 2469 1735 2498 fabri-

735 2535 854 2564 νΑιιιΑι
871 2535 1076 2565 LECTlONES.

131 2598 153 2615 I1
161 2598 233 2634 πρὸς

99 2633 214 2668 τὺρἧμα
224 2642 255 2666 ς’.

100 2672 266 2704 χαριστήσάς
282 2677 314 2701 ς.
353 2668 377 2685 ⁸⁸
391 2668 485 2696 κεύθει
502 2670 525 2696 Α
555 2678 563 2696 :
586 2668 678 2704 τεύχει
696 2677 727 2700 ς.
765 2668 787 2684 ‘7
805 2668 863 2703 εἶχε
880 2676 910 2700 ς.

1475 2562 1493 2573 δ

240 2599 263 2625 Α
272 2605 280 2625 :
289 2599 330 2630 είς
343 2607 373 2631 ς.
411 2598 434 2616 ³⁸
446 2598 594 2635 γενομένης
604 2607 634 2630 ς.
672 2598 693 2635 ’ξ
703 2596 826 2635 πραχθὲν
842 2605 873 2629 ς.
894 2597 918 2635 ⁸ξ
925 2597 1100 2635 ἀναλύοντες]
1108 2597 1224 2627 fortasse
1233 2599 1285 2634 leg.
1294 2599 1438 2635 akﬁowec.
1471 2600 1492 2615 δι
1504 2599 1550 2626 ἐπὶ
1557 2598 1588 2625 τὸ
1599 2596 1681 2635 ῥηθὲν
1691 2596 1732 2626 Δὲ

309 2635 333 2652 ⁸⁸
350 2632 545 2670 ἐμοιχεύετοΔ
562 2632 652 2670 ι’ἐγνω
663 2633 749 2668 αὐτὴν
767 2632 967 2670 ¹μοιχευομένην
983 2643 1014 2667 ς.

1053 2634 1076 2650 ⁵³
1092 2633 1202 2670 οἰκέτην
1223 2633 1270 2666 ς(
1293 2635 1316 2650 ⁸⁸
1330 2634 1510 2669 ἐπιγινώσκει
1525 2642 1555 2666 ς.
1594 2633 1618 2650 ⁸⁸
1649 2633 1735 2659 ἀπεν-

853 2724 971 2753 NOTAE.

138 2774 194 2808 (58)
210 2774 354 2810 Discrepat
383 2775 428 2802 hic
450 2773 570 2810 calculus
583 2775 619 2801 ab
642 2774 712 2806 aliis,
738 2782 800 2810 nam
818 2781 883 2801 1th

106 2810 166 2845 tul.
184 2809 324 2845 Septemb.
347 2810 448 2838 obiisse
461 2809 610 2837 Honorium
625 2811 733 2837 tradunt
746 2809 883 2842 Socrates,

105 2843 230 2881 Prosper;
246 2844 419 2873 Marcellinus
431 2849 459 2873 et
471 2845 663 2873 Cassiodorus.

976 2773 1032 2810 (59)
1046 2773 1096 2802 Hic
1113 2774 1145 2802 Β.
1165 2774 1319 2810 Augustino
1335 2773 1525 2810 perfamiliaris
1540 2771 1611 2807 fuit,
1632 2773 1662 2798 ut
1675 2775 1738 2800 cre-

940 2809 996 2838 brae
1008 2811 1147 2845 utriusque
1163 2809 1259 2838 littera:
1275 2809 1432 2842 ostendunt.
