1934 3089
226 144 282 178 £83

808 138 940 169 PHOTII
959 135 1213 168 PATRIARCH/E
1230 137 1288 168 (ΖΡ.

1813 137 1871 168 284-

228 203 360 230 cedonum
370 197 472 235 judicio
482 218 490 230 ,
509 204 601 232 regum
613 195 723 224 nomine
735 195 878 229 imperium
891 202 1020 229 procurra-

1079 194 1111 224 ιὶς
1126 193 1190 225 τοὺς
1203 193 1276 228 ἀμφὶ
1298 193 1461 229 Περδίκκαν,
1475 193 1501 220 οἳ
1515 193 1605 229 κρίσει
1625 193 1681 220 τῶν
1703 194 1870 224 Μακεδόνων

231 250 308 276 bant.
319 246 418 273 Narrat
429 243 574 277 deinceps,
589 246 619 268 ut
634 241 779 268 Alexandri
792 240 828 267 sit
840 240 956 266 divisum
970 239 1023 265 im-

231 296 344 327 perium.
357 291 426 319 Asia:
439 289 545 325 quidem
561 288 612 316 hoc
626 287 716 314 modo.
732 286 877 313 Ptolemaeo
891 284 957 318 Lagi
970 284 1025 311 filio

230 341 313 367 totius
323 337 430 372 (Egypli
441 357 448 368 ,
458 341 485 363 et
496 335 587 370 Libyae
598 356 606 369 ,
618 338 645 361 et
653 333 741 360 omnis
750 332 818 359 ultra
829 332 899 358 hanc
909 329 1026 365 regionis

231 385 348 419 Egypto
357 381 505 416 adiacentis
514 400 522 413 ,
535 380 675 415 imperium
683 379 788 406 datum.
797 377 1026 405 Cleomenesvero

232 428 265 454 ab
273 428 428 454 Alexandro
441 434 504 461 rege
515 425 578 452 huic
592 424 723 457 Satrapite
735 423 886 457 impositus,
896 423 1024 449 vicariam

230 473 375 500 Ptolemzco
402 477 531 506 praestare
563 478 672 505 operam
685 469 777 503 jussus
799 473 851 495 est.
872 468 1024 494 Laomedon

231 521 396 555 Mitylenaaus
408 519 513 554 Syriam
525 517 622 550 tenuit;
637 517 772 546 Philotas.
784 515 917 546 Ciliciam;
928 514 1024 541 Pithon

232 574 306 598 vero,
323 564 452 597 Mediam;
465 564 609 595 Eumenes,
621 562 822 597 Cappatloeiam
841 561 1027 596 ctPaphlago-

231 614 303 640 niant
316 633 324 643 .
337 617 487 647 gentesque
499 611 532 636 ad
547 610 680 636 Euxinum
697 614 809 644 pomum
825 610 891 636 sitas
904 628 913 641 ,
928 609 960 634 ad
979 615 1026 634 us-

231 665 284 692 que
309 657 517 692 Trapezuntem.
542 656 693 689 Antigonus
709 653 879 689 Pamphyliis
896 659 923 681 et
936 653 1028 681 Cilici-

231 704 347 739 bus(72)
366 703 508 736 praefectus
530 707 588 733 est.
612 709 697 737 usque
711 702 744 728 ad
759 702 916 737 Phrygiam.
944 701 1027 728 Asan-

231 751 281 777 dro
307 750 390 777 Cares
409 750 464 784 (75)
487 750 657 775 obvenerunt
674 756 681 780 ;
709 747 773 783 Lydi
788 755 850 775 vero
868 747 1026 775 Menandro.

231 797 367 825 Leonnatus
379 796 536 832 Phrygiam,
557 803 618 830 qua:
631 796 662 822 ad
678 794 747 831 641)
763 794 962 830 Hellespontum
975 798 1026 828 est,

230 844 456 877 obtinuit.Atque
473 843 509 869 ita
519 843 626 877 quidem
645 843 708 868 Asia
736 841 891 868 distributa.
922 840 950 868 In
971 840 1026 867 Eu-

231 898 315 925 ropa,
349 889 485 920 Thracia,
518 889 645 922 quidem,
678 892 704 914 et
730 886 920 914 Cherronesus
946 886 1024 922 Lysi-

231 936 329 962 macho
356 935 434 962 cessit
449 933 522 968 ('M).
537 933 680 966 Antipater
705 937 794 960 autem
814 933 947 960 universa:
969 933 1025 960 Ma-

230 980 367 1013 cedoniae,
384 985 410 1006 et
428 979 555 1011 Graeciae,
576 978 674 1014 Illyriis
690 979 772 1012 item,
786 983 812 1005 et
827 978 970 1010 Triballis,
986 983 1027 1005 at-

230 1034 283 1061 que
297 1027 421 1061 Agrianis
433 1046 440 1059 ,
453 1026 638 1060 omnibusque
653 1025 721 1052 adeo
739 1026 772 1052 iis
783 1045 790 1057 ,
807 1026 904 1059 quibus
919 1025 946 1052 in
962 1033 1027 1052 cou-

230 1071 349 1108 t:nente[
360 1072 488 1107 Europaea
502 1071 509 1108 ]
529 1073 617 1099 fuerat
629 1070 662 1098 ab
671 1071 825 1099 Alexandro
837 1073 923 1099 adhuc
931 1080 1027 1106 super-

229 1119 293 1146 stite
307 1126 368 1146 cunt
384 1121 461 1153 plena
481 1123 508 1146 et
523 1126 630 1145 summa
642 1123 774 1152 potestate
792 1119 940 1152 imperator
954 1126 1024 1153 pm—

230 1164 327 1191 fectus.
352 1163 494 1191 Curatoris
523 1172 605 1198 porro
624 1163 740 1190 ollicium
754 1183 762 1196 ,
796 1171 911 1199 qumque
928 1164 962 1191 ad
984 1171 1027 1191 re-

229 1211 299 1244 giam
309 1211 475 1244 pertinerent
490 1211 598 1237 tutelam
609 1230 617 1242 ,
631 1209 743 1238 Cratero
761 1211 936 1237 tnaudata.At
954 1210 1025 1244 quod

231 1264 366 1283 suunnum
375 1261 416 1282 est
426 1256 496 1290 apud
511 1255 671 1283 Macedonas
679 1255 817 1291 dignitatis
825 1256 944 1288 culmen,
958 1255 1025 1283 Per-

229 1304 320 1328 diCCas
337 1301 535 1335 Hephaestionis
553 1302 739 1328 chiliarchiani
755 1302 842 1328 tenuit
856 1301 938 1336 (75).

266 1347 391 1373 Indorum
403 1348 523 1373 υηιιιίιιιιι
540 1347 658 1382 praefecti
675 1347 759 1375 Porus
772 1353 799 1374 et
811 1347 923 1375 Taxiles
936 1348 1024 1375 fuere.

230 1394 269 1420 Ac
301 1393 499 1428 Poroquideut,
529 1401 590 1428 qua:
619 1394 713 1421 ludum
732 1394 803 1421 inter
827 1399 854 1422 et
879 1393 1024 1430 Hydaspen

231 1441 340 1466 ilotniua
359 1439 468 1473 jacent;
486 1439 574 1466 Taxili
598 1447 661 1467 vcro
686 1440 788 1474 reliqua
807 1445 870 1468 sunt
884 1441 1023 1468 attributa.

233 1486 327 1512 Pithon
343 1485 399 1520 (76)
413 1486 482 1512 alter
494 1486 589 1513 horum
603 1485 725 1513 finitimis
739 1487 892 1521 imperavit,
905 1487 1025 1521 exceptis

1075 239 1260 276 ἐπετρόπευον
1279 240 1370 270 αὐτοῖς
1388 240 1438 275 τὴν
1457 240 1557 275 ἀρχήν.
1573 239 1689 273 Διέξεισι
1705 241 1750 267 καὶ
1762 241 1838 274 ὅπως
1851 243 1869 278 ἡ

1075 283 1123 310 τοῦ
1142 285 1317 320 Ἀλεξάνδρου
1332 284 1479 320 διενεμήθη
1499 285 1582 321 ἀρχή.
1602 285 1664 322 [HG
1687 285 1734 323 IL]
1757 288 1798 314 Τὰ
1818 289 1869 324 μὲν

1075 331 1122 358 οὖν
1136 331 1186 366 τῆς
1204 332 1297 363 Ἀσίας
1308 331 1390 359 οὕτω.
1412 331 1580 367 Πτολεμαῖος
1593 333 1608 359 6
1623 333 1715 367 Λάγου
1727 334 1869 368 Αἰγύπτου

1077 377 1168 413 πάσης
1192 378 1238 404 καὶ
1254 377 1356 411 Λιὸύης
1386 377 1434 404 καὶ
1458 377 1506 412 τῆς
1526 378 1654 405 ἐπέκεινα
1685 380 1754 415 γῆς,
1780 381 1869 416 ὁπόση

1077 423 1207 458 Αἰγύπτῳ
1228 425 1369 457 συνάπτει,
1387 424 1481 460 ἄρχειν
1501 425 1603 460 ἐτάχθη
1617 434 1624 441 ·
1642 425 1656 451 ό
1667 425 1695 452 δὲ
1707 426 1747 462 τῷ
1763 427 1871 461 βασιλεῖ

1086 469 1252 505 Ἀλεξάνδρῳ
1278 469 1327 496 ἐπὶ
1351 471 1384 505 τῇ
1410 470 1563 506 σατραπείᾳ
1587 470 1673 508 ταύτῃ
1700 473 1871 507 τεταγμένος

1078 515 1235 551 Κλεομένης
1250 515 1372 552 ὕπαρχος
1387 517 1548 552 Πτολεμαίῳ
1559 517 1746 553 ἀποκατέστη.
1759 520 1871 554 Λαομέ-

1077 561 1128 588 δων
1139 562 1167 588 δὲ
1177 563 1191 588 ὁ
1200 562 1381 595 Μιτυληναῖος
1395 563 1489 597 Σύρων
1503 563 1632 598 ἡγεῖσθαι
1645 564 1801 599 ἀπεφάνθη,
1821 565 1872 592 καὶ

1077 605 1198 637 Φιλώτας
1211 607 1261 641 μὲν
1274 607 1412 640 Κιλικίας,
1429 607 1519 634 Πίθων
1531 609 1553 624 "
1566 608 1593 634 δὲ
1609 608 1726 643 Μηδίας,
1743 610 1873 645 Εὐμένης

1077 653 1105 679 δὲ
1128 653 1325 684 Καππαδοκίας
1348 662 1378 680 τε
1402 654 1448 680 καὶ
1475 654 1667 689 Παφλαγονίας
1685 656 1731 683 καὶ
1748 657 1805 683 τῶν
1824 657 1874 683 ἐπὶ

1077 699 1124 725 τὸν
1137 698 1263 732 Εὔξεινον
1275 699 1372 726 πόντον
1390 700 1538 727 κατιόντων
1561 702 1642 737 μέχρι
1658 703 1704 728 καὶ
1719 703 1747 734 ἐς
1759 703 1874 738 Τραπε-

1079 745 1176 777 ζοῦντα
1188 746 1222 778 ⁷³,
1244 746 1395 780 Ἀντίγονος
1409 747 1438 773 δὲ
1450 745 1605 781 Παμφύλων
1625 748 1673 774 καὶ
1685 748 1805 775 Κιλίκιον
1822 750 1875 783 μέ-

1079 800 1124 827 χρι
1141 791 1273 826 Φρυγίας,
1291 792 1390 827 Καρῶν
1407 792 1435 819 δὲ
1448 793 1609 828 Ἄσανδρος,
1625 792 1685 829 [201
1699 793 1746 829 Β.)
1760 793 1873 821 Μέναν-

1081 837 1145 872 δρος
1160 837 1188 863 δὲ
1200 837 1304 869 Λυδῶν,
1322 837 1462 869 Λεωνάτος
1474 837 1502 864 δὲ
1515 838 1565 873 τῆς
1579 837 1622 872 ἐφ’
1646 838 1838 874 Ἑλλησπόντῳ
1849 840 1872 855 ⁷¹

1042 872 1063 899 Β
1077 883 1208 919 Φρυγίας.
1224 884 1280 910 Καὶ
1295 884 1350 911 τῶν
1367 884 1416 920 μὲν
1431 884 1564 911 Ἀσιανῶν
1579 885 1661 918 οὕτω,
1676 872 1730 911 τῶν
1745 885 1768 912 δ’
1780 872 1875 920 Εὐρω-

1078 930 1166 956 παίων
1179 929 1290 965 Θρᾴκης
1307 930 1356 965 μὲν
1365 930 1413 956 καὶ
1423 930 1596 966 Χερρονήσου
1614 930 1783 965 Λυσίμαχος,
1807 931 1872 958 Ἀν-

1077 977 1208 1012 τίπατρος
1226 977 1254 1003 δὲ
1281 977 1328 1003 ἐπὶ
1353 977 1420 1004 πᾶσι
1443 977 1583 1004 Μακεδόσι
1606 977 1654 1004 καὶ
1680 977 1794 1014 Ἕλλησι
1822 979 1873 1005 καὶ

1084 1023 1225 1058 Ἰλλυριοῖς
1245 1024 1293 1050 καὶ
1307 1024 1469 1059 Τριϐαλλοῖς
1486 1023 1534 1050 καὶ
1549 1025 1676 1059 Ἀγριᾶσι
1690 1025 1737 1051 καὶ
1753 1025 1804 1052 ὅσα
1819 1025 1872 1059 τῆς

1077 1070 1193 1106 ἠπείρου
1213 1070 1315 1103 ὲξέτι⁷²
1337 1070 1511 1107 Ἀλεξάνδρου
1524 1072 1676 1107 στρατηγὸς
1691 1073 1873 1109 αὐτοκράτωρ

1077 1116 1218 1146 ἐτέτακτο.
1232 1118 1288 1152 Τὴν
1299 1117 1327 1144 δὲ
1344 1117 1508 1152 κηδεμονίαν
1524 1118 1571 1144 καὶ
1588 1119 1637 1152 ὅση
1655 1118 1806 1154 προστασία
1820 1119 1873 1154 τῆς

1078 1163 1228 1199 βασιλείας,
1246 1164 1387 1199 Κρατερὸς
1406 1163 1560 1198 ἐπετράπη,
1578 1163 1642 1199 διδὴ
1662 1164 1816 1199 πρώτιστον
1827 1173 1873 1191 τι-

1079 1210 1131 1244 μῆς
1143 1209 1217 1241 τέλος
1233 1210 1307 1244 παρὰ
1319 1209 1456 1236 Μακεδόσι
1468 1217 1474 1223 ·
1487 1210 1640 1245 Περδίκκας
1657 1210 1686 1237 δὲ
1700 1210 1748 1245 τὴν
1769 1210 1873 1244 Ἡφαι-

1079 1255 1190 1287 στίωνος
1206 1255 1373 1291 χιλιαρχίαν.
1753 1263 1755 1265 ‘

1112 1344 1203 1373 Ἦσαν
1217 1347 1244 1373 δὲ
1253 1347 1382 1382 ἄρχοντες
1400 1347 1488 1374 Ἰνδῶν
1504 1347 1554 1383 μὲν
1565 1347 1698 1374 ἁπάντων
1709 1347 1806 1381 Πῶρος
1822 1347 1873 1374 καὶ

1077 1392 1195 1427 Ταξίλης
1211 1401 1217 1407 ·
1236 1393 1292 1419 ἀλλ’
1303 1394 1317 1420 ὁ
1333 1394 1382 1428 μὲν
1399 1393 1494 1429 Πῶρος
1510 1393 1534 1420 οἳ
1552 1395 1580 1420 ὲν
1597 1394 1672 1429 μέσῳ
1689 1393 1772 1420 Ἰνδοῦ
1786 1403 1874 1421 ποτα-

1079 1439 1131 1474 μοῦ
1148 1440 1194 1466 καὶ
1213 1439 1349 1466 Ὑδάσπου
1365 1440 1506 1474 νέμονται,
1520 1440 1638 1476 Ταξίλης
1651 1441 1680 1467 δὲ
1691 1441 1744 1467 τῶν
1755 1441 1872 1468 λοιπῶν.

1077 1486 1169 1512 Πίθων
1181 1487 1203 1502 ⁷³
1219 1485 1248 1512 δέ
1262 1495 1303 1518 τις
1328 1486 1383 1513 τῶν
1402 1487 1506 1519 τούτοις
1532 1487 1641 1522 ὁμόρων
1669 1488 1772 1522 ἠγεῖτο,
1799 1488 1873 1523 πλὴν

231 1531 413 1560 l’araunisadis
427 1532 492 1567 (77).
507 1532 557 1565 Qui
585 1540 649 1560 vero
666 1531 739 1560 Indis
765 1533 926 1560 contermini
951 1539 1022 1567 sunt,

1080 1533 1280 1568 Παραμισάδων
1292 1533 1323 1560 ⁷⁸.
1343 1533 1374 1559 οι
1386 1533 1414 1560 δὲ
1428 1533 1612 1565 συνάπτοντες
1624 1533 1726 1566 Ἰνδοῖς,
1742 1534 1798 1560 ὅσοι
1818 1534 1874 1560 ὑπὸ

231 1578 282 1604 sub
296 1578 440 1606 Caucaseis
451 1578 587 1606 montibus
597 1578 756 1611 incolentes,
767 1578 893 1614 Oxyarta:
907 1579 1024 1613 Bactrio,

231 1623 360 1651 Roxanes
385 1624 464 1658 patri,
484 1625 591 1659 regendi
614 1625 781 1659 obtigerunt.
805 1624 872 1652 Huic
902 1625 1024 1653 Hortante

231 1669 304 1697 lilius
331 1674 410 1697 tratus
434 1675 494 1704 post
521 1670 669 1697 Alexandri
703 1670 787 1704 patris
813 1671 1025 1706 obitum,quetn

231 1724 308 1752 aeque
321 1718 443 1752 parentis
461 1718 571 1744 nomine
588 1717 773 1744 Alexandrum
798 1718 962 1746 Macedones
977 1725 1025 1752 ap-

231 1762 376 1797 pellarunt.
391 1763 551 1790 Arachosiis
565 1768 592 1789 et
606 1762 746 1789 Gedrosiis
759 1763 895 1799 Sibyrtius
909 1763 1025 1799 praefuit.

233 1809 366 1835 Stasanor
392 1807 440 1844 [αι.
458 1807 600 1844 StanoSor]
626 1808 758 1836 Soliensis
782 1809 852 1843 apttd
881 1809 976 1836 Arcios
1001 1813 1027 1836 et

233 1853 354 1890 Drangos
373 1856 505 1889 regnavit.
537 1853 677 1889 Philippus
709 1854 854 1889 Sogdianis
871 1855 1025 1890 imperavit,

233 1908 262 1927 ut
277 1900 469 1935 ltadapharnes
485 1900 640 1935 Hyrcaniis,
662 1906 689 1928 et
702 1900 897 1935 Neoptolemus
913 1901 1027 1929 Carma-

234 1947 295 1974 niae.
336 1947 426 1975 Persae
463 1947 602 1975 Peucesta:
636 1953 796 1982 paruerunt.
827 1947 1025 1984 Sogdianorum

233 1994 334 2029 quippe
347 2002 458 2028 regnum
475 1994 592 2029 Oropius
606 2000 740 2027 tenuerat,
763 2003 816 2022 non
831 2003 846 2022 a
862 2000 939 2030 patre
965 1994 1027 2022 reli-

234 2046 320 2072 ctum,
338 2041 384 2067 sed
401 2042 434 2068 ab
456 2041 612 2069 Alexandro
642 2047 795 2076 acceptum.
811 2041 861 2075 Qui
882 2047 1025 2077 postquam

234 2085 335 2114 ineant
352 2086 534 2114 calamitatem
559 2087 666 2121 incidit,
695 2093 724 2114 ut
741 2087 935 2122 perduellionis
965 2095 1028 2114 reus

234 2139 317 2167 regno
330 2132 472 2160 exuendus
487 2137 570 2164 esset,
588 2134 817 2161 communicatum
831 2142 892 2161 cum
905 2134 957 2161 alio
970 2133 1026 2169 (78)

234 2177 331 2205 ltorunt
348 2177 570 2215 [Sogdianorum]
588 2180 730 2215 imperiutn
748 2180 844 2207 tenuit.
863 2180 1025 2216 Babylonio-

1079 1579 1134 1606 τοῖς
1147 1577 1316 1610 Καυκασίοις
1331 1577 1440 1614 δρεσι⁷⁸
1456 1578 1596 1613 νέμονται,
1612 1578 1748 1615 Ὀξυάρτῃ
1763 1578 1802 1614 τῷ
1820 1579 1876 1605 Βα-

1079 1623 1175 1659 κτρίῳ,
1199 1624 1229 1655 ὃς
1242 1621 1277 1660 ἦν
1301 1624 1439 1660 Ῥωξάνης
1454 1625 1556 1660 πατὴρ,
1573 1625 1614 1656 εἰς
1633 1626 1719 1660 ἀρχὴν
1731 1626 1872 1660 ἁπενεμή-

1079 1669 1167 1705 θησαν
1178 1678 1185 1685 ο
1201 1667 1235 1705 ἧς
1254 1669 1352 1705 ἐτέχθη
1375 1671 1441 1702 παῖς
1454 1671 1524 1705 μετὰ
1535 1671 1582 1698 τδν
1594 1671 1642 1698 τοῦ
1657 1671 1760 1706 πατρὸς
1775 1670 1875 1703 Ἀλεξ-

1079 1716 1177 1750 άνδρου
1198 1715 1324 1748 θάνατον,
1340 1713 1363 1750 ᾧ
1388 1717 1419 1743 τὸ
1441 1716 1607 1744 Μακεδόνων
1633 1717 1736 1752 πλῆθος
1754 1717 1802 1744 τοῦ
1818 1727 1874 1744 πα-

1078 1762 1142 1797 τρὸς
1159 1762 1208 1798 τὴν
1226 1762 1415 1797 προσηγορίαν
1428 1762 1606 1798 Ἀλέξανδρον
1624 1762 1725 1789 ἔθεντο.
1747 1763 1874 1798 Ἀραχω-

1079 1808 1146 1835 σίων
1161 1807 1190 1834 se
1206 1809 1253 1835 καὶ
1269 1808 1431 1843 Γαδρωσίων
1450 1809 1555 1844 ἐπῆρχε
1569 1808 1720 1844 Σιϐύρτιος,
1740 1809 1788 1835 καὶ
1800 1809 1874 1835 Στα-

1080 1855 1171 1890 σάνωρ
1185 1855 1199 1881 ὁ
1215 1855 1306 1886 Σόλιος
1320 1855 1434 1890 ’Δρείων
1451 1855 1499 1881 καὶ
1517 1854 1650 1890 Δράγγων
1664 1855 1764 1890 ἠγεῖτο.
1776 1855 1874 1882 Φιλίπ-

1079 1909 1130 1927 που
1143 1901 1172 1927 δὲ
1187 1898 1222 1936 ἧν
1234 1901 1306 1936 ἀρχὴ
1321 1900 1460 1935 Σογδιανοὶ
1476 1901 1524 1928 καὶ
1543 1900 1742 1937 Ῥαδαφέρνους
1769 1901 1877 1937 ’Υρκα-

1079 1947 1135 1974 νίαι
1163 1948 1210 1974 καὶ
1231 1947 1422 1982 Νεοπτολέμου
1447 1946 1606 1982 Καρμανία.
1629 1947 1734 1983 Πέρσαι
1762 1948 1791 1974 δὲ
1822 1948 1877 1974 ὑπδ

1080 1994 1224 2031 Πευκέστῃ
1249 1993 1412 2029 ἐτάχθησαν.
1435 1993 1491 2029 Τὴν
1510 1993 1539 2020 δὲ
1561 1993 1713 2028 Σογδιανῶν
1733 1993 1877 2028 βασιλείαν

1086 2039 1221 2076 Ὀρώπιος
1231 2037 1313 2074 εἶχεν,
1329 2041 1359 2066 οὺ
1380 2040 1495 2074 πάτριον
1505 2039 1576 2075 έχων
1588 2040 1687 2076 ἀρχὴν,
1700 2039 1768 2067 ἀλλὰ
1782 2039 1878 2072 δόντος

1080 2086 1163 2114 αὑτοῦ
1172 2086 1349 2122 Ἀλεξάνδρου
1363 2095 1369 2102 ·
1382 2087 1443 2113 ἐπεὶ
1453 2087 1481 2113 δὲ
1489 2086 1557 2122 τύχη
1571 2095 1611 2118 τις
1623 2085 1697 2120 αὐτῷ
1705 2085 1858 2112 συνέπεσεν
1868 2106 1877 2119 ,

1079 2132 1293 2164 ἐπαναστάσεως
1322 2134 1413 2160 αἰτίαν
1445 2132 1574 2168 φεύγοντι
1603 2133 1797 2168 παραλυθῆναι
1828 2134 1879 2168 τῆς

1080 2178 1180 2214 ἀρχῆς,
1198 2179 1259 2205 τότε
1275 2178 1372 2210 κοινῶς
1389 2178 1480 2205 αὐτῶν
1495 2178 1545 2214 τὴν
1561 2178 1649 2215 ἀρχὴν
1666 2176 1735 2213 εἶχε.
1750 2178 1881 2205 Βαϐυλω-

235 2234 294 2254 runt
310 2234 385 2258 vero,
400 2227 514 2262 ejusque
528 2214 646 2262 regionis
661 2236 720 2262 qua:
737 2228 826 2255 media
842 2214 944 2263 Tigrim
968 2228 1023 2264 (79)

1079 2224 1143 2250 νίων
1163 2224 1192 2251 δὲ
1207 2224 1316 2259 καὶτῆς
1341 2224 1427 2260 μέσης
1452 2223 1508 2250 τῶν
1524 2224 1656 2260 ποταμῶν
1675 2224 1813 2259 Τίγρητος
1831 2223 1880 2251 καὶ

235 2273 306 2300 inter
321 2279 348 2301 et
364 2273 529 2308 Euphratem
545 2274 641 2302 ﬂuvios
657 2275 708 2302 sita
726 2279 779 2308 est,
795 2275 832 2302 ita
851 2275 1024 2302 distributum

235 2319 390 2353 imperium,
411 2318 505 2346 utillis
524 2319 635 2354 quidem
658 2319 799 2351 Seleucus,
825 2319 1026 2354 Mesopotamia:

233 2373 300 2392 vero
309 2365 461 2393 Archelaus
478 2366 633 2400 imperaret.
650 2364 700 2392 Hic
717 2367 808 2400 itaque
823 2366 957 2400 gentium,
978 2367 1027 2394 ea-

233 2419 348 2446 rumque
361 2411 551 2446 prmfectoruut
564 2413 714 2448 catalogus,
728 2417 871 2448 poﬂquam
885 2412 1027 2442 Perdiccas

1078 2271 1237 2307 Εὐφράτου,
1258 2271 1313 2298 τῶν
1327 2271 1376 2306 μὲν
1387 2271 1529 2303 Σέλευκος,
1545 2271 1595 2306 τῆς
1618 2271 1646 2298 δὲ
1660 2271 1881 2306 Μεσοποταμίας

1084 2318 1232 2353 Ἀρχέλαος
1265 2315 1345 2353 ἦρχε.
1373 2317 1490 2344 Τοσόσδε
1519 2318 1638 2353 ἀριθμὸς
1665 2316 1750 2344 ἐθνῶν
1765 2325 1796 2343 τε
1832 2318 1882 2344 καὶ

1079 2365 1183 2392 ἔθνεσιν
1212 2365 1353 2401 ἀρχόντων
1387 2361 1432 2400 ἦν,
1461 2365 1506 2391 ὅτε
1537 2364 1691 2399 Περδίκκας
1725 2363 1797 2399 μετά
1830 2364 1882 2399 τὴν

1086 2411 1263 2446 Ἀλεξάνδρου
1273 2410 1404 2445 τελευτὴν
1418 2411 1467 2442 τὰς
1481 2410 1567 2446 ἀρχὰς
1578 2410 1680 2446 ἔνειμε.
1692 2410 1749 2436 Καὶ
1758 2410 1794 2436 τὰ
1809 2409 1881 2436 ἄλλα

865 2459 983 2489 νΑιιιλΕ
997 2462 1145 2491 LECTION
1151 2461 1201 2488 ES.

267 2509 289 2525 "
303 2508 405 2545 πείθων
421 2516 461 2543 pr.
480 2509 513 2541 A,
537 2508 632 2545 πύθων
658 2516 737 2545 corr,
751 2509 791 2545 κη
805 2510 1006 2545 τραπεζοῠντος
1037 2511 1070 2539 A.
1108 2512 1130 2526 “
1151 2509 1347 2545 Ἑλλησπόντου
1374 2515 1447 2545 corr.
1459 2507 1481 2533 Λ
1497 2515 1507 2545 :_
1543 2507 1566 2522 "
1582 2506 1654 2545 ἐξέτι
1667 2506 1689 2533 Δ
1705 2513 1712 2532 :
1731 2504 1761 2539 ῑξ
1773 2505 1824 2542 ετη
1849 2514 1880 2542 ς.

233 2544 256 2561 -"
272 2544 366 2571 πόθων
378 2542 449 2571 corr.
462 2545 495 2572 Δ.
535 2544 558 2560 ⁷⁵
567 2544 782 2581 παραμεισαδῶν
796 2542 842 2572 A':
861 2553 953 2573 verum
969 2551 1012 2574 est
1028 2542 1279 2582 Παροπαμισαδῶν.
1317 2544 1341 2559 ’³
1351 2543 1387 2569 τὰ
1413 2542 1561 2569 Καυκάσια
1581 2542 1632 2577 δρη
1657 2550 1688 2574 ς-

1013 2594 1130 2624 NOTAE.

276 2643 332 2679 (72)
350 2642 402 2679 Pro
421 2643 463 2672 his
475 2643 557 2671 habet
572 2643 623 2671 inf.
639 2642 726 2679 Lyciis
742 2644 852 2671 Arrian.
864 2645 927 2672 cod.
940 2643 986 2672 92-

272 2677 328 2713 (75)
341 2678 524 2710 Cassandrmn
543 2677 723 2714 apudrlustin.
743 2684 772 2706 et
790 2680 913 2707 Curtium
928 2680 1000 2714 leges
1018 2688 1024 2706 :

241 2719 270 2740 nt
287 2719 313 2740 et
336 2715 361 2741 in
379 2715 467 2748 priore
489 2715 593 2748 imperii
612 2713 778 2742 Macedonici
802 2715 935 2742 divisione
955 2713 1025 2749 apud

230 2751 380 2779 Arrianum
398 2750 446 2777 inf.
459 2752 521 2777 cod.
537 2750 584 2777 92.

272 2783 328 2820 (74)
350 2784 450 2813 Horum
470 2785 669 2812 tritnnviratum
682 2785 810 2813 conferas
824 2785 888 2814 licet
899 2794 960 2814 cum
977 2787 1029 2814 Ar-

237 2822 315 2848 riano
330 2821 394 2849 iufr.
406 2822 467 2849 cod.
485 2821 530 2848 9'2.

273 2845 738 2894 abillo-ligohaec-cumWPerdicca:
755 2855 1029 2894 dignitate,_secuttts

237 2890 458 2929 Arrianum’inf.
491 2898 518 2920 ct
546 2893 583 2920 ita
613 2892 726 2928 exigunt
756 2890 799 2920 res
832 2893 866 2920 dc
898 2892 1027 2920 Perdicca

239 2932 359 2962 scriptae.

1115 2643 1172 2679 ('76)
1185 2642 1243 2670 Non
1256 2641 1312 2674 ille,
1326 2642 1368 2679 cui
1382 2649 1458 2679 supr.
1474 2640 1589 2679 Mediam
1612 2640 1758 2679 obvenisse
1771 2640 1880 2679 retulit,

1076 2675 1124 2721 sed
1137 2675 1362 2721 qnerulA‘geuoris
1378 2675 1462 2704 lilium
1481 2678 1547 2704 facit
1557 2675 1694 2707 Justinus,
1705 2681 1732 2702 et
1745 2676 1881 2703 Arrianus

1083 2714 1425 2785 miigmlfrzdpamimdu
1450 2747 1522 2782 leges
1547 2747 1616 2774 infra
1639 2745 1709 2781 apud
1729 2745 1880 2774 Arriauum

1082 2785 1254 2855 ωῗῆἐζὶάυηι
1269 2818 1394 2855 Philippo
1412 2818 1553 2850 nimirum,
1578 2817 1621 2844 cui
1640 2816 1697 2852 jam
1724 2823 1787 2844 mox
1828 2815 1882 2844 So-

1085 2857 1176 2892 gdiaui
1195 2855 1317 2892 attributi
1335 2854 1504 2892 legebantur,

1123 2891 1179 2927 (79)
1197 2889 1273 2918 Unde
1289 2889 1477 2924 Mesopotamia
1491 2889 1561 2917 dicta
1570 2893 1621 2916 est.
