1934 3089
80 157 137 189 297

638 158 901 190 BIBLIOTEECA.
923 173 958 178 —
977 160 1060 191 COD.
1077 161 1152 191 XCI.

1669 158 1723 189 298

81 214 176 244 ναίους
191 213 310 244 σπονδὰς
323 213 371 240 καὶ
385 213 448 245 τοὺς
459 213 555 246 ἄλλους
570 213 706 248 Ἕλληνας
715 234 722 246 ,
736 214 800 240 ἄνευ
815 213 879 249 μέν-

938 215 1007 242 sibus
1030 215 1192 250 ueterisque
1211 213 1324 247 Grrecis,
1349 212 1565 241 Lacedaemoniis
1591 214 1722 247 exceptis,

82 267 124 284 τοι
138 258 365 293 Λακεδαιμονίων
374 278 382 291 ,
399 260 448 286 καὶ
457 260 506 295 τὴν
523 259 570 286 ἐπὶ
583 259 633 295 τὴν
652 259 745 286 Ἀσίαν
757 260 879 295 περαίω-

83 311 128 330 σιν
137 323 145 336 ,
156 304 231 336 ὅπως
248 312 279 330 τε
293 304 396 340 μάχαις
415 305 490 341 τρισὶ
499 305 522 321 ³³
535 305 742 341 κατεστρέψατο
753 306 878 341 Πέρσας,

83 350 113 376 ἐν
126 349 252 385 Γρανικῷ
275 350 326 384 μὲν
348 351 413 383 τοὺς
433 351 578 386 σατράπας
598 351 731 386 Δαρείου,
750 350 881 386 στρατιὰν

84 396 201 430 ἄγοντας
225 396 388 432 δισμυρίους
415 396 465 432 μὲν
483 398 594 430 ἱππεῖς,
612 396 713 429 πεζοὺς
729 396 758 424 δὲ
774 396 850 432 παρὰ
859 397 881 413 ³³

84 443 186 477 μικρὸν
201 441 293 475 ἰσους,
318 442 432 475 τούτους
447 442 610 478 σύμπαντας
634 443 880 478 καταπολεμήσας,

82 488 114 514 ἐν
139 487 219 523 Ἰσσῷ
241 488 271 515 δὲ
288 488 370 515 αὐτόν
396 496 425 514 τε
442 489 555 524 Δαρεῖον
571 489 618 515 καὶ
633 489 697 520 τοὺς
716 489 786 523 ἀμφ’
801 489 882 516 αὐτὸν

82 534 157 561 κατὰ
168 534 270 570 κράτος
280 534 454 570 τρεψάμενος
466 554 473 565 ,
482 534 529 561 καὶ
542 534 683 560 συλλαϐὼν
691 534 882 570 αἰχμαλώτους

83 580 186 612 παῖδας
200 589 230 608 τε
251 581 300 608 καὶ
316 581 401 616 αὐτὴν
411 581 531 615 γυναῖκα
543 602 550 613 ,
566 581 595 607 ἐν
611 581 756 616 Ἀρϐήλοις
779 581 808 607 δέ
822 581 882 616 ἦτοι

83 628 113 653 ἐν
131 627 326 662 Γαυγαμήλοις
336 627 375 658 εἰς
386 626 464 658 τέλος
478 625 560 653 αὑτὸν
573 627 736 662 ἐκνικήσας.
747 627 843 658 Ὅπως
851 635 882 653 τε

84 671 197 706 φεύγων
212 673 323 707 Δαρεῖος
339 672 392 698 ὑπὸ
408 671 464 698 τῶν
479 672 589 698 οἰκείων
611 671 731 707 ἀνῃρέθη
743 692 751 704 ,
765 672 884 707 ἁνερῤή-

84 718 119 752 θη
135 718 164 745 δὲ
188 717 247 744 ἀντ’
269 718 353 745 αὐτοῦ
371 718 425 744 ὑπὸ
448 717 503 744 τῶν
523 718 589 753 περὶ
610 718 691 744 αὑτὸν
706 719 746 750 είς
771 717 883 753 βασιλέα

85 764 193 798 Βῆσσος
207 770 214 777 ⁸
229 764 304 794 ὅπως
314 771 343 789 τε
357 763 471 799 ὕστερον
482 763 587 798 Βῆσσον
601 763 776 798 Ἀλέξανδρος
787 763 880 790 λαϐὼν

84 810 136 844 τῆς
155 810 197 841 είς
216 811 333 845 Δαρεῖον
350 810 455 846 τόλμης
471 809 629 846 ἐλωϐήσατό
645 819 675 837 τε
695 811 743 837 καὶ
765 811 882 838 ἀνεῖλεν.

87 856 149 882 Ἔτι
164 864 196 882 τε
207 856 282 887 ὅπως
291 857 320 883 ἐν
332 856 433 891 μάχαις
442 856 617 893 Ἀλέξανδρος
629 857 746 888 ἑπτάκις
759 857 879 892 ἐτρώθη·

931 260 1018 288 foedus
1035 261 1157 294 ittivisse,
1172 268 1204 288 ac
1216 260 1315 288 dehinc
1333 260 1360 287 in
1374 259 1468 287 Asiam
1484 258 1636 294 trajecisse,
1653 265 1725 294 prm-

931 307 1029 342 liisqne
1044 307 1143 334 Persas
1154 306 1281 341 fregisse,
1297 310 1324 333 et
1338 305 1370 333 ad
1384 305 1532 332 Granicum
1548 304 1658 339 quidem
1678 305 1726 332 Da-

932 352 964 379 rii
978 357 1113 388 satrapas,
1125 352 1219 386 copias
1233 351 1364 378 ducentes
1381 350 1502 385 equitant
1518 349 1613 384 viginti
1628 348 1725 379 millia.

932 398 1037 432 pedites
1056 405 1125 432 pene
1136 398 1259 430 totidem,
1278 403 1376 424 omnes
1394 395 1607 424 debellassemd
1635 394 1725 423 Issum

932 451 998 471 vero
1008 443 1118 470 Dariqu
1134 451 1194 471 cum
1209 443 1331 471 exercitu
1347 442 1449 470 fudisse
1461 441 1635 477 fugasseque,
1649 445 1677 468 et
1696 440 1726 467 li-

933 489 1024 522 beros,
1040 494 1122 524 atque
1136 489 1202 517 adeo
1217 496 1330 516 uxorem
1348 488 1463 523 cepisse.
1481 487 1510 514 ln
1526 487 1646 520 Arbelis,
1667 487 1726 514 sive

933 535 960 562 in
977 534 1151 570 Gaugamelis
1171 534 1278 562 tandem
1292 539 1318 562 et
1329 534 1417 569 ipsum
1444 533 1554 560 Darium
1567 539 1723 567 superasse,

934 584 960 606 et
972 581 1044 608 hunc
1058 580 1209 615 fugientem
1222 588 1237 608 a
1256 580 1314 608 suis
1337 580 1461 608 occisum
1486 586 1558 607 esse.
1578 578 1726 607 Sutfectum

934 625 1033 653 deinde
1059 625 1094 652 ab
1118 625 1215 652 iisdem
1232 626 1258 652 in
1276 625 1349 653 Darii
1373 624 1462 653 locum
1489 632 1581 660 regem
1601 625 1725 657 Bessum,

934 678 1012 706 atque
1020 670 1192 706 postmodum
1206 671 1241 699 ab
1255 671 1411 698 Alexandro
1423 674 1549 705 captum,
1561 674 1588 697 et
1597 670 1632 698 ob
1642 670 1728 697 auda-

935 723 993 744 cem
1007 717 1034 744 in
1051 717 1161 744 Darium
1176 716 1304 750 injuri-am
1321 716 1441 744 ludibrio
1457 716 1597 750 atIectum,
1619 716 1728 751 vitaque

934 762 1082 797 privatum.
1113 763 1214 790 Adhzc
1245 763 1346 797 septies
1370 762 1555 790 Alexandrum
1583 762 1655 789 inter
1678 769 1728 797 pu-

935 807 1072 843 gnandum
1097 808 1182 839 fuisse
1203 807 1391 840 vulneratum,
1408 808 1553 843 regiasque
1572 807 1600 834 in
1614 806 1728 841 Pagasis

936 860 1001 887 opes
1012 852 1156 881 sustulisse
1165 853 1234 889 (τι).
1247 852 1315 881 Cum
1344 853 1409 880 item
1431 860 1592 887 persuasum
1608 853 1633 881 ei
1654 857 1729 880 esset

85 903 133 929 καὶ
147 902 223 933 ὅπως
243 899 299 928 εἷλε
316 888 350 929 τά
412 888 556 937 Παγάσαις
566 888 589 920 ίδ
604 903 729 939 βασίλεια
741 888 880 938 χρή-ματάο

938 898 1070 926 Philotam
1085 898 1199 927 insidias
1211 888 1312 933 moliri,
1329 906 1391 927 cum
1407 903 1520 934 parente
1546 898 1728 926 Parmenione

85 948 136 974 καὶ
150 948 192 974 ὅτι
210 947 337 980 πεισθεὶς
358 949 396 979 ὠς
415 948 538 981 Φιλώτας
552 949 595 985 εῐη
611 949 708 985 βουλὴν
725 950 785 976 κατ’
800 949 884 976 αὑτοῦ

87 993 221 1028 μελετῶν,
228 993 332 1020 ἀνεῖλεν
341 994 422 1021 αὐτόν
430 1003 459 1021 τε
466 995 567 1022 καὶτὸν
579 995 684 1031 πατέρα
692 995 883 1030 Παρμενίωνα.

85 1039 213 1072 Ἐγένετο
232 1038 262 1065 δὲ
284 1039 332 1065 καὶ
348 1039 403 1066 τῶν
423 1040 576 1074 Σογδιανῶν
599 1040 745 1075 βασιλείων
765 1040 861 1076 κύριος
874 1060 882 1072 .

85 1086 134 1112 καὶ
155 1085 265 1117 Σκύθας
289 1085 318 1112 δὲ
343 1086 407 1118 τοὺς
429 1086 458 1113 ἐν
475 1087 508 1122 τῇ
527 1086 606 1122 Ἀσίᾳ
624 1087 699 1123 μάχῃ
715 1087 879 1122 ἐκράτησεν.

87 1131 187 1162 Ὅπως
206 1139 235 1157 τε
257 1131 287 1157 τὸ
304 1131 352 1158 τοῦ
369 1131 486 1158 Κλείτου
503 1132 621 1167 πάθημα
639 1132 678 1167 τῷ
687 1132 709 1148 ³⁸
725 1132 800 1168 ποτῷ
815 1141 886 1168 παρ-

85 1177 249 1212 ενεχθέντος
266 1176 444 1212 Ἀλεξάνδρου
459 1177 571 1212 συνέϐη,
584 1177 631 1204 καὶ
645 1174 701 1204 οἷον
713 1177 811 1209 πένθος
823 1178 886 1204 ἀνα-

85 1223 176 1258 νήψας
191 1222 363 1254 ἐπεδείξατο.
391 1222 452 1249 Ἐτι
469 1223 498 1249 δέ
521 1223 571 1250 καὶ
595 1224 612 1259 ἡ
639 1223 672 1249 ἐκ
695 1223 800 1250 παίδων
825 1223 886 1249 κατ’

91 1269 271 1304 Ἀλεξάνδρου
300 1267 447 1303 ἐπιϐουλὴ,
474 1269 522 1295 καὶ
546 1270 563 1303 ἡ
583 1269 630 1295 ἐπὶ
651 1267 740 1303 τούτῳ
758 1268 882 1299 κόλασις.

86 1314 185 1344 Ὀπως
202 1321 232 1339 τε
246 1313 264 1348 ή
278 1314 308 1339 ἐν
324 1313 358 1348 τῇ
373 1313 505 1349 Σογδιανῇ
527 1312 615 1348 πέτρα
635 1312 706 1339 ἑάλω
720 1311 768 1338 καὶ
785 1312 802 1346 ή
816 1311 886 1346 γυνὴ

87 1358 257 1393 Ὀξυάρτου,
273 1358 304 1390 ὃς
318 1359 421 1393 ταύτης
441 1358 491 1393 τῆς
506 1358 597 1393 χώρας
622 1357 780 1384 ἐϐασίλευεν
791 1365 798 1372 ·
816 1357 886 1384 ἀλλὰ

87 1404 136 1430 καὶ
153 1405 171 1439 ἡ
195 1403 320 1438 θυγάτηρ
341 1403 481 1438 Ῥωξάνη,
504 1403 539 1438 ἢν
565 1402 679 1438 ὕστερον
708 1402 886 1438 Ἀλέξανδρος

87 1451 179 1485 γάμου
194 1451 272 1485 νόμῳ
288 1451 407 1484 γυναῖκα
425 1450 557 1485 ἠγάγετο.
580 1449 635 1475 Καὶ
660 1448 698 1480 ὡς
712 1449 887 1484 Ἀλέξανδρος

87 1497 120 1522 ἐκ
144 1496 277 1532 Βάκτρων
301 1495 350 1522 ἐπὶ
363 1495 463 1527 Ἰνδοὺς
487 1495 588 1526 ἐλάσας
613 1496 715 1529 μάχαις
732 1494 885 1530 ἐκράτησε,

88 1543 137 1569 καὶ
152 1542 247 1573 πόλεις
265 1541 356 1568 αὐτῶν
369 1541 515 1576 πολιορκία
528 1540 629 1572 πολλὰς
642 1537 715 1567 εἷλεν
725 1549 733 1557 ι
745 1541 774 1567 ἐν
787 1538 827 1570 οἷς
840 1540 886 1566 καὶ

90 1588 138 1622 τὴν
155 1587 331 1622 καλουμένην
345 1587 459 1622 ’Δορνον
469 1585 638 1622 παραλαϐὼν
661 1587 701 1617 είς
722 1586 770 1620 τὴν
784 1585 885 1612 Ἀσκά-

91 1641 142 1658 νων
151 1632 175 1648 ³⁸
185 1631 279 1667 χώραν
293 1631 435 1666 ἐμϐάλλει.
452 1629 586 1665 Ἐζεύχθη
598 1630 627 1656 δὲ
639 1630 714 1665 αὑτῷ
724 1630 772 1657 καὶ
782 1630 797 1655 ό
806 1629 887 1661 Ἰνδὸς

91 1677 216 1712 ποταμὸς
238 1677 361 1709 πλοίοις,
378 1676 426 1703 καὶ
448 1675 545 1708 διαϐὰς
568 1675 663 1711 Πῶρόν
679 1684 709 1702 τε
731 1675 777 1702 τὸν
797 1674 887 1702 Ἰνδῶν

92 1724 209 1759 βασιλέα
226 1723 337 1758 ἐνίκησε
354 1723 404 1758 μιᾷ
423 1722 499 1758 μάχῃ
514 1723 562 1749 καὶ
586 1719 643 1748 εἷλε
666 1722 804 1757 ζωγρίαν,
826 1719 887 1748 εἶτα

92 1770 140 1797 καὶ
165 1769 438 1804 φιλοφρονησάμενος
462 1768 594 1796 πλειόνων
609 1768 705 1804 ἄρχειν
729 1769 746 1804 ἧ
769 1767 887 1803 πρόσθεν

92 1816 190 1842 ἐόωκε.
207 1815 291 1849 Λέγει
308 1814 337 1840 δὲ
357 1815 399 1841 ὃτι
411 1814 436 1840 οἱ
449 1814 527 1841 Ἰνδοὶ
543 1815 680 1850 ποταμοὶ,
697 1814 824 1850 καθάπερ
840 1816 887 1841 καὶ

91 1863 106 1888 ὁ
119 1861 233 1893 Νεῖλος,
252 1860 349 1895 θέρους
366 1860 416 1896 μὲν
429 1860 558 1893 αὔξονται
568 1881 575 1894 ,
590 1860 723 1896 χειμῶνος
735 1861 763 1887 δέ
779 1861 887 1896 μειοῦν-

93 1906 350 1941 ται.Διαλαμϐάνει
373 1906 401 1932 δὲ
425 1907 472 1933 καὶ
489 1907 564 1938 ὅπως
588 1906 669 1933 ἄλλον
687 1901 747 1933 τινά
776 1906 887 1941 Πῶρον,

92 1952 141 1979 καὶ
165 1951 248 1979 αὑτὸν
269 1951 360 1978 Ἰνδῶν
386 1951 580 1987 βασιλεύοντα,
603 1952 632 1978 ὃν
658 1953 706 1979 καὶ
731 1953 771 1983 είς
789 1953 888 1979 κακίαν

92 1998 191 2025 ἐλάσαι
199 1998 287 2031 λέγει,
300 1997 395 2024 τοῦτον
407 1997 514 2025 διώκων
526 1997 701 2035 Ἀλέξανδρος
710 1999 755 2025 τὸν
767 1998 888 2033 ’Υδραώ-

91 2044 173 2080 την³⁷
197 2043 321 2078 ποταμὸν
338 2043 496 2079 ἐπεραιώθη
507 2063 515 2076 ,
536 2044 584 2070 καὶ
598 2044 663 2076 τοὺς
678 2043 765 2080 ταύτῃ
780 2044 888 2071 οἰκοῦν-

93 2098 142 2121 τας
159 2089 260 2121 Ἰνδοὺς
274 2089 439 2124 ἐχειρώσατο
451 2109 459 2122 ,
477 2090 525 2116 καὶ
544 2088 608 2125 [122
623 2089 670 2126 Η.]
687 2090 779 2122 πόλεις
796 2080 888 2117 αίῖτῶν

95 2135 218 2170 μεγάλας
233 2135 282 2162 καὶ
294 2135 526 2170 πολυανθρώπους
540 2136 758 2171 ἐκπολιορκήσας
779 2136 824 2162 ἐπὶ
844 2136 890 2163 τὸν

94 2182 216 2216 ’Υφασιν
234 2181 356 2215 ποταμὸν
382 2180 492 2216 ἐχώρει.
521 2181 598 2208 Ἐπεὶ
613 2182 642 2208 δὲ
670 2182 818 2209 διαϐαίνειν
842 2181 890 2209 καὶ

937 942 1156 971 interficiendum
1181 943 1269 978 ipsum
1294 951 1419 976 curasse,
1437 944 1636 979 Sogdianorum
1658 951 1728 978 quo-

935 996 989 1023 que
1004 997 1150 1024 regnorum
1169 990 1285 1024 potitum
1298 998 1371 1022 esse.
1385 991 1458 1026 68a
1471 995 1499 1018 et
1516 991 1587 1019 Asis
1610 990 1728 1025 Scythas

936 1035 1032 1070 prtelio
1050 1035 1158 1063 vicisse.
1178 1035 1279 1062 Clitum
1299 1038 1333 1063 ab
1350 1036 1503 1063 Alexandro
1515 1041 1578 1072 potu
1589 1040 1726 1071 correpto,

936 1081 1140 1116 interemptum,
1155 1088 1338 1116 magnumque
1349 1089 1412 1109 mox
1424 1089 1486 1109 eum
1502 1082 1579 1116 facti,
1591 1083 1619 1110 ul
1636 1083 1670 1110 ad
1682 1090 1728 1110 so-

937 1127 1080 1154 brietatem
1105 1126 1235 1159 redierat,
1252 1134 1397 1155 mmrorem
1414 1128 1567 1156 ostendisse
1583 1135 1591 1156 :
1614 1129 1648 1156 ad
1671 1129 1730 1156 haec

936 1178 964 1199 et
990 1171 1144 1199 Alexandro
1169 1179 1185 1198 a
1214 1173 1307 1206 pueris
1333 1177 1452 1200 structas
1483 1173 1567 1201 fuisse
1598 1174 1726 1205 insidias.

938 1225 1084 1252 pinnasque
1113 1217 1215 1245 idcirco
1243 1218 1389 1253 irrogatas.
1416 1218 1524 1246 Petram
1556 1219 1630 1246 illaut
1653 1220 1727 1255 (22).

938 1271 998 1297 qua:
1018 1263 1044 1289 in
1060 1262 1194 1297 Sogdiaua
1213 1263 1324 1299 regione
1339 1269 1393 1297 est,
1411 1269 1572 1299 occupatam
1589 1273 1662 1298 esse,
1682 1273 1729 1293 ca-

937 1314 983 1343 pta
995 1309 1119 1344 Oxyarti.
1137 1309 1181 1343 qui
1201 1309 1304 1343 regioni
1335 1309 1373 1337 illi
1395 1310 1580 1344 imperitabat,
1601 1311 1728 1346 conjuge,

939 1363 992 1381 una
1015 1362 1076 1382 cum
1100 1349 1212 1382 Roxana
1230 1355 1297 1387 ﬁlia,
1317 1362 1400 1390 quam
1416 1360 1475 1390 post
1489 1355 1644 1384 Alexander
1661 1364 1729 1384 uxo-

940 1409 995 1428 rem
1014 1401 1065 1428 rite
1079 1401 1197 1428 duxerit.
1222 1401 1409 1429 Alexandrum
1425 1409 1458 1429 ex
1475 1402 1582 1429 Bactris
1598 1403 1631 1430 ad
1649 1403 1730 1430 Indos

939 1447 1103 1481 profectum,
1124 1448 1286 1482 pugnaillos
1306 1445 1461 1482 superasse,
1483 1449 1619 1487 urbesque
1633 1457 1728 1476 eorum

939 1493 1071 1527 plurimas
1082 1493 1225 1521 obsidione
1247 1494 1375 1528 cepisse:
1394 1494 1422 1521 in
1450 1494 1492 1522 his
1505 1499 1534 1522 et
1548 1497 1640 1522 Aorno
1658 1494 1730 1530 (quae

938 1540 1203 1575 dicitur)occupata,
1230 1541 1257 1568 in
1283 1541 1470 1569 Asacanorum
1490 1542 1658 1576 provinciam
1670 1542 1731 1578 (2'5)

939 1585 1107 1620 pervenisse.
1140 1585 1260 1613 Navibus
1285 1590 1417 1620 praeterea
1445 1586 1511 1614 Indo
1532 1586 1643 1615 ﬂumine
1665 1595 1732 1615 con-

937 1636 1035 1663 strato.
1056 1631 1208 1666 traiecisse.
1226 1636 1253 1659 et
1278 1631 1379 1659 Porum
1407 1632 1534 1660 Indorum
1560 1641 1650 1668 regem
1676 1641 1731 1661 uno

937 1678 1072 1705 devictum
1083 1678 1191 1712 proelio,
1201 1678 1293 1706 vivum
1305 1679 1421 1713 cepisse,
1435 1679 1643 1715 ltumaniterque
1655 1687 1730 1707 cont—

938 1723 1060 1758 plexum,
1076 1723 1159 1752 latius
1178 1724 1262 1751 etiam
1272 1731 1353 1759 quam
1367 1730 1447 1752 antea
1464 1732 1580 1760 regnare
1602 1725 1728 1761 iussisse.

938 1769 1019 1797 Indos
1031 1770 1138 1803 ﬂuvios,
1158 1778 1210 1797 non
1219 1777 1300 1798 secus
1315 1775 1397 1806 atque
1415 1770 1503 1798 Nilum
1519 1775 1614 1798 aestate
1625 1771 1729 1806 augeri,

938 1815 1028 1843 hieme
1063 1823 1129 1843 vero
1157 1816 1241 1843 minui
1259 1821 1401 1844 memorat.
1430 1817 1526 1845 Refert
1556 1818 1620 1845 item
1649 1817 1730 1845 alium

938 1862 1083 1896 quemdam
1101 1861 1211 1894 Porum,
1228 1862 1300 1890 Indis
1322 1869 1432 1897 quoque
1446 1862 1637 1897 imperantem,
1649 1871 1729 1897 quem

939 1911 967 1932 et
996 1906 1181 1934 facinorosum
1197 1907 1282 1934 fuisse
1304 1907 1354 1934 ait.
1368 1907 1552 1935 Alexandrum
1575 1915 1640 1936 vero
1667 1908 1730 1936 dum

940 1951 1012 1978 hunc
1037 1953 1222 1987 persequitur,
1246 1951 1392 1988 Hydaspen
1419 1953 1532 1980 ﬂuvium
1560 1954 1730 1986 transivisse,

940 1995 1053 2030 ejusque
1063 1997 1172 2024 accolas
1189 1997 1269 2025 Indos
1283 1998 1356 2026 bello
1374 2005 1535 2033 superasse:
1551 2000 1648 2027 horum
1665 2008 1731 2035 quo~

940 2049 993 2073 que
1017 2042 1115 2077 oppida
1134 2043 1304 2077 ingentia,et
1328 2043 1487 2078 frequenter
1501 2043 1623 2072 habitata
1646 2047 1732 2073 armis

941 2088 1056 2122 cepisse,
1084 2089 1287 2124 tetendisseque
1312 2097 1395 2124 porro
1432 2089 1466 2117 ad
1499 2089 1650 2126 Hyphasim
1674 2091 1730 2126 (24)

941 2134 1039 2162 ﬂumen
1075 2142 1083 2162 :
1122 2134 1193 2169 quod
1232 2135 1297 2162 dum
1339 2137 1527 2164 transmittere
1575 2137 1731 2165 Alexander

941 2184 1060 2214 pararet,
1077 2181 1233 2208 tumultuari
1250 2181 1363 2209 militem
1376 2183 1503 2217 coepisse,
1515 2183 1586 2217 quod
1613 2190 1663 2211 nec
1692 2183 1732 2211 la-

92 2227 189 2253 τοῦτον
219 2226 396 2261 Ἀλέξανδρος
419 2225 491 2263 [215
507 2225 561 2262 H.]
578 2226 706 2262 ἔμελλεν,
736 2227 766 2258 ἐς
793 2227 884 2254 στάσιν

942 2227 1021 2255 bores
1031 2228 1155 2255 assiduos
1171 2227 1309 2260 toleraret,
1327 2235 1377 2254 nec
1395 2228 1456 2256 belli
1477 2229 1608 2262 quietem,
1635 2229 1732 2256 finem-

94 2272 209 2308 ἐνικήθη
226 2273 257 2299 τὺ
269 2272 386 2308 πλῆθος,
400 2273 432 2299 οὐ
447 2272 576 2308 φέροντες
592 2272 632 2299 ἔτι
650 2273 713 2304 τοὺς
725 2272 823 2304 πόνους
838 2273 887 2299 καὶ

93 2319 144 2354 τὴν
156 2319 309 2354 ἀπέραντον
323 2317 503 2354 ἐκστρατείαν
513 2326 521 2334 ·
537 2319 584 2345 καὶ
601 2318 681 2345 τοῦτο
703 2318 791 2345 αττιον
806 2318 885 2345 Ἀλεο

95 2364 203 2400 ξάνδρῳ
225 2365 274 2399 τῆς
288 2364 336 2391 ἀπ’
351 2363 441 2390 Ἰνδῶν
457 2363 636 2398 ὑποστροφῆς
656 2362 786 2398 κατέστη.
805 2363 851 2390 Ἐν
864 2360 887 2396 ᾧ

94 2410 143 2436 καὶ
162 2411 178 2436 ὁ
204 2410 329 2444 πέμπτος
355 2409 403 2436 τοῦ
425 2410 605 2445 συγγραφέως
628 2407 887 2444 άποπερατοῢταιη

94 2455 186 2482 λόγος.

127 2463 354 2535 ἶζ’ςειτοστρέφοντι
375 2500 404 2526 δὲ
424 2499 609 2536 Ἀλεξάνδρῳ,
631 2500 697 2532 ὼςό
720 2499 799 2530 ἕκτος
819 2499 887 2526 ὑπο-

940 2279 993 2307 que
1009 2273 1189 2307 expeditionis
1199 2272 1313 2300 videret.
1333 2273 1388 2301 Hac
1405 2274 1438 2301 de
1448 2281 1529 2301 causa
1540 2294 1549 2307 ,
1567 2274 1661 2302 relicta
1690 2274 1732 2302 ln-

940 2319 994 2352 dia,
1010 2318 1107 2346 reverti
1119 2323 1242 2361 eoactum
1258 2319 1455 2347 Alexandrum.
1471 2319 1560 2354 Atque
1581 2320 1626 2348 hic
1650 2320 1731 2355 quin-

941 2369 997 2392 tum
1009 2365 1107 2392 librum
1122 2364 1242 2398 scriptor
1258 2364 1366 2392 clausit.

978 2497 1063 2525 Sexto
1086 2497 1178 2532 itaque
1192 2497 1272 2531 libro,
1295 2498 1453 2532 lrequeutes
1468 2499 1504 2527 ab
1517 2498 1674 2528 Alexandro
1691 2508 1734 2528 re-

94 2545 230 2581 λαμϐἀνει
258 2545 353 2579 λόγος,
371 2546 457 2581 μάχαι
472 2554 503 2572 τε
517 2545 592 2581 αὐτῷ
608 2547 656 2573 καὶ
671 2546 744 2572 νῖκαι
761 2545 883 2580 γίνονται

938 2544 1037 2572 deunte
1052 2551 1156 2580 pugnas
1172 2551 1233 2572 cum
1259 2544 1336 2572 hoste
1362 2545 1538 2578 commissas,
1552 2546 1733 2582 ingentesque

724 2614 842 2642 vanus
858 2595 1064 2642 LECTIONES.

130 2662 153 2677 ³³
161 2661 283 2697 τρισὶνᾹ
298 2670 304 2687 :
319 2662 414 2694 τισίς.

94 2705 148 2724 νων
165 2706 196 2729 ς.

469 2662 491 2678 ³⁸
504 2662 580 2706 παρὰ
593 2662 614 2688 A
633 2671 640 2689 :
664 2663 735 2689 κατὰ
749 2671 780 2694 ς.
797 2696 803 2702 ο
819 2661 1048 2702 ’ξυασαγάρδαις
1059 2661 1197 2689 Scitottus.
1232 2661 1307 2724 "'13)

469 2720 471 2723 ,
489 2706 496 2724 :
534 2697 660 2724 Ιδάσπην
680 2706 710 2724 ς.
747 2697 769 2713 ³³
786 2697 847 2724 ltbrt
861 2698 1089 2724 ἁποπεοαιουται.
1101 2696 1138 2724 cf.
1155 2705 1182 2724 ι).
1198 2697 1231 2724 R.
1246 2697 1280 2724 00
1302 2717 1307 2724 .

236 2697 257 2712 ³⁷
277 2696 433 2732 Ὑδραώτην
448 2698 471 2723 Δ
489 2706 496 2724 :
521 2696 660 2733 Ὑδάσπην
680 2706 710 2730 ς.
747 2697 769 2713 ³⁸
786 2696 847 2725 libri
861 2698 884 2723 ἀι

938 2696 1089 2732 ερὰιοῦται,
1101 2696 1138 2724 cf.
1155 2705 1182 2732 p.
1198 2697 1231 2724 [ἰ.
1246 2697 1280 2725 60

1288 2663 1307 2699 ᾧ
1322 2663 1345 2699 ᾼ
1367 2672 1375 2690 :
1399 2662 1446 2690 τοῦ
1462 2662 1502 2699 τῷ
1514 2671 1558 2699 ςεῗ
1568 2663 1606 2699 ﬂ"
1617 2662 1736 2699 ξᾼσακάη

1302 2717 1308 2724 .
1326 2697 1391 2726 iuta.
1405 2699 1468 2731 704,
1488 2697 1516 2726 9.
1530 2697 1594 2732 905,
1610 2697 1655 2725 46.

859 2757 975 2786 NOTAE.

128 2804 186 2840 (21)
198 2805 319 2841 Emenda
342 2813 376 2832 ex
397 2805 487 2838 editis.
506 2811 534 2833 et
545 2813 576 2834 ex
591 2805 697 2840 Strab.,
711 2805 852 2841 Stephano
869 2811 896 2834 ct

95 2840 365 2883 ‘Wiapf‘ﬂaﬁtiis'
414 2880 420 2883 _
513 2876 528 2883 ..

131 2875 188 2911 (2‘2)
205 2875 240 2908 ρ.
253 2875 364 2903 Curtius
376 2880 502 2903 extremo
513 2876 560 2905 lib.
573 2884 633 2904 vm.

215 2920 354 2952 Panos.
362 2921 428 2963 βε.
446 2920 525 2953 Clll.

987 2805 1044 2875 (‘23-;
1059 2806 1103 2833 Al.
1120 2807 1299 2835 Ascanorum.

987 2841 1034 2875 (Ἡ
1058 2841 1100 2868 Al.
1118 2841 1242 2875 llypasis.
1257 2847 1287 2869 ut

987 2841 1044 2875 (Ἡ)
1058 2841 1100 2868 Al.
1118 2841 1242 2876 llypasis.
1257 2847 1287 2869 ut
1299 2842 1368 2871 Plin.
1379 2847 1407 2872 et
1417 2843 1523 2872 Solino.
1538 2842 1606 2872 Item
1615 2842 1732 2871 Ptolem.

948 2876 1073 2911 Bybaat‘s,
1089 2881 1117 2905 et
1127 2876 1216 2915 Strab.
1226 2876 1356 2913 Hypanis.

1502 2923 1538 2954 10
