1934 3089
200 137 253 170 299

736 148 741 150 ‘
781 143 913 173 PHOTII
933 144 1185 174 PATRIARCHJE
1205 145 1260 174 (ΣΡ.

1784 142 1839 174 300

199 197 293 228 partas
320 194 449 222 victorias
476 200 683 223 commemorat.
704 196 809 229 Quibus
833 197 860 225 in
889 197 986 232 proelii:

1040 197 1172 233 -λαμπραί
1187 205 1194 212 ·
1210 199 1239 224 ὲν
1265 195 1307 230 οἷς
1330 197 1466 233 λαμπρῶς
1482 197 1682 233 ἀγωνιζόμενος
1707 198 1753 224 ἐπὶ
1775 200 1838 228 ταις

199 239 308 267 fortiter
326 240 501 267 dimicantem
519 241 553 268 ad
567 243 710 276 superiora
733 243 854 278 quinque
869 244 989 276 vulnera,

199 285 252 312 alia
271 285 368 312 iterum
385 285 438 312 duo
458 286 608 320 accepisse,
625 294 658 315 ac
673 287 737 315 licet
749 294 764 315 e
776 289 892 324 septimo
908 289 991 316 mori-

199 335 276 358 turus
298 331 447 366 videretur,
465 332 608 360 commode
633 338 722 361 tamen
747 334 831 362 fuisse
855 341 989 362 curatum.

199 376 237 403 Ex
266 376 340 404 india
357 382 553 412 revertentem,
569 379 694 407 terrestri
710 379 798 414 ipsum
814 381 912 408 itinere
929 389 990 416 pro-

197 422 298 450 fectum
316 430 388 456 esse,
408 423 534 452 Nearcho
551 424 608 460 (25)
636 425 722 452 altera
749 426 888 454 exercitus
912 432 990 461 parte

197 469 361 502 commissa,
390 476 422 497 ac
446 477 495 505 per
512 478 587 498 mare
607 471 698 499 redire
710 471 799 506 jusso.
824 471 990 500 Convenisse

198 520 327 550 utrasque
344 516 448 550 copias.
467 523 528 543 cum
544 517 706 550 maritimas,
723 522 780 544 tum
795 522 941 545 terrestres
955 518 989 544 ad

197 559 411 588 Carmaniam.A
419 560 566 588 Carmania
576 562 709 590 deindein
720 561 860 590 Persidem
871 563 990 590 Alexan-

197 607 274 634 drum
301 614 486 642 progressum,
519 607 650 641 imperato
669 613 699 635 ut
722 608 864 637 Nearchus
892 609 918 635 in
937 608 989 636 Stt-

198 654 337 680 sianorum
355 653 494 688 regionem
508 661 628 687 cursum,
646 658 675 681 et
688 653 722 681 ad
735 654 854 690 Tigridis
870 654 989 682 fluminis

202 698 446 726 ostiainstittteret.
465 697 543 726 Hanc
556 703 645 726 autem
655 699 770 727 Nearchi
790 700 989 736 navigationem

196 744 268 779 680
295 743 383 771 ionica
405 744 537 772 describit
560 745 676 773 dialecto
704 745 848 779 Arrianus,
875 753 991 781 eamque

197 790 308 824 proprio
328 790 405 817 titulo
418 789 516 817 Indica
532 790 666 826 indigitat.

231 835 386 863 Alexander
394 840 455 869 post
464 836 520 863 haec
528 836 680 871 neglectum
687 836 751 873 Cyri
764 837 917 873 sepulcrum
930 837 986 873 (26)

198 882 354 914 adornavit,
372 887 399 910 et
416 881 549 910 Calanum
567 883 624 919 (27)
643 884 912 919 gymnosophistam,
940 885 986 919 qui

195 927 312 955 ﬂammis
328 935 357 955 se
370 928 543 955 cammittere
557 928 647 960 vellet,
663 929 735 963 quod
759 930 853 957 morbo
866 935 987 958 tentare-

196 977 252 1006 tur,
268 974 356 1007 patrio
371 972 430 1008 (28)
447 972 585 1008 exstingui
605 974 657 1000 ritu
674 975 810 1009 permisit.
827 974 940 1008 Nuptias
953 971 986 1004 ad

196 1019 255 1047 haec
268 1026 331 1046 cum
346 1026 423 1051 suas,
454 1024 509 1046 tum
531 1019 646 1047 aliorum
671 1020 811 1055 splendide
827 1022 985 1051 celebravit.

195 1065 255 1099 ipse
273 1064 329 1101 (29)
343 1065 452 1100 quidem
470 1070 534 1092 natu
553 1066 700 1093 maximam
715 1066 787 1094 Darii
807 1067 890 1095 filiani
906 1087 914 1100 .
934 1068 986 1095 Ar-

195 1111 291 1138 sinoen
306 1111 428 1143 nomine,
444 1111 520 1138 duxit
534 1131 544 1144 ,
569 1116 690 1147 natuque
707 1113 847 1140 minimam
869 1113 985 1141 ﬁliarum

196 1156 275 1188 Ochi,
290 1164 350 1191 quae
362 1156 501 1192 Parysatis
521 1157 604 1185 dicta.
621 1156 734 1184 Roxana
747 1158 820 1185 enim
834 1158 890 1193 jam
906 1163 985 1187 antea

194 1202 276 1229 ducta
291 1206 360 1229 erat.
378 1202 522 1237 Drupetin,
539 1202 612 1230 Darii
629 1210 736 1238 quoque
752 1202 834 1230 tiliam
847 1223 854 1236 ,
871 1203 986 1239 Hephae-

195 1247 278 1274 stioni
294 1247 389 1281 mtptui
406 1247 480 1275 dedit
500 1256 506 1274 :
526 1247 640 1274 Cratero
661 1248 848 1276 Amastrinam
863 1268 871 1281 ,
897 1249 986 1278 Ptole-

196 1301 265 1321 maeo
283 1301 348 1321 vero
364 1298 392 1321 et
408 1294 531 1325 Eumeni,
543 1296 708 1321 Artacanam
723 1300 751 1322 et
764 1295 894 1323 Artonem
906 1296 985 1323 Arta-

194 1339 254 1366 bazi
274 1339 343 1367 filias
370 1339 501 1372 tradidit;
520 1338 644 1366 Nearcho
670 1339 797 1368 Barsines
820 1345 847 1368 et
866 1340 986 1370 Melioris

195 1385 279 1412 ﬁliani
301 1392 412 1413 uxorem
436 1385 531 1419 dedit;
557 1385 671 1413 Seleuco
700 1386 868 1421 Spitamenis
891 1387 983 1415 filiam.

195 1431 309 1459 Cameris
324 1439 433 1466 quoque
451 1431 533 1458 sociis
548 1431 715 1459 clarissimas
729 1431 874 1460 Persarum
887 1440 919 1461 ac
930 1433 986 1461 Me-

197 1479 295 1505 dorum
311 1478 500 1505 filiasnumero
514 1477 570 1505 fere
584 1478 721 1513 octoginta
737 1478 827 1506 stabili
850 1480 985 1507 connubio

193 1523 293 1558 jnuxil,
314 1523 393 1551 factis
407 1523 554 1552 Persarum
573 1525 625 1551 ritu
640 1532 672 1552 ac
686 1524 747 1559 jure
763 1525 876 1560 nuptiis.
894 1524 985 1553 Mace-

195 1571 296 1597 donum
317 1577 425 1604 quoque
439 1575 585 1597 veteranos
597 1575 791 1598 exauctoratos
815 1571 841 1598 in
859 1570 986 1598 Macedo-

196 1616 267 1643 niam
284 1615 358 1643 misit
372 1624 379 1643 :
392 1620 420 1644 et.
433 1615 606 1650 Antipatrum
623 1616 732 1643 interim
744 1623 841 1644 recens
857 1617 985 1644 collectas

195 1662 288 1697 copias
313 1661 365 1688 sibi
391 1661 527 1688 adducere
549 1660 642 1695 jussit.
671 1660 740 1687 Dum
768 1661 825 1688 haec
856 1665 984 1695 aguntur,

195 1705 329 1741 Harpalus
354 1706 443 1740 regias
468 1705 576 1733 furatus
596 1713 680 1740 opes,
708 1705 771 1741 fuga
788 1706 910 1741 dilapsus
931 1711 985 1734 est.

196 1751 370 1786 Hephaestion
393 1751 458 1779 item
486 1751 541 1778 vita
558 1751 727 1787 defungitur,
753 1752 830 1787 cujus
849 1752 925 1779 obitu
942 1752 986 1779 in-

195 1798 268 1833 genti
289 1805 408 1826 mterore
432 1802 623 1826 consternatus
642 1798 795 1826 Alexander
818 1805 878 1831 est,
904 1804 986 1833 atque

196 1843 371 1873 incredibiles
382 1843 440 1878 (50)
461 1843 488 1870 in
503 1850 599 1878 rogum
620 1851 653 1871 ac
668 1843 742 1878 justa
769 1844 892 1871 facienda
908 1852 985 1872 suin-

195 1895 257 1923 ptus
279 1889 355 1916 fecit.
371 1888 430 1922 Quo
451 1889 514 1916 item
537 1894 658 1923 tempore
685 1888 765 1924 legati
794 1897 826 1916 ex
849 1889 941 1917 Africa
958 1895 986 1917 et

196 1933 362 1969 Carthagine
378 1933 411 1961 ad
430 1933 505 1961 illum
524 1934 600 1961 missi
618 1943 624 1960 :
647 1934 701 1961 imo
718 1941 750 1961 ex
766 1933 844 1962 [talia
857 1954 865 1966 ,
884 1939 913 1962 ut
940 1936 986 1964 hic

196 1979 291 2007 refert.
306 1979 390 2013 Cujus
403 1979 512 2014 quidem
526 1979 613 2008 italia:
626 1979 683 2014 (51)
701 1980 912 2013 incrementum,
926 1981 985 2010 illos

196 2026 321 2058 intuitus,
332 2025 517 2052 denuntiando
528 2025 663 2060 praedixit.
679 2024 706 2052 lu
717 2024 894 2061 Babyloniam
903 2027 984 2054 eundi

196 2071 295 2106 cupido
308 2071 395 2106 ipsum
409 2071 533 2102 incessit,
551 2075 579 2098 et
599 2071 703 2098 obitum
720 2076 796 2099 vales
811 2071 867 2107 (5‘2)
881 2073 985 2100 denun-

196 2118 264 2144 tiant
278 2125 284 2143 :
301 2123 418 2151 cumque
428 2116 632 2144 inconsiderate
643 2117 754 2151 quidam
770 2117 797 2144 in
812 2117 910 2145 throno
926 2119 985 2153 ejus

195 2161 376 2195 consedisset,
388 2169 420 2189 ex
431 2169 463 2189 eo
477 2163 533 2196 jam
549 2162 653 2189 certius
665 2167 780 2190 mortem
796 2163 856 2197 ejus
868 2171 985 2198 augures

1043 244 1192 279 προτέραις
1206 243 1290 271 πέντε
1305 244 1423 279 πληγαῖς
1438 243 1484 270 δύο
1490 244 1512 259 ³⁸
1529 243 1569 270 ἔτι
1583 243 1708 278 βάλλεται
1720 264 1727 277 ,
1738 240 1776 270 ὧν
1784 245 1837 270 ἐπὶ

1041 290 1074 324 τῇ
1089 287 1192 324 ἐϐδόμῃ
1208 288 1257 316 καὶ
1271 288 1402 324 τελευτᾷν
1419 288 1506 315 ἐδόκει
1518 307 1525 319 ,
1543 289 1568 314 εἰ
1580 288 1630 315 καὶ
1647 289 1678 314 οὐ
1704 289 1835 323 χαλεπῶς

1041 332 1292 368 περιεγένετο.](αὶ
1300 332 1383 363 αὐτὸς
1399 331 1448 367 μὲν
1458 331 1488 363 ἐξ
1497 332 1586 358 Ἰνδῶν
1597 332 1777 367 ὑποστρέφων
1790 332 1837 359 διὰ

1041 377 1093 411 γῆς
1109 377 1227 403 ἐποιεῖτο
1243 377 1292 412 τὴν
1310 376 1440 403 ἐπάνοδον
1451 394 1459 407 ,
1475 376 1592 411 Νεάρχῳ
1615 375 1644 402 δὲ
1669 376 1802 412 στρατιὰν
1811 377 1836 392 ⁴⁹

1041 423 1191 457 παρασχὼν
1203 421 1338 457 ἐπέτρεψε
1361 421 1411 457 τὴν
1431 421 1476 448 διὰ
1490 420 1629 456 θαλάσσης
1644 420 1759 456 πορείαν
1769 428 1776 436 ·
1787 421 1836 447 καὶ

1043 470 1244 507 συμϐάλλουσιν
1266 470 1393 505 ἀλλήλοις
1418 469 1453 495 τὰ
1469 469 1522 496 ἀπὺ
1546 469 1599 503 γῆς
1622 469 1668 495 καὶ
1693 468 1835 503 θαλάσσης

1043 517 1214 553 στρατόπεδα
1235 517 1300 552 περὶ
1322 515 1498 551 Καρμανίαν.
1524 515 1592 541 Ἀπὸ
1615 514 1780 549 Καρμανίας
1804 513 1836 540 δὲ

1047 564 1221 600 Ἀλέξανδρος
1241 564 1290 599 μὲν
1298 563 1320 579 ⁸¹
1337 563 1366 589 ὲν
1380 561 1491 598 Περσίδι
1503 561 1525 578 δ’
1539 582 1546 594 ,
1563 561 1688 596 Νέαρχος
1703 560 1732 587 δὲ
1745 560 1774 592 ἐς
1784 560 1835 596 τῆν

1041 610 1195 638 Σουσιανῶν
1208 610 1260 645 γῆν
1272 609 1416 644 ἐπετράπη
1429 607 1562 635 ἀποπλεῖν
1568 607 1591 624 ⁸³
1606 609 1654 634 καὶ
1667 607 1714 633 τοῦ
1729 607 1835 642 Τίγρη-

1040 665 1088 689 τος
1101 656 1227 691 ποταμοῦ
1240 656 1290 687 τὰς
1307 654 1422 686 ἐκϐολάς
1434 662 1441 669 ·
1459 654 1507 681 καὶ
1527 653 1705 689 διαλαμϐάνει
1723 653 1769 680 τὸν
1786 654 1835 680 τοῦ

1043 703 1169 738 Νεάρχου
1183 702 1333 737 περίπλουν
1351 701 1458 737 Ἰωνικῇ
1472 700 1573 736 φράσει
1589 700 1607 736 ἡ
1620 699 1834 735 ἐπιγραφομένῃ

1041 748 1116 784 αὑτῷ
1134 748 1207 779 ἰδίως
1228 747 1352 781 Ἰνδική.

1709 792 1716 807 1

1084 839 1257 874 Ἀλέξανδρος
1271 838 1299 865 δὲ
1313 838 1361 865 καὶ
1375 837 1420 864 τὸν
1437 836 1530 873 Κύρου
1553 836 1640 871 τάφον
1657 835 1834 872 ἠμελημένον

1041 885 1218 917 ὲπισκευάζει
1230 904 1238 917 ,
1256 884 1304 911 καὶ
1318 883 1443 912 Κάλανον
1459 883 1505 910 τὸν
1518 882 1740 917 γυμνοσοφιστὴν
1753 881 1833 916 αἰτη-

1043 933 1160 967 σάμενον
1174 931 1213 962 είς
1227 930 1281 965 πῦρ
1294 928 1442 961 εἰσελθεῖν,
1457 929 1498 955 ὃτι
1509 927 1587 959 νόσος
1603 927 1684 953 αὑτὸν
1701 925 1832 960 ἠνώχλει,

1041 976 1163 1012 παρέσχε
1178 976 1249 1003 κατὰ
1269 975 1303 1002 τὰ
1325 975 1430 1009 πάτρια
1447 972 1619 1006 τελευτῆσαι.
1647 969 1782 997 Ἐπιτελεῖ
1802 969 1833 995 δὲ

1040 1023 1089 1050 καὶ
1100 1023 1206 1057 γάμους
1221 1021 1304 1047 αὑτοῦ
1321 1028 1351 1046 τε
1366 1020 1421 1046 καὶ·
1434 1018 1488 1045 τῶν
1503 1017 1621 1052 ἑταίρων
1630 1016 1652 1032 δδ
1666 1015 1811 1050 λαμπροὺς
1821 1034 1831 1046 ,

1041 1068 1123 1098 αὐτὸς
1149 1067 1198 1102 μὲν
1221 1066 1270 1100 τὴν
1294 1063 1487 1100 πρεσϐυτάτην
1509 1062 1564 1088 τῶν
1588 1060 1701 1096 Δαρείου
1726 1058 1833 1085 παίδων

1041 1113 1178 1150 (Ἅρσινόη
1193 1112 1261 1147 αὐτῇ
1272 1111 1294 1127 ⁸³
1305 1109 1400 1146 δνομα)
1412 1109 1557 1144 ἀγόμενος,
1569 1107 1615 1133 καὶ
1625 1106 1675 1141 τὴν
1692 1104 1832 1139 νεωτάτην

1043 1149 1072 1187 δὲ
1083 1159 1139 1186 τῶν
1156 1159 1237 1194 Ὤχου
1253 1157 1412 1191 θυγατέρων
1429 1153 1603 1190 (Παρύσατις
1611 1152 1632 1167 ’⁸
1642 1150 1800 1185 ὠνομάζετο
1808 1149 1831 1182 )’

1046 1206 1170 1240 Ῥωξάνη
1185 1205 1240 1240 γὰρ
1256 1204 1308 1239 ἢδη
1326 1202 1489 1238 προηγμένη
1503 1199 1645 1233 ἐτύγχανε.
1664 1196 1720 1231 Τὴν
1738 1196 1833 1230 μέντοι

1040 1252 1174 1288 Δρυπέτιν
1188 1270 1195 1283 ,
1218 1248 1356 1284 θυγατέρα
1378 1247 1425 1274 καὶ
1450 1245 1536 1280 αὐτὴν
1546 1244 1568 1260 ⁵⁷
1586 1241 1670 1270 οὖσαν
1694 1241 1810 1288 Δαρείου
1823 1261 1832 1272 ,

1047 1287 1224 1333 Ἡφαιστίωνι
1233 1295 1336 1329 δίδωσι,
1345 1292 1479 1330 Κρατερῷ
1486 1288 1746 1326 δὲῘΑμαστρίνηνδπ
1760 1287 1834 1333 11το-

1039 1332 1145 1379 λεμαίῳ
1162 1343 1191 1369 δὲ
1210 1341 1258 1368 καὶ
1275 1339 1392 1375 Εὐμένει
1408 1338 1458 1369 τὰς
1471 1335 1641 1371 ’Δρταϐάζου
1655 1333 1753 1364 παῖδας
1764 1332 1833 1379 ᾏρ-

1039 1378 1170 1424 ταπάμαν
1181 1388 1204 1404 δν
1222 1387 1270 1414 καὶ
1286 1387 1314 1413 ‘A
1321 1385 1440 1421 ρτώνην,
1453 1383 1570 1418 Νεάρχῳ
1581 1381 1610 1408 δὲ
1624 1380 1674 1416 τὴν
1693 1378 1834 1414 Βαρσίνης

1039 1436 1087 1463 καὶ
1100 1433 1262 1469 Μέντορος¹⁰
1278 1432 1360 1460 παῖδα
1372 1452 1380 1465 ,
1390 1429 1514 1464 Σελεύκῳ
1523 1428 1551 1455 δὲ
1566 1427 1614 1463 τὴν
1629 1425 1831 1460 Σπιταμένους,

1039 1480 1087 1506 καὶ
1103 1480 1159 1510 τοῖς
1174 1477 1265 1510 ἄλλοις
1277 1476 1398 1511 ἑταίροις
1419 1475 1469 1506 τὰς
1483 1472 1674 1508 δοκιμωτάτας
1690 1470 1743 1497 τῶν
1758 1470 1831 1505 Περ-

1039 1526 1094 1552 σῶν
1118 1525 1166 1552 καὶ
1191 1524 1293 1559 Μήδων
1308 1522 1425 1554 παῖδας,
1441 1521 1506 1556 ἄχρι
1530 1520 1579 1547 καὶ
1595 1520 1625 1550 ὲς
1648 1518 1829 1553 ὀγδοήκοντα.

1037 1570 1146 1605 Πέμπει
1167 1570 1195 1597 δὲ
1221 1570 1268 1595 καὶ
1282 1569 1345 1600 τοὺς
1361 1567 1523 1602 ἀπομάχους
1538 1565 1592 1592 τῶν
1609 1564 1772 1592 Μακεδόνων
1790 1564 1833 1594 εἰς

1037 1614 1208 1642 Μακεδονίαν
1218 1634 1226 1647 ,
1242 1614 1339 1645 ἄλλους
1354 1613 1413 1639 ἀντ’
1429 1612 1520 1639 αὐτῶν
1533 1611 1744 1641 νεοσυλλέκτους
1759 1611 1832 1636 ἀπο-

1037 1662 1132 1696 φέρειν
1146 1660 1220 1695 αὐτῷ
1237 1658 1392 1694 προστάξας
1407 1658 1600 1693 Ἀντίπατρον.
1614 1656 1661 1683 Ἐν
1676 1656 1766 1691 τούτῳ
1779 1657 1831 1682 καὶ

1038 1706 1177 1740 Ἅρπαλος
1189 1703 1316 1740 βασιλικὰ
1324 1704 1347 1719 ⁵¹
1358 1702 1450 1730 λαϐὼν
1462 1702 1550 1738 ᾤχετο
1563 1701 1673 1735 φεύγων
1686 1701 1830 1735 χρήματα.

1036 1751 1158 1787 Τελευτᾷ
1174 1751 1221 1778 καὶ
1236 1749 1402 1784 Ἡφαιστίων
1411 1769 1418 1781 ,
1428 1749 1470 1783 ἐφ’
1480 1745 1502 1782 ᾧ
1514 1749 1585 1783 μέγα
1597 1746 1693 1778 πένθος
1702 1745 1834 1778 Ἀλεξάν-

1036 1798 1091 1832 δρῳ
1110 1797 1224 1833 ἐποιήθη
1236 1816 1244 1830 ,
1262 1797 1310 1823 καλ¹
1326 1795 1515 1826 πολυδάπανος
1536 1795 1553 1829 ἠ
1583 1793 1630 1820 ἐπὶ
1656 1792 1695 1827 τῷ
1720 1791 1832 1825 σώματι

1037 1844 1114 1879 πυρὰ
1129 1843 1177 1870 καὶ
1194 1843 1304 1878 κηδεία·
1319 1842 1348 1868 ὲν
1364 1839 1386 1876 ᾧ
1400 1841 1449 1867 καὶ
1463 1839 1593 1875 πρέσϐεις
1602 1839 1625 1854 ¹¹
1636 1838 1745 1865 Λιϐύων
1763 1837 1788 1853 ⁸³
1800 1845 1833 1863 τε

1036 1890 1083 1916 καὶ
1096 1888 1290 1924 Καρχηδονίων
1307 1886 1374 1922 πρὸς
1390 1885 1472 1912 αὺτὸν
1485 1884 1629 1918 ἀφίκοντο.
1646 1883 1700 1909 Καὶ
1717 1881 1832 1908 Ἰταλῶν

1036 1936 1064 1963 δὲ
1079 1933 1282 1970 παραγενέσθαι
1293 1933 1360 1968 φησὶ
1370 1953 1377 1965 ,
1387 1932 1435 1958 καὶ
1450 1931 1491 1957 ὃτι
1501 1930 1550 1965 τὴν
1566 1928 1682 1963 αὔξησιν
1694 1927 1748 1954 τῶν
1759 1928 1834 1954 Ἰτα-

1036 1982 1090 2008 λῶν
1104 1982 1132 2013 ές
1145 1980 1244 2011 αὐτοὺς
1260 1978 1319 2005 ἰδὼν
1338 1978 1454 2013 προεῖπε
1472 1975 1520 2002 καὶ
1538 1974 1709 2009 ἀπεφήνατο,
1738 1972 1834 2008 ὐρμᾷ

1036 2027 1065 2054 δὲ
1080 2028 1128 2054 καὶ
1139 2027 1184 2053 ἐπὶ
1201 2025 1350 2053 Βαϐυλῶνα
1361 2045 1368 2057 ,
1379 2024 1426 2050 καὶ
1443 2022 1624 2058 προλέγουσιν
1639 2019 1714 2054 αὐτῷ
1724 2019 1750 2045 οἱ
1763 2019 1834 2053 μάν-

1035 2082 1093 2105 τεις
1107 2073 1154 2108 τὴν
1165 2072 1293 2106 τελευτήν
1306 2078 1313 2086 '
1330 2070 1378 2097 καὶ
1386 2068 1541 2100 ὲπικαθίζει
1550 2075 1592 2098 τις
1600 2065 1683 2093 αὐτοῦ
1692 2065 1731 2100 τῷ
1740 2065 1832 2100 θρόνῳ

1036 2119 1217 2153 παραλόγως,
1236 2117 1265 2150 ἐξ
1286 2112 1317 2143 οὗ
1336 2115 1437 2151 μᾶλλον
1451 2113 1607 2145 ἐξοιώνιστο
1618 2112 1674 2142 τοῖς
1697 2111 1832 2146 μάντεσιν

1036 2165 1119 2192 αὑτοῦ
1135 2166 1152 2199 ἡ
1165 2163 1291 2198 τελευτή,
1310 2160 1538 2198 Παρεσκευάζετο
1551 2159 1573 2185 δ’
1590 2157 1665 2193 αὐτῷ
1673 2157 1696 2173 ⁵⁵
1711 2158 1787 2192 ὅμως
1799 2157 1833 2183 τὸ

195 2207 390 2242 praedixerunt.
406 2207 526 2236 Classem
547 2207 724 2235 nihilominus
749 2208 911 2243 profectioni
936 2210 985 2237 ad-

1040 2209 1162 2238 ναυτικδν
1181 2209 1219 2241 ὼς
1246 2209 1293 2235 ἐπὶ
1319 2207 1441 2244 ’Ἄραϐας
1450 2206 1473 2222 ⁵⁵
1495 2206 1559 2237 τοὺς
1580 2203 1715 2236 πολλοὺς,
1732 2203 1757 2229 οἳ
1782 2202 1832 2229 δύο

844 2257 963 2295 vanius
978 2267 1188 2298 LECTIONES.

232 2314 254 2331 υ
268 2314 327 2351 δύο]
340 2314 399 2342 libri
414 2314 550 2350 δεύτερον.
588 2314 611 2329 ⁸ο
628 2313 775 2348 στρατείαν
788 2321 819 2345 ς.
857 2314 878 2329 ⁸³
893 2315 942 2349 μὲν
959 2317 1019 2344 add.
1036 2317 1069 2343 Δ.

235 2351 320 2378 αὐτῆς
337 2370 344 2377 .
397 2349 420 2365 ⁵⁸
438 2348 522 2378 illam]
544 2349 561 2378 ἢ
579 2349 650 2378 ﬂag.
668 2357 698 2378 ς.
752 2348 774 2366 ‘7
805 2349 853 2375 καὶ
878 2351 963 2378 αὐτὴν
985 2351 1085 2378 θυγατέ

805 2357 859 2386 και)
878 2358 963 2386 αυτην
985 2357 1124 2386 θυγατέρα
1143 2360 1173 2383 ς·-

194 2351 217 2368 ⁸⁵
235 2348 344 2386 αὐτ-ἦς’.
397 2349 420 2365 ⁵⁸
438 2348 527 2419 Bap;
544 2349 562 2384 ἢ
579 2349 650 2383 Παρ.
668 2357 698 2380 ς.

195 2388 217 2403 ⁵ο
229 2387 375 2419 Μέλτωρος
388 2393 418 2416 ς.
470 2385 480 2399 ⁸
530 2383 588 2419 ασ,]
613 2383 648 2411 τὰ
675 2383 698 2418 β(

195 2388 217 2403 ⁵ο
229 2383 375 2421 Μέλτωρος
388 2393 418 2421 ς,
444 2383 588 2421 αυλβασᾹ
613 2383 648 2411 τὰ
675 2383 737 2418 βασ.
753 2384 785 2410 Α.

193 2423 216 2439 ⁸³
228 2422 317 2449 αὐτῶν
327 2419 359 2447 Ἀ.
397 2420 420 2436 ⁸⁸
437 2419 584 2456 ’Δρραϐας
597 2427 627 2450 ς.

840 2385 862 2400 ⁵¹
885 2391 949 2413 ante
966 2385 1095 2421 πρέσϐεις
1113 2393 1175 2413 cum
1190 2386 1213 2412 A
1229 2386 1308 2413 omisi
1325 2386 1359 2412 oi.

1108 2317 1130 2331 "
1146 2316 1175 2347 ἐς
1189 2315 1309 2350 Περσίδα
1325 2324 1355 2347 ς.
1396 2314 1419 2330 ’⁸³
1434 2310 1610 2350 ἐπιπλεῖνβὶ
1620 2345 1626 2350 _
1643 2308 1667 2324 ⁸⁸
1678 2307 1781 2349 ἑτέρων
1795 2317 1828 2340 ς.

1227 2344 1250 2366 δ’
1280 2344 1459 2388 animi“
1471 2356 1516 2388 ε.-
1552 2346 1575 2361 ⁸³
1594 2344 1779 2388 ,ἰΔρταξάναν
1793 2353 1828 2376 ς,

1409 2377 1432 2399 ¹ί
1446 2377 1537 2410 Λίϐὦν
1548 2396 1582 2400 -
1594 2377 1780 2414 Καρχηδόνων
1794 2387 1828 2412 ς.

947 2453 1063 2484 NOTAE.

230 2492 288 2526 (ἓὸ)
303 2492 342 2518 De
360 2498 413 2525 quo
428 2491 555 2526 frequens
571 2490 642 2526 apud
659 2490 750 2526 Strab.
762 2489 874 2526 mentio.

233 2524 290 2562 (‘26)
314 2524 461 2562 Aput-uisse
479 2524 678 2562 commemorat
700 2525 733 2559 ρ.
755 2524 864 2553 Curtius
887 2524 935 2552 lib.
953 2532 984 2552 Χ.

195 2560 256 2589 Vid.
273 2560 363 2588 Strab.
381 2560 429 2588 lib.
444 2569 491 2592 xv,
507 2561 558 2588 sub
573 2561 620 2587 lin.

231 2587 447 2632 (ῥηγνδρὴὶῃᾷεη
461 2587 565 2632 dictum
593 2600 689 2632 auctor
714 2599 757 2623 est
787 2587 924 2622 Plularﬁ.
956 2595 982 2632 in

194 2629 359 2659 Alexandro.
372 2629 513 2658 A’Graacis
528 2638 594 2658 vero
609 2629 742 2658 Calanum
757 2634 894 2662 vocatum,
910 2630 982 2663 quod

195 2667 285 2694 indico
302 2673 439 2699 sermone,
455 2664 533 2697 Kale,
552 2666 577 2693 id
593 2670 645 2698 est,
657 2666 738 2698 salve,
757 2666 918 2692 accedentes
936 2672 982 2690 sa-

194 2702 319 2730 lutasset.
339 2701 419 2728 Plura
432 2698 460 2728 in
476 2701 546 2728 uotis
561 2701 594 2728 ad
609 2701 735 2728 Graecum
750 2700 900 2734 exemplar,
924 2698 983 2733 qui-

195 2739 248 2764 bus
278 2736 347 2763 adde
367 2735 490 2763 Philonis
513 2736 604 2763 locum
626 2735 887 2770 insigneinﬂlibcllo,
909 2734 982 2769 quod

195 2771 284 2798 oinnis
304 2772 404 2804 probus
418 2770 496 2803 liber,
510 2776 537 2797 et
549 2770 651 2797 Elian.
668 2769 715 2797 lib.
731 2778 749 2797 v
763 2769 826 2796 Var.
842 2770 906 2797 hist.
920 2776 981 2803 cap.

195 2808 222 2839 ti,
236 2811 263 2833 et
278 2806 374 2840 Clautl.
386 2805 507 2833 Guichar
524 2805 651 2833 Funeral.
667 2805 713 2832 lib.
729 2813 768 2838 tu,
780 2813 808 2840 p.
825 2804 852 2831 4.

231 2841 288 2876 (28)
304 2839 397 2867 Patrio
410 2841 451 2876 ait
464 2842 527 2867 ritu.
545 2841 622 2874 Apud
639 2840 718 2876 ludos
740 2839 812 2868 enim
828 2839 977 2876 sapientes,

196 2874 401 2911 inquittiurtius
409 2874 457 2904 lib.
469 2883 529 2910 vni,
538 2882 673 2911 occupare
683 2875 731 2904 fati
742 2876 813 2905 diem
824 2875 978 2910 pulchrum,

1035 2495 1062 2516 et
1080 2490 1154 2516 vivos
1167 2495 1196 2515 se
1212 2487 1327 2515 cremari
1340 2486 1448 2521 jubunl.
1461 2484 1566 2518 Quibus
1582 2489 1628 2511 aut
1644 2485 1736 2520 segnis
1746 2489 1828 2517 mtas,

1037 2529 1085 2551 aut
1100 2523 1271 2551 incommoda
1284 2522 1410 2548 valetudo
1424 2527 1478 2553 est,
1502 2525 1691 2554 exspectatam
1709 2524 1829 2547 mortem

1035 2567 1085 2593 pro
1094 2559 1227 2586 dedecore
1239 2559 1299 2584 vita:
1313 2555 1490 2593 habent._Nec
1501 2554 1754 2593 ullus_corporihus,
1766 2563 1829 2588 quae

1035 2589 1162 2621 senectus
1190 2593 1289 2624 solvit,
1318 2592 1404 2618 honos
1428 2591 1554 2617 habetur.
1570 2589 1708 2624 lnquinari
1726 2595 1829 2625 putant

1035 2629 1137 2664 ignem,
1149 2628 1204 2664 nisi
1218 2628 1416 2664 quispirantes
1430 2626 1536 2664 recipit.

1072 2659 1135 2699 (29)
1147 2663 1184 2690 De
1199 2659 1301 2699 nuptiis
1324 2662 1376 2689 ista
1399 2660 1524 2689 nonnihil
1541 2659 1660 2692 turbata,
1676 2667 1710 2687 ex
1725 2667 1762 2687 vn
1777 2659 1828 2687 lib.

1036 2699 1096 2726 init.
1113 2698 1289 2725 restituenda.

1071 2733 1128 2770 (50)
1144 2733 1238 2770 Decies
1249 2731 1362 2770 millium
1373 2730 1540 2770 talentorum
1557 2730 1666 2770 quidam
1682 2728 1825 2770 referunt:

1037 2764 1182 2797 duodecies
1201 2775 1264 2794 vero
1280 2766 1357 2793 Diod.
1373 2766 1419 2792 lib.
1436 2772 1509 2798 xvti;
1526 2770 1553 2791 et
1566 2765 1692 2792 Justinus
1708 2764 1757 2791 lib.
1775 2772 1826 2791 vu.

1084 2802 1130 2838 5|)
1147 2803 1179 2830 Τ.
1199 2802 1292 2829 Livius
1307 2801 1436 2838 legendus
1451 2800 1498 2827 lib.
1517 2808 1561 2838 ix.»
1573 2801 1608 2838 ab
1623 2799 1655 2827 V.
1668 2800 1699 2827 C.

1084 2806 1130 2838 51)
1147 2806 1179 2830 'l'.
1199 2806 1292 2829 Livius
1307 2806 1436 2836 tegendus
1451 2806 1498 2827 tiu.
1517 2808 1557 2831 ix.
1573 2806 1608 2827 ab
1626 2806 1655 2827 ν.
1668 2806 1699 2827 υ.

1072 2806 1129 2874 (52)
1144 2838 1326 2874 Quamobrem
1346 2835 1478 2874 deliberat
1492 2836 1563 2874 apud
1575 2835 1709 2864 Senecam
1728 2834 1826 2862 rheto-

1036 2870 1094 2902 rem
1114 2870 1226 2902 Suasor.
1239 2871 1284 2901 iV.
1298 2879 1332 2899 an
1347 2870 1523 2905 Babyloniam
1538 2871 1632 2899 intret.
