1934 3089
78 119 130 153 301

596 116 860 146 BIBLIOTBECA.
880 127 915 133 -
935 115 1018 146 COD.
1034 115 1126 146 XCII.

1664 120 1717 151 302

81 175 162 210 μόνον
179 172 292 200 σέϐουσι
318 171 414 204 θεοὺς,
435 169 557 207 Οὐρανὸν
581 171 639 198 καὶ,
654 171 792 197 Διόνυσον.
821 169 876 196 Καὶ

935 174 1017 202 irnal,
1036 173 1066 197 ut
1082 170 1109 197 in
1124 170 1229 198 Arabas
1242 175 1364 199 moturus
1375 169 1546 198 multitudine
1559 170 1715 200 innumera-

78 220 166 248 ταῦτα
182 218 484 254 παρασκευαζόμενος,
509 217 557 243 καὶ
572 216 623 251 τῆς
640 216 720 242 νόσου
739 216 790 251 ἤδη
813 216 875 242 ἐπι-

79 264 237 300 κρατούσης
248 283 256 295 ,
266 263 400 290 καταλύει
412 263 457 289 τδν
467 262 535 297 βίον.
549 262 581 288 Ἦ
596 262 624 288 δὲ
634 261 818 298 τελευτὴμΞό
829 261 874 297 H.]

79 310 163 338 αὑτοῦ
179 310 272 341 ἄλλοις
290 309 378 340 ἄλλως
392 309 617 344 ἀναγέγραπται,
635 308 682 335 καὶ
697 308 794 334 πολλαὶ
811 307 876 343 περὶ

81 357 167 392 αὐτῆς
178 357 201 373 ¹⁶
219 355 406 392 ὲξηνέχθησαν
430 355 587 390 διαφωνίαι.
604 354 688 381 Ἐὁὶω
710 354 739 381 δὲ
755 353 776 389 β’
792 353 840 380 καὶ¹
854 353 876 379 λ’

81 404 130 438 ἐτη
143 423 150 435 ,
167 403 215 430 καὶ
229 402 278 428 τοῦ
296 402 390 437 τρίτου
415 401 505 436 μῆνας
528 400 662 427 ἐπέλασεν
676 399 766 426 ὀκτώ·
782 398 876 425 ἐϐασί-

81 450 162 476 λευσε
187 449 216 475 δὲ
239 448 342 475 τούτων
365 447 429 479 τούς
449 456 479 474 τε
501 446 574 473 ὀκτὼ
592 446 680 482 μῆνας
701 447 747 473 καὶ
763 445 811 480 ἐτη
830 445 876 480 ιβ’.

80 494 245 522 Ἐωινείδὲ
259 494 342 521 αὑτὸν
357 494 404 520 ἐπὶ
419 494 523 525 πάσαις
537 493 630 528 σχεδόν
647 501 673 519 τι
687 493 747 524 ταῖς
763 492 877 527 ἀρεταῖς

80 543 110 573 ἐς
126 541 163 567 τὰ
178 541 297 575 μάλιστα
314 541 328 566 ὁ
343 539 530 575 συγγραφεύς.
553 539 608 565 Καὶ
622 540 636 565 ό
647 538 763 573 ἕϐδομος
783 538 876 573 ἀπαρ-

80 588 188 620 τίζεται
203 587 301 621 λόγος,
324 586 354 613 ὃν
375 586 515 620 ἐκδέχεται
536 583 640 620 βιϐλίον
657 583 686 609 ἓν
697 603 705 616 ,
722 584 742 617 ἠ
755 581 875 616 Ἰνδική.

391 674 442 701 914
461 674 494 701 Rl
514 674 572 701 ιη’.

391 674 420 701 91
461 674 483 701 R
514 674 572 700 LB'.

84 721 142 751 τοῦ
167 720 263 748 αὑτοῦ
291 721 327 747 τὰ
351 674 442 755 μὲτὰ4
454 673 661 754 Ἃὲέὲανδρον,
683 719 834 764 ἐγλόγοις
850 717 876 746 ι’.

117 801 285 837 Συνεγράφη
301 801 329 827 δὲ
345 799 419 836 αὑτῷ
432 800 480 827 καὶ
497 800 536 827 Τὰ
547 799 624 835 μετὰ
638 798 836 833 Ἀλέξανδρον
849 798 878 825 ὲν

927 214 1062 249 hiles,qui
1077 215 1146 243 duos
1166 216 1298 243 duntaxat
1316 217 1392 250 deos,
1405 215 1511 243 Caelum
1531 215 1715 250 etBacchum,

928 260 1059 288 colerem.
1076 261 1140 288 Haec
1160 262 1222 288 dum
1237 266 1389 296 praeparat,
1416 262 1440 289 vi
1456 261 1541 289 morbi
1558 268 1715 297 superatus,

928 307 983 334 vita
1005 307 1133 335 decessit.
1152 308 1190 335 De
1211 308 1269 343 ejus
1286 316 1400 336 excessu
1416 309 1483 336 varii
1502 309 1579 336 varie
1599 309 1720 344 scripse-

929 357 993 379 runt
1006 372 1014 384 ,
1034 353 1172 388 multaque
1196 353 1277 380 etiam
1294 354 1441 389 pugnantia
1456 354 1634 389 prodiderunt
1648 354 1719 390 (55).

930 398 1003 425 Vixit
1015 406 1102 426 annos
1122 399 1189 426 duos
1209 407 1293 434 supra
1316 399 1426 434 triginta
1443 419 1450 431 ,
1467 404 1494 427 et
1510 407 1618 428 menses
1630 404 1693 428 octo
1710 409 1718 428 :

928 445 1028 478 quibus
1040 448 1105 471 'octo
1118 444 1267 477 mensibus,
1281 446 1414 479 anniSque
1430 445 1571 473 duodecim
1584 446 1718 481 regnavit.

928 491 1069 519 Laudatur
1094 492 1209 519 miriﬁce
1225 492 1260 519 ab
1278 493 1328 519 h'oc
1345 493 1478 526 scriptore
1494 491 1649 520 Alexander
1661 512 1670 526 ,
1684 492 1720 520 ob

929 538 1093 573 singularem
1109 539 1241 565 virtutum
1258 538 1314 565 fere
1335 538 1456 565 omnium
1472 539 1676 573 praestantiam,
1691 538 1719 565 in

929 591 983 618 quo
998 583 1130 618 Septimus
1152 584 1252 610 desinit
1273 584 1363 617 liber,
1389 591 1469 619 quem
1493 584 1589 611 Indica
1618 584 1720 620 excipit

932 628 1062 663 Historia,
1084 629 1154 657 libro
1172 629 1275 665 singula
1281 630 1313 656 ri.

1285 674 1366 703 XCII.

929 720 1057 756 Eiusdem
1076 721 1183 748 Arriani
1203 720 1241 748 De
1260 722 1337 783 rlelgus
1345 725 1416 783 ἔσει
1437 720 1619 749 Alexandrum
1640 722 1721 757 gestis

1281 765 1288 783 ι
1309 764 1331 783 η
1374 776 1382 783 .

1281 764 1331 783 ιυνι
1345 764 1382 783 Α.

965 803 1037 840 69a
1045 802 1237 838 Scripsitidem
1246 802 1359 837 Respost
1367 803 1546 830 Alexandrum
1553 808 1639 839 gestas
1646 803 1722 831 libris

82 850 174 884 λόγοις
191 848 269 880 δέκα,
284 849 314 874 ὲν
330 844 371 879 οἷς
387 846 563 882 διαλαμϐάνει
575 839 632 881 ’τήν
656 854 685 872 τε
711 845 806 873 στάσιν
830 846 880 881 τῆς

935 839 1036 879 decem.
1047 847 1147 881 quibus
1157 846 1303 874 militarem
1315 847 1453 874 exercitus
1470 847 1631 875 seditionem
1646 855 1722 875 com—

84 896 217 932 οτρατιᾶς
233 895 282 922 καὶ
297 894 346 929 τὴν
363 893 516 930 ἀνάρρησιν
528 892 689 928 Ἀρριδαίου
701 913 708 926 ,
720 891 749 923 ὃς
760 892 792 919 ὲκ
803 891 877 918 Φιλί-

87 951 138 978 νης
148 942 200 976 τῆς
223 940 366 975 Θεσσαλῆς
389 939 515 974 Φιλίππῳ
536 938 576 974 τῷ
603 938 779 973 Ἀλεξάνδρου
794 938 880 974 πατρὶ

86 988 269 1023 ὲγεγέννητο,
286 986 330 1021 ἐφ’
351 983 374 1019 ᾧ
395 985 442 1012 καὶ
457 985 650 1020 Ἀλέξανδρον,
665 984 695 1011 ὃν
716 984 829 1020 ἔμελλεν
850 984 880 1017 ὲξ

89 1033 270 1068 Ἀλεξάνδρου
286 1032 391 1059 τίκτειν
413 1030 547 1066 Ῥωξάνη,
565 1030 775 1066 συμῦασιλεύειν
789 1030 862 1066 αὐτῷ
872 1038 879 1046 '

83 1081 99 1107 ὃ
114 1081 163 1108 καὶ
176 1080 290 1114 γέγονεν
305 1079 346 1110 εἰς
359 1077 416 1111 φῶς
429 1077 557 1112 ἀχθέντος
570 1077 618 1103 τοῦ
628 1076 733 1108 παιδός.
750 1077 803 1104 Τὸν
818 1076 881 1113 Ἀῤ-

85 1126 188 1162 ριδαῑον
208 1125 238 1151 δὲ
265 1124 424 1155 ἀνειπόντες
458 1123 658 1158 μετωνόμασαν
676 1122 821 1150 Φίλιππον,
837 1124 880 1149 Δι-

84 1172 202 1207 εφέρετσ
213 1171 241 1197 δὲ
250 1170 272 1186 "
285 1171 314 1202 ἐς
331 1169 462 1204 ἀλλήλους
473 1169 504 1195 τὸ
516 1169 597 1201 πεζὸν
606 1169 653 1196 καὶ
667 1169 698 1195 τδ
711 1168 832 1200 ἱππικὸν,
843 1165 882 1196 ὧν

83 1218 109 1244 oi
124 1217 252 1252 μέγιστοι
260 1216 314 1243 τῶν
330 1217 436 1243 ἱππέων
452 1216 499 1243 καὶ
511 1216 565 1243 τῶν
574 1215 716 1250 ἡγεμόνων
728 1215 881 1250 Περδίκκας

85 1265 100 1290 6
113 1263 242 1298 Ὀρόντου
255 1262 303 1288 καὶ
312 1262 461 1293 Λεοννάτος
474 1262 488 1287 ὁ
503 1260 616 1292 ’Δνθους
624 1260 648 1276 ⁸⁵
658 1261 704 1287 uel.
714 1261 881 1296 Πτολεμαῖος

83 1311 97 1336 ὁ
110 1310 205 1343 Λάγου
216 1328 224 1341 ,
235 1308 291 1335 τῶν
301 1308 330 1334 δὲ
346 1307 406 1342 μετ’
419 1307 542 1339 ἐκείνους
555 1306 713 1341 Λυσίμαχός
723 1315 754 1332 τε
764 1307 779 1333 ὁ
799 1307 883 1340 Ἄγα-

84 1355 216 1386 θοκλέους
232 1355 281 1381 καὶ
301 1353 472 1389 Ἀριστόνους
501 1354 516 1378 ὁ
542 1353 670 1379 Πεισαίου
694 1353 741 1379 καὶ
763 1352 855 1379 Πίθων
868 1353 883 1378 ὁ

84 1399 218 1436 Κρατεύα
227 1399 250 1415 δ’
271 1399 320 1426 καὶ
334 1398 466 1430 Σέλευκος
480 1399 494 1424 ὁ
509 1398 648 1433 Ἀντιόχου
665 1399 713 1424 καὶ
732 1397 856 1432 Εὐμένης
869 1398 883 1423 ὸ

84 1446 255 1481 Καρδιανός.
283 1442 364 1472 Οὗτοι
392 1445 440 1480 μὲν
463 1444 599 1479 ἡγεμόνες
607 1443 629 1459 ⁶⁰
647 1443 701 1469 τῶν
719 1442 825 1469 ἱππέων
838 1443 859 1458 ¹¹
874 1463 882 1475 ,

86 1492 250 1528 Μελέαγρος
261 1491 290 1518 δὲ
301 1491 356 1517 τῶν
366 1489 469 1522 πεζῶν.
479 1487 547 1516 Εἶτα
559 1488 804 1525 διαπρεσὸεὑονται
815 1488 884 1524 πρὸς

87 1538 223 1573 ἀλλήλους
239 1536 387 1570 πολλάκις,
397 1536 446 1563 καὶ
456 1535 534 1567 τέλος
548 1535 746 1570 συμϐαίνουσιν
757 1535 785 1562 οἵ
797 1543 827 1562 τε
838 1534 884 1561 τὸν

89 1583 203 1619 βασιλέα
217 1583 377 1614 ἁνειπὸντες
392 1582 471 1615 πεζοὶ
487 1581 535 1609 καὶ
551 1582 576 1608 οἱ
589 1581 645 1608 τῶν
659 1581 765 1608 ἱππέων
779 1580 884 1616 ἡγεμό-

90 1638 143 1661 νες,
155 1629 199 1663 ἐφ’
208 1625 232 1662 ᾧ
248 1627 428 1662 ’Δντίπατρον
443 1626 493 1662 μὲν
506 1625 659 1662 στρατηγὸν
667 1625 737 1653 εἶναι
747 1625 802 1652 τῶν
816 1625 886 1653 κατὰ

90 1675 181 1710 τὴνεὺ
187 1674 284 1710 ρὼπην
291 1695 299 1707 ,
311 1673 453 1709 Κρατερὸν
461 1673 489 1700 δὲ
497 1674 657 1708 προστάτην
667 1673 718 1708 τῆς
731 1671 885 1708 Ἀρριδαίου

91 1722 247 1758 βασιλείας,
277 1720 433 1756 Περδίκκαν
454 1719 483 1746 δὲ
507 1719 660 1754 χιλιαρχεῖν
684 1717 838 1754 χιλιαρχίας
852 1714 886 1754 ἧς

90 1767 176 1804 ἦρχεν
197 1766 366 1802 Ἡφαιστίων
379 1764 429 1801 (τὺ
445 1765 474 1792 δὲ
493 1763 527 1800 ἦν
554 1765 690 1801 ἐπιτροπὴ
707 1765 756 1800 τῆς
778 1764 887 1799 ξυμπά-

92 1824 141 1850 σης
149 1815 172 1830 ⁶¹
183 1813 347 1848 βασιλείας),
357 1811 516 1847 Μελέαγρον
523 1811 552 1838 δὲ
568 1810 714 1847 ὕπαρχον⁶³
724 1810 884 1846 Περδίκκου.

92 1860 249 1895 Περδίκκας
260 1858 289 1885 δὲ
300 1858 347 1885 τὸν
364 1857 480 1893 στρατδν
493 1857 613 1893 καθᾶραι
635 1857 810 1893 σκηψάμενος
822 1856 886 1889 τοὺς

92 1905 330 1940 ἐπιφανεστάτους
345 1904 397 1939 τῆς
416 1904 568 1939 γενομένης
593 1902 724 1930 συνέλαϐε
747 1904 886 1934 στάσεως,

93 1952 141 1979 καὶ
166 1950 310 1978 ωλλαὸὼν
329 1950 366 1982 ὡς
378 1951 411 1977 ἐκ
428 1950 603 1985 προστάξεως
624 1949 778 1986 Ἀρριδαίου
801 1949 885 1976 αὑτοῦ

94 1998 234 2033 παρόντος
255 1996 345 2023 ἀνεῖλε
355 2017 362 2029 ,
375 1996 434 2028 δέος
449 1997 605 2031 ἐμποιήσας
622 1995 661 2030 τῷ
675 1995 761 2031 λοιπῷ
776 1996 886 2031 πλήθει.

97 2045 221 2079 ’Δναιρεϊ
234 2044 263 2071 δὲ
274 2043 304 2070 οὐ
314 2043 404 2078 πολλῷ
417 2042 531 2078 ὕστερον
545 2043 592 2069 καὶ
606 2041 778 2077 Μελέαγρον.
793 2042 838 2074 Ἐξ
849 2039 887 2069 ὧν

94 2090 252 2124 Περδίκκας
276 2089 398 2120 ὕποπτος
421 2089 450 2120 ἐς
471 2088 577 2119 πάντας
602 2085 636 2123 ἦν
663 2088 711 2114 καὶ
735 2088 817 2119 αὐτὸς
832 2088 881 2114 ὐπ-

92 2134 229 2161 ὼπτευεν.
246 2133 343 2168 Ὅμως
358 2133 387 2164 ἐς
405 2132 575 2168 σατραπείας
583 2131 606 2148 ⁸⁸
625 2132 748 2158 ἀνειπεῖν
769 2131 815 2164 οὓς
834 2133 887 2158 ὑπ-

932 893 1071 928 plectitur,
1086 892 1303 928 electionemque
1313 900 1346 922 ea
1358 894 1513 921 conditione
1527 894 1626 922 factam
1643 895 1722 922 Arri-

932 939 982 967 daei
1003 938 1061 975 (54)
1084 939 1175 975 (quem
1200 939 1324 975 Philippo
1342 939 1411 975 patri
1441 941 1589 968 Alexandri
1619 943 1724 977 peperit

933 985 1039 1013 Philine
1058 985 1155 1013 mulier
1172 985 1315 1020 Thessala)
1334 991 1363 1014 ut
1386 990 1414 1013 et.
1428 987 1582 1014 Alexander
1596 987 1722 1024 [infans],

932 1039 1012 1066 quem
1028 1031 1140 1059 Roxana
1155 1031 1311 1059 Alexandro
1332 1032 1453 1067 paritura
1479 1037 1555 1066 erat,
1583 1034 1664 1061 simul
1682 1042 1724 1060 re-

932 1083 1040 1113 gnaret.
1056 1078 1132 1111 Quod
1149 1078 1231 1105 etiam
1245 1077 1345 1111 evenit,
1366 1079 1439 1106 edito
1454 1077 1481 1106 in
1506 1079 1593 1106 lucem
1609 1079 1722 1107 infante.

933 1124 1018 1158 Igitur
1037 1124 1190 1151 Arritlaaum
1218 1131 1310 1159 regem
1334 1126 1542 1158 renuntiantes,
1569 1124 1723 1160 Philippum

933 1170 1172 1205 cognominarunt.
1186 1169 1354 1197 Tumultuati
1371 1177 1436 1198 vero
1456 1175 1540 1204 sunt,
1555 1176 1583 1198 et
1606 1170 1722 1199 invicem

934 1217 1122 1244 dissenserunt
1136 1216 1240 1251 pedites
1270 1216 1441 1251 equitesque.
1455 1217 1482 1244 ln
1499 1216 1599 1252 quibus
1612 1222 1638 1245 et
1649 1217 1726 1252 equi-

935 1266 1002 1292 tum,
1019 1265 1046 1288 et
1061 1261 1159 1288 ducum
1171 1260 1308 1296 principes
1325 1266 1405 1288 erant
1422 1261 1568 1290 Perdiccas
1584 1261 1679 1290 Oronti
1694 1261 1725 1291 Ρ.

934 1311 961 1334 et
978 1306 1133 1334 Leonnatus
1149 1306 1256 1334 Autlmi
1282 1311 1310 1334 et
1333 1306 1497 1335 Ptolemaeus
1515 1307 1580 1343 Lagi
1607 1306 1639 1336 F.
1666 1313 1728 1343 post

935 1353 985 1380 hos
993 1353 1175 1388 Lysimachus
1191 1353 1349 1388 Agathoclis
1361 1352 1393 1380 F.
1406 1357 1434 1381 et
1448 1353 1593 1381 Aristonus
1605 1354 1684 1381 Pisaei
1695 1353 1726 1382 F.

934 1404 961 1426 et
979 1398 1078 1426 Pithon
1103 1398 1226 1427 Cratevze
1254 1399 1286 1426 F.
1303 1404 1331 1426 et
1348 1399 1480 1427 Seleucus
1496 1400 1623 1427 Antiochi
1647 1399 1677 1427 F.
1700 1404 1729 1428 et

935 1445 1071 1473 Eumenes
1086 1444 1255 1478 Cardianus,
1272 1445 1318 1480 qui
1334 1446 1444 1481 quidem
1464 1446 1584 1481 equitum
1600 1446 1729 1474 ductores

937 1488 1012 1516 fuere
1028 1497 1035 1515 :
1051 1489 1171 1523 peditum
1188 1496 1256 1517 vero
1266 1489 1411 1524 Meleager.
1424 1489 1514 1518 Missa:
1531 1490 1629 1519 dehinc
1645 1491 1729 1518 varia:

939 1535 1067 1570 utrinque
1096 1534 1246 1570 legationes
1269 1544 1277 1562 :
1304 1536 1470 1571 tandemque
1500 1537 1629 1564 conVcnit
1657 1536 1729 1564 inter

937 1582 1054 1616 pedites,
1069 1581 1113 1616 qui
1130 1581 1187 1616 jam
1206 1587 1286 1610 antea
1301 1589 1392 1618 regem
1411 1582 1593 1615 nominarent,
1611 1588 1639 1611 et
1652 1583 1730 1619 equi-

937 1632 993 1654 tum
1010 1628 1093 1655 duces
1104 1646 1113 1660 ,
1137 1633 1167 1655 ut
1181 1628 1324 1664 Antipater
1339 1628 1365 1655 in
1383 1627 1489 1664 Europa
1507 1628 1567 1656 belli
1582 1629 1730 1663 imperator

937 1678 1022 1707 esset,
1038 1673 1172 1702 Craterus
1189 1674 1264 1709 regni
1279 1675 1394 1703 Arridaei
1411 1675 1567 1710 praefectus,
1582 1675 1729 1704 Perdiccas

938 1727 1002 1747 vero
1015 1720 1142 1755 lcgionis,
1160 1728 1241 1754 quam
1257 1719 1430 1755 ﬂepltzestion
1446 1721 1563 1748 duxerat
1577 1741 1584 1754 ,
1612 1721 1729 1748 Chiliar-

938 1765 1006 1792 chus
1020 1765 1102 1801 (quod
1116 1766 1226 1801 quidem
1242 1767 1315 1801 regni
1332 1767 1415 1795 totius
1429 1771 1487 1794 erat
1509 1767 1728 1802 procurationem

939 1811 977 1838 illi
989 1810 1154 1846 tutelamque
1170 1812 1364 1847 committere),
1380 1811 1514 1847 Meleager
1530 1813 1646 1847 denique
1662 1812 1728 1840 Per-

939 1857 1023 1885 diccae
1056 1858 1187 1885 vicarium
1218 1859 1375 1893 praefectum
1402 1862 1506 1893 ageret.
1542 1858 1612 1886 Cum
1634 1858 1729 1893 itaque

939 1909 1030 1937 postea
1045 1903 1198 1930 exercitum
1213 1903 1331 1931 lustrare
1345 1903 1491 1931 Perdiccas
1505 1904 1646 1932 simularet
1658 1904 1728 1940 (55).

938 1948 1082 1976 seditionis
1096 1953 1222 1976 auctores
1234 1949 1387 1984 praecipuos
1407 1950 1625 1985 comprehendit.
1652 1957 1729 1977 coin-

938 1994 1155 2030 prehensosque,
1175 2000 1302 2030 tanquam
1320 1995 1434 2031 jubente
1453 1996 1587 2029 Arridaeo,
1617 1996 1730 2031 ipsoque

939 2041 1123 2076 inspectante,
1135 2041 1238 2068 occidit
1256 2041 1324 2076 (56).
1341 2041 1402 2074 Quo
1416 2049 1450 2069 ex
1467 2041 1539 2069 l'acto
1561 2046 1647 2069 terror
1665 2041 1732 2068 reli-

939 2096 1007 2123 quos
1026 2089 1171 2123 persuasit.
1189 2088 1255 2117 Post
1267 2088 1348 2124 paulo
1359 2093 1386 2116 et
1401 2089 1565 2124 Meleagrum
1582 2089 1729 2117 interiecit.

941 2133 1010 2162 lliuc
1026 2139 1171 2170 suspectus
1185 2136 1313 2163 omnibus
1322 2135 1477 2169 Perdiccas,
1494 2140 1609 2163 caeteros
1623 2142 1732 2170 quoque

93 2181 220 2207 ώπτευεν
231 2200 239 2212 ,
263 2179 302 2211 ὡς
319 2179 473 2215 Ἀρριδαίου
494 2178 652 2210 κελεύοντος
663 2197 670 2209 ,
687 2177 769 2212 ἔγνω.
784 2178 839 2205 Καὶ
852 2178 881 2212 δίς

941 2179 1000 2214 ipse
1012 2184 1154 2214 suspectos
1168 2180 1269 2208 habere
1284 2181 1367 2216 εωρὶι
1380 2187 1387 2207 :
1400 2187 1469 2215 quos
1491 2185 1582 2208 tamen
1603 2180 1636 2207 ad
1660 2187 1732 2214 pra:-

93 2227 265 2262 ιῐτολεμαῖος
283 2226 333 2260 μὲν
346 2226 360 2252 ὁ
375 2225 466 2259 Λάγου
483 2224 622 2259 Αἰγύπτου
639 2224 686 2250 καὶ
700 2224 804 2259 Λιϐύης
815 2244 823 2256 ,
839 2224 887 2251 καὶ

93 2274 144 2299 ὅσα
166 2273 217 2307 τῆς
238 2271 363 2307 ’Δράὸων
389 2271 441 2306 γῆς
468 2270 569 2306 ξύνορα
589 2269 768 2304 Δίγὺπτῳσδ,
792 2270 887 2305 ἄρχειν

94 2317 236 2352 ἐπετάχθη
249 2336 257 2349 ,
274 2317 435 2352 Κλεομένης
452 2316 482 2343 δὲ
497 2316 512 2342 ὁ
533 2315 563 2349 ἐξ
585 2315 760 2352 Ἀλεξάνδρου
774 2316 825 2351 τῆς
840 2325 888 2343 σα-

92 2364 230 2400 sparsiet;
242 2362 345 2398 ταύτης
357 2362 451 2399 ἄρχειν
473 2362 642 2398 τεταγμένος
659 2361 820 2398 Πτολεμαίῳ
834 2361 888 2389 ὓπ-

941 2225 1062 2253 fecturas
1086 2226 1171 2253 nihilo
1194 2227 1294 2260 secius,
1315 2231 1443 2262 tanquam
1465 2227 1588 2254 Arridmo
1607 2225 1731 2260 jubente,

941 2272 1092 2306 provehere
1104 2272 1210 2299 statuit.
1229 2272 1262 2299 Et
1274 2280 1339 2300 vero
1351 2272 1511 2300 Ptolemaeus
1522 2272 1586 2307 Lagi
1600 2272 1633 2299 F.
1649 2270 1734 2307 Egy-

942 2324 988 2353 pio
998 2323 1024 2345 et
1035 2318 1146 2352 Africae,
1154 2318 1282 2353 omnique
1294 2318 1331 2345 illi
1343 2319 1450 2346 Arabia;
1463 2318 1533 2354 parti
1546 2326 1606 2354 quae
1616 2317 1733 2353 Αἴθῃ)ιο

944 2363 1060 2398 adjacet,
1071 2364 1206 2398 imperare
1217 2362 1312 2398 jussus
1323 2369 1375 2391 est.
1385 2363 1547 2392 Cleomenes
1563 2368 1667 2397 autem,
1686 2362 1731 2398 qui

735 2431 854 2460 VARI/13
867 2429 1072 2461 LECTIONES.

127 2491 152 2528 '_‘
165 2489 306 2528 ιιιῖνιὶἰνᾉι
336 2490 359 2506 ⁸⁷
412 2491 435 2516 A
448 2490 569 2528 :jdtppg.
607 2490 630 2506 ⁵⁸
648 2490 762 2528 ᾌντους
775 2498 805 2522 ς.
826 2524 835 2528 _
853 2491 875 2507 ⁵⁸
889 2491 979 2528 δ’τοῦ-
999 2492 1112 2528 Κρατέα
1125 2501 1155 2524 ς’.
1193 2493 1215 2509 ⁶⁰
1229 2493 1279 2528 μὲν
1304 2491 1350 2520 οὖν
1378 2494 1425 2528 ἡγ.
1441 2501 1472 2525 ς.
1489 2527 1493 2528 ν
1512 2493 1533 2509 ⁶¹
1552 2491 1658 2519 ἱππέων
1684 2489 1733 2528 καὶ

94 2525 165 2553 Μελ.
182 2533 216 2558 ς’.
232 2524 238 2526 ⁷
255 2525 278 2541 ⁶²
293 2524 439 2561 ξυμπάσης
455 2526 494 2553 A:
511 2524 577 2562 ὅλης
590 2534 621 2558 ς.
659 2525 682 2541 ⁸³
699 2524 836 2561 ὕπαρχον]
868 2526 937 2554 adde
952 2524 1034 2555 εῖναιζ
1082 2527 1104 2543 ⁸⁸
1120 2524 1337 2562 σατραπείαν-ς.

1390 2527 1414 2544 ⁸⁸
1426 2527 1559 2563 Αἰγύπτῳ
1572 2534 1628 2555 om.
1643 2533 1684 2561 pr.
1700 2527 1734 2552 A.

852 2597 970 2628 NOTE.

132 2653 190 2689 (55)
208 2652 275 2691 Vide
292 2652 536 2691 Vitas_parallela§
556 2658 663 2691 nostras
680 2652 894 2691 Aristotel_i_s,_a_c
944 2659 1038 2682 notalu
1061 2654 1174 2691 dignum
1195 2656 1266 2690 apud
1296 2654 1421 2682 Curtium
1444 2654 1518 2690 legas
1539 2655 1587 2683 lib.
1620 2663 1658 2688 ν,
1685 2655 1736 2682 sub

95 2687 302 2719 Demosthenis,
332 2692 361 2715 et
370 2687 492 2723 Josepha
515 2687 685 2723 Stephanum
702 2690 787 2723 episc.
805 2688 892 2715 Oriol.

94 2723 301 2752 Commentario
313 2723 348 2750 ad
360 2730 420 2758 cap.
435 2722 454 2749 ἰ
468 2722 696 2758 Machahaeorum.

134 2758 195 2794 (54)
213 2757 354 2794 Desippus
380 2765 442 2794 sup.
459 2758 520 2785 cod.
533 2757 568 2785 82
582 2758 661 2786 unica
679 2762 782 2786 tantum
795 2757 893 2786 canina

98 2792 191 2820 littera
205 2792 346 2820 Aridasum
366 2793 501 2821 nominat.

133 2827 191 2863 (55)
209 2828 341 2863 Καυᾶραι
365 2827 443 2863 quasi
459 2827 574 2871 expiare
595 2828 681 2857 dicas.
706 2827 790 2865 Cujus
811 2827 893 2857 ritum

943 2692 1041 2764 Πῗιὲἓὶ.
1056 2725 1174 2764 Quando
1196 2725 1349 2764 elephantis
1360 2725 1402 2764 __in
1430 2729 1579 2764 conspectu
1597 2724 1736 2764 exercitus

943 2758 1174 2796 objectiit’recenti
1187 2781 1195 2794 ,
1212 2758 1308 2790 omnes
1325 2759 1476 2791 belluarum
1489 2758 1604 2796 pedibus
1626 2758 1734 2795 protriti

944 2800 1017 2824 sunt.
1033 2795 1111 2824 Curt.
1129 2796 1176 2824 lib.
1194 2804 1221 2824 ι.
