1938 3091
189 155 243 188 303

772 157 905 188 ΡΗΟΤΙΙ
925 155 1177 186 PATRIARCHIE
1195 155 1250 186 ΕΡ.

1778 154 1831 187 304

192 216 227 244 ab
243 215 399 243 Alexandro
411 218 519 249 satrapa
537 215 574 242 ibi
591 215 758 243 constitutus
777 214 877 248 fuerat,
892 214 985 242 Ptole-

1045 221 1121 248 ιρχος
1140 210 1210 240 εἶναι
1221 221 1228 228 ·
1244 211 1295 248 τῆς
1311 211 1340 239 δὲ
1355 212 1402 239 ἐπὶ
1415 211 1503 248 ταύτῃ
1510 212 1533 228 ⁸⁸
1550 211 1652 247 Συρίας
1666 212 1829 248 Λαομέδων,

194 261 254 289 ntaei
272 261 392 289 vicarius
406 261 552 295 prmieetus
569 260 609 288 iit.
629 261 716 297 Syria:
730 260 827 288 deinde
837 268 898 296 quae
921 261 984 288 huic

193 307 321 343 satrapite
344 306 485 341 subjacet,
511 307 666 334 Laomedon
688 307 841 342 impositus.
865 306 986 334 Philotas

194 353 298 380 Ciliciae
317 352 462 387 prmfeclus
488 357 540 385 est,
569 357 600 379 ut
618 351 716 380 Pithon
730 352 825 380 Mediae
843 352 910 388 (3'7).
937 352 984 379 Eu-

195 404 288 424 menes
306 405 370 424 vero
393 397 545 425 Cardianus
562 397 762 432 Cappadociam
784 402 811 425 et
834 397 986 432 Paphlago-

195 444 279 476 niam,
295 451 410 478 quzeqne
428 443 514 471 Ponto
531 443 656 478 adjacent
669 443 787 470 Euxinio
803 445 934 478 suscepit,
952 443 985 470 ad

194 497 281 525 usque
288 489 486 524 Trapezuntem
496 489 688 523 Sinopensium
697 489 842 517 coloniam.
850 488 988 524 Pamphy-

196 536 238 569 lis,
255 541 282 563 et
291 535 392 572 Lyciis,
409 543 569 571 magnmque
582 536 709 572 Phrygiae
725 537 878 572 Antigonus
893 537 985 564 datus.

195 581 279 610 Cares
292 582 370 618 696
381 581 537 610 Cassandro
549 582 732 617 obvenerunt;
743 582 811 619 Lydi
822 583 986 611 Menandro:

197 632 226 655 ut
243 628 384 656 Leonnato
398 629 443 655 illa
459 627 577 665 Phrygia
589 650 597 663 ,
621 637 682 665 quae
700 629 816 664 pertinet
831 630 864 657 ad
885 628 987 656 llclles-

195 678 308 710 pontum
325 675 392 710 (38),
407 682 488 709 quam
502 675 536 702 ab
547 675 604 710 ipso
615 675 768 703 Alexandro
779 675 860 703 Calas
876 675 986 711 quidam

197 719 308 747 nomine
322 720 472 754 obtinebat,
491 720 542 748 etsi
560 721 657 749 deinde
669 721 825 749 Demarcho
841 721 987 749 commissa

197 763 279 792 fuerit
293 764 360 800 (59).
377 764 414 791 lta
427 768 489 792 tunc
500 765 564 792 Asia
580 770 623 793 est
635 765 794 793 distributa.
868 762 871 764 ’

235 809 286 838 Per
303 810 438 845 Europam
454 818 530 843 vero,
550 811 675 839 Thraciae
691 811 801 846 quidem
825 815 853 839 et
871 810 989 839 Cherrov

200 863 277 888 neso,
292 857 474 892 gentibusque
485 856 610 885 Thraciae
623 857 755 890 tinitimis,
769 865 855 893 usque
869 857 903 885 ad
913 865 989 886 mare

1036 258 1158 291 Φιλώτας
1173 259 1202 286 δέ
1214 257 1342 290 Κιλικίας
1358 258 1406 285 καὶ
1420 257 1512 286 Πίθων
1528 258 1636 293 Μηδίας
1647 258 1670 274 ⁸⁷
1681 278 1690 292 ,
1705 258 1832 293 Εὐμένης

1036 304 1064 331 δέ
1079 304 1094 331 ὁ
1110 303 1265 340 Καρδιανὸς
1284 304 1483 336 Καππαδοκίας
1497 304 1544 331 καὶ
1560 303 1751 338 Παφλαγονίας
1763 324 1771 336 ,
1783 303 1833 330 καὶ

1036 351 1086 378 ὅσα
1095 350 1142 377 τοῦ
1156 350 1257 378 Πόντου
1270 350 1317 377 τοῦ
1329 350 1456 384 Εὐξείνου
1475 350 1577 386 σύνορα
1591 350 1653 377 ἐστε
1659 349 1683 365 ⁸⁸
1694 350 1741 376 ἐπὶ
1753 350 1832 376 πόλιν

1045 396 1159 424 Ἑλλάδα
1169 397 1192 413 ⁶⁰
1209 396 1405 432 Τραπεζοῦντα
1415 416 1423 429 ,
1440 396 1585 423 Σινωπέων
1597 396 1711 423 ἄποικον
1724 404 1731 411 ·
1750 396 1833 430 Παμ-

1039 443 1129 478 φύλων
1141 443 1169 470 δὲ
1185 444 1232 470 καὶ
1245 443 1354 470 Λυκίων
1369 443 1417 470 καὶ
1432 443 1554 478 Φρυγίας
1563 442 1613 478 τῆς
1629 441 1752 477 μεγάλης
1770 442 1833 468 Ἀν-

1038 489 1161 523 τίγονος,
1183 489 1285 524 Καρῶν
1309 488 1338 515 δέ
1354 488 1558 523 Κάσανδροςη,
1577 487 1671 514 Λυδῶν
1681 487 1710 514 δέ
1723 488 1833 514 Μέναν-

1038 533 1101 569 δρος
1111 554 1118 566 ,
1137 535 1188 570 τῆς
1200 535 1230 562 δὲ
1250 535 1293 569 ἐφ’
1315 534 1507 570 Ἑλλησπόντῳ
1521 533 1643 569 Φρυγίας
1660 533 1810 564 Λεοννάτος
1822 552 1832 564 ,

1038 581 1094 617 ἧντ’
1112 579 1142 612 ἐξ
1152 580 1174 596 ⁷⁸
1198 580 1375 615 Ἀλεξάνδρου
1396 579 1446 615 μὲν
1462 579 1556 610 Κάλας
1570 579 1655 613 ὄνομα
1668 578 1780 613 κατέχει
1789 578 1813 594 ⁷³
1823 599 1832 610 ,

1039 625 1135 653 ἔπειτα
1150 625 1298 661 Δήμαρχος
1321 625 1521 660 ἐπετέτραπτο.
1536 624 1578 651 Τὰ
1601 623 1651 659 μὲν
1664 618 1767 651 καίτὰτδ
1781 624 1834 659 τὴν

1045 672 1139 698 Ἀσίαν
1155 667 1206 699 ὧδε
1223 671 1356 707 ἐνεμήθη.

1075 803 1136 831 Τῶν
1150 803 1177 830 δὲ
1194 803 1267 836 κατὰ
1284 802 1334 838 τὴν
1347 802 1483 839 Εὐρώπην
1497 803 1609 839 Θρᾴκης
1628 803 1677 838 μὲν
1691 803 1738 830 καὶ
1758 803 1836 838 Χεῤ-

1041 849 1174 885 ρονήσου,
1193 849 1240 876 καὶ
1255 849 1305 876 ὅσα
1328 848 1415 884 Θρᾳξὶ
1428 847 1530 884 σύνορα
1543 848 1622 883 ἔθνη,
1639 847 1701 875 ἐστε
1718 849 1764 875 ἐπὶ
1784 848 1836 876 θά-

197 903 270 938 quod
290 902 495 938 Salmydessum
517 901 596 930 Ponti
622 902 719 931 Euxini
744 903 838 931 urbem
863 903 986 939 attingit,

1045 897 1142 923 λασσαν
1162 895 1214 931 τὴν
1225 895 1248 913 ⁷⁸
1261 896 1308 922 ἐπὶ
1321 895 1517 931 Σαλμυδησσὸν
1530 895 1577 922 τοῦ
1590 895 1716 927 Εὐξείνου
1730 895 1835 922 Πόντου

201 947 380 984 Lysimachus
401 948 548 983 praefectus
571 948 662 976 datur.
691 947 728 976 At
741 956 802 984 qua:
815 949 885 978 ultra
903 949 991 978 Thra-

198 995 268 1022 ciam
285 1001 372 1028 nsque
399 995 433 1021 ad
451 994 593 1029 illyricos,
622 993 775 1028 Triballos,
802 1001 830 1023 et
856 996 991 1032 Agrianos

199 1040 352 1074 pertinent,
369 1041 483 1074 ipsaque
507 1040 574 1068 adeo
597 1040 754 1069 Macedonia
766 1062 773 1075 ,
787 1046 814 1070 et
832 1041 932 1077 Epirus
957 1043 991 1070 ad

197 1084 352 1112 Ceraunios
370 1091 456 1118 usque
475 1089 583 1112 montes
603 1085 779 1121 pertingens,
809 1094 869 1114 cum
886 1087 991 1116 Graecia

199 1130 327 1157 universa
342 1129 466 1162 Cratero,
483 1134 510 1157 et
527 1130 670 1166 Antipatro
686 1132 865 1160 obvenerunt.
880 1132 918 1160 lta
934 1133 992 1161 hrc

200 1175 298 1203 divisio
313 1175 385 1203 facta
399 1184 406 1203 :
424 1183 486 1202 nam
503 1175 619 1210 plurima
639 1177 697 1205 loca
711 1197 719 1211 ,
744 1183 773 1205 ut
788 1178 822 1206 ab
836 1178 992 1207 Alexandro

198 1219 291 1247 relicta
304 1224 394 1251 erant,
410 1219 544 1255 indigenis
561 1222 684 1256 parentia
701 1221 850 1256 praefectis,
875 1223 990 1252 indivisa

199 1270 420 1300 permanserunt.

235 1312 342 1340 Interea
361 1319 387 1341 et
406 1313 518 1341 ﬂoxana
534 1321 679 1349 praegnans
693 1315 764 1350 parit
779 1314 863 1342 ﬁliuni
875 1335 883 1348 ,
911 1323 991 1350 quem

200 1365 262 1385 mox
280 1365 372 1394 regem
389 1359 514 1388 militaris
532 1360 611 1387 turba
632 1360 796 1388 renuntiavit
813 1371 820 1388 :
838 1365 865 1388 et
879 1361 991 1389 seditio-

202 1403 282 1430 nibus
295 1409 330 1431 ευ
344 1403 491 1432 Alexandri
508 1412 621 1433 excessu
633 1406 725 1433 omnia
744 1405 928 1441 replebantur.
949 1407 992 1434 Et-

199 1449 273 1476 enim
303 1449 447 1485 Antipater
479 1457 540 1478 cum
571 1450 803 1486 Atheniensibus,
839 1457 992 1488 ceteraque

200 1492 324 1528 Graecia,
345 1502 426 1530 quam
449 1496 618 1525 Leosthenes
642 1498 791 1532 imperator
819 1498 990 1532 defendebat,

201 1541 301 1568 bellmn
326 1543 411 1577 gessit
429 1551 436 1570 :
453 1545 624 1580 primumque
637 1545 734 1578 vietus,
756 1550 785 1573 et
807 1545 834 1572 in
852 1546 992 1581 angustias

200 1587 335 1615 adductus
348 1607 356 1621 ,
370 1588 494 1623 superior
516 1589 624 1617 tandem
644 1591 752 1623 evasit,
778 1591 880 1618 amisso
901 1596 991 1619 tamen

201 1632 353 1667 Leonnato,
367 1634 414 1670 qui
429 1636 567 1670 suppetias
584 1635 730 1671 Antipatro
755 1637 893 1666 attulerat.
915 1636 994 1673 Lysi-

202 1680 316 1707 machus
335 1687 445 1715 qucque
473 1688 536 1709 cum
554 1681 657 1710 Seutba
675 1682 782 1711 Thrace
800 1683 882 1711 nimis
907 1684 992 1711 auda-

200 1730 260 1752 cter
269 1726 392 1754 conﬂixit
401 1735 450 1762 pro
462 1727 587 1762 imperio.
597 1728 664 1756 Cum
674 1729 768 1764 paucis
776 1730 849 1757 enim
858 1736 992 1765 pugnans,

201 1772 252 1798 etsi
268 1777 380 1800 strenue
394 1781 424 1801 se
447 1779 565 1809 gereret,
583 1779 672 1802 tamen
695 1775 836 1803 confectus
856 1781 909 1804 erit.
931 1775 994 1804 Per-

202 1819 294 1846 diccas
323 1819 386 1847 item
411 1827 473 1848 cum
488 1821 634 1848 Ariarathe
660 1821 840 1856 Cappadocia:
866 1823 994 1857 praefecto

203 1865 354 1898 conseruit,
373 1866 444 1900 quod
467 1865 581 1894 Eumeni
605 1866 644 1894 ibi
674 1867 807 1902 imperare
831 1867 911 1903 jusso
940 1876 994 1896 non

202 1911 343 1938 cessisset.
357 1910 419 1939 Uno
431 1911 522 1947 itaque
543 1913 587 1940 hic
603 1917 630 1940 et
645 1912 731 1940 altero
741 1913 834 1948 praelia
859 1915 993 1949 superior,

203 1960 312 1990 captum
328 1956 403 1984 illum
427 1958 588 1992 suspendit,
613 1959 815 1995 Eumenemque
837 1960 864 1987 in
881 1968 994 1996 regnum

205 2002 332 2030 restituit.
347 2002 479 2030 Craterus
496 2010 561 2031 vero
574 2004 718 2040 Antipatro
734 2009 848 2040 portans
864 2005 995 2033 adversus

200 2047 335 2076 Graeciam
351 2049 500 2077 auxiliares
518 2050 610 2084 copias
623 2069 632 2083 ,
652 2050 774 2078 victoriae.
800 2050 873 2079 illius
887 2056 993 2084 auctor,

200 2101 254 2128 qua
267 2093 332 2121 victi
346 2094 446 2127 Grazci,
459 2096 576 2123 exstitit.
598 2095 781 2129 Quamobrem
797 2096 908 2131 utrique
923 2097 995 2124 dicto

203 2140 359 2174 audientes,
370 2140 505 2176 imperata
516 2142 645 2176 deinceps
655 2141 758 2177 absque
771 2142 996 2177 tergiversatione

200 2185 334 2213 fecerunt.
352 2186 384 2214 Et
407 2187 464 2214 haec
487 2187 597 2222 quidem
619 2187 699 2215 libris
726 2188 850 2223 quinque
874 2187 994 2221 comple-

199 2231 292 2260 ctitur.
902 2263 904 2265 ,

236 2276 336 2305 Sextus
360 2278 442 2306 rel'ert
458 2278 668 2307 Demosthenem
684 2283 711 2307 et
726 2279 891 2315 Hyperidem
905 2280 992 2308 Athe-

200 2323 309 2350 nienses
335 2323 448 2358 fugisse,
475 2324 661 2352 Aristonicum
689 2325 754 2352 item
779 2325 991 2357 Marathonium,

202 2372 229 2394 et
244 2367 406 2396 ilimeratum
425 2369 557 2398 Demetrii
570 2370 694 2398 Phalerei
707 2370 832 2402 fratrem.
849 2371 991 2407 Eginam-

198 2420 252 2448 que
269 2414 386 2449 primum
413 2416 530 2449 venisse,
551 2416 595 2444 ubi
613 2417 676 2444 dum
694 2422 882 2451 versarentur,
896 2422 993 2445 orante

199 2460 329 2493 Demade,
346 2461 445 2496 capitis
464 2462 601 2490 sententia
623 2463 658 2490 ab
678 2462 890 2490 Atheniensibus
912 2463 991 2490 dam-

1043 940 1174 978 [12411.]
1189 940 1344 976 καθήκοντα
1354 960 1361 973 ,
1373 939 1523 975 Λυσιμάχῳ
1534 940 1551 976 ἡ
1565 939 1636 975 ἁρχὴ
1645 939 1790 974 ἐπετράπη
1799 939 1835 955 ⁷⁶”

1041 987 1076 1014 τὰ
1090 987 1118 1014 δέ
1136 987 1266 1014 ἐπέκεινα
1291 987 1343 1022 τῆς
1366 986 1479 1023 Θρᾴκης
1495 985 1533 1018 ὡς
1547 986 1594 1012 ἐπὶ
1622 985 1766 1021 Ἰλλυριοὺς
1786 985 1837 1012 καὶ

1043 1033 1211 1069 Τριὸαλλοϋς
1225 1032 1274 1059 καὶ
1293 1033 1457 1068 Ἀγριᾶνας,
1473 1031 1521 1058 καὶ
1537 1031 1607 1066 αὐτὴ
1621 1031 1776 1058 Μακεδονία
1788 1032 1838 1058 καὶ

1042 1079 1088 1115 ή⁷⁷
1099 1080 1232 1115 Ἥπειρος
1243 1079 1281 1111 ὠς
1297 1078 1344 1105 ἐπὶ
1360 1078 1395 1105 τὰ
1411 1078 1462 1114 ὅρη
1473 1077 1507 1104 τὰ
1520 1077 1661 1113 Κεραύνια
1676 1077 1836 1112 ἀνήκουσα,

1042 1125 1090 1152 καὶ
1106 1126 1130 1152 oi
1145 1125 1278 1160 ’Έλληνες
1295 1124 1470 1160 σύμπαντες,
1483 1122 1619 1159 Κρατερῷ
1633 1122 1681 1149 καὶ
1701 1123 1838 1150 Ἀντιπά-

1042 1180 1099 1207 τρῳ
1109 1170 1239 1207 ἐνεμήθη.
1247 1168 1303 1197 Καὶ
1311 1170 1329 1206 ἡ
1345 1169 1395 1205 μὲν
1408 1169 1524 1204 νέμησις
1540 1168 1638 1200 οὕτως’
1648 1168 1734 1197 πολλὰ
1745 1168 1774 1195 δὲ
1787 1169 1838 1195 καὶ

1042 1217 1210 1252 ἁδιανέμητα
1221 1216 1328 1251 ἔμεινεν
1344 1215 1397 1242 ὑπὸ
1411 1215 1466 1242 τῶν
1477 1215 1619 1250 ἐγχωρίων
1631 1215 1785 1251 ἀρχόντων,
1797 1214 1837 1246 ὡς

1043 1262 1197 1298 ἐτάχθησαν
1212 1262 1265 1288 ὑπὸ
1281 1261 1459 1297 Ἀλεξάνδρου
1470 1282 1477 1295 ,
1491 1262 1621 1296 ἐχόμενα.

1079 1308 1123 1334 Ἐν
1137 1308 1225 1343 τούτῳ
1242 1307 1363 1343 Ῥωξάνη
1380 1307 1441 1334 κύει
1461 1307 1508 1333 καὶ
1525 1307 1628 1338 τίκτει,
1648 1307 1695 1333 καὶ
1707 1307 1747 1338 είς
1760 1306 1839 1341 βασι-

1042 1353 1092 1380 λέα
1109 1353 1140 1380 τὸ
1152 1353 1247 1388 τεχθὲν
1262 1353 1357 1380 ἀνεῖπε
1379 1352 1410 1379 τὺ
1426 1352 1538 1387 πλῆθος.
1555 1351 1625 1387 [217
1639 1352 1671 1379 R.
1688 1351 1839 1387 ]Στάσεων

1041 1399 1070 1426 δὲ
1086 1399 1156 1434 μετὰ
1171 1399 1218 1426 τὸν
1235 1399 1412 1434 Ἀλεξάνδρου
1429 1400 1544 1426 θάνατον
1560 1398 1649 1425 πάντα
1671 1398 1837 1433 ἐπληροῦτο.

1042 1445 1098 1472 Καὶ
1118 1445 1234 1480 πολεμεῖ
1263 1445 1442 1481 Ἀντίπατρος
1466 1445 1536 1480 πρός
1552 1453 1580 1471 τε
1603 1444 1772 1480 Ἀθηναίους
1787 1445 1839 1472 καὶ

1042 1491 1105 1523 τοὺς
1116 1491 1213 1523 ἄλλους
1229 1492 1364 1526 Ἕλληνας
1373 1512 1380 1524 ,
1404 1490 1578 1522 Λεωσθένους
1586 1491 1610 1507 ⁷⁸
1630 1491 1722 1523 αὐτοῖς
1736 1499 1839 1526 στρατ-

1043 1537 1175 1572 ηγοῦντος
1184 1545 1192 1553 ο
1210 1538 1259 1564 καὶ
1272 1537 1306 1564 τὰ
1324 1537 1421 1572 πρῶτα
1436 1537 1592 1572 ἡττώμενος
1605 1538 1652 1564 καὶ
1664 1538 1704 1569 εἰς
1717 1537 1840 1572 ἀπορίαν

1045 1582 1258 1618 συγκλειόμενος
1282 1582 1396 1619 ὕστερον
1420 1583 1543 1618 ἐκράτει.
1567 1583 1649 1610 Ἀλλὰ
1671 1582 1767 1609 πίπτει
1789 1583 1840 1610 καὶ

1045 1628 1193 1660 Λεοννάτος
1207 1628 1364 1664 ἐπιϐοηθεῖν
1377 1629 1463 1656 δοκῶν
1486 1629 1668 1664 Ἀντιπάτρῳ.
1681 1629 1736 1655 Καὶ
1751 1628 1839 1656 Λυσί-

1046 1683 1132 1710 μαχος
1150 1674 1178 1701 δὲ
1193 1674 1282 1711 Σεύθῃ
1297 1674 1337 1710 τῷ
1350 1675 1440 1710 Θρᾳκὶ
1461 1674 1589 1710 πολεμῶν
1603 1674 1673 1709 ὑπὲρ
1684 1674 1735 1709 τῆς
1748 1675 1840 1710 ἀρχῆς

1044 1720 1210 1755 παραϐόλως
1227 1721 1295 1752 (σὺν
1317 1721 1418 1755 ὀλίγοις
1433 1719 1488 1755 γὰρ
1501 1720 1509 1755 )
1522 1720 1570 1747 καὶ
1594 1720 1747 1755 εὐδοκιμῶν
1762 1720 1840 1755 ὅμως

1044 1767 1176 1804 ἀνῃρέθη.
1200 1768 1319 1803 Πολεμεῖ
1333 1767 1362 1794 δὲ
1382 1767 1429 1794 καὶ
1445 1767 1600 1802 Περδίκκας
1629 1766 1780 1801 Ἀριαράθῃ
1798 1766 1840 1801 τῷ

1044 1813 1261 1846 Καππαδοκίας,
1282 1813 1324 1840 ὅτι
1349 1812 1466 1848 Εὐμένει
1489 1812 1585 1847 ἄρχειν
1605 1811 1840 1847 ἐπιτετραμμένῳ

1045 1858 1095 1894 τῆς
1116 1859 1204 1895 ἀρχῆς
1227 1860 1278 1886 οὐκ
1303 1858 1444 1892 ἐξίστατο·
1462 1858 1509 1885 καὶ
1526 1857 1586 1884 δυσὶ
1600 1858 1716 1894 νικήσας
1735 1857 1840 1893 μάχαις

1044 1905 1093 1932 καὶ
1106 1904 1248 1933 συλλαϐὼν
1271 1905 1427 1940 ἐκρέμασεν
1438 1923 1446 1937 ,
1462 1903 1579 1939 Εὐμένει
1599 1904 1649 1939 τὴν
1666 1903 1753 1938 ἀρχὴν
1767 1904 1841 1929 ἀπο-

1046 1951 1235 1986 καταστήσας.
1259 1950 1402 1986 Κρατερδς
1430 1949 1459 1977 δέ
1484 1948 1639 1985 συμμαχῶν
1667 1949 1842 1984 Ἀντιπάτρῳ

1045 1998 1117 2025 κατὰ
1129 1997 1185 2024 τῶν
1205 1997 1343 2032 Ἑλλήνων
1368 1996 1456 2028 αἴτιος
1478 1996 1529 2030 τῆς
1550 1995 1645 2030 νίκης,
1658 1993 1692 2031 ἧς
1707 1996 1842 2030 ἐνίκησαν

1045 2042 1145 2074 αὐτοὺς
1158 2063 1166 2075 ,
1182 2042 1310 2077 γέγονεν·
1329 2041 1359 2075 ἐξ
1377 2038 1408 2068 οὗ
1424 2041 1471 2068 καὶ
1496 2041 1621 2074 ἃπαντα,
1641 2041 1713 2076 ἅπερ
1736 2041 1769 2068 ἂν
1787 2042 1841 2068 αὑ-

1044 2089 1102 2120 τοῖς
1117 2087 1261 2124 Κρατερὺς
1284 2087 1416 2114 ἐπέταττε
1429 2087 1477 2113 καὶ
1497 2087 1676 2122 Ἀντίπατρος
1687 2106 1694 2118 ,
1708 2087 1841 2122 ἀπροφα-

1046 2131 1146 2162 σίστως
1170 2130 1332 2166 ἐπράττετο.
1357 2131 1412 2157 Καὶ
1434 2130 1520 2157 ταῦτα
1542 2130 1624 2166 μέχρι
1638 2131 1686 2158 τοῦ
1709 2131 1840 2166 πέμπτου

1047 2177 1161 2212 βιϐλίου.

1008 2242 1031 2269 D

1087 2278 1132 2305 Ἐν
1151 2278 1179 2305 δὲ
1194 2277 1234 2313 τῷ
1249 2278 1322 2313 ἕκτῳ
1343 2277 1523 2314 διαλαμὸἀνει
1535 2278 1609 2310 ὅπως
1621 2279 1644 2294 ⁷³
1668 2279 1697 2312 ἐξ
1717 2278 1841 2314 Ἀθηνῶν

1045 2325 1070 2351 oi
1081 2325 1154 2359 ἀμφὶ
1169 2324 1344 2360 Δημοσθένην
1360 2324 1408 2351 καὶ
1424 2324 1588 2360 Ὑπερείδην
1595 2324 1617 2340 ⁸⁰
1630 2324 1745 2359 ἔφυγον,
1763 2326 1841 2360 Ἀρι-

1046 2371 1168 2403 στόνικός
1177 2372 1199 2387 ⁸¹
1219 2379 1248 2398 τε
1265 2372 1280 2397 ὁ
1290 2370 1472 2405 Μαραθώνιος
1488 2370 1536 2398 καὶ
1551 2371 1684 2407 Ἱμεραῖος
1691 2371 1839 2407 "6.1mm-

1046 2418 1123 2452 τρίου
1139 2416 1188 2444 τοῦ
1196 2417 1343 2452 Φαληρέως
1358 2416 1484 2451 ἁδελφὸς,
1501 2417 1535 2443 τὰ
1550 2417 1600 2452 μὲν
1608 2417 1751 2452 πρῶταείς
1758 2419 1838 2452 Δίγι-

1046 2470 1095 2488 ναν
1108 2470 1114 2476 ·
1132 2462 1190 2488 ἐκεῖ
1211 2461 1240 2488 δὲ
1255 2460 1405 2495 διαγόντων
1419 2460 1534 2488 θάνατον
1555 2460 1649 2488 αὐτῶν
1665 2462 1792 2497 κατέγνω
1807 2463 1839 2489 τὸ

845 2532 966 2561 VARI/1:}
981 2530 1185 2560 LECTIONES.

234 2587 257 2626 _“
274 2588 321 2614 ἐπὶ
334 2587 421 2626 ταυτῃ
437 2589 479 2626 ΛΞ
490 2590 533 2615 ἐπ’
547 2589 616 2626 αὐτῇ
638 2599 668 2622 ς.
708 2590 730 2606 ⁸⁷
744 2590 866 2625 Μηδείας
880 2598 911 2621 ς.

234 2597 257 2604 π
274 2597 321 2614 επι
334 2597 401 2614 ταυτ
437 2597 526 2615 tum
547 2597 616 2626 αυτῃ
638 2599 668 2622 ς.
708 2597 728 2606 "
744 2597 866 2625 Μηοειας

197 2622 269 2660 Kcin.
287 2631 319 2660 ςἶ
357 2623 378 2638 ⁷¹
395 2597 450 2659 ἴξιν]
464 2622 498 2660 ἦν
512 2626 533 2651 Α
553 2634 559 2651 :
577 2625 606 2652 ὂν
624 2634 654 2657 ς.
694 2626 717 2641 ⁷¹
729 2625 759 2657 ἐξ
770 2633 825 2652 υιη.
846 2626 878 2660 Α.

194 2657 429 2694 ἶξλέπετέτραπτο
441 2657 482 2691 ‘gf
514 2659 566 2694 ⁷⁷,ή
582 2662 643 2687 add.
661 2661 695 2687 A.
733 2660 757 2676 ⁷⁸
769 2659 935 2691 Λεοσθένους
949 2660 982 2686 Α.

196 2691 375 2729 ⁸¹Ἧμεραῖος
387 2701 417 2724 ς,

947 2589 971 2605 ⁸⁸
987 2588 1048 2615 ἐστε
1073 2588 1095 2614 Δ
1111 2596 1118 2614 :
1132 2586 1209 2623 ἔσται
1224 2595 1262 2623 ς.»
1293 2585 1315 2601 ⁶⁹
1323 2585 1450 2623 ’Ἐλλάδα
1480 2585 1592 2623 add._A._
1621 2586 1650 2623 _'°
1667 2586 1770 2623 Καρῶν
1790 2592 1838 2617 καὶ

929 2625 952 2640 ⁷³
967 2623 1093 2658 κατέχειν
1107 2624 1140 2649 A.

1189 2621 1211 2657 7f
1235 2621 1285 2654 μὲν
1299 2618 1359 2657 At:qu
1377 2621 1449 2657 κατᾲ
1461 2629 1492 2653 ς.
1542 2621 1566 2657 ’ξ
1585 2621 1633 2648 ἐπὶ
1647 2623 1697 2657 τὴν
1714 2618 1786 2650 ’θάλ.
1803 2627 1838 2654 Α,

1022 2655 1129 2690 ’δ’ὂπως
1143 2658 1167 2684 oi
1183 2656 1213 2689 ἐξ
1230 2664 1261 2687 ς.
1298 2655 1476 2691 ⁸⁰Ὺπερίδην
1491 2665 1522 2688 ς.
1555 2655 1579 2672 ⁸³
1590 2655 1792 2692 Ἀριστόνεικός
1804 2661 1837 2688 Δ,

957 2750 1062 2777 NOTAE

230 2802 288 2838 (37)
305 2801 394 2831 Credo
413 2801 536 2838 C_rateva=
553 2801 595 2838 F._
606 2809 668 2828 nam
686 2801 815 2837 Agenoris
832 2801 864 2830 F.
879 2800 989 2829 Colonis

197 2836 375 2865 Macedonum
387 2838 414 2865 in
430 2836 648 2870 lndiis-przefuit.

234 2873 293 2908 (38)
316 2872 383 2906 Quae
406 2877 434 2901 et
453 2871 572 2908 Phrygia
602 2872 688 2899 minor
717 2871 825 2900 Justino
849 2871 898 2900 lib.
924 2878 985 2905 xm,

1043 2799 1333 2873 ³1ΙῖἕίίῖηίίιιιχῄιιεηΙίί),
1347 2840 1397 2873 ut,
1418 2832 1508 2873 initio,
1524 2836 1620 2865 Calam
1632 2835 1706 2873 hunc
1717 2836 1838 2873 Paphla-

1042 2870 1141 2904 gOnite,
1157 2873 1183 2896 et
1201 2867 1294 2897 Enetis
1306 2868 1341 2896 ab
1358 2868 1514 2899 Alexandro
1532 2871 1708 2907 praepositum
1724 2867 1774 2901 ait'.
