1938 3091
97 162 152 194 305

635 156 898 202 BIBLIOTHECA.
912 184 948 189 —
966 172 1049 204 con.
1069 173 1159 204 XCII.

1685 175 1738 207 306

103 217 259 253 Ἀθηναίων
269 219 372 255 πλῆθος
379 221 502 254 εἰπόντος
510 222 647 259 Δημάδου,
656 225 704 252 καὶ
719 225 889 260 Ἀντίπατρος

951 231 1039 262 natos,
1058 228 1131 262 quod
1152 228 1292 255 decretum
1315 227 1459 263 Antipater
1474 228 1671 263 perficiendum
1690 237 1739 257 cu-

97 264 137 296 είς
152 264 236 300 ἔργον
250 266 338 301 ἤγαγε
347 267 379 294 τὸ
391 267 532 304 ψήφισμα.
546 269 602 296 Καὶ
614 269 653 302 ὡς
670 271 784 306 Ἀρχίας
799 272 814 298 ὁ
824 272 892 299 Θού-

97 317 156 345 ριος
168 311 209 343 εἰς
224 311 272 338 τὸν
286 312 403 340 θάνατον
420 313 511 341 αὐτῶν
528 314 707 352 ὑπουργήσας
717 335 725 348 ,
740 317 770 344 ὲν
789 317 891 353 ἐσχάτῃ

96 355 179 392 πενίᾳ
201 357 249 384 καὶ
271 358 373 395 ἀτιμίᾳ
395 360 567 396 κατατρίψας
589 361 751 397 ἐτελεύτησε
764 362 810 390 τὸν
822 363 890 398 βίον.

95 402 151 429 Καὶ
163 402 204 435 ὡς
217 403 349 440 Δημάδης
365 405 396 432 οὐ
411 406 502 442 πολλῷ
516 406 630 443 ὕστερον
644 408 674 439 ἐς
685 408 708 424 ⁵³
720 409 892 436 Μακεδονίαν

94 447 192 482 ἀχθεὶς
205 448 261 475 ὑπὸ
281 450 444 487 Κασάνδρου
461 452 570 488 ἐσφάγη
580 472 588 485 ,
615 453 662 480 τοῦ
678 453 774 486 παιδὸς
792 455 822 481 ἐν
835 455 891 487 τοῖς

93 493 209 524 κόλποις
220 497 493 532 προαποσφαγέντος²
511 498 602 526 αίτίαν
614 499 636 526 δ’
647 499 735 535 ἐπῆγε
743 500 766 517 ⁸⁵
780 501 892 528 Κάσαν-

93 538 156 573 δρος
167 540 224 572 ,ὅτι
238 542 286 568 τὸν
299 542 383 570 αὐτοῦ
394 543 502 579 πατέρα
513 544 681 580 ἔξυϐρίσειεν
691 547 720 572 ὲν
732 543 774 578 οἷς
785 546 890 583 ἔγραψε

80 610 83 612 ,
97 585 242 623 Περδίκκᾳ
258 587 355 621 σώζειν
366 589 430 621 τοὺς
443 589 579 626 Ἕλληνας
593 591 649 618 ἀπὺ
658 592 765 627 σαπροῦ
777 593 825 620 καὶ
837 602 890 620 πα-

92 629 173 656 λαιοῦ
191 632 327 666 στήμονος
348 633 538 669 ἠρτημένους,
553 634 627 662 οὕτω
640 635 687 663 τὸν
711 637 890 673 Ἀντίπατρον

93 676 295 711 ἐπιχλευάζων.
307 679 453 714 Δείναρχος
468 680 497 707 δὲ
512 681 526 707 ό
540 680 690 716 Κορίνθιος
705 683 719 709 ό
734 683 889 718 κατήγορος

91 718 138 756 ἦν.
160 722 232 749 Ἀλλ’
249 724 264 751 ὃ
285 733 319 758 γε
338 725 468 761 Δημάδης
483 726 533 762 τῆς
559 727 644 754 αὑτοῦ
661 727 827 764 δωροδοκίας
840 729 889 756 καὶ

92 767 240 802 προδοσίας
254 770 303 797 καὶ
317 770 347 803 ὲς
368 772 459 799 πάντα
473 771 606 805 ἀπιστίας
619 773 669 809 τὴν
681 774 761 808 ἀξίαν
773 775 888 802 ἀπέτισε

91 812 183 848 δίκην.

946 275 1024 302 rarit.
1040 274 1140 302 Deinde
1153 277 1183 301 ut
1195 273 1312 302 Archias
1324 274 1454 308 Thurius,
1468 275 1514 310 qui
1530 282 1626 302 eorum
1641 283 1736 304 necem

945 322 1127 353 perpetrarat,
1147 317 1182 346 ad
1196 322 1349 347 extremam
1370 319 1441 354 70a
1470 318 1597 360 redactus
1617 319 1735 355 inapiam

945 368 1029 399 atque
1045 364 1198 397 infamiam,
1220 363 1276 391 vita
1300 364 1449 392 decesserit
1466 373 1474 392 :
1494 369 1579 400 utque
1599 364 1736 394 Demades

945 419 999 439 non
1017 411 1055 439 ita
1079 410 1164 438 multo
1183 414 1245 445 post
1260 411 1287 438 in
1305 410 1492 438 Macedoniam
1517 411 1634 445 delatus,
1648 419 1663 438 a
1680 411 1736 439 Ca-

944 457 1047 485 sandro
1065 455 1229 484 interiectus
1241 456 1288 490 sit,
1302 456 1362 491 ejus
1374 456 1492 491 primum
1514 456 1570 484 lilio
1585 457 1612 484 in
1627 457 1690 485 sinu
1709 462 1738 486 et

943 503 1029 531 oculis
1041 503 1164 538 parentis
1175 501 1311 539 iugulato.
1328 501 1445 531 Causam
1459 510 1524 530 vero
1537 503 1620 531 cadis
1629 503 1737 531 Casan-

943 549 1022 576 drum
1036 548 1165 584 allegare.
1178 548 1251 583 quod
1269 553 1413 583 parentem
1430 555 1511 576 suum
1524 548 1658 577 Demades
1669 549 1735 577 olim

944 592 1045 627 injuria
1071 592 1218 625 affecisset,
1244 599 1305 619 cum
1321 591 1461 620 Perdicca:
1481 592 1603 628 scripsit,
1617 598 1646 620 ut
1660 592 1736 620 Gm-

942 645 991 666 cos
1005 645 1021 665 c
1032 637 1143 672 putrido
1161 644 1193 665 ac
1205 642 1300 665 vetere
1317 636 1363 664 illo
1378 636 1531 672 pendentes
1554 645 1666 666 servare
1678 637 1737 666 vel-

943 682 997 715 let;
1014 682 1189 717 Antipatrum
1202 681 1333 709 nimirum
1356 681 1399 709 his
1411 682 1504 710 verbis
1519 682 1668 710 irridendo.
1687 683 1734 710 Di-

943 729 1077 756 narchum
1089 727 1147 764 (40)
1165 728 1339 756 Corinthium
1354 727 1453 756 horum
1477 728 1608 757 indicium
1623 728 1733 763 fecisse,

943 780 1026 810 atque
1049 775 1086 802 ita
1112 774 1259 802 Demadem
1281 774 1430 810 aliquando
1451 775 1574 802 avaritiae
1592 782 1624 803 ac
1639 771 1733 810 p’odi-

945 820 1039 854 tionis,
1054 825 1083 848 et
1098 820 1125 848 in
1149 827 1179 848 re
1201 827 1309 856 quaque
1329 821 1461 857 perﬁdiae,
1484 821 1599 849 meritas
1625 821 1735 851 dedisse

944 874 1050 902 poenas.

126 904 321 940 Διαλαμϐἀνει
337 905 366 932 δὲ
382 906 429 933 καὶ
445 907 484 939 ὼς
506 906 615 943 Θίϐρων
638 908 653 934 ό
677 908 889 945 Λακεδαιμόνιος

979 911 1074 940 Refert
1087 911 1170 940 etiam
1184 911 1252 940 haec.
1270 911 1374 940 Thibro
1387 911 1614 940 Lacedaemonium
1626 911 1732 947 Harpa-

91 950 238 988 ’Δρπαλον
249 951 297 978 τὸν
312 951 348 978 τὰ
363 952 539 988 Ἀλεξάνδρου
555 953 687 989 χρήματα
702 953 804 987 ζῶντος
815 956 888 983 ἐκεῖ·

90 1004 138 1022 νου
150 996 314 1031 ἁρπάσαντα
332 997 379 1023 καὶ
391 998 513 1032 φυγόντα
525 998 594 1034 πρὸς
605 999 654 1031 τὰς
674 999 788 1035 Ἀθήνας
800 1020 808 1033 ,
825 1002 888 1028 τοῦ-

89 1048 138 1067 τον
148 1041 253 1073 ἐκεῖνος
263 1041 431 1074 ἀποκτείνας
441 1063 448 1076 ,
459 1043 508 1070 καὶ
520 1043 570 1070 ὅσα
587 1043 753 1072 ὑπελείπετο
760 1045 783 1061 ⁸⁵
798 1045 890 1073 λαϐὼν

91 1087 245 1122 χρήματα,
260 1087 358 1123 πρῶτα
378 1088 430 1124 μὲν
449 1089 656 1122 ἐπὶνΚυδωνίας
665 1090 689 1107 ⁸⁸
699 1091 749 1126 τῆς
763 1093 794 1123 ἐς
811 1093 888 1128 Κρήι-

90 1140 143 1167 την
169 1132 293 1168 ἐστάλη,
316 1132 393 1160 ἐνθεν
405 1133 434 1160 δὲ
450 1134 508 1165 Ec“
532 1135 662 1171 Κυρήνην
686 1136 794 1163 διέϐαλε
818 1138 888 1173 μετὰ

91 1179 227 1212 στρατιᾶς
244 1179 285 1210 είς
303 1179 508 1215 ἑξακισχιλίους
525 1181 724 1217 συντελούσης⁸
742 1182 846 1218 ἑτι-ἦγον
860 1183 889 1211 δὲ

89 1224 177 1251 αὑτὸν
187 1224 244 1252 τῶν
257 1225 290 1252 ἐκ
305 1225 436 1261 Κυρήνης
452 1226 501 1253 καὶ
514 1227 646 1262 Βαρκὲων
656 1228 682 1254 οί
699 1229 828 1263 φυγάδες.
844 1230 889 1257 Ἐν

91 1267 134 1302 οἷς
148 1270 265 1302 πολλαῖς
278 1271 328 1305 μὲν
341 1272 441 1308 μάχαις
449 1272 570 1306 ,πολλαῖς
581 1273 610 1300 δὲ
622 1274 779 1306 ἐπιϐουλαῖς
793 1275 889 1302 ἄλλοτε

92 1316 145 1351 μὲν
173 1317 304 1352 κρατῶν,
330 1317 416 1344 ἐνίοτε
442 1318 470 1345 δὲ
479 1319 653 1354 ἡττώμενος,
678 1319 756 1352 τέλος
779 1320 890 1355 φεύγων

90 1362 175 1398 [1‘25
201 1363 258 1399 11.]
274 1363 327 1390 ὑπὸ
340 1363 449 1391 Λιϐύων
476 1365 558 1392 τινῶν
584 1366 738 1402 συνωρίδας
765 1367 889 1401 ἀγόντων

91 1409 252 1445 συνελήφθη
265 1429 274 1442 ,
290 1410 338 1437 καὶ
354 1411 420 1446 παρ’
440 1410 588 1447 Ἐπικύδην
608 1411 704 1446 ἄγεται
728 1411 775 1439 τὸν
797 1412 889 1439 Ὀλύν-

91 1455 151 1483 θιον
175 1457 218 1488 είς
245 1455 398 1493 Τεύχειρα,
422 1453 445 1490 ᾧ
459 1457 509 1492 τὴν
525 1457 605 1485 πόλιν
625 1458 735 1493 ἐκείνην
756 1459 888 1494 Ὀφελλὰς

89 1503 294 1538 ἑπετετρόφει,
320 1503 391 1538 ἀνὴρ
409 1503 562 1536 Μακεδὼν,
587 1504 618 1534 ὃς
642 1504 697 1531 ὑπὸ
717 1505 888 1541 Πτολεμαίου

91 1550 140 1577 τοῦ
160 1549 255 1584 Λάγου
280 1550 327 1576 ἐπὶ
353 1549 465 1585 βοηθείᾳ
489 1550 543 1576 τῶν
568 1551 732 1586 Κυρηναίων
755 1551 888 1587 ἐτύγχανε

94 1595 218 1628 σταλείς.
231 1596 264 1622 Ui
278 1595 308 1622 δὲ
319 1594 524 1631 Τευχειρῖται⁸¹
537 1615 545 1627 ,
566 1595 684 1631 Ὀφελλᾶ
700 1596 749 1632 τὴν
763 1597 888 1629 ἐξουσίαν

90 1641 185 1673 δόντος
196 1662 205 1674 ,
220 1640 352 1676 ᾑκίσαντό
367 1649 398 1667 τε
417 1641 464 1667 τὸν
479 1640 607 1677 Θίϐρωνα
635 1641 684 1668 καὶ
699 1642 740 1674 είς
765 1642 811 1669 τὸν
833 1642 889 1669 τῶν

91 1687 262 1722 Κυρηναίων
283 1686 409 1722 ἔπεμψαν
428 1687 619 1724 κρεμασθῆναι
645 1688 755 1722 λιμένα.
783 1689 844 1716 Ἔτι
861 1689 889 1715 δὲ

90 1732 147 1759 τῶν
162 1732 230 1768 περὶ
248 1733 380 1767 Κυρήνην
396 1733 598 1765 στασιαζόντων
618 1733 787 1769 Πτολεμαῖος
809 1733 890 1761 ἐπελ-

92 1777 148 1805 θὼν
162 1778 212 1805 κα)⁵
229 1777 320 1805 πάντα
332 1779 576 1814 καταστησάμενος
592 1779 681 1807 ὀπίσω
702 1779 870 1808 ἀπέπλευσε,

128 1823 286 1858 Περδίκκας
297 1823 326 1850 δὲ
343 1824 489 1860 Ἀντιγόνῳ
503 1824 689 1852 ἐπιϐουλεύων
704 1826 745 1857 είς
759 1825 889 1861 δικαστή-

94 1877 153 1903 ριον
169 1869 264 1896 ἐκάλει
276 1876 285 1884 ⁸
298 1870 313 1895 ό
325 1869 354 1896 δὲ
366 1869 445 1902 είδὼς
455 1870 680 1898 ἐπιϐουλεύεσθαι
690 1870 754 1907 [220
767 1870 814 1907 IL]
828 1871 890 1898 οὕτε

94 1915 238 1949 ὑπήκουσε
250 1933 258 1947 ,
275 1915 322 1942 καὶ
332 1916 372 1947 είς
386 1915 486 1952 ἔχθραν
500 1917 627 1953 ἀλλήλοις
641 1917 823 1953 κατέστησαν.
845 1918 891 1945 Ἐν

92 1959 184 1995 τούτῳ
204 1960 235 1987 δὲ
251 1960 328 1995 παρὰ
344 1961 390 1987 τὸν
411 1961 566 1996 Περδίκκαν
586 1962 619 1989 ὲκ
639 1962 810 1994 Μακεδονίας
823 1961 891 1999 ἧκον

99 2003 202 2036 Ἰόλλας
223 2013 256 2031 τε
280 2005 327 2032 καὶ
358 2005 491 2041 Ἀρχίας,
508 2006 621 2040 ἄγοντες
640 2007 717 2043 αὐτῷ
732 2008 781 2043 τὴν
803 2008 891 2035 Ἀντι-

93 2049 201 2086 πάτρου
217 2049 302 2088 παῖδα
318 2051 437 2078 Νίκαιαν
462 2052 503 2084 είς
525 2053 654 2086 γυναῖκα.
676 2052 756 2079 Ἀλλά
783 2062 815 2088 γε
844 2054 892 2081 κα)¹

100 2096 258 2132 Ὀλυμπιὰς
272 2097 289 2132 ἡ
311 2097 488 2133 Ἀλεξάνδρου
506 2099 598 2134 μήτηρ
610 2098 718 2134 ἔπεμπε
732 2100 797 2135 παρ’
810 2100 892 2128 αὐτὸν

95 2142 317 2178 κατεγγυωμένη
334 2143 384 2178 τὴν
398 2143 537 2180 θυγατέρα
549 2144 738 2181 Κλεοπάτραν,
751 2146 830 2173 Καὶὸ
843 2146 893 2182 μὲν

95 2188 225 2224 Εὐμένης
248 2188 262 2215 ό
279 2189 433 2224 Καρδιανὸς
447 2190 641 2218 συνεϐούλευεν
664 2191 742 2226 ἄγειν
766 2192 892 2220 Κλεοπά-

95 2243 184 2284 τρανι,
203 2234 341 2284 Ἀλκέτᾳξη
352 2235 439 2284 δὲ
451 2236 559 2284 αδελφῷ
570 2238 612 2269 είς
625 2237 745 2284 ῌίκαιαν
758 2238 861 2266 ἔτεινεν
875 2239 892 2274 ἡ
907 2254 932 2284 D

97 2279 241 2315 συμϐουλή
253 2289 260 2296 ·
279 2280 326 2307 καὶ
340 2282 404 2317 νικᾷ
416 2281 447 2308 τὸ
461 2282 580 2310 Νίκαιαν
594 2283 695 2318 μᾶλλον
710 2283 837 2319 ἀγαγεῖν.
852 2284 889 2311 οὑ

96 2326 166 2353 πολὺ
178 2326 208 2353 δὲ
223 2326 339 2362 ὕστερον
351 2327 401 2355 καὶ
414 2328 445 2355 τὸ
458 2328 525 2364 περὶ
549 2329 676 2364 Κυνάνην
689 2329 777 2363 πάθος
793 2339 891 2366 συνην-

95 2372 163 2408 έχθη
173 2393 182 2407 ,
192 2373 208 2400 ὅ
217 2373 373 2409 Περδίκκας
380 2382 410 2402 τε
420 2374 468 2402 καὶ
480 2376 495 2402 ό
505 2375 620 2410 ἀδελφὸς
635 2375 764 2408 Ἀλκέτας
778 2376 890 2412 διεπρά-

940 957 995 985 lum
1013 958 1071 993 (qui
1087 958 1235 992 superstite
1252 958 1402 986 etiatnnum
1421 958 1575 986 Alexandro
1591 965 1656 992 opes
1672 957 1732 992 ejus

939 1003 1057 1036 furatus,
1081 1004 1205 1032 Athenas
1228 1011 1259 1031 se
1282 1002 1435 1039 receperat)
1461 1003 1599 1040 interemit
1617 1003 1686 1040 (41),
1701 1008 1731 1031 et

940 1049 1048 1077 sublato
1071 1049 1204 1085 quidquid
1233 1048 1272 1076 illi
1298 1049 1475 1084 pecuniarum
1507 1049 1640 1084 reliquum
1657 1054 1732 1084 erat,

940 1095 1057 1131 primum
1079 1095 1187 1130 quidem
1207 1096 1234 1122 in
1252 1095 1402 1130 Cydoniam
1416 1094 1504 1123 Creta:
1520 1096 1615 1122 urbem
1633 1096 1707 1123 venit
1723 1105 1731 1124 :

940 1141 988 1168 sed
1010 1139 1106 1168 deinde
1128 1139 1155 1166 in
1171 1138 1307 1174 Cyrenem
1322 1146 1383 1166 cum
1401 1140 1526 1167 exercitu
1551 1147 1600 1167 sex
1616 1139 1731 1168 millium

940 1184 1067 1219 trajecit,
1096 1185 1246 1212 accersitus
1268 1183 1302 1211 ab
1323 1183 1519 1219 Cyrenensium
1535 1183 1731 1213 Barcensium-

940 1238 995 1266 que
1016 1230 1074 1265 (42)
1088 1229 1238 1258 exsulibus.
1255 1229 1333 1264 Apud
1354 1237 1423 1265 quos
1442 1230 1505 1257 dum
1520 1230 1607 1258 variis
1622 1231 1732 1266 pugnis,

941 1275 1083 1309 variisque
1098 1274 1216 1307 insidiis,
1229 1274 1367 1301 interdum
1380 1274 1623 1306 vincit,interdum
1642 1275 1732 1303 vinci-

942 1325 1001 1352 tur,
1029 1321 1056 1347 in
1081 1319 1143 1355 fuga
1169 1319 1278 1347 tandem
1307 1319 1342 1346 ab
1364 1318 1440 1346 Afris
1465 1319 1626 1354 quibusdam
1655 1320 1733 1355 bigas

941 1365 1083 1399 agentibus
1103 1364 1329 1399 comprehensus,
1351 1364 1384 1392 ad
1400 1363 1549 1399 Epicydem
1574 1365 1731 1401 Olynthium

942 1409 1107 1437 Teuchiratn
1122 1410 1268 1437 adducitur
1285 1410 1355 1445 (43).
1369 1409 1439 1438 Huic
1454 1412 1527 1439 enim
1544 1412 1638 1440 urbem
1657 1412 1731 1439 illam

941 1456 1088 1483 curandam
1105 1456 1282 1484 commiserat
1302 1456 1443 1492 Ophellas,
1457 1458 1499 1484 vir
1516 1457 1638 1491 Macedo,
1655 1458 1702 1493 qui
1716 1466 1732 1485 a

941 1501 1088 1529 Ptolemaeo
1099 1501 1165 1537 Lagi
1187 1500 1218 1529 F.
1233 1501 1373 1537 Cyrena-is
1391 1502 1493 1530 auxilio
1511 1503 1611 1532 missus
1629 1503 1730 1532 fuerat.

942 1547 1112 1575 Teucherita
1126 1554 1201 1583 ergo,
1214 1547 1326 1582 Ophclla
1340 1547 1392 1575 illis
1409 1549 1597 1582 permittente,
1612 1548 1731 1577 Thibro-

943 1599 1005 1619 nem
1029 1592 1143 1627 ﬂagellis
1161 1600 1273 1625 caesum,
1295 1593 1321 1620 in
1344 1592 1543 1628 Cyrenensium
1567 1599 1675 1628 portum
1698 1594 1733 1622 de

941 1646 1023 1667 cruce
1042 1639 1261 1673 suspendendum
1285 1638 1406 1666 mittunt.
1422 1639 1456 1666 At
1473 1647 1534 1666 cum
1551 1639 1674 1675 Cyrenaei
1690 1641 1732 1668 ni-

941 1685 1090 1713 hilominus
1116 1685 1142 1712 in
1163 1684 1311 1713 rebellione
1333 1689 1501 1719 perstarent,
1528 1685 1587 1719 ipse
1614 1685 1733 1721 denique

941 1731 1103 1760 Ptolemaeus
1126 1732 1255 1765 accessit,
1274 1733 1410 1767 rebusque
1425 1733 1553 1761 omnibus
1571 1732 1733 1769 tranquilla-

941 1776 987 1807 tis.
1000 1781 1074 1804 retro
1091 1776 1201 1803 domum
1217 1776 1403 1811 adnavigavit.

978 1821 1122 1850 Perdiccas
1134 1823 1245 1857 insuper
1263 1822 1430 1858 Antigonum
1446 1823 1577 1851 insidiose
1590 1824 1616 1851 in
1630 1823 1676 1860 jus
1687 1831 1732 1852 vo-

942 1868 1033 1901 cabat.
1049 1875 1144 1896 verum
1163 1868 1220 1902 ille,
1237 1872 1266 1896 ut
1283 1868 1337 1903 peti
1358 1875 1389 1896 se
1408 1869 1516 1898 insidiis
1532 1871 1667 1904 cognovit,
1683 1877 1733 1904 pa—

942 1921 1004 1941 rere
1017 1915 1153 1942 recusavit
1171 1923 1178 1942 :
1197 1919 1280 1949 atque
1308 1915 1373 1943 hinc
1395 1920 1463 1942 ortre
1479 1915 1596 1942 invicem
1617 1915 1734 1943 inimici-

943 1959 997 1987 tiae.
1017 1959 1074 1987 Hoc
1098 1960 1163 1987 item
1190 1966 1313 1995 tempore
1327 1968 1343 1988 e
1357 1960 1514 1988 Macedonia
1534 1960 1618 1988 Jollas
1634 1960 1692 1997 (44)
1705 1966 1733 1988 et

941 2006 1057 2034 Archias
1067 2005 1101 2033 ad
1114 2004 1273 2034 Perdiccam
1288 2010 1434 2039 venerunt,
1451 2005 1566 2034 adducta
1581 2005 1608 2033 in
1619 2013 1732 2035 uxorem

943 2052 981 2080 illi
1003 2051 1094 2079 Νίσαια
1117 2051 1255 2086 Antipatri
1281 2051 1348 2079 lilia.
1367 2051 1437 2085 Quin
1462 2057 1490 2079 et
1506 2051 1648 2086 Olympias
1663 2051 1732 2086 (45),

943 2097 1034 2132 magni
1060 2097 1208 2125 Alexandri
1235 2102 1332 2130 mater,
1355 2097 1438 2124 mittit
1457 2097 1491 2124 ad
1512 2097 1651 2130 eumdem,
1683 2096 1733 2124 de-

948 2145 1122 2179 spondetque
1138 2143 1309 2179 Cleopatram
1331 2143 1424 2172 tiliam.
1446 2143 1485 2171 lbi
1510 2142 1646 2170 Eumenes
1665 2142 1733 2170 Car-

943 2190 1040 2218 dianus
1054 2189 1225 2224 Cleopatram
1250 2190 1351 2218 ducere
1373 2190 1528 2219 suadebat:
1546 2189 1648 2217 Alcetae
1670 2196 1735 2216 vero

945 2235 1037 2264 fratris
1054 2236 1197 2264 consilium
1210 2236 1242 2263 ad
1264 2236 1361 2264 Nicaea:
1378 2235 1466 2271 magis
1485 2235 1595 2270 nuptias
1617 2234 1735 2263 inclina-

947 2282 1005 2316 bat,
1025 2281 1103 2316 cujus
1127 2283 1191 2309 item
1217 2282 1352 2309 sententia
1377 2281 1503 2316 pervicit.
1524 2280 1591 2309 Post
1614 2288 1667 2309 non
1688 2281 1734 2309 diu

945 2329 1071 2364 Cynanes
1098 2327 1153 2364 (46)
1185 2329 1274 2355 caedes
1313 2328 1424 2360 accidit,
1459 2335 1539 2363 quam
1579 2327 1734 2360 Perdiccas,

944 2375 1059 2411 ejusque
1086 2373 1171 2402 frater
1198 2373 1308 2402 Alcetas
1335 2373 1500 2402 intulerunt.
1536 2373 1600 2401 llazc
1623 2373 1735 2409 Cynane

716 2443 836 2471 VARIAE
853 2443 1056 2472 LECTIO‘NES.

130 2488 206 2528 ‘_’_£_lg
222 2497 254 2528 ς·ἶ
292 2488 316 2505 ⁸⁸
334 2489 482 2528 ιὲπήνεγκε
498 2499 532 2528 ςἶ
567 2489 591 2506 ⁸³
603 2489 752 2518 ἀπελίπετο
763 2499 794 2522 ς.
831 2491 855 2507 ⁸⁸
866 2491 1009 2519 Κυδωνίαν
1033 2490 1083 2527 τὴν
1094 2490 1125 2518 ὲν
1145 2490 1242 2528 Κρήτῃ
1257 2499 1288 2522 ς’.
1325 2490 1350 2506 ⁸⁷
1365 2490 1405 2522 είς
1418 2498 1448 2521 ς.
1488 2488 1511 2505 ⁸⁸
1522 2488 1685 2526 Τευχερῖται
1701 2490 1734 2518 Δ.

98 2522 119 2538 ⁸³
140 2524 273 2559 ’Λλκετὲᾳ
288 2529 316 2551 et
333 2522 405 2552 infra
422 2524 569 2557 ’Δλκετὲας
584 2534 615 2557 ς.

837 2573 956 2603 NOTAE.

132 2616 191 2651 (40)
204 2615 275 2644 Vide
290 2616 340 2644 inf.
358 2617 420 2645 cod.
440 2617 506 2651 277,
527 2622 555 2646 et
577 2617 719 2646 Plutarch.
734 2618 783 2647 lib.
796 2619 890 2648 decem

96 2651 207 2679 Grecis:
219 2651 375 2680 Oratorum.

134 2687 193 2721 (41)
208 2686 360 2715 Pausanias
376 2692 468 2716 tamen
481 2688 510 2717 in
523 2688 707 2717 Corinthiacis
721 2696 737 2716 a
754 2696 835 2718 servo
851 2690 892 2717 in-

102 2722 249 2749 terfectum
256 2722 387 2757 Ascripsit.

134 2757 192 2795 (4?)
200 2757 233 2795 Ἀ
249 2755 336 2795 Barce
348 2757 420 2795 (qua:
439 2762 502 2795 post
517 2758 663 2795 Ptolemais
685 2759 756 2787 dicta
775 2767 891 2795 geogra-

99 2791 172 2828 phis)
195 2791 302 2828 Bai-etei
318 2791 447 2827 appellati
468 2793 583 2828 Maroni,
596 2794 710 2822 Barcita:
730 2791 886 2827 Ptolemaeo,

99 2826 223 2889 ξαᾶεέῗὶ
246 2826 376 2889 |Synesio.
392 2828 461 2857 Hinc
490 2826 580 2858 etiam
598 2829 716 2858 Barceus
743 2826 891 2858 derivatus.

124 2870 167 2888 te
209 2870 275 2889 CD].

124 2863 167 2888 nde
178 2863 275 2896 Steph.

135 2897 191 2934 (43)
200 2899 268 2932 Quae
274 2897 419 2928 Ptoletnazo
433 2904 460 2928 et
469 2899 545 2929 Melae
553 2900 664 2928 Arsinoe
674 2905 717 2929 est-
723 2900 888 2936 Cyrenaicw.

946 2621 1010 2649 Haec
1024 2626 1114 2650 autem
1128 2621 1201 2656 regio
1212 2619 1300 2648 Plinio
1312 2619 1468 2656 Pentapoli:
1484 2617 1574 2654 Libym
1588 2618 1695 2656 dicitur.

981 2656 1040 2692 (44)
1056 2653 1192 2692 Antipairi
1207 2656 1288 2693 ﬁlius,
1304 2660 1369 2682 natu
1388 2653 1597 2693 Illillillllls,;qu‘i
1611 2653 1732 2693 Alexan-

945 2689 994 2753 dlro
1008 2689 1143 2720 venenum
1163 2691 1325 2727 propinasse
1344 2690 1461 2718 traditur
1474 2691 1508 2716 ab
1529 2689 1647 2716 Arriano
1673 2689 1732 2722 ipso

945 2734 959 2753 ll
973 2734 1070 2753 "sane.

945 2734 1070 2755 atnsaue.

981 2734 1154 2797 ίῗίίίὶἳθέηειῑη.
1166 2763 1226 2788 haec
1239 2759 1319 2797 aliter
1332 2759 1423 2797 paulo,
1434 2764 1495 2787 astu
1508 2763 1652 2792 utramque
1661 2763 1736 2792 quae-

949 2795 1042 2829 sitam.
1059 2803 1182 2825 tteutram
1196 2796 1369 2830 acquisitam,
1385 2795 1432 2830 lib.
1442 2802 1493 2822 xu.

986 2826 1042 2866 (46)
1058 2832 1085 2858 lu
1096 2833 1169 2859 edito
1175 2826 1294 2867 Arriano
1311 2826 1371 2867 haec
1382 2829 1456 2867 Cyna
1465 2833 1591 2867 vocatur,
1605 2826 1736 2867 A__t_henaeo

947 2862 1039 2904 Cyitnd
1051 2867 1097 2896 lib.
1114 2875 1164 2897 xu.
1174 2866 1245 2901 Lege
1260 2867 1294 2894 de
1309 2874 1341 2895 ca
1354 2862 1474 2900 Polyzen.
1488 2864 1539 2894 sub
1552 2863 1601 2891 litt.
1618 2862 1666 2891 lib.
1676 2869 1735 2890 ωι-
