1938 3091
204 148 207 152 ‘
225 155 278 188 307

793 148 924 188 "mem
943 155 1196 186 PATRIARCHE
1215 155 1269 186 ep.

1802 155 1855 187 308

225 210 351 236 curndem
363 216 425 237 cum
436 204 590 237 Alexandro
606 212 710 243 patrem
720 209 790 244 70b
800 209 954 244 Philippum
967 210 1006 237 ha-

1067 209 1156 242 ξαντο.
1182 210 1215 236 'H
1230 209 1258 236 δὲ
1273 208 1383 244 Κυνάνη
1399 208 1531 236 Φίλιππον
1550 209 1600 245 μὲν
1613 207 1670 244 εἶχε
1686 209 1792 245 πατέρα
1803 231 1810 243 ,
1823 210 1853 237 δν

225 255 292 286 b'uit,
302 255 348 282 sed
357 259 471 282 matrem
479 255 631 290 Eurydicen
643 255 711 291 (47),
720 255 931 291 atqueAmyntae
941 255 1012 284 illius

225 307 296 327 uxor
309 300 370 333 fuit,
385 307 466 335 quem
488 300 644 329 Alexander
665 309 681 329 e
701 301 790 329 medio
802 302 932 335 .sustulit,
951 309 1012 329 cum

224 344 250 370 in
266 344 372 376 Asiam,
385 345 558 378 expeditione
573 350 712 380 suscepta,
728 352 861 374 moveret.
878 346 949 373 Idem
965 354 1014 374 au-

225 393 277 415 tem
291 387 337 415 ille
351 389 532 424 interemptus
551 390 683 425 Amyntas
699 411 707 423 ,
730 390 868 418 Perdicca:
896 391 1012 427 Philippi

225 432 318 461 fratris
332 434 412 466 tilius,
426 435 573 462 Alexandri
587 436 717 470 patruelis
736 441 804 464 erat.
825 437 904 465 Nunc
923 438 1013 472 itaque

222 479 332 514 Cynane
362 479 443 508 ﬁliam
465 488 542 508 suam
564 482 674 516 Adean,
699 489 758 517 qua:
778 488 840 518 post
860 483 1013 519 Eurydices

223 532 374 559 cognomen
391 526 463 559 tulit,
480 527 604 555 Arridaao
619 535 731 556 uxorem
746 529 910 563 adducebat,
929 537 1012 564 quam

221 575 249 598 et
265 577 359 606 postea
377 572 464 604 duxit,
481 573 539 608 ipso
553 574 722 609 transigente
736 574 877 608 Perdicca,
897 583 952 610 quo
964 584 1013 611 per

222 615 282 643 illas
298 618 408 651 nuptias
424 617 599 646 Macedonum
617 619 761 647 sedaretur
778 621 887 654 seditio,
904 629 963 656 qua:
978 621 1013 649 ob

223 661 356 689 sublatam
381 661 519 698 Cyuanem
552 671 679 697 accensa,
707 665 800 693 abibat
825 666 852 693 in
880 665 1010 694 deterius.

221 705 375 746 Antigonus
390 707 501 735 interim
521 709 546 736 iu
568 709 754 738 Macedoniam
780 712 813 739 ad
838 711 1011 746 Antipatrum

223 755 250 777 et
265 743 413 779 Craterum
433 753 564 789 profugit,
585 755 693 790 sibique
711 764 726 783 a
748 757 879 784 Perdicca
893 743 1012 785 structas

221 796 334 825 insidias
348 799 468 833 exponit,
483 807 515 827 ac
531 801 700 829 tantumdem
716 809 779 830 eum
799 803 824 830 in
839 810 935 830 omnes
955 808 1013 830 stu-

221 841 298 870 diose
311 843 436 871 tneditari
453 844 580 873 allirmat.
598 846 732 874 Similiter
745 853 772 875 et
785 847 909 884 Cynanes
924 849 1011 876 infor-

1066 256 1113 283 καὶ
1126 255 1315 291 Ἀλέξανδρος,
1330 255 1362 281 ἐκ
1373 254 1401 281 δὲ
1421 254 1525 290 μητρὸς
1536 254 1689 290 Εὐρυδίκης
1703 253 1748 289 ἦν,
1760 256 1853 290 vovi)"

1064 301 1093 328 δὲ
1117 301 1269 336 Ἀμύντου,
1292 300 1322 327 ὃν
1336 300 1405 336 ἔφθη
1423 300 1601 336 Ἀλέξανδρος
1621 302 1746 334 κτεῖναι,
1770 302 1852 328 όπότε

1064 348 1104 380 είς
1121 347 1170 382 τὴν
1189 347 1283 374 Ἀσίαν
1293 346 1436 374 διέϐαινεν.
1455 342 1541 377 οὗτος
1549 347 1571 362 ⁹¹
1586 346 1615 373 δὲ
1626 346 1778 382 Περδίκκου
1790 348 1853 379 παῖς

1062 391 1112 430 ἦνξ,
1123 393 1237 428 ἁδελφὸς
1248 393 1277 420 δὲ
1285 392 1419 419 Φιλίππου
1432 392 1588 428 Περδίκκας
1596 412 1604 424 ,
1613 392 1651 424 ὼς
1665 390 1736 419 εἶναι
1756 392 1840 427 Ἀμύν

1063 448 1113 466 ταν
1127 439 1174 467 τὸν
1188 440 1360 475 ἀνῃρημένον
1379 438 1555 474 Ἀλεξάνδρου
1567 438 1688 472 ἀνεψιόν.
1705 436 1777 472 Ἦγε
1791 438 1818 464 δὲ
1834 439 1851 473 ἡ

1063 485 1173 519 Κυνάνη
1193 484 1288 511 Ἀδέαν
1305 483 1357 519 τὴν
1368 483 1454 518 αὐτῆς
1471 483 1609 519 θυγατέρα
1618 483 1652 516 ⁹¹,
1665 483 1727 518 ἦτις
1741 482 1852 519 ὕστερον

1063 530 1201 567 Εὐρυδίκη
1217 529 1416 566 μετωνομάσθη
1426 549 1435 562 ,
1450 529 1490 564 τῷ
1506 529 1653 565 Ἀρριδαίῳ
1670 530 1710 560 είς
1725 530 1850 564 γυναῖκα·

1063 575 1097 611 ῆν
1120 576 1168 602 καὶ
1190 575 1303 610 ὓστερον
1318 574 1439 609 ἠγάγετο
1465 573 1607 609 Περδίκκα
1631 573 1852 608 διαπραξαμένου

1063 620 1105 654 ἐφ’
1121 616 1144 653 ᾧ
1158 619 1261 646 παῦσαι
1284 619 1334 650 τὴν
1357 618 1524 645 Μακεδόνων
1540 618 1649 652 στάσιν,
1673 618 1735 653 ἥτις
1756 618 1803 644 ἐπὶ
1816 617 1853 652 τῷ

1063 664 1190 700 Κυνάνης
1205 663 1286 690 πάθει
1307 663 1461 698 άναφθεῖσα
1479 662 1527 689 ἐπὶ
1551 663 1623 698 μέγα
1647 662 1734 690 κακοῦ
1746 662 1770 678 ⁸⁸
1785 670 1852 697 προ-

1063 709 1172 745 εχώρει.
1190 708 1344 743 ’Δντιγονος
1358 708 1386 734 δὲ
1397 708 1424 740 ἐς
1444 707 1617 735 Μακεδονίαν
1631 707 1706 742 παρὰ
1727 707 1853 734 Ἀντίπα-

1062 764 1126 790 τρον
1143 756 1190 782 καὶ
1206 755 1347 790 Κρατερὸν
1371 754 1474 788 ἔφυγε,
1490 754 1537 780 καὶ
1552 753 1602 789 τὴν
1624 753 1665 785 εἰς
1689 753 1772 780 αὐτὸν
1793 753 1854 780 ὲπι-

1063 801 1177 837 δουλὴν,
1191 801 1224 836 ἢν
1238 800 1391 836 Περδίκκας
1408 799 1535 826 ἐϐούλευε
1548 819 1556 832 ,
1571 799 1720 835 διηγήσατο
1733 818 1740 830 ,
1757 799 1806 826 καὶ
1816 798 1854 829 ὡς

1063 848 1133 875 κατὰ
1147 847 1254 874 πάντων
1267 847 1284 882 ὴ
1299 846 1368 882 αὑτὴ
1384 845 1575 881 αὐτῷμελέτη
1593 844 1775 877 σπουδάζεται
1786 853 1792 860 ·
1807 845 1854 871 ἁν-

222 890 328 917 tunium
351 891 454 926 tragice
476 897 634 928 exaggerat.
648 893 752 928 Quibus
766 895 802 922 ita
817 895 960 929 expositis,
977 896 1006 924 ad

1064 893 1167 926 εδίδαξέ
1179 902 1209 920 τε
1226 881 1317 920 καὶτὸ
1328 892 1377 927 τῆς
1390 892 1516 927 Κυνάνης
1531 891 1746 927 ἐκτραγῳδήσας
1755 890 1852 922 πάθος.

220 935 320 963 bellum
342 936 417 971 ipsos
431 942 525 965 contra
547 938 707 968 Perdiccam
733 941 883 976 gerendum
906 941 1012 969 inﬂam-

219 985 287 1008 mat.
700 997 704 1001 ί

255 1027 394 1057 Αιτὶιιτευε
406 1037 514 1065 quoque
533 1030 682 1060 Alexandri
703 1032 776 1067 apud
790 1039 820 1060 se
840 1040 940 1068 corpus
954 1041 1011 1062 ser-

218 1080 296 1106 vans,
313 1082 481 1110 repugnante
508 1076 638 1104 Perdicca
653 1097 660 1110 ,
689 1077 722 1104 ad
747 1077 923 1106 Ptolemaeum
944 1079 1011 1114 Lagi

217 1119 249 1146 l-‘.
273 1126 384 1156 accepto
404 1128 520 1156 corpore
541 1122 724 1157 proﬁciscitur
737 1123 806 1159 (48),
832 1132 847 1152 a
874 1125 1010 1161 Babylone

217 1171 265 1198 per
279 1164 445 1193 Damascum
461 1167 487 1193 in
503 1166 652 1202 [Egyptum
667 1168 721 1195 iter
735 1168 851 1197 habens.
864 1168 914 1202 Qui
928 1177 1010 1205 saepe-

217 1217 332 1238 numero
348 1211 411 1239 licet
428 1219 442 1238 a
456 1211 606 1241 Polemone
629 1214 767 1242 Perdiccae
782 1214 909 1243 familiari
924 1217 1009 1251 impe-

216 1257 300 1290 ditus,
320 1258 437 1292 pervicit
459 1263 563 1292 tamen,
584 1266 616 1287 re
643 1267 677 1287 ex
700 1261 783 1288 animi
808 1262 848 1289 sui
873 1263 1008 1290 sententia

216 1307 302 1337 gesta.
323 1302 430 1330 Interea
454 1303 590 1333 Eumenes
614 1306 753 1333 Perdicca:
768 1314 881 1335 munera
898 1306 1008 1335 Sardeis

216 1349 250 1375 ad
262 1348 435 1383 Cleopatram
449 1350 540 1378 attulit
558 1360 565 1378 :
582 1352 776 1387 decretumque
793 1352 849 1386 jam
869 1361 929 1381 esse
941 1354 1007 1382 Per-

215 1395 309 1426 dice-.12,
324 1395 413 1423 Nicaea
427 1396 581 1430 repudiata,
597 1398 657 1432 ejus
678 1398 704 1426 in
722 1398 812 1426 locutn
834 1399 1006 1434 Cleopatram

215 1439 325 1472 ducere,
337 1441 408 1476 quod
422 1442 466 1470 ubi
485 1442 604 1470 innotuit
616 1443 775 1479 (Menander
790 1444 883 1480 Lydia:
897 1451 1005 1480 satrapa

213 1486 350 1521 Antigono
371 1488 545 1522 significavit,
561 1493 588 1516 et
606 1497 655 1524 per
677 1497 739 1517 eutn
763 1491 910 1526 Antipatro
937 1500 1006 1526 quo-

214 1539 269 1566 que
280 1537 307 1559 et
330 1533 445 1561 Cratero
469 1542 513 1562 res
534 1534 694 1572 publicata),
713 1544 746 1565 eo
761 1538 845 1564 etiam
859 1538 1006 1566 vehemen-
1020 1554 1041 1584 ο

216 1577 271 1605 tius
287 1577 323 1604 illi
342 1579 376 1605 ad
394 1577 552 1608 Perdiccam
576 1581 646 1609 bello
666 1583 884 1618 persequendum
900 1584 1005 1612 incitati

213 1627 288 1651 sunt.
310 1624 454 1659 Antipater
481 1625 574 1661 itaque
591 1632 618 1654 et
639 1627 771 1656 Craterus
795 1637 811 1656 e
832 1629 1005 1658 Cherroneso

214 1668 420 1705 Hellespontum
433 1671 588 1708 trajiciunt,
608 1674 737 1708 trajectus
756 1675 917 1712 custodibus
934 1676 1004 1703 clam

212 1723 263 1750 per
276 1715 381 1751 legatos
402 1718 533 1752 deceptis.
548 1717 693 1746 Mittuntur
707 1724 732 1747 et
747 1720 782 1747 ab
798 1721 840 1748 itis
857 1721 889 1749 ad
903 1721 1004 1749 Eume-

213 1768 276 1788 nem
294 1769 326 1790 ac
349 1762 566 1798 Neoptolemum,
583 1763 718 1793 Perdiccae
737 1766 880 1799 obnoxios,
895 1767 974 1802 legati
996 1778 1003 1795 :

214 1807 315 1842 quibus
337 1808 532 1844 Neoptolemus
557 1810 667 1846 quidem
686 1812 844 1847 assentitur,
869 1813 1004 1842 Eumenes

213 1862 279 1882 vero
295 1863 417 1884 mllllllle.

247 1943 317 1972 Hinc
332 1945 445 1973 Eumeni
460 1951 602 1982 suspectus
622 1956 682 1977 esse
694 1950 778 1984 coepit
798 1950 1002 1986 Neoptolemus,

211 1995 239 2017 et
251 1990 351 2018 bellum
367 1993 439 2019 inter
453 2001 482 2021 se
493 1998 602 2029 gerunt:
617 1995 676 2028 Quo
693 1996 720 2023 in
744 1996 814 2024 bello
836 1998 941 2025 riribus
957 2007 1003 2025 su-

210 2043 326 2073 perante
344 2038 477 2072 Eumene,
492 2040 559 2075 fugit
577 2048 639 2068 cum
657 2043 751 2077 paucis
766 2043 958 2078 Neoptolemus
968 2045 1001 2072 ad

209 2083 385 2117 Antipatrum
409 2084 618 2121 Craterumque,
637 2087 736 2120 quibus
758 2091 785 2114 et
800 2089 955 2122 persuadet,
973 2093 1002 2116 ut

209 2129 260 2156 sibi
290 2129 317 2156 in
345 2129 413 2157 bello
441 2131 571 2159 adversus
593 2131 742 2160 Eumenem
758 2135 851 2161 socius
870 2133 1002 2162 Craterus

208 2175 329 2202 daretur.
349 2175 405 2203 Nec
424 2184 509 2209 mora,
529 2177 625 2212 prtelio
652 2178 760 2214 utrique
788 2187 849 2207 cum
881 2180 1002 2209 Eumene

1063 939 1119 966 Καὶ
1136 937 1224 965 ταῦτα
1247 937 1406 972 διαθέμενος
1433 937 1475 968 είς
1498 935 1618 971 πόλεμον
1645 934 1719 970 αὐτῷ
1739 934 1854 966 τούτους

1061 984 1226 1020 κατέστησε.

1097 1031 1153 1058 Καὶ
1173 1030 1328 1066 Ἀρριδαῖος
1344 1029 1373 1055 δὲ
1389 1029 1404 1055 ό
1423 1028 1453 1055 τδ
1463 1028 1487 1044 ³⁵
1501 1027 1549 1055 τοῦ
1578 1025 1755 1062 Ἀλεξάνδρου
1771 1025 1854 1060 σῶμα

1061 1077 1226 1113 φυλάσσων,
1250 1075 1328 1111 παρὰ
1351 1074 1465 1110 γνώμην
1480 1073 1546 1100 αὐτὸ
1565 1072 1717 1108 Περδίκκου
1742 1071 1852 1105 λαϐὼν,

1061 1122 1130 1158 πρὸς
1144 1121 1311 1157 Πτολεμαῖον
1326 1119 1508 1156 παραγίνεται
1522 1119 1568 1146 τὸν
1584 1118 1677 1153 Λάγου
1691 1138 1699 1150 ,
1726 1118 1781 1145 ἀπὸ
1797 1118 1853 1144 Βα-

1060 1167 1179 1198 ϐυλῶνος
1201 1167 1246 1193 διὰ
1260 1164 1407 1201 Δαμασκοῦ
1433 1165 1476 1191 ἐπ’
1493 1163 1634 1198 Αἴγυπτον
1657 1163 1776 1190 ἐλαύνων
1791 1171 1797 1178 ·
1822 1162 1853 1194 ὃς

1060 1213 1146 1241 πολλὰ
1158 1213 1207 1249 μὲν
1217 1213 1268 1239 ὑπὸ
1282 1212 1442 1247 Πολέμωνος
1454 1210 1501 1237 τοῦ
1513 1209 1770 1245 προσοικειουμένου
1780 1209 1853 1245 Περ-

1059 1260 1141 1296 δίκκᾳ
1163 1258 1295 1290 κωλυθεὶς
1319 1257 1446 1292 ἐνίκησεν
1466 1257 1542 1292 ὅμως
1559 1257 1599 1288 είς
1624 1256 1653 1283 τὺ
1675 1255 1725 1292 τὴν
1752 1255 1853 1282 ἑαυτοῦ

1059 1305 1172 1341 γνώμην
1189 1305 1262 1340 ἔργῳ
1270 1305 1294 1324 ⁸⁵
1314 1304 1479 1338 ἐξενεγκεῖν.
1497 1303 1542 1329 Ἐν
1558 1302 1647 1338 τούτῳ
1662 1303 1710 1329 καὶ
1719 1303 1742 1319 ³⁸
1757 1302 1851 1337 Εὐμέ-

1059 1361 1108 1387 νης
1125 1352 1201 1387 παρὰ
1223 1350 1376 1386 Περδίκκου
1400 1349 1476 1385 δῶρα
1500 1349 1569 1384 πρὸς
1594 1348 1774 1383 Κλεοπάτραν
1790 1349 1820 1380 ἐς
1829 1349 1853 1364 ’⁷

1059 1395 1171 1431 Σάρδεις
1186 1395 1298 1429 ἐκόμισε
1310 1414 1318 1427 ,
1335 1393 1383 1421 καὶ
1397 1394 1438 1420 ὅτι
1455 1393 1629 1428 ἐγνωσμένον
1651 1394 1693 1428 εἴη
1711 1393 1854 1430 Περδίκκᾳ

1058 1442 1176 1468 Νίκαιαν
1189 1442 1238 1476 μὲν
1250 1441 1407 1476 ἐκπέμπειν
1416 1461 1423 1474 ,
1434 1440 1492 1467 ἀντ’
1503 1440 1612 1476 ἐκείνης
1625 1439 1654 1466 δὲ
1666 1440 1771 1476 ταύτην
1784 1441 1852 1475 ἄγε-

1059 1488 1130 1515 σθαι.
1146 1484 1184 1514 0'6
1201 1487 1367 1522 μηνυθέντος
1379 1486 1547 1521 (Μένανδρος
1561 1485 1590 1512 δὲ
1603 1487 1617 1513 ό
1633 1485 1734 1517 Λυδίας
1750 1487 1854 1522 σατρά-

1059 1543 1113 1569 πης
1135 1533 1272 1569 ἐμήνυσεν
1282 1533 1305 1548 ⁸⁸
1326 1531 1489 1567 Ἀντιγόνῳ)
1505 1532 1553 1558 καὶ
1568 1531 1601 1558 δι’
1611 1530 1694 1558 αὑτοῦ
1715 1533 1772 1563 τοῖς
1787 1533 1854 1568 περὶ

1064 1579 1194 1606 ’Λντιπατ
1199 1586 1244 1614 ρον
1260 1577 1310 1604 καὶ
1320 1577 1463 1613 Κρατερὸν
1478 1576 1695 1612 δημοσιωθέντος
1705 1597 1713 1610 ,
1728 1577 1775 1603 ἐπὶ
1785 1577 1854 1613 μᾶλ-

1058 1626 1105 1652 λον
1117 1625 1210 1656 αὐτοῖς
1225 1623 1260 1651 τὰ
1282 1623 1352 1660 πρὸς
1369 1623 1525 1658 Περδίκκαν
1540 1622 1777 1658 ὲξεπεπολέμωτο.
1801 1624 1855 1650 Πε-

1059 1672 1182 1708 ραιοῦται
1207 1670 1239 1706 δὴ
1248 1671 1271 1686 ⁹⁹
1295 1669 1475 1704 ’Δντίπατρος
1497 1668 1545 1695 καὶ
1567 1669 1710 1704 Κρατερὸς
1731 1669 1787 1696 ἀπὸ
1801 1671 1852 1704 τῆς

1057 1717 1233 1753 Χερρονήσου
1249 1715 1295 1742 τὸν
1316 1714 1515 1749 Ἑλλήσποντον
1526 1733 1533 1746 ,
1549 1713 1613 1745 τοὺς
1630 1714 1676 1740 τὸν
1700 1714 1785 1748 πόρον
1800 1723 1853 1748 φυ-

1056 1764 1207 1795 λάσσοντας
1218 1762 1278 1789 διὰ¹
1291 1760 1440 1797 πρεσϐείας
1454 1760 1634 1795 ὑπαγόμενοι.
1645 1760 1853 1795 Πρεσϐεύονται

1055 1811 1085 1838 δὲ
1096 1810 1144 1837 καὶ
1155 1809 1223 1844 πρὸς
1237 1808 1348 1843 Εὐμένη
1359 1807 1407 1834 καὶ
1422 1806 1490 1842 πρὸς
1502 1806 1692 1841 Νεοπτόλεμον
1701 1827 1709 1840 ,
1723 1807 1788 1838 τοὺς
1799 1807 1855 1834 ὑπὸ

1056 1855 1196 1892 Περδίκκᾳ
1207 1855 1227 1869 ¹·
1247 1853 1295 1881 καὶ
1311 1852 1374 1889 [[26
1386 1852 1433 1888 11.]
1445 1852 1635 1887 Νεοπτόλεμος
1648 1852 1698 1887 μὲν
1713 1852 1852 1887 πείθεται,

1056 1902 1182 1937 Εὐμένης
1197 1901 1226 1927 δὲ
1241 1901 1291 1927 οὐκ
1313 1899 1452 1935 ἀνέχεται.

1098 1946 1297 1974 Ὑποπτεύεται
1313 1945 1432 1980 Εὐμένει
1446 1945 1637 1980 Νεοπτόλεμος
1649 1964 1656 1974 ,
1671 1945 1719 1971 καὶ
1730 1953 1854 1979 συγκρο-

1054 1995 1141 2022 τεῖται
1161 1992 1230 2029 πρὸς
1244 1991 1377 2027 ἀλλήλους
1391 1991 1509 2026 πόλεμος
1520 2011 1528 2023 ,
1546 1991 1595 2018 καὶ
1611 1991 1673 2026 νικᾷ
1689 1991 1762 2018 κατὰ
1784 1992 1855 2026 κρά-

1054 2050 1100 2072 τος
1114 2039 1249 2075 Εὒμένης.
1265 2038 1363 2072 Φεύγει
1378 2038 1407 2064 δὲ
1421 2038 1611 2073 Νεοπτόλεμος
1628 2038 1704 2073 παρὰ
1722 2037 1855 2064 Ἀντίπα-

1054 2097 1119 2124 τρον
1137 2087 1186 2114 καὶ
1201 2084 1343 2121 Κρατερὺν
1360 2085 1409 2112 σὺν
1424 2083 1544 2118 ὀλίγοις,
1563 2084 1611 2111 κει)⁸
1628 2084 1717 2110 πείθει
1735 2084 1854 2116 τούτους

1054 2133 1102 2160 ἐπὶ
1117 2130 1277 2167 συμμαχίαν
1300 2129 1372 2156 κατὰ
1384 2129 1524 2164 Εὐμένους
1538 2128 1626 2155 ὲλθεῖν
1648 2129 1723 2164 αὐτῷ
1739 2129 1854 2164 Κρατε-

1056 2177 1103 2213 ρόν
1118 2183 1126 2191 ⁸
1154 2175 1200 2203 καὶ
1226 2173 1389 2210 πολεμοῦσιν
1412 2174 1495 2208 ἄμφω
1512 2173 1629 2208 Εὐμένει
1641 2173 1661 2200 ³.
1679 2174 1735 2200 Καὶ
1759 2174 1854 2200 πάντα

208 2220 368 2256 conﬂigunt.
387 2222 466 2250 Dedit
479 2231 545 2250 vcro
562 2230 672 2258 operam
689 2232 798 2252 otnnetu
813 2225 957 2259 Eumenes,
971 2232 1001 2255 ut

1060 2223 1173 2258 ποιήσας
1193 2220 1319 2256 Εὐμένης
1333 2219 1404 2246 ὥστε
1420 2219 1513 2245 λαθεῖν
1528 2219 1591 2250 τοὺς
1612 2219 1660 2245 σὺν
1678 2219 1754 2254 αὐτῷ
1770 2219 1854 2254 Κρα-

209 2266 369 2301 ignorarent
383 2268 424 2295 sui
441 2268 582 2296 Craterum
603 2269 734 2298 adversus
756 2278 785 2299 se
811 2271 971 2307 belligerare
988 2283 995 2301 :

207 2319 242 2339 ne
255 2313 326 2340 fama
344 2312 464 2345 adducti.
480 2314 521 2341 vel
538 2315 637 2343 castris
654 2316 712 2343 suis
733 2316 861 2349 desertis,
873 2318 906 2345 ad
923 2318 998 2346 illum

207 2359 369 2392 transirent,
383 2359 424 2386 vel
433 2364 509 2387 certe
522 2362 592 2396 apud
606 2369 636 2389 se
650 2367 801 2396 manentes,
815 2363 886 2398 71a
911 2365 997 2393 auda-

206 2405 296 2433 ciores
309 2405 398 2433 minus
414 2410 516 2434 essent.
530 2406 581 2440 Qui
600 2415 661 2435 cum
678 2408 715 2435 illi
733 2409 810 2437 dolus
825 2414 999 2445 atque-astus

205 2451 396 2486 processisset,
418 2453 516 2488 proelio
541 2461 650 2490 quoque
680 2456 768 2484 victor
798 2457 896 2484 evasit.
927 2457 998 2493 Ergo

205 2495 400 2532 Neoptolemus
425 2497 510 2533 Ipsius
537 2499 667 2528 Eumenis
689 2501 786 2529 scribae
813 2509 896 2529 manu
911 2509 998 2530 cresus

1051 2269 1131 2305 τερδν
1145 2267 1218 2302 αὑτῷ
1232 2266 1364 2301 πολεμεῖν
1378 2285 1386 2298 ,
1404 2265 1447 2292 ἵνα
1462 2264 1500 2300 μὴ
1514 2266 1548 2299 τῇ
1559 2265 1625 2299 περὶ
1639 2264 1720 2291 αὐτὸν
1737 2264 1855 2297 ἁλόντες

1055 2316 1135 2351 φήμῃ
1150 2314 1167 2350 ἢ
1186 2312 1423 2349 προσχωρήσωσιν
1438 2310 1511 2346 αὐτῷ
1525 2311 1541 2346 ἢ
1557 2311 1606 2337 καὶ
1625 2310 1754 2346 μένοντες
1767 2310 1853 2338 ἀτολ-

1057 2362 1166 2397 μότεροι
1180 2359 1250 2392 εἷεν,
1266 2358 1314 2385 καὶ
1325 2357 1470 2393 κρατήσας
1481 2357 1537 2387 τοῖς
1549 2355 1718 2391 τεχνάσμασι
1731 2375 1739 2387 ,
1753 2358 1856 2391 κρατεῖ

1053 2408 1100 2435 καὶ
1123 2406 1166 2442 τῷ
1185 2405 1315 2441 πολέμῳ·
1343 2403 1392 2431 καὶ
1407 2402 1503 2429 πίπτει
1532 2401 1581 2436 μὲν
1602 2401 1798 2434 Νεοπτόλεμος
1817 2403 1855 2436 τῇ

1052 2453 1135 2482 αὑτοῦ
1149 2451 1290 2486 Εὐμένους
1306 2450 1354 2477 τοῦ
1375 2447 1566 2485 γραμματέως
1587 2446 1662 2482 δεξιᾷ
1673 2466 1680 2479 ,
1698 2445 1765 2482 [221
1793 2446 1829 2473 Π.
1844 2446 1855 2483 ]

1052 2501 1121 2536 ἀνὴρ
1136 2496 1334 2535 στρατιωτικὸς
1345 2495 1392 2523 καὶ
1408 2494 1538 2530 πολέμοις
1550 2491 1723 2529 ἠριστευκὼς
1734 2513 1743 2526 ,
1767 2493 1855 2528 Κρα-

859 2560 976 2588 νΛιίἸιΕ
999 2557 1201 2589 LECTIONES.

240 2636 398 2688 me:
410 2640 494 2688 153‘:
507 2641 661 2688 9.11535
674 2649 725 2688 ςι.
742 2641 935 2688 ἷῗθὲῖέῖίραν
1024 2641 1046 2688 ³ἰ
1062 2639 1211 2688 recte.
1227 2638 1450 2688 ᾇῗητδᾶίξάέὲι,
1469 2636 1848 2688 ’⁵.έεϊίε³κὲ.ῐ.ἳὲςρερτὲεῖ;

204 2669 228 2687 ⁹⁸
242 2669 290 2698 καῖ
303 2669 350 2702 A':
365 2674 393 2702 δὲ
410 2669 457 2702 καὶ
475 2669 520 2708 ς,’
543 2677 567 2693 οτ
579 2677 619 2709 εἰς
634 2685 664 2708 ς,
679 2669 688 2672 “
703 2676 725 2693 ﬂ
741 2669 860 2712 ἐμήνύεν
874 2669 907 2704 Ᾱ,
948 2677 970 2693 ’³
983 2676 1016 2713 δὴ
1027 2676 1050 2703 Α
1063 2685 1071 2703 :
1084 2676 1113 2702 δὲ
1132 2669 1174 2706 cf
1203 2674 1211 2689 ‘
1227 2673 1290 2709 φυλ.
1307 2673 1355 2701 καὶ
1368 2673 1414 2701 διὰ
1429 2682 1460 2706 ς.
1499 2674 1510 2689 ²
1523 2669 1678 2709 Περδίκκαν
1694 2669 1739 2704 ς.’
1755 2669 1777 2688 ⁷⁸
1790 2673 1851 2699 Εὐ-

204 2708 283 2742 μενεί
311 2716 342 2740 ς.

976 2753 1094 2782 NOTAE.

239 2798 297 2834 (47)
314 2798 460 2836 Athenaeus
478 2799 527 2827 lib.
537 2808 595 2834 xnt,
613 2801 690 2828 initio
705 2809 737 2829 ett
751 2801 859 2828 Audata
875 2801 991 2836 Illyrica

204 2839 360 2870 susceptam
369 2834 513 2870 Cynanam
526 2836 647 2870 scripsit.

239 2842 284 2860 SC?
306 2842 360 2861 tam
374 2842 513 2868 uynanam
526 2842 647 2870 SCI‘IpSIl.

239 2842 303 2904 (ἀεῖ
310 2868 485 2898 Moribundus
508 2871 581 2899 enim
596 2871 691 2900 amicis
706 2877 874 2907 praeceperat
889 2876 918 2900 ut
933 2880 994 2900 cor-

1047 2808 1098 2835 pus
1111 2800 1242 2841 suumnatl
1261 2800 1404 2827 Ammonis
1428 2799 1493 2841 [ειςτί
1521 2799 1675 2841 juberent:
1692 2799 1845 2841 Memphim

1049 2841 1140 2863 tamen
1153 2843 1168 2862 a
1185 2835 1330 2863 Ptolemaeo
1355 2835 1519 2871 translatum
1545 2841 1599 2871 est,
1623 2839 1651 2862 et
1668 2835 1733 2865 inde
1747 2836 1850 2871 paucis

1052 2876 1113 2906 post
1132 2870 1436 2909 annis‘Alexandriam.
1454 2870 1534 2899 Curt.
1551 2870 1598 2900 lib.
1618 2879 1643 2898 κ.
