1938 3091
98 158 147 191 309

657 153 920 188 BI‘BLIOTHECA.
937 167 972 173 -
984 155 1066 186 COD.
1085 157 1177 187 XCII.

1679 159 1732 193 310

98 215 171 249 πρὸς
180 213 210 241 δὲ
221 212 276 240 ὑπό
287 221 367 240 τινων
378 212 565 248 Παφλαγόνων
573 233 581 246 ,
591 212 710 248 ἀφειδῶς
720 212 788 248 πρὸς
798 210 886 237 πάντα

940 210 1052 242 cecidit,
1088 211 1132 238 vir
1155 216 1254 239 caetera
1283 211 1420 245 militaris,
1444 216 1472 240 et
1495 211 1567 241 bello
1592 204 1731 242 strenuus.

99 259 249 294 μαχόμενος
272 259 321 286 καὶ
342 258 439 295 χωρῶν
453 259 525 286 ὥστε
541 258 713 293 γνωσθῆναι·
739 258 797 285 ἀλλ’
814 257 883 291 ἔφθη

98 304 183 332 πεσὼν
208 304 248 339 μὴ
274 304 424 339 γνωσθεὶς,
449 303 538 330 καίτοι
553 303 601 330 καὶ
622 303 672 338 τὴν
692 302 811 330 καυσίαν
832 302 884 337 τῆς

99 350 214 386 κεφαλῆς
228 349 347 385 ἀφελών.
367 349 400 376 Ἦ
425 350 517 385 μέντοι
531 349 602 385 πεζὴ
614 349 730 385 στρατιά
748 348 804 376 σώα
815 349 885 384 πρὸς

104 395 276 430 Ἀντίπατρον
290 395 323 422 ἐκ
333 395 381 422 τοῦ
397 395 517 431 πολέμου
530 395 698 431 παρεγένετο
709 416 716 428 ,
733 394 748 421 ὂ
762 394 809 421 καὶ
831 393 863 421 τὸ
873 394 885 410 δ

98 440 159 468 πολὺ
170 441 222 477 τῆς
233 440 355 476 ἀθυμίας
368 441 548 476 ἐπεκούφισε.

128 572 312 609 Παραγίνεται
325 573 382 601 ἀπὸ
395 573 544 610 Δαμασκοῦ
568 573 722 610 Περδίκκας
745 574 789 602 ἐπ’
801 575 886 609 Δίγυ-

96 627 156 647 πτον
171 619 221 647 σὺν
240 621 299 652 τοῖς
313 619 455 655 βασιλεῦσι
479 621 528 648 καὶ
547 621 580 656 τῇ
597 621 710 656 δυνάμει
724 621 886 657 Πτολεμαίῳ

96 665 254 702 πολεμῆσαι.
273 666 476 703 Κατηγορήσας
499 667 528 694 δὲ
550 667 739 702 Πτολεμαίου,
758 667 886 695 κάκείνου

95 709 138 737 ἐπὶ
149 710 195 737 τοῦ
211 711 352 747 πλήθους⁵
365 711 553 746 ἀπολυομένου
568 711 736 747 τάςξαίτίας,
749 711 797 738 καὶ
807 710 887 744 δόξας

97 757 131 792 μή
154 757 247 785 δίκαια
273 758 433 790 ἐπικαλεῖν,
449 759 525 793 ὅμως
549 758 597 785 καὶ
621 758 669 785 τοῦ
695 758 815 793 πλήθους
837 757 887 793 οὐχ

96 803 197 836 ἑκόντος
211 804 339 839 πολεμεῖ.
357 805 411 832 Ka‘t
425 804 467 837 δὶς
482 804 613 841 ἡττηθεὶς
622 825 630 837 ,
642 805 691 832 καὶ
702 805 804 841 τραχὺς
819 805 887 841 πρὸς

95 850 153 882 τοὺς
166 850 177 866 ⁵
197 850 276 886 παρά
305 851 472 886 Πτολεμαῖον
504 851 647 883 ἐθέλοντας
672 851 797 887 χωρῆσαι
823 851 884 878 λίαν

95 897 238 930 καταστὰς,
257 897 307 924 καὶ
323 897 427 924 rana"
445 899 478 933 τῇ
502 898 618 934 στρατιᾷ
635 897 853 933 ὑπερογκότερον
866 898 883 933 ἢ

95 945 160 971 κατὰ
184 944 340 981 στρατηγὸν
363 945 606 981 προσφερόμενος,
633 944 687 971 ὑπὸ
711 944 759 971 τοῦ
782 943 884 971 οίκείου

96 990 208 1025 πλήθους
225 990 282 1017 τῶν
299 991 407 1017 ἱππέων
422 991 588 1026 ἀναιρεῖται,
605 991 762 1026 μαχόμενος
776 991 822 1018 καλ⁸
836 991 886 1018 αὺ-

95 1035 145 1068 τός.
160 1036 332 1072 Πτολεμαῖος
357 1037 387 1063 δὲ
411 1037 481 1072 μετὰ
506 1037 556 1072 τὴν
576 1037 718 1073 ἀναίρεσιν
733 1037 884 1073 Περδίκκου

96 1081 158 1116 πρός
175 1090 205 1109 τε
229 1083 298 1114 τοὺς
321 1081 440 1121 βασιλεῖς
464 1082 621 1118 ἐπεραιώθη
645 1082 693 1109 τὸν
713 1083 822 1115 Νεῖλον,
837 1083 885 1109 καλ¹

94 1127 182 1164 ζὼροις
195 1128 471 1165 φιλοφρονησάμενος
491 1131 538 1157 καὶ
557 1131 591 1166 τῇ
608 1129 677 1167 ἄλλῃ
693 1129 836 1166 Θεραπεία,
854 1130 884 1156 οὑ

96 1174 170 1209 μόνον
184 1174 213 1201 δὲ
230 1174 303 1202 ἀλλὰ
320 1175 368 1201 καὶ
384 1176 447 1207 τοὺς
469 1176 527 1202 ὅσοι
542 1177 571 1202 ὲν
586 1176 658 1203 τέλει
672 1175 846 1205 Μακεδόνων,
856 1176 885 1203 '0

94 1221 120 1248 δὲ
131 1222 176 1248 καὶ
188 1223 246 1254 τοῖς
263 1221 418 1258 Περδίκκου
434 1222 523 1257 φίλοις
539 1223 741 1258 συναχθόμενός
762 1232 792 1250 τε
806 1223 886 1258 δῆλος

95 1267 206 1302 ἐγένετο,
223 1268 273 1295 καὶ
296 1268 370 1300 ὅσοις
390 1277 417 1295 τι
443 1269 567 1296 κινδύνου
586 1269 646 1295 ἐτι⁸
667 1270 700 1296 ὲκ
720 1270 885 1297 Μακεδόνων

96 1313 251 1341 ὑπελείπετο
261 1336 270 1348 ,
289 1315 338 1342 καὶ
353 1315 464 1347 τούτους
479 1315 632 1348 ἀπαλλάξαι
648 1316 696 1343 τοῦ
710 1316 786 1348 δέους
804 1317 886 1344 παντὶ

95 1360 180 1396 τρόπῳ
191 1361 391 1388 διεσπούδασεν
400 1369 408 1377 ο
425 1362 468 1397 ἐφ’
480 1359 520 1394 οἷς
533 1363 691 1398 παραυτίκα
705 1371 735 1389 τε
748 1364 796 1390 καὶ
813 1363 842 1395 ἐς
855 1363 886 1389 τὺ

95 1406 183 1433 ἔπειτα
198 1407 356 1443 εὐδοκιμῶν
370 1407 545 1442 ἐγινώσκετο.
563 1409 709 1444 Συνεδρίου
735 1409 763 1436 δὲ
786 1418 885 1445 κροτη-

95 1451 181 1484 οὲντος
193 1452 329 1488 ἄρχοντες
349 1453 399 1489 μὲν
415 1454 467 1489 τῆς
481 1454 572 1490 πάσης
585 1454 728 1490 δυνάμεως
742 1456 803 1483 ἀντὶ
819 1456 887 1491 Περ-

94 1497 180 1525 δίκκου
197 1499 307 1526 Πίθων¹
321 1500 533 1536 καὶἋρῤιδαῖος
550 1503 579 1528 ὲν
592 1502 631 1537 τῷ
646 1503 715 1535 τέως
728 1503 885 1540 ἀνερρήθη-

937 255 1069 284 Craterus
1082 261 1173 284 autem
1189 257 1215 284 in
1231 258 1341 285 obvium
1357 265 1493 293 quemque
1520 258 1658 293 intrepide
1682 267 1731 293 pu-

936 309 1037 338 gnans,
1066 307 1148 338 atque
1173 304 1209 330 ita
1239 303 1370 332 incedens
1393 309 1422 331 ut
1445 303 1572 339 cognosci
1598 304 1731 338 potuerit,

937 349 1023 378 nihilo
1054 353 1143 376 tamen
1168 349 1259 378 secius
1283 357 1299 377 a
1325 349 1544 385 Paphlagonibus
1569 349 1730 384 quibusdam

938 396 1094 430 incognitus
1114 395 1259 427 occiditur,
1276 395 1383 423 tametsi
1408 395 1453 423 ille
1475 395 1594 422 maxime
1608 394 1729 422 causiam

937 442 1026 476 capite
1054 441 1210 476 deiecisset.
1233 441 1360 468 Attamen
1388 441 1530 476 pedestres
1545 440 1631 475 copia:
1647 440 1730 469 salva:

937 487 970 514 ad
985 488 1157 522 Antipatrum
1179 495 1195 514 e
1220 487 1319 522 proelio
1337 487 1491 520 redierunt;
1516 494 1576 522 quae
1602 494 1646 515 res
1670 489 1730 515 ani-

937 540 1009 560 mum
1026 533 1155 565 reddidit,
1173 537 1329 567 metumque
1342 531 1450 559 minuit.

972 577 1116 605 Perdiccas
1129 578 1261 605 Damasco
1291 577 1446 612 profectus,
1472 578 1604 606 adversus
1637 578 1730 606 Ptole-

937 632 1035 652 maeum
1064 623 1129 659 Lagi
1157 624 1187 652 F.
1212 625 1408 657 dimicaturus,
1435 625 1463 651 in
1491 623 1639 660 Egyptum
1665 632 1728 652 cutn

938 672 1050 706 regibus
1076 670 1132 705 (49)
1155 674 1184 698 et
1210 670 1298 705 copiis
1325 671 1409 698 venit.
1435 669 1611 698 Ptolemaequ
1638 670 1730 705 itaque

938 725 999 745 cum
1017 721 1184 748 accusasset,
1201 721 1281 751 atque
1305 717 1349 744 ille
1372 716 1480 751 objecta
1499 716 1615 743 crimina
1638 723 1729 743 coram

939 763 1110 790 multitudine
1143 763 1180 789 ita
1211 767 1364 797 purgassel,
1395 765 1425 788 ut
1455 760 1555 796 injuste
1584 767 1729 788 accusatus

938 808 1088 841 videretur,
1105 808 1203 836 bellum
1223 813 1325 841 tamen,
1342 812 1511 843 repugnante
1528 807 1593 834 licet
1612 807 1728 834 militum

939 855 1030 890 vulgo,
1052 854 1194 882 Perdiccas
1217 853 1312 881 infert.
1338 853 1397 886 Quo
1419 854 1446 880 in
1457 853 1529 881 bello
1548 853 1605 888 jam
1629 853 1728 881 iterum

935 902 1036 935 victus,
1055 901 1144 935 iisque
1167 900 1291 936 asperior
1316 899 1405 928 factus
1428 899 1475 934 qui
1497 900 1531 927 ad
1554 899 1728 927 Ptolemannn

936 948 1054 975 transire
1082 947 1192 978 vellent,
1215 950 1314 974 caetera
1341 945 1425 973 etiam
1454 945 1482 973 in
1509 946 1608 973 castris
1635 953 1730 980 super~

935 994 996 1021 bior
1012 992 1082 1029 (50),
1098 1000 1180 1027 quant
1203 991 1396 1026 imperatorem
1413 991 1532 1023 deceret,
1553 999 1568 1017 a
1591 990 1649 1018 suis
1672 991 1730 1025 ipse

935 1039 1073 1074 equitibus
1097 1039 1168 1066 inter
1196 1038 1370 1073 pugnandum
1398 1037 1550 1065 occiditur.
1568 1036 1730 1064 Ptolemaeus

935 1093 1012 1118 vero,
1030 1085 1136 1112 sublato
1158 1084 1301 1116 Perdicca,
1326 1084 1359 1111 ad
1377 1091 1464 1120 reges,
1480 1084 1640 1110 transmisso
1657 1082 1729 1115 Nilo,

935 1132 1129 1166 proliciscitur,
1155 1131 1289 1165 donisque
1318 1129 1420 1162 allatis,
1450 1133 1477 1156 et
1507 1130 1591 1156 variis
1621 1135 1729 1164 quoque

936 1178 1074 1213 obsequiis
1090 1183 1144 1205 tam
1161 1185 1220 1211 eos,
1239 1184 1321 1212 quam
1341 1180 1455 1204 caeteros
1472 1175 1648 1203 Macedonum
1663 1182 1728 1210 pro-

937 1234 1024 1259 ceres,
1050 1230 1174 1253 amanter
1201 1224 1360 1258 complexus
1382 1227 1433 1251 est.
1464 1222 1521 1250 lmo
1548 1227 1576 1250 et
1605 1223 1728 1257 ipsorum

936 1272 1075 1300 Perdicca:
1093 1271 1243 1299 amicorum
1263 1270 1349 1298 vicem
1366 1270 1458 1298 dolere
1479 1277 1510 1297 se
1527 1269 1615 1304 palam
1635 1273 1729 1296 osten-

937 1319 977 1346 dit
994 1322 1042 1346 :et
1064 1318 1271 1353 quibuscunque
1296 1316 1490 1344 Macedonibus
1508 1315 1657 1350 periculum
1677 1314 1729 1344 ali-

937 1365 1011 1400 quod
1037 1364 1180 1391 imminere
1208 1363 1356 1395 videretur,
1374 1361 1485 1390 eosdem
1512 1361 1557 1389 ille
1582 1361 1655 1389 omni
1679 1369 1731 1396 0pc

938 1419 970 1438 ac
994 1411 1098 1438 ratione
1115 1414 1188 1437 metu
1208 1409 1325 1436 liberare
1344 1408 1458 1436 studuit.
1477 1407 1537 1441 Quo
1555 1407 1658 1435 factum
1676 1412 1729 1438 est,

939 1461 969 1484 ut
983 1457 1040 1491 jam
1060 1461 1128 1488 tum,
1145 1460 1228 1490 atque
1251 1454 1278 1482 in
1303 1460 1442 1489 posterum
1459 1454 1580 1481 omnium
1603 1460 1651 1481 ore
1672 1453 1732 1480 lau-

939 1504 1061 1531 daretur.
1081 1502 1179 1530 Habito
1194 1502 1257 1529 dein
1273 1506 1418 1533 conventu,
1434 1499 1533 1528 Pithon
1550 1505 1578 1528 et
1594 1500 1732 1528 Arridacus

96 1552 151 1577 σαν,
162 1544 215 1572 τῶν
233 1545 266 1572 δὲ
284 1546 352 1582 περὶ
371 1546 480 1582 Εὐμένη
500 1556 530 1574 τε
546 1548 593 1574 καὶ¹
604 1548 764 1575 Ἀλκέταν¹⁰
778 1551 807 1582 ἐς
821 1558 885 1576 πεν-

939 1550 1024 1585 copiis
1050 1549 1196 1581 universis,
1220 1548 1357 1576 Perdicca:
1384 1547 1456 1580 loco,
1474 1546 1596 1582 praefecti
1629 1553 1733 1577 renuno

94 1592 204 1628 τήκοντα
215 1593 462 1630 κατεγνῶσθησαν,
473 1595 591 1631 μάλιστα
607 1596 653 1623 ἐπὶ
664 1598 698 1632 τῇ
714 1597 858 1634 Κρατεροῦ
868 1598 889 1614 ¹¹

95 1636 227 1671 ἀναιρέσει
237 1637 294 1665 τῶν
305 1638 473 1667 Μακεδόνων
486 1640 556 1676 πρὸς
570 1641 671 1674 αὐτοὺς
686 1643 890 1678 ὲκπολεμωθέν.

94 1683 181 1711 των’¹.
204 1684 394 1711 Μετεκαλεῖτο
417 1685 447 1711 δὲ
471 1686 519 1713 καὶ
533 1686 687 1722 Ἀντίγονος
708 1689 741 1716 ἐκ
762 1689 887 1726 Κύπρου,

95 1729 138 1756 καὶ
149 1730 330 1766 Ἀντίπατρος
345 1730 389 1764 δὲ,
405 1731 568 1767 ἐπιταχῦναι
581 1734 652 1769 πρὸς
666 1735 730 1766 τοὺς
747 1735 887 1770 βασιλέας.

95 1771 171 1799 οὔπω
193 1773 223 1800 δὲ
243 1775 490 1802 καταλαϐόντωνυ
508 1777 525 1812 ὴ
552 1778 692 1814 Εὐρυδίκη
715 1779 827 1807 Πίθωνα
843 1781 890 1808 καὶ

99 1817 245 1854 ’Δῤῥιδαῖον
262 1821 348 1856 μηδὲν
363 1822 429 1850 ἀνευ
443 1822 530 1858 αὐτῆς
553 1823 632 1859 ἠξίου
656 1826 796 1861 πράττειν.
815 1828 847 1854 Oi
861 1827 889 1854 δὲ

94 1865 125 1911 τὰ
139 1867 233 1902 πρῶτα
248 1867 300 1903 μὲν
315 1868 365 1895 οὐκ
378 1869 519 1903 ἀντεῖπον,
534 1871 629 1898 ἔπειτα
651 1872 680 1899 δὲ
705 1873 789 1909 μηδὲν
804 1875 889 1911 αὐτὴν

96 1910 277 1940 ἐπικοινωνεῖν
294 1913 353 1945 τοῖς
372 1913 513 1949 δημοσίοις
535 1916 680 1950 ἀντέλεγον
705 1910 887 1954 πράγμασιν·

96 1956 178 1989 nam;
193 1957 249 1993 γὰρ
259 1979 268 1992 ,
284 1958 340 1991 ἓως
350 1960 505 1994 Ἀντίγονος
528 1961 576 1988 καὶ
594 1963 774 1999 ’Δντίπατρος
799 1974 889 2001 παρα-

96 2002 229 2037 γένωνται,
244 2005 379 2041 μελήσειν
394 2007 459 2042 περὶ
474 2005 648 2035 πάντων.Ὧν
659 2012 890 2045 παραγεγονότων

97 2048 132 2080 είς
141 2049 321 2086 Ἀντίπατρον
333 2052 350 2086 ἡ
363 2051 509 2080 δυναστεία
520 2054 706 2089 περιίσταται.
716 2056 794 2082 Καὶό
807 2065 890 2093 στρα-

96 2093 136 2126 τὸς
157 2095 227 2123 alter
250 2096 287 2123 τὰ
313 2097 389 2133 παρὰ
401 2097 579 2134 Ἀλεξάνδρου
595 2100 780 2135 ὑποσχεθέντα
797 2102 889 2135 αὐτοῖς

97 2140 138 2166 ἐπὶ
147 2143 178 2177 τῇ
192 2143 363 2179 συστρατείᾳ
373 2144 394 2159 ’⁵
409 2144 549 2180 χρήματα,
562 2146 610 2173 καὶ
622 2146 802 2183 ’Δντίπατρος
817 2140 897 2184 παρ-⁸

97 2187 187 2214 αυτίκα
201 2188 252 2224 μὲν
270 2189 358 2224 μηδὲν
375 2189 450 2225 ἔχειν
465 2191 646 2226 ἀποκρίνεται
669 2191 734 2229 [127
754 2193 790 2230 Η]
810 2195 885 2230 φρά-

97 2231 148 2264 ζειν
162 2233 287 2269 ἀκρισὲς,
303 2235 437 2268 ἐξετάσας
448 2236 478 2263 δὲ
487 2236 551 2269 τούς
565 2246 595 2264 τε
611 2227 766 2273 βασιλείους
779 2227 884 2276 θησαυ-
900 2227 924 2255 D

99 2280 154 2313 τοὺς
168 2281 215 2309 καὶ
228 2282 295 2314 τοὺς
306 2283 365 2318 ὅσοι
380 2282 509 2319 ἀλλαχόθι
524 2293 576 2311 που
594 2286 714 2320 κείμενοι
728 2283 780 2314 ὦσι
789 2310 797 2320 ,
811 2296 886 2324 τηνι-

98 2325 176 2353 nauta
189 2327 234 2355 τὸν
247 2328 365 2356 δυνατὸν
385 2330 488 2365 τρόπον
505 2331 542 2367 μὴ
558 2331 592 2359 ἂν
607 2333 699 2365 αὐτοῖς
711 2333 885 2369 ἐπίμεμπτος

97 2373 266 2416 νομισθῆναν
282 2376 328 2411 ἐφ’
342 2372 395 2410 qi"
411 2377 461 2413 οὐχ
483 2378 568 2413 ἡδέως
588 2379 605 2414 ἡ
629 2380 743 2415 στρατιὰ
758 2381 883 2416 ἤκουσεν.

98 2415 241 2456 Εὐρυδίκης
267 2421 299 2448 δὲ
323 2421 567 2460 συλλαμϐανούσης
590 2426 650 2457 ταῖς
674 2425 746 2453 κατὰ
757 2427 885 2454 Ἀντιπά-

98 2471 156 2498 τρου
168 2465 305 2499 διαϐολαῖς
321 2467 361 2503 τῷ
376 2469 431 2496 ἀπὸ
443 2469 490 2496 τοῦ
505 2470 625 2507 πλήθους
639 2472 718 2508 ἄχθει
732 2472 825 2506 στάσις
840 2474 885 2508 γί-

98 2518 177 2540 νεῖαι.
186 2514 243 2541 Καὶ
253 2513 411 2551 δημηγορεῖ
418 2516 555 2553 Εὐρυδίκη
565 2517 624 2544 κατ’
633 2518 728 2552 αὐτοῦ,
737 2519 784 2546 τοῦ
794 2528 885 2556 γραμ-

932 2151 1020 2185 'patro
1051 2156 1155 2179 summa
1190 2147 1230 2175 rei
1261 2148 1406 2175 commissa

943 1596 1001 1624 tiati
1019 1596 1046 1623 in
1062 1602 1182 1630 praesens
1198 1599 1272 1627 sunt,
1289 1597 1316 1621 et
1336 1601 1369 1621 ex
1385 1592 1516 1620 Eumenis
1535 1598 1617 1628 atque
1633 1593 1734 1620 Alceta:

941 1642 1124 1670 sectatoribus
1160 1641 1193 1668 ad
1232 1640 1431 1675 quinquaginta
1474 1639 1613 1671 damnati,
1653 1639 1734 1673 idque

943 1690 1060 1716 maxime
1075 1688 1110 1715 ob
1122 1686 1265 1715 Craterum
1286 1685 1471 1718 interfectum,
1487 1692 1550 1716 cum
1571 1684 1734 1715 Macedones

942 1736 1012 1762 inter
1045 1741 1075 1761 se
1108 1733 1210 1760 mutuis
1247 1731 1349 1767 proeliis
1382 1730 1556 1763 dissiderent.
1581 1730 1734 1765 Antigonus

941 1782 1035 1808 adhaec
1060 1787 1075 1807 e
1101 1779 1190 1815 Cypro
1218 1783 1357 1811 evocatus,
1380 1778 1447 1813 quin
1472 1782 1500 1805 et
1522 1777 1676 1813 Antipater,
1700 1778 1734 1804 ad

942 1834 1021 1862 rcges
1038 1826 1169 1854 festinare
1184 1825 1327 1860 jubentur.
1353 1823 1478 1852 Nondum
1497 1831 1562 1853 vero
1584 1824 1735 1852 adventan-

941 1874 1014 1901 tibus
1037 1873 1102 1906 illis,
1127 1873 1263 1908 Eurydice
1290 1872 1347 1908 (5|)
1371 1872 1513 1903 Pithonem
1532 1877 1563 1900 et
1581 1872 1733 1900 Arridaeum

941 1919 1009 1948 nihil
1038 1927 1068 1947 se
1095 1918 1246 1947 inconsulta
1272 1918 1381 1946 volebat
1409 1925 1499 1955 agere.
1525 1916 1577 1951 Qui
1603 1926 1619 1945 ε
1646 1917 1734 1952 primo

940 1965 1050 2000 quidem
1075 1972 1126 1992 non
1157 1967 1341 1999 repugnarunt
1360 1972 1367 1990 :
1386 1969 1447 1998 post
1477 1968 1579 1996 tamen,
1602 1963 1670 1991 nihil
1696 1963 1734 1990 illi

941 2017 1086 2039 commune
1105 2017 1166 2037 cum
1186 2009 1322 2044 republica
1345 2016 1406 2037 esse
1430 2009 1629 2043 responderunt
1645 2016 1652 2036 :
1669 2008 1733 2040 sibi,

940 2056 1005 2083 dum
1034 2055 1187 2091 Antigonus
1212 2059 1240 2083 et
1265 2055 1408 2089 Antipater
1433 2055 1554 2087 veniant,
1575 2062 1648 2082 cura:
1674 2062 1731 2082 rem

940 2105 999 2132 fore
1020 2102 1168 2139 publicam.
1195 2099 1235 2131 Illi
1255 2100 1339 2135 igitur
1363 2107 1425 2128 cum
1449 2100 1638 2132 accessissent,
1656 2100 1733 2127 Anti-

1436 2155 1444 2173 :
1471 2147 1663 2181 exercitusque
1700 2146 1734 2172 ab

940 2196 1097 2223 Alexandro
1114 2194 1248 2230 promissa
1274 2193 1378 2220 militiae
1393 2192 1444 2227 71
1466 2192 1479 2218 b
1497 2193 1607 2226 praamia
1633 2193 1732 2227 poscit.

939 2242 1094 2277 Antipater,
1109 2248 1171 2268 cum
1189 2240 1216 2267 in
1231 2239 1376 2274 praesentia
1398 2238 1464 2265 nihil
1483 2238 1609 2270 haberet,
1623 2245 1732 2273 aequum

940 2288 1079 2325 postulare
1094 2286 1234 2322 respondit
1249 2294 1256 2313 :
1274 2291 1302 2312 at
1322 2292 1397 2318 mox,
1412 2290 1441 2312 ut
1456 2291 1506 2311 nec
1519 2284 1623 2319 justam
1638 2291 1732 2312 eorum

940 2335 1156 2372 indignationem
1186 2334 1327 2361 incurrere
1352 2332 1450 2367 possit,
1474 2331 1563 2366 quoad
1588 2331 1646 2366 ejus
1674 2331 1733 2359 ﬁeri

939 2382 1041 2420 poterit
1069 2381 1273 2414 exploraturum
1304 2379 1449 2407 thesauros
1478 2378 1588 2413 regios,
1619 2386 1734 2414 quaeque

940 2430 1005 2458 alibi
1037 2427 1176 2456 recondita
1204 2431 1299 2454 essent
1318 2435 1325 2452 :
1341 2433 1402 2460 quae
1430 2428 1505 2452 certe
1532 2425 1618 2459 ipsius
1645 2425 1755 2452 oratio-

938 2474 1060 2512 jucunda
1077 2481 1171 2509 parum
1186 2472 1237 2500 fuit
1250 2471 1392 2499 exercitui.
1414 2470 1505 2504 Quare
1521 2477 1583 2498 eum
1597 2470 1733 2505 Eurydice

939 2529 1046 2561 quoque
1069 2518 1277 2548 criminationes
1302 2517 1434 2545 adversus
1459 2516 1631 2552 Antipatrum
1658 2515 1733 2544 fove-

715 2580 834 2610 VARUE
858 2581 1062 2613 LECTIONES.

142 2621 151 2636 ⁸
164 2621 195 2648 τὸ
205 2623 270 2652 add,
292 2625 327 2652 A.

383 2626 444 2665 ’.τὲ
459 2627 563 2665 ἐἱλῆοος
589 2637 620 2660 ς·
645 2630 753 2665 νθνπρδς
767 2631 830 2663 τοὺς
846 2632 1032 2663 -ὲθέλοντας
1060 2630 1083 2657 A
1110 2637 1138 2665 :_
1149 2628 1209 2665 τοῖς
1228 2641 1264 2665 _—
1278 2625 1411 2665 θελήσασι
1445 2635 1475 2658 ς.

1528 2626 1538 2641 "
1551 2624 1585 2652 τὰ
1603 2624 1672 2651 ἄλλα
1698 2633 1731 2655 ς.

100 2653 190 2700 [ἕτερ
204 2667 210 2684 ³
224 2659 313 2700 αττιρν
331 2669 361 2693 ς.
379 2660 410 2700 η’
420 2653 528 2700 Πείθῷν
537 2653 632 2700 Egit.
840 2676 846 2693 ε
859 2653 1083 2698 ἲς.--
1096 2653 1119 2680 ιδ
1132 2653 1261 2700 ’Ᾰλκξτέα
1276 2670 1306 2700 ς.
1320 2653 1367 2700 _'“
1379 2653 1522 2697 Κρατεροῦ
1531 2660 1671 2696 ἀναιρέσει
1681 2653 1724 2686 A‘:

99 2692 141 2717 τοῦ
154 2692 296 2730 Κρατεροῦ
309 2692 343 2728 ςξ
379 2696 401 2712 ¹¹
418 2692 661 2733 ἐκπολεμηθέντων
674 2708 705 2732 ς.
745 2701 766 2717 ’³
777 2692 1021 2734 κάέάλέιόξςνέὸξλ.
1031 2692 1041 2698 ’
1059 2699 1083 2717 ⁸⁸
1097 2698 1237 2736 στρατείᾳ.
1277 2692 1299 2713 ’⁷⁵
1317 2693 1355 2724 ὧν
1369 2705 1400 2728 ς.

843 2746 961 2776 NOTAE.

201 2785 343 2828 Atridae,
352 2791 380 2815 et
395 2787 551 2828 Alexandro
566 2796 663 2828 puero.
674 2791 808 2828 _Rosanes
824 2793 854 2820 F.

132 2819 302 2862 (SOjIJustin.
319 2822 365 2850 lib.
383 2831 430 2862 snt
448 2833 455 2852 :
473 2833 484 2862 ς
503 2819 641 2862 Perdicca:
655 2819 715 2860 plus
731 2819 884 2857 odiuiitar-

102 2859 240 2898 rogantiae,
264 2859 457 2898 ιιιιςιηιηνίι-ςξιΔ
473 2859 595 2898 hostium
624 2859 774 2895 nocebant,
802 2871 883 2898 qualn

104 2894 171 2918 exosi
191 2894 274 2920 etiam
298 2894 364 2923 socii
388 2895 422 2923 ad
443 2895 618 2931 Antipatrum
636 2898 768 2932 gregatim
792 2894 884 2930 prolu-

939 2792 1165 2863 gligﬂtArrida‘i
1185 2825 1296 2863 conjurt,
1320 2825 1402 2863 prius
1419 2825 1492 2863 Adeo
1506 2823 1589 2855 dicta,
1605 2821 1731 2863 Qynaocs

941 2857 1097 2897 ﬁli‘a,'sup.
1120 2862 1186 2896 Quae
1209 2857 1260 2889 vi'ri
1285 2857 1441 2897 valetudine
1463 2861 1588 2893 abutens,
1603 2857 1662 2894 ejus
1677 2857 1731 2888 sibi

941 2897 1029 2926 oﬂicia
1044 2896 1209 2926 vindicabat.
1224 2897 1325 2926 Justin.
1344 2896 1391 2924 lib.
1409 2903 1464 2923 xlv.
