1938 3091
74 132 130 164 313

647 135 913 167 BIBLIO’I‘HECA.
931 150 967 154 —
985 137 1068 168 COD.
1080 137 1173 168 XCII.

1671 142 1724 175 314

74 189 102 215 δὲ
117 187 167 215 τοῦ
179 186 317 223 βασιλέως
330 187 483 215 Αὐτόλυκόν
497 198 526 216 τε
542 189 588 217 τὸν
601 190 798 226 Ἀγαθοκλέους
816 193 876 230 [128

933 195 1080 229 stipatores
1106 194 1256 222 nominavit
1280 195 1455 230 Autolycum,
1474 195 1633 231 Agnthoelis
1653 197 1683 224 F.
1698 204 1726 226 et

75 233 123 270 [1.]
138 234 223 260 παῖδα
237 235 285 260 καὶ
297 234 434 270 ’Δμΰνταν
452 235 498 262 τὸν
509 235 687 273 Ἀλεξάνδρου
704 239 796 271 παῖδα,
810 240 878 266 Πευ-

75 280 174 307 κέστου
192 280 221 306 δὲ
233 279 391 315 ἀδελφὺν²⁶,
405 281 452 307 καὶ
467 281 637 317 Πτολεμαῖον
651 284 698 310 τὸν
708 285 879 320 Πτολεμαίου

76 326 122 352 καὶ
137 325 318 361 Ἀλέξανδρον
333 326 380 353 τὸν
397 327 654 364 Πολυσπέρχοντος,
669 330 828 367 Κάσανδρον
849 332 878 360 δὲ

76 370 121 397 τὸν
135 371 236 398 ἑαυτοῦ
247 372 330 399 παῖδα
345 373 490 409 χιλιάρχην
500 374 550 410 τῆς
566 375 661 408 ἵππου,
671 376 722 413 τῆς
735 377 878 414 δυνάμεως

76 415 103 442 δὲ
119 415 172 450 τῆς
187 416 309 451 πρόσθεν
324 417 376 444 ὑπὸ
390 418 529 455 Περδίκκᾳ
541 420 712 457 τεταγμένης
723 422 878 457 Ἀντίγονον

77 462 200 495 ἡγεμόνα
215 462 351 498 ἀπέφηνε,
366 465 413 491 καὶ
427 465 514 500 τούτῳ
530 466 593 498 τοὺς
608 466 735 502 βασιλέας
749 470 878 504 φρουρεῖν

76 514 105 532 τε
121 507 169 534 καὶ
185 507 350 542 θεραπεύειν
363 511 535 546 προστάξας,
551 511 597 538 τὸν
613 512 731 548 πόλεμον
750 513 808 549 ἅμα
832 514 878 542 τὸν

77 553 147 588 πρὸς
158 554 269 589 Εὐμένη
284 554 487 591 διαπολεμῆσαι
502 557 577 594 αὐτῷ
589 559 747 596 αἱρουμένῳ
762 560 878 596 ἐπέτρε-

77 608 138 626 πεν.
148 600 330 636 ’Δντίπατρος
345 603 373 629 δὲ
387 603 467 635 αὐτὸς
482 604 568 631 πολλὰ
581 605 645 640 ξὺπὸ
668 606 778 634 πάντων
795 607 877 634 ἕνεκα

78 646 191 672 πάντων
203 647 402 683 ἐπαινούμενος
419 649 463 676 ἐπ’
473 651 549 678 οῖκου
563 651 706 687 ἀνεχώρει.
717 652 760 679 Ἐν
774 651 816 685 οἷς
830 653 878 681 καὶ

77 692 92 717 ὁ
109 691 132 717 θ’
146 691 238 725 λόγος.

120 737 150 764 '0
173 738 202 765 δὲ
226 739 341 772 δέκατος
363 739 543 776 διαλαμϐάνει
562 742 600 775 ὡς
621 744 747 780 Εὐμένης
762 745 797 772 τὰ
813 747 877 781 περὶ

77 786 236 819 Περδίκκαν
253 786 356 820 μαθὼν,
372 788 412 814 ὅτι
426 788 474 815 καὶ
483 789 504 804 ¹⁷
518 789 648 824 πολέμιος
662 791 801 828 ἐψηφίσθη
815 793 876 819 Μα-

77 831 199 862 κεδόσιν,
214 832 262 858 ἐπὶ
278 832 397 867 πόλεμον
411 834 642 867 παρεσκευάζετο.
659 836 714 863 Καὶ
730 837 768 868 ὼς
780 837 876 864 Ἀλκέ-

932 242 1076 277 Amyntam
1099 241 1248 268 Alexandri
1267 241 1298 269 Ρ.
1320 241 1459 270 Peucestes
1479 242 1591 276 fratrem
1610 253 1617 271 :
1635 243 1725 272 Plole~

932 294 1028 314 magum
1048 287 1111 313 item
1130 286 1266 314 Ptolemaei
1287 286 1317 314 F.
1333 292 1361 314 et
1378 286 1564 316 Alexandrum
1574 288 1726 325 rPolysper-

931 331 1040 359 chontis
1056 331 1088 358 F.
1105 330 1273 359 Casandrum
1297 339 1362 359 vero
1386 339 1464 360 suum
1490 333 1585 367 tilium,
1603 335 1725 369 equitum

931 377 1132 411 chiliarchum;
1156 377 1308 412 iisdemque
1329 377 1425 412 copiis,
1442 378 1540 413 quibus
1562 384 1641 407 antea
1660 380 1726 408 Per-

931 424 1023 452 diccas
1039 425 1196 460 praefuerat,
1221 423 1386 460 Antigonum
1401 425 1559 458 prmfectum
1573 425 1726 459 constituit,

931 471 974 498 cui
1001 471 1084 498 etiam
1112 478 1207 506 regum
1235 477 1328 497 curam
1354 470 1559 505 custodiamque
1582 472 1725 504 mandans,

932 516 1033 544 bellum
1058 524 1120 544 cum
1148 517 1270 544 Eumene
1295 517 1443 551 gerendum
1469 521 1552 551 atque
1576 517 1726 545 conticien-

931 562 994 588 dum
1016 561 1117 588 volenti
1143 561 1292 588 commisit.
1320 561 1464 595 Antipater
1488 560 1563 595 ipse,
1587 561 1666 588 valde
1693 560 1727 587 ab

931 607 1056 634 omnibus
1081 607 1117 634 ob
1141 614 1186 634 res
1206 607 1275 634 bene
1299 612 1390 642 gestas
1409 606 1546 638 laudatus,
1562 606 1671 634 domum
1686 614 1728 634 re-

931 653 1022 679 vertit.
1040 652 1128 687 Atque
1144 652 1170 679 in
1187 652 1230 680 his
1247 659 1335 690 nonus
1352 651 1488 679 clauditur
1503 651 1584 679 liber.

967 740 1094 767 Decimus
1118 748 1200 775 porro
1223 745 1318 767 narrat
1341 739 1509 773 Eumenem,
1535 739 1644 774 cognito
1667 747 1727 774 quzc

929 786 1070 815 Perdicca:
1085 787 1264 819 accidissent,
1281 794 1365 822 seque
1380 786 1485 814 hostem
1502 794 1516 813 n
1534 786 1726 814 Macedonibus

927 834 1090 868 iudicatum,
1107 841 1166 868 qua:
1187 834 1220 860 ad
1242 833 1343 860 bellum
1360 837 1454 861 essent
1470 833 1634 864 necessaria,
1650 840 1727 860 com-

78 885 128 908 τας
144 877 159 903 ὁ
176 877 329 912 Περδίκκου
344 878 458 914 ἁδελφὸς
473 879 516 906 διὰ
530 880 617 907 ταῦτα
631 881 726 916 ἔφυγε.
743 883 798 909 Καὶ
812 884 876 910 Ἀτ-

935 887 1056 915 parasse,
1074 884 1102 906 et
1113 879 1235 907 Alcetam
1258 879 1396 906 Perdicca:
1420 878 1544 912 fratrem,
1566 879 1628 914 fuga
1653 879 1727 907 salu-

77 922 160 953 ταλος
171 923 186 948 ὁ
197 923 248 958 τῆς
259 923 331 949 κατὰ
340 924 520 960 Ἀντιπάτρου
532 926 653 959 στάσεως
666 927 774 959 οὐδενὸς
786 929 879 964 φέρων

77 967 111 993 τὰ
125 967 254 1003 δεύτερα,
270 969 318 995 καὶ
334 969 414 1001 αὐτὸς
432 971 526 1005 φυγὼν
543 972 671 1007 συνέμιξε
685 975 741 1005 τοῖς
752 974 774 990 ⁸⁸
788 975 880 1006 ἄλλοις

78 1015 194 1049 φυγάσι.
212 1015 268 1041 Καὶ
293 1015 411 1051 συνήχθη
422 1017 543 1053 ’Ᾱττάλῳ
570 1020 703 1054 στρατὸς,
722 1020 801 1052 πεζοὶ
829 1020 880 1055 μὲν

78 1061 184 1095 μύριοι,
203 1061 297 1093 ἱππεῖς
316 1061 346 1088 δὲ
362 1061 528 1091 ὀκτακόσιοι.
543 1063 607 1100 [225
622 1064 669 1100 Κ]
687 1065 743 1092 Καὶ
763 1066 801 1098 ὡς
813 1067 880 1093 Ἀτ-

76 1107 159 1138 ταλος
175 1107 223 1133 καὶ
239 1107 263 1134 al
279 1107 328 1133 σὺν
344 1107 434 1143 αὐτῷ,
453 1109 595 1136 ἐπιθέσθαι
611 1110 701 1146 Κνίδῳ
717 1111 764 1138 καὶ
779 1112 879 1148 Καύνῳ

77 1151 126 1177 καὶ
134 1151 248 1182 Ῥοδίοις
259 1151 496 1188 ἐπιχειρήσαντες,
513 1153 565 1180 ὑπὸ
580 1153 691 1181 Ῥοδίων
704 1156 848 1192 καρτερῶς
856 1158 878 1173 ’⁵

76 1196 328 1232 ἀπεκρούσθησαν,
351 1198 519 1234 Δημαράτου
547 1199 750 1236 ναυαρχοῦντος
775 1202 878 1234 αὐτοῖς.

76 1241 264 1276 Διαλαμὸάνει
288 1241 317 1268 δὲ
339 1243 387 1269 καὶ
410 1241 447 1274 ὡς
470 1243 595 1279 Εὐμένης
612 1245 795 1282 ’Δντιπάτρου
818 1248 846 1279 ἐς
856 1248 878 1264 ³ο

76 1287 192 1322 Σάρδεις
208 1287 293 1318 ἰόντος
307 1288 337 1320 ἐς
351 1290 446 1324 χεῖρας
456 1289 545 1317 ἐλθεῖν
554 1291 639 1325 ὲγγὺς
651 1289 697 1327 ἦν,
712 1293 879 1329 Κλεοπάτρα

75 1332 104 1359 δὲ
123 1334 141 1368 ἡ
159 1333 209 1360 τοῦ
220 1333 396 1369 Ἀλεξάνδρου
412 1335 524 1371 ἀδελφὴ,
541 1337 585 1364 ἵνα
602 1337 639 1373 μὴ
654 1338 684 1370 ἐς
700 1339 731 1365 τὸ
748 1339 805 1365 τῶν
818 1340 878 1366 Μα-

74 1379 197 1406 κεδόνων
223 1380 326 1415 πλῆθος
350 1382 378 1407 ἔν
402 1382 512 1418 διαὸολῇ
522 1383 544 1398 ³¹
567 1383 681 1418 γένηται
696 1383 733 1416 ὡς
747 1385 816 1420 αὐτὴ
831 1385 878 1412 τὸν

74 1426 199 1460 πόλεμον
215 1426 308 1458 αὐτοῖς
325 1428 474 1462 ἐπάγουσα,
491 1431 622 1464 παραινεῖ
646 1430 693 1456 καὶ
718 1431 808 1458 πείθει
826 1432 878 1458 Εὐ-

75 1470 146 1505 μένη
160 1471 343 1506 ἀποχωρῆσαι
356 1472 410 1499 τῶν
422 1473 557 1508 Σάρδεων.
567 1474 637 1500 Ἀλλ’
648 1475 723 1508 ὅμως
737 1475 814 1502 οὐδὲν
828 1473 877 1511 ἦτ-

73 1524 121 1542 τον
133 1516 149 1542 ὁ
161 1516 342 1551 Ἀντίπατρος
354 1518 578 1554 παραγενόμενος
589 1519 674 1555 αὐτὴν
683 1521 843 1553 ὲπωνείδιζε
853 1523 877 1539 ³³

72 1560 124 1595 τῆς
140 1561 172 1592 ἐς
188 1560 298 1596 Εὐμένη
311 1562 359 1588 καὶ
375 1562 529 1597 Περδίκκαν
544 1563 646 1597 φιλίας.
672 1564 704 1591 Ἦ
719 1565 747 1591 δὲ
762 1567 832 1602 πρός
846 1576 876 1593 τε

71 1605 163 1632 ταῦτα
192 1607 321 1642 κρεῖσσον
345 1607 362 1642 ῆ
388 1608 459 1634 κατὰ
482 1610 600 1643 γυναῖκα
624 1610 804 1645 ἀπελογεῖτο,
829 1613 877 1639 καὶ

73 1651 163 1678 πολλά
179 1652 248 1679 ἀλλα
264 1653 474 1680 ἀντειπκάλει³³
484 1662 491 1670 ”
506 1655 583 1687 τέλος
593 1655 622 1682 δὲ
634 1656 780 1692 εἰρηνικῶς
793 1658 878 1695 ἀλλή-

73 1697 128 1724 λων
143 1698 422 1733 ἀπηλλάγησαν.”οτι
434 1700 560 1736 Εὐμένης
570 1701 692 1729 ἐπελθὼν
703 1703 876 1741 ἀπροσδόκη-

72 1751 121 1774 τος
130 1743 155 1759 ιι
171 1745 229 1776 τοῖς
242 1744 293 1779 οὐχ
309 1745 355 1772 ὑπ’
370 1746 445 1781 αὐτῷ
456 1747 639 1783 προσχώροις,
656 1749 704 1775 καὶ
720 1749 796 1777 λείαν
808 1751 875 1778 πολ-

72 1789 124 1823 λὴν
137 1791 187 1816 καὶ
202 1790 334 1825 χρήματα
346 1791 496 1824 συλλαϐὼν,
510 1792 556 1820 τὸν
565 1794 665 1820 οίκεῖον
680 1796 795 1830 στρατὸν
807 1804 875 1822 κατ-

73 1835 454 1871 επλούτει.Διαπρεσὸεύεται
469 1838 498 1864 δὲ
514 1839 562 1866 καὶ
576 1840 673 1874 πρδς³¹³
686 1840 815 1868 Ἀλκέταν
831 1842 877 1869 καὶ

73 1881 138 1912 τοὺς
154 1881 204 1908 σὺν
215 1882 301 1917 αὐτῷ,
317 1884 347 1915 ἐς
359 1883 459 1910 ταυτὸν
474 1884 524 1916 τὰς
534 1885 667 1921 δυνάμεις
680 1889 846 1922 συναγαγεῖν
854 1889 877 1904 ⁸⁸

73 1925 173 1958 ἀξιῶν,
184 1928 234 1954 καὶ
248 1927 321 1955 οὕτω
335 1930 392 1960 τοῖς
406 1931 507 1962 κοινοῖς
518 1931 626 1966 ἐχθροῖς
643 1933 789 1968 μάχεσθαι·
803 1935 876 1968 οίδὲ,

73 1971 163 1998 ἄλλων
175 1972 243 1999 ἀλλα
257 1973 540 2010 συμϐουλευσαμένων
550 1977 582 2009 ³⁷,
594 1977 670 2010 τέλος
681 1979 712 2005 οὺ
727 1979 877 2008 πείθονται.

73 2016 136 2043 Ὅτι
144 2016 324 2053 Ἀντίπατρος
331 2019 449 2053 Εὐμένει
458 2020 508 2056 μὲν
520 2022 651 2057 πολεμεῖν
661 2023 730 2055 τέως
739 2025 789 2051 οὐκ
796 2025 878 2060 ὲθάῤ-

74 2065 127 2098 ρει,
137 2064 209 2090 κατὰ
216 2064 246 2090 δὲ
251 2065 381 2092 Ἀττάλου
389 2068 437 2093 καὶ
449 2067 565 2095 Ἀλκέτα
574 2069 678 2103 πέμπει
687 2070 878 2106 πολεμήσοντα

75 2110 276 2146 ’Δσανδρον³³·
294 2112 342 2139 καὶ
368 2113 533 2149 ἀγχωμάλου
550 2115 600 2150 τῆς
617 2115 708 2152 μάχης
722 2117 876 2153 γεγενημέ-

73 2167 122 2193 νης
130 2159 154 2175 ³⁹
172 2161 290 2194 ἡττᾶται
301 2161 527 2197 Ἀσανδρος.”οτι
543 2164 703 2200 διαφέρεται
717 2165 877 2202 Κάσανδρος

933 930 985 953 tem
1001 926 1036 953 ob
1051 925 1108 953 haec
1124 926 1181 960 ipsa
1198 926 1351 960 qutesiisse.
1369 925 1488 953 Attalum
1504 934 1623 961 quoque,
1638 927 1683 961 qui
1699 927 1724 953 in

931 971 1004 998 civili
1033 970 1068 997 ab
1095 971 1241 1006 Antipatro
1275 970 1428 998 defectione
1458 972 1561 998 nemini
1590 972 1726 998 secundus

931 1017 1035 1049 fuerat,
1064 1016 1212 1052 fugientem
1237 1016 1342 1051 pariter
1366 1017 1473 1045 caeteris
1495 1024 1557 1044 sese
1582 1017 1724 1044 exsulibus

931 1063 1083 1096 miscuisse,
1110 1063 1315 1098 exercitumque
1342 1063 1450 1090 tandem
1476 1062 1619 1094 contiasse,
1648 1063 1724 1097 pedi-

932 1114 988 1136 tum
1014 1109 1106 1136 decem
1133 1108 1260 1141 millium,
1283 1108 1405 1144 equitum
1429 1108 1665 1143 octingentorum;
1691 1114 1724 1134 ac

930 1163 992 1183 cum
1022 1155 1064 1182 bis
1088 1154 1213 1187 Cnidum,
1233 1155 1368 1187 Caunum,
1388 1158 1416 1182 et
1441 1154 1568 1181 Rhodum
1594 1153 1724 1181 invadere

930 1204 1085 1231 conantem.
1101 1207 1115 1226 a
1141 1199 1256 1227 Rhodiis
1280 1200 1399 1234 fortiter,
1419 1199 1566 1226 Demarato
1585 1199 1655 1233 apud
1677 1206 1724 1226 eos

930 1246 1027 1274 classis
1054 1246 1203 1280 praelecto,
1231 1246 1369 1281 repulsum
1398 1246 1491 1273 fuisse.
1519 1245 1613 1272 Refert
1639 1245 1722 1272 etiam

929 1299 1025 1327 parum
1052 1291 1189 1324 abfuisse,
1217 1298 1278 1319 cum
1304 1291 1415 1319 Sardeis
1442 1296 1547 1325 peteret
1569 1290 1722 1323 Antipater,

929 1337 993 1372 quin
1010 1337 1043 1364 ad
1062 1345 1158 1365 manus
1173 1344 1236 1364 cum
1252 1344 1285 1364 eo
1300 1336 1437 1364 Eumenes
1453 1336 1570 1363 venerit.
1594 1337 1627 1363 At
1643 1335 1722 1363 Cleo-

929 1389 1033 1419 patram
1049 1383 1198 1411 Alexandri
1213 1391 1336 1411 sororem
1359 1383 1405 1419 (ue
1424 1383 1494 1409 forte
1510 1383 1581 1416 apud
1596 1381 1723 1409 Macedo-

929 1438 993 1458 num
1008 1430 1112 1465 vulgus,
1129 1429 1206 1465 quasi
1232 1430 1293 1458 belli
1313 1430 1380 1464 ipsis
1405 1436 1488 1457 causa
1510 1429 1589 1462 l'oret,
1614 1428 1640 1454 in
1659 1427 1721 1455 cri—

929 1483 991 1503 men
1019 1475 1064 1502 illa
1091 1475 1246 1510 vocaretur)
1270 1475 1389 1502 suasisse
1416 1482 1449 1501 ac
1473 1474 1644 1509 persuasisse
1668 1474 1721 1500 Eu-

930 1521 1014 1554 meni,
1031 1521 1164 1549 Sardibus
1188 1526 1218 1549 ut
1243 1520 1413 1549 abscederet.
1438 1520 1609 1555 Antipatrum
1631 1524 1722 1547 tamen

928 1575 988 1594 eam
1010 1566 1080 1602 72b
1102 1565 1280 1594 nihilominus
1296 1573 1358 1593 cum
1388 1565 1554 1596 advenisset,
1573 1563 1607 1592 ob
1626 1564 1723 1591 amici-

928 1614 1004 1646 tiam,
1027 1613 1243 1647 societatemque
1262 1619 1323 1639 cum
1345 1611 1467 1639 Eumene
1483 1616 1566 1645 atque
1580 1610 1720 1641 Perdicca,

927 1668 980 1687 non
995 1659 1054 1687 sine
1068 1659 1175 1695 probris
1189 1663 1271 1693 atque
1284 1658 1417 1686 conviciis
1429 1657 1597 1691 increpuisse
1610 1665 1617 1683 :
1631 1656 1720 1683 illaru-

928 1714 992 1741 que,
1014 1713 1094 1740 supra
1120 1713 1200 1739 quam
1229 1705 1264 1732 ab
1288 1712 1321 1732 eo
1340 1711 1405 1731 sexu
1425 1703 1577 1738 exspectari
1603 1707 1721 1737 poterat,

927 1758 988 1779 sese
1002 1750 1156 1778 defendisse
1176 1749 1283 1784 aliaque
1304 1749 1421 1784 plurima
1439 1747 1560 1775 vicissim
1575 1747 1718 1782 obiecisse.

928 1804 959 1824 ac
974 1798 1081 1824 tandem
1100 1801 1212 1831 pacatos
1236 1803 1284 1823 cos
1303 1796 1477 1823 discessisse.
1501 1795 1648 1821 Etnnenem
1669 1799 1720 1820 nec

927 1845 1039 1877 opinato
1064 1842 1091 1869 in
1117 1842 1268 1868 vicinorum
1295 1848 1390 1869 eorum
1417 1847 1524 1874 agrum,
1541 1839 1587 1874 qui
1611 1838 1636 1866 ei
1663 1846 1718 1866 non

928 1892 1071 1922 parerent,
1104 1887 1300 1922 irrumpentem
1333 1893 1394 1913 cum
1433 1885 1551 1920 praedam
1592 1891 1718 1917 magnam

927 1934 1033 1968 egisse,
1066 1938 1121 1959 tum
1152 1931 1276 1966 pecunia;
1306 1939 1430 1964 magnam
1470 1931 1522 1957 vim
1554 1929 1718 1964 diripuisse,

928 1979 1027 2014 quibus
1056 1979 1101 2005 ille
1133 1985 1212 2005 suum
1240 1976 1392 2004 exercitum
1426 1981 1591 2010 magnopere
1615 1974 1718 2002 ditarit.

927 2025 1045 2051 Nuntios
1072 2024 1182 2058 insuper
1211 2023 1245 2049 ad
1271 2022 1394 2049 Aleetam
1418 2021 1532 2056 ejusque
1557 2020 1646 2047 socios
1668 2020 1719 2046 mi-

928 2071 1009 2102 sisse,
1025 2069 1071 2104 qui
1092 2069 1185 2104 c0pias
1205 2075 1300 2095 omnes
1316 2067 1341 2094 in
1368 2074 1450 2094 unum
1468 2067 1615 2099 adducere,
1636 2070 1719 2099 atque

930 2117 966 2144 ita
983 2115 1086 2150 junctis
1111 2115 1215 2142 viribus
1233 2120 1405 2141 communem
1431 2112 1537 2139 hostem
1561 2118 1718 2146 oppugnare

929 2164 1065 2196 rogarent.
1091 2159 1154 2187 Illos
1176 2166 1242 2186 vero
1264 2157 1326 2185 aliis
1350 2156 1423 2184 aliud
1450 2156 1639 2188 suadentibus,
1658 2160 1718 2182 tau-

72 2204 143 2238 πρὸς
156 2205 323 2240 Ἀντίγονον,
348 2208 396 2234 καὶ
417 2208 535 2236 παύεται
558 2210 784 2247 Κάσανδρος,τῆς
801 2211 874 2239 κατὰ

929 2207 986 2233 ιίοιιι
1003 2205 1116 2232 minime
1130 2211 1192 2231 esse
1211 2209 1350 2230 assensos.
1370 2201 1545 2237 Antipatrum
1562 2201 1636 2228 addit
1654 2208 1715 2227 cum

79 2250 236 2285 Ἀντιγόνου
259 2253 375 2285 ἀταξίας
392 2254 573 2290 Ἀντιπάτρου
588 2255 636 2282 τοῦ
655 2257 760 2292 πατρὸς
773 2256 873 2284 διακω-

73 2295 316 2333 λῦσαντος.”ομως
328 2299 375 2326 οὖν
389 2301 402 2326 ὸ
414 2301 582 2336 Κάσανδρος,
595 2302 660 2337 περὶ
671 2303 790 2338 Φρυγίαν
804 2311 873 2337 συμ-

74 2341 165 2369 ὖαλὼν
190 2342 229 2378 τῷ
252 2345 348 2379 πατρὶ,
364 2345 506 2372 ἀναπείθει
522 2347 592 2381 μήτε
607 2347 703 2382 πόρῤω
725 2347 779 2374 τῶν
796 2348 873 2383 βασι-

73 2386 141 2414 λέων
154 2388 312 2424 ἀποχωρεῖν
325 2390 374 2417 καὶ
389 2390 542 2426 ’Δντίγονον
559 2391 593 2418 δι’
607 2392 734 2424 ὑπονοίας
750 2393 833 2428 ἔχειν.
842 2394 872 2420 '0

73 2433 102 2459 δὲ
113 2435 147 2469 τῇ
163 2443 193 2469 τε
210 2437 431 2473 μετριοφροσύνῃ
455 2439 502 2465 καὶ
522 2440 556 2473 τῇ
580 2438 649 2474 ἄλλῃ
672 2439 806 2475 θεραπείᾳ
823 2441 872 2467 καὶ

73 2478 158 2515 ἀρετῇ
174 2480 221 2507 τὸν
243 2481 357 2509 δυνατὸν
371 2483 472 2519 τρόπον
488 2484 577 2510 διέλυε
592 2484 643 2519 τὴν
659 2484 798 2512 ὑπόνοιαν,
815 2486 872 2512 Καὶ

79 2523 258 2561 Ἀντίπατρος
278 2527 454 2561 ἐπικλασθεὶς
469 2530 518 2564 τῆς
544 2538 575 2556 τε
599 2529 778 2565 ξυνδιαὸάσης
794 2530 869 2566 αὐτῷ

924 2253 1048 2280 Eumene
1077 2256 1197 2285 pugnare
1221 2249 1310 2276 adhuc
1336 2255 1390 2275 non
1415 2255 1524 2281 ausum,
1544 2245 1654 2273 misisse
1675 2250 1715 2273 ta-

923 2305 984 2325 men
1010 2297 1166 2324 Asandrum
1187 2295 1263 2330 (55).
1298 2295 1353 2329 quil
1375 2302 1435 2322 cum
1460 2293 1551 2321 Attalo
1569 2297 1652 2327 atque
1669 2292 1717 2318 Al-

923 2349 981 2372 ceta
998 2343 1151 2371 dimicaret.
1168 2342 1308 2369 Certatum
1325 2348 1386 2368 esse
1408 2340 1452 2368 hic
1467 2347 1545 2374 aequo
1567 2346 1714 2373 propemo-

923 2391 986 2417 dum
1002 2389 1089 2416 Marte
1105 2398 1112 2415 :
1129 2388 1169 2415 sic
1185 2392 1288 2420 tamen,
1301 2391 1331 2414 ut
1345 2385 1461 2413 inferior
1474 2385 1599 2412 Asander
1615 2385 1715 2411 disces-

922 2436 998 2464 serit.
1022 2435 1191 2462 Casandrum
1214 2432 1307 2460 adlnec
1327 2431 1362 2459 ab
1378 2431 1515 2466 Antigono
1536 2429 1712 2460 dissensisse,

922 2490 1017 2510 verum
1032 2481 1115 2508 animi
1131 2479 1375 2514 perturbationem,
1391 2477 1536 2511 Antipatro
1551 2480 1627 2510 patre
1644 2475 1712 2502 inhi-

923 2529 1007 2557 bente
1027 2526 1197 2561 deposuisse.
1220 2524 1297 2559 Apud
1318 2522 1463 2558 Phrygiam
1488 2521 1587 2550 deinde
1609 2520 1714 2548 Casan-

715 2599 835 2628 VARIIE
847 2595 1052 2626 LECTIONES.

107 2636 130 2678 ξ’
147 2636 176 2663 δὲ
189 2637 241 2678 ῖρὶζ
264 2639 379 2678 ἀξελςρδν
391 2642 436 2678 Δγ
463 2642 486 2658 ’⁷
505 2645 554 2671 καὶ
570 2644 611 2672 ὅτι
625 2645 648 2672 Α
666 2654 673 2673 :
687 2646 728 2673 ὅτι
746 2646 793 2673 καὶ
804 2655 835 2678 ς.
875 2645 898 2662 ³⁸
927 2642 995 2678 τοῖς]
1010 2642 1057 2669 καὶ
1079 2642 1178 2678 τοῖςς-
1216 2640 1240 2656 ’³
1257 2638 1400 2678 κρὲτῗρῶς
1411 2646 1442 2678 ς·

423 2677 606 2715 Αεῌδιαὸολὴ
632 2689 663 2713 ς.
701 2681 726 2697 ³¹
742 2677 864 2713 ὠνείδιζε
878 2690 909 2713 ς.

205 2707 228 2725 ³³
242 2711 311 2745 πρὸς
321 2719 377 2739 om.
385 2705 423 2739 Ἄ.
461 2713 485 2729 ³⁸
503 2705 697 2749 ἀναγαγεῖν-ς.
738 2705 761 2732 ἦ
772 2705 999 2751 βουλευσαμένων
1013 2721 1045 2744 ς.

73 2670 156 2712 infra.
195 2672 262 2712 liév
284 2670 398 2712 διαϐολῇ

76 2740 159 2775 μένης
180 2750 212 2774 ς-

1492 2637 1516 2654 ³⁰
1533 2636 1574 2668 είς
1589 2645 1620 2668 ς.
1633 2636 1672 2663 sic
1683 2638 1711 2661 et

959 2670 995 2695 ³ί¹
1008 2670 1182 2704 ἀντενεκάλει
1205 2684 1236 2707 ς’.
1278 2670 1313 2690 ’³⁸
1325 2670 1538 2708 ἀπροσδοκήτως
1555 2686 1591 2692 -
1601 2671 1648 2708 ᾐπ’
1661 2670 1712 2697 αὺ-

1093 2711 1115 2727 ³⁸
1127 2706 1294 2746 Ἀσσανδρον
1309 2713 1337 2738 et
1354 2706 1522 2743 ’λσσανδρος
1535 2716 1566 2740 ς.
1599 2706 1623 2723 ³⁸
1634 2713 1712 2741 γενο-

113 2834 168 2871 (55)
182 2835 233 2864 Cui
258 2835 338 2865 Caria
364 2837 504 2871 provincia
529 2838 692 2874 obvenerat,
709 2844 737 2867 ut
761 2841 805 2869 hic
957 2839 1020 2873 127,
1039 2843 1065 2867 et
1082 2838 1220 2875 Dexippus
1235 2845 1297 2874 pag.
1316 2838 1368 2866 liti
