1938 3091
244 163 299 195 315

824 163 957 194 ΡΠΟΤΙΙ
969 161 1222 193 PATRIARCH/E
1239 160 1292 191 (ΖΡ.

1835 159 1890 192 316

243 224 321 249 drum
344 229 405 250 eum
428 225 541 256 parente
563 228 752 256 congressum,
769 229 804 249 ne
820 230 834 249 a
852 223 962 258 regibus
978 222 1031 248 lon-

1088 221 1117 251 ἐς
1130 220 1181 254 τὴν
1194 219 1288 246 Ἀσίαν
1301 218 1443 253 δυνάμεως
1457 215 1558 250 πεζοὺς
1579 215 1629 252 μὲν
1645 215 1790 252 ἐπιτρέπει
1810 217 1889 252 αὐτῷ

243 270 304 304 gius
318 269 479 300 discederet,
494 267 541 295 sed
555 268 721 303 Antigonum
738 273 892 302 suspectum
911 269 1035 300 haberet,
1062 304 1065 306 γ

245 315 381 342 lmrtatum
397 321 467 341 esse.
485 313 559 341 Illum
577 322 642 341 vero
658 321 719 341 eum
742 318 890 349 temperata
909 322 957 341 sua
973 322 1036 348 pru-

243 360 347 391 drntia,
361 365 417 386 tum
432 360 516 386 variis
529 359 667 394 obsequiis
681 365 764 395 atque
786 360 933 387 virtutibus
946 360 1037 393 suspi-

242 406 349 432 cionem
369 413 417 441 pro
431 406 501 432 virili
517 405 670 434 sustulisse.
686 406 837 441 Mitigatum
854 407 945 441 itaque
959 406 1036 433 Anti-

242 457 360 486 patrmn,
378 453 410 479 de
424 452 476 479 illis
491 453 587 487 copiis,
606 460 673 487 quas
688 452 715 479 in
732 452 825 480 Asiam
841 461 932 480 seettm
947 457 1037 480 trans-

241 502 365 530 vexerat,
391 497 511 531 peditum
533 498 572 523 illi
593 497 753 534 [Antigono]
771 497 938 526 Macedonici
955 506 1037 533 gene-

243 545 281 570 ris
304 548 366 570 octo
387 543 471 570 millia
495 547 523 570 et
545 543 710 578 quingentos
735 543 893 576 tradidisse,
914 544 1036 578 equitum

243 596 308 616 vero
326 594 500 616 externorum
525 596 617 623 parem
644 597 786 616 numerum
803 598 810 616 :
827 588 1035 623 elephantorum

243 642 352 669 quoque
368 635 506 661 dimidiam
530 640 647 669 partem,
669 635 695 662 id
714 639 756 662 est
774 635 964 669 septuaginta;
982 642 1036 669 quo

243 680 351 707 facilius
368 680 466 706 bellum
487 687 547 706 cum
564 680 684 707 Eumene
700 679 856 708 conﬁceret.
871 679 909 706 lta
923 679 1037 714 Antigo—

243 732 308 752 nnm
331 725 430 752 bellum
449 726 500 752 boc
516 725 711 753 administrare
738 733 864 753 exorsum
882 733 964 754 esse:
980 726 1036 753 An-

243 771 374 804 tipatrum
397 778 473 803 vero,
490 772 608 804 acceptis
624 771 744 805 regibus,
760 771 923 805 ceterisque
939 771 1035 805 copiis,

244 819 372 848 tanquam
407 815 433 842 in
464 815 652 843 Macedoniam
690 814 868 848 trajecturntu
905 815 1036 842 abivisse.

242 859 326 886 Addit
355 860 453 887 iterum
483 861 518 887 ibi
546 861 742 888 tumultuantes
769 860 870 888 milites
893 861 1034 895 pecuniam

1088 265 1249 296 Μακεδόνας
1273 264 1493 300 ὀκτακισχιλίους
1519 263 1568 290 καὶ
1597 263 1812 295 πεντακοσίους,
1839 265 1890 290 καὶ

1087 311 1191 343 ἱππέας
1207 311 1262 338 τῶν
1280 310 1381 346 ἐτέρων
1389 310 1413 326 ⁸ο
1432 309 1517 342 ἴσους,
1538 309 1690 343 ἐλέφαντας
1705 308 1734 335 δὲ
1745 308 1801 335 τῶν
1816 310 1888 335 πάν-

1086 366 1140 384 των
1165 357 1229 389 τοὺς
1251 357 1370 392 ἡμίσεας
1384 359 1416 389 o’,
1433 355 1470 387 ὡς
1495 356 1560 391 ῥᾷον
1581 354 1809 389 διαπολεμήσειεν
1824 354 1889 390 [1⁸29

1087 402 1133 439 Η.]
1157 403 1203 430 τὸν
1232 402 1301 438 πρὸς
1317 401 1428 437 Εὐμένη
1451 401 1581 436 πόλεμον.
1597 400 1652 427 Καὶ
1666 399 1820 434 Ἀντίγονος
1838 400 1890 434 μὲν

1086 447 1134 474 τοῦ
1151 447 1272 482 πολέμου
1288 447 1403 482 ἥπτετο,
1411 445 1591 480 Ἀντίπατρος
1611 444 1640 471 δὲ
1656 443 1802 471 ἀναλαϐὼν
1823 443 1892 475 τοὺς

1088 493 1209 529 βασιλεῖς
1222 493 1270 519 καὶ
1284 492 1334 525 τὴν
1349 492 1433 527 ἄλλην
1446 491 1562 526 δύναμιν
1575 490 1618 526 ᾔει
1633 490 1672 522 ὼς
1694 491 1892 526 περαιωσόμε-

1086 548 1132 570 νος
1144 539 1220 566 Erit"
1236 538 1416 566 Μακεδονίαν.
1439 538 1495 564 Καὶ
1517 537 1659 568 στασιάζει
1675 537 1755 564 πάλιν
1769 537 1784 563 ό
1802 545 1890 572 στρα-

1086 584 1143 617 τὸς,
1159 583 1243 611 αῑτῶν
1257 584 1292 610 τὰ
1305 584 1445 618 χρήματα.
1454 582 1634 618 Ἀντίπατρος
1645 582 1683 615 δὲ,
1696 582 1809 608 ἐπειδὰν
1822 582 1891 618 ἔλθῃ

1087 631 1127 662 είς
1142 629 1274 661 Ἄϐυδον,
1289 628 1450 664 ὡμολόγησε
1459 628 1482 643 δ’
1503 629 1609 662 ποριεῖν
1623 628 1693 655 αὐτὰ
1704 647 1711 660 ,
1728 628 1776 655 καὶ
1790 628 1890 654 δώσειν

1086 675 1169 710 τυχὸν
1184 676 1233 711 μὲν
1248 675 1348 707 πάντα,
1362 674 1410 709 ὅση
1436 675 1452 708 ἡ
1477 673 1578 708 δωρεὰ,
1592 674 1617 700 εί
1640 673 1669 701 δὲ
1692 674 1740 709 μὴ,
1759 674 1810 708 τήν
1822 682 1856 707 γε
1866 673 1890 689 ⁵⁸

1087 722 1229 758 πλείστην.
1246 722 1301 748 Καὶ
1315 720 1429 752 ταύταις
1442 719 1543 750 αὐτοὺς
1560 721 1620 751 ταῖς
1635 719 1742 746 ἐλπίσιν
1763 719 1889 754 ἀναρτή-

1087 777 1148 800 σας,
1174 766 1399 798 Garamantas“
1425 766 1456 792 τὸ
1481 765 1575 792 λοιπὸν
1602 765 1808 800 καταλαμϐάνει
1836 765 1888 799 τὴν

1089 812 1298 840 Ἀὁυδον.Ἒκετ
1314 811 1343 838 δὲ
1356 811 1438 847 τέχνῃ
1454 811 1567 844 τούτους
1575 811 1598 828 *⁸
1609 811 1887 847 παρακρουσάμενος,

1086 858 1184 890 νυκτὸς
1200 858 1258 893 ἅμα
1281 858 1339 889 τοῖς
1354 857 1497 892 βασιλεῦσι
1524 856 1689 892 περαιοῦται
1704 857 1751 883 τὸν
1768 856 1888 891 Ἑλλήσ-

242 906 405 940 postulasse.
419 907 649 940 Antipatrumque
662 906 830 940 promisisse,
845 892 1031 941 ubi-Abydum

1087 913 1185 931 ποντον
1202 903 1279 939 παρὰ
1301 903 1471 939 Λυσίμαχον.
1490 903 1530 939 Τῇ
1548 903 1576 929 δὲ
1591 903 1723 938 ὑστεραίᾳ
1747 903 1794 929 καὶ
1807 903 1888 929 αὐτοὶ

242 952 421 984 pervenisset,
437 951 511 978 illam
535 959 595 978 sese
614 956 774 978 curaturum
801 951 1033 985 praebiturumque

242 995 358 1022 lbrtasse
371 996 529 1023 donativqu
546 996 704 1023 universum
724 1004 731 1023 :
750 995 792 1022 sin
813 1003 887 1028 vero,
902 995 1032 1029 majorem

240 1046 317 1067 certe
342 1046 448 1075 partem
473 1046 644 1075 accepturos.
669 1040 725 1067 Hac
747 1048 813 1076 ergo
833 1048 881 1075 spe
905 1040 1031 1074 laetatos,

1086 949 1306 985 ἐπεραιώθησαν,
1320 949 1390 984 ὑπὲρ
1403 949 1453 984 τῆς
1469 949 1646 984 ἀπαιτήσεως
1660 948 1714 975 τῶν
1732 948 1888 984 χρημάτων

1086 995 1245 1031 παραυτίκα
1261 996 1461 1031 ἡσυχάσαντες.
1471 994 1516 1022 Ἐν
1533 990 1574 1025 οἷς
1587 995 1633 1021 καὶ
1646 993 1693 1020 τοῦ
1707 994 1824 1020 δεκάτου
1839 993 1887 1020 λόε-

1086 1049 1136 1076 γου
1151 1041 1182 1068 τὸ
1195 1041 1283 1073 τέλος.

240 1087 343 1121 absque
375 1087 509 1115 seditione
540 1088 668 1122 deinceps
694 1087 819 1123 Abydum
852 1095 937 1122 usque
967 1088 1144 1122 perduxisse;
1163 1088 1234 1115 unde
1272 1087 1329 1122 ipse
1355 1091 1437 1115 noctu
1475 1086 1607 1122 (deceptis
1637 1091 1700 1114 astu
1740 1086 1887 1121 militibus)

240 1143 293 1162 uua
317 1143 378 1163 cum
403 1137 512 1171 regibus
539 1136 754 1171 Hellespontum,
777 1137 811 1162 ad
836 1135 1038 1171 Lysytnaebum
1059 1136 1199 1171 trajecerit
1223 1146 1230 1164 :
1250 1136 1383 1171 postridie
1418 1142 1483 1170 ergo
1527 1135 1586 1170 ejus
1610 1135 1674 1168 diei,
1699 1135 1779 1163 etiarn
1810 1135 1887 1170 ipsos

240 1182 392 1215 transiisse,
410 1182 443 1209 de
461 1182 575 1216 pecunia
600 1183 735 1217 poscenda
762 1182 788 1209 in
814 1189 934 1216 praesens
955 1182 1140 1217 quiescentes.
1158 1184 1247 1217 Atque
1265 1182 1318 1210 hoc
1334 1181 1396 1209 libri
1413 1181 1511 1210 decimi
1528 1186 1682 1209 extremum
1698 1186 1750 1209 est.

275 1248 321 1276 Est
335 1256 400 1276 sane
413 1249 529 1284 scriptor
540 1249 584 1276 bic
598 1249 700 1276 nemini
716 1257 810 1277 eorum
831 1250 876 1284 qui
892 1250 1033 1277 historiam

239 1295 341 1329 optime
369 1299 568 1322 contexuerunt
593 1297 806 1330 postponendus.
822 1296 893 1331 73a
921 1296 989 1323 Nam
1007 1300 1036 1324 et

239 1341 425 1368 narrationum
457 1341 591 1368 brevitate
619 1345 739 1376 praestat,
760 1346 787 1369 et
811 1342 975 1376 importunis
992 1342 1033 1369 di-

239 1386 436 1420 gressionibus.
464 1391 511 1413 aut
528 1386 624 1414 crebra
646 1387 815 1421 parenthesi,
843 1387 1030 1415 continentem

239 1430 361 1458 historiae
377 1436 497 1459 tenorem
520 1432 632 1460 mihime
649 1433 838 1461 laedit.Decori
861 1434 972 1469 insuper
983 1434 1032 1460 ob-

240 1484 366 1510 servans,
385 1485 455 1504 nova
481 1478 616 1506 orationis
631 1479 828 1513 c0mpositionc
850 1480 938 1514 magis
953 1487 1034 1514 quam

239 1523 381 1550 vocabulis
394 1531 479 1559 usque
494 1532 527 1552 eo
543 1530 583 1552 est
593 1525 673 1559 plane
686 1529 715 1552 ut
729 1525 784 1552 alio
801 1525 876 1553 nullo
895 1526 976 1554 modo
988 1533 1035 1553 ne-

240 1577 294 1604 que
310 1570 421 1603 clarior,
438 1578 525 1606 neque
548 1571 694 1598 dilucidior
716 1572 773 1598 fieri
795 1572 915 1599 narratio
936 1571 1032 1606 possit.

240 1615 309 1642 Dum
328 1623 393 1643 vero
409 1616 597 1651 signiﬁcantes
619 1621 804 1652 sonantesque
823 1624 856 1644 ac
871 1621 971 1644 teretes
985 1617 1033 1643 ad-

240 1661 316 1688 hibet
328 1661 473 1695 dictiones.
496 1663 652 1697 aequalitate
669 1671 720 1690 non
735 1663 836 1695 minus,
849 1670 930 1698 quam
949 1670 1032 1697 gran-
1045 1654 1067 1684 θ

240 1706 324 1734 ditate
334 1707 485 1735 orationetn
494 1713 636 1742 temperat.
647 1707 797 1736 Verborum
815 1708 878 1735 item
890 1708 1030 1735 innovatio

240 1760 293 1779 non
307 1758 349 1780 est
367 1753 404 1780 illi
421 1753 536 1789 longius,
559 1755 606 1781 sed
623 1761 639 1782 e
655 1754 806 1789 propinquo
822 1753 916 1789 petita,
930 1758 958 1781 et
970 1761 1031 1788 quae

240 1797 330 1825 lumen
343 1799 461 1826 orationi
483 1799 525 1826 vel
541 1800 688 1827 maximum
704 1800 797 1831 addat,
816 1805 844 1826 nt
856 1800 892 1827 sit
907 1799 1030 1827 vocabuli

239 1844 319 1878 quasi
337 1844 445 1872 habitus
456 1845 564 1879 quidam
575 1853 607 1872 ac
623 1851 715 1880 gestus
727 1845 818 1880 potius
842 1853 923 1880 quam
940 1850 1030 1872 muta-

240 1890 279 1917 tio
302 1896 494 1918 consuetorum
517 1892 672 1919 verborum.
694 1891 754 1925 Quo
775 1892 816 1926 ﬁt,
833 1896 904 1920 utet
927 1892 1032 1927 perspi-

239 1936 326 1964 cuitas
338 1936 489 1969 exoriatur,
505 1945 559 1964 non
573 1937 599 1965 in
613 1938 666 1966 hac
681 1937 769 1965 solum
784 1942 871 1973 parte,
890 1938 936 1965 sed
947 1938 1030 1966 etiatn

239 1982 267 2008 in
281 1987 426 2016 apparatu,
443 1983 550 2016 ordine,
566 1988 594 2010 et
609 1984 776 2012 narrationis
788 1985 907 2012 maxime
917 1992 1030 2020 compo-

238 2026 339 2054 sitione
357 2035 364 2053 :
382 2027 454 2061 quod
470 2027 558 2061 ipsum
574 2033 617 2055 est
637 2034 724 2056 totum
744 2029 948 2063 perspicuitatis
965 2029 1031 2056 arti-

239 2070 343 2098 ﬁcium.
373 2071 432 2098 Jatn
457 2079 522 2100 usus
543 2073 725 2108 tractatioque
742 2073 904 2108 simplicium
926 2082 959 2101 ac
989 2082 1032 2101 re-

238 2121 346 2143 ctarum
377 2117 563 2152 periodorum,
581 2118 624 2146 vel
640 2118 710 2153 apud
735 2119 857 2146 indoctos
873 2118 1030 2154 plerumque

237 2161 393 2195 reperiatur
407 2171 414 2189 :
433 2167 461 2189 et
476 2170 542 2189 vero
557 2164 591 2190 ad
606 2164 734 2197 supinum
771 2168 852 2197 atque
872 2164 973 2192 butnile
990 2165 1031 2191 di-

236 2207 316 2234 cendi
341 2215 430 2242 genus
442 2208 594 2235 orationem
623 2209 735 2235 nimium
761 2210 896 2243 demittit;
915 2217 1030 2244 praeser-

237 2254 286 2280 tim
319 2254 342 2281 si
367 2261 457 2280 merus
490 2254 535 2281 ille
567 2259 650 2289 atqtte
677 2254 862 2289 impermistus
890 2256 926 2283 sit
954 2264 1028 2284 usus.

237 2295 314 2329 Quod
343 2296 388 2324 hic
415 2301 507 2324 noster
539 2297 609 2333 (etsi
640 2298 675 2325 ad
708 2299 926 2333 perspicuitatem
965 2301 1029 2328 illud

1046 2322 1067 2351 D

1126 1250 1204 1276 Ἔστι
1221 1249 1272 1284 μὲν
1293 1245 1340 1276 οὖν
1362 1248 1406 1275 6⁸⁸
1420 1249 1490 1284 ἀνὴρ
1504 1249 1611 1281 οὐδενὸς
1631 1249 1687 1276 τῶν
1705 1249 1806 1285 ἄριστα
1821 1258 1883 1277 συν-

1087 1296 1247 1331 ταξαμένων
1262 1297 1383 1332 ίστορίας
1394 1296 1537 1332 δεύτερον
1551 1297 1717 1331 ἀπαγγεῖλαί
1728 1305 1758 1323 τε
1770 1298 1824 1333 γὰρ
1837 1299 1886 1324 καὶ

1088 1343 1158 1378 μετὰ
1174 1342 1322 1378 συντομίας
1337 1342 1484 1378 κράτιστος
1493 1364 1501 1375 ,
1515 1342 1564 1369 καὶ
1578 1343 1786 1378 παρεκτροπαῖς
1801 1343 1886 1369 ἀκαί-

1086 1397 1144 1424 ροις
1167 1388 1229 1415 οὐδὲ
1251 1388 1441 1424 παρενθήκαις
1457 1387 1488 1415 τὸ
1503 1387 1616 1423 συνεχὲς
1629 1389 1679 1424 τῆς
1701 1388 1822 1423 ἱστορίας
1838 1388 1887 1414 οὑ-

1083 1434 1170 1469 δαμοῡ
1183 1433 1393 1469 λυμαινόμενος,
1411 1433 1600 1469 καινοπρεπὴς
1615 1433 1644 1460 δὲ
1657 1433 1780 1469 συνθήκῃ
1802 1433 1885 1467 λόγου

1085 1480 1185 1515 μᾶλλον
1209 1479 1225 1515 ἢ
1243 1480 1326 1513 λέξει,
1341 1479 1387 1506 καὶ
1400 1479 1488 1511 οὕτως
1503 1479 1573 1506 ὥστε
1599 1479 1636 1515 μὴ
1657 1480 1691 1506 ἂν
1714 1479 1804 1510 ἄλλως
1819 1479 1886 1514 [228

1084 1524 1131 1561 IL]
1143 1525 1212 1560 μήτε
1229 1524 1397 1560 σαφέστερον
1414 1524 1484 1560 μήτε
1500 1524 1699 1560 ἐναργέστερον
1714 1523 1745 1550 τὺ
1757 1523 1886 1558 διήγημα

1082 1570 1246 1605 δηλωθῆναι.
1260 1570 1382 1605 Εὑσήμῳ
1397 1569 1425 1596 δὲ
1439 1569 1487 1596 καὶ
1501 1569 1595 1605 εὺήχῳ
1606 1569 1653 1596 καὶ
1664 1569 1704 1604 τῷ
1713 1569 1769 1595 τῶν
1781 1568 1885 1600 λέξεων

1083 1616 1310 1652 ἀποκεχρημένος
1324 1615 1500 1652 στρογγύλῳ,
1513 1615 1560 1643 καὶ
1576 1615 1607 1642 τὸ
1619 1615 1690 1642 λεῖον
1704 1615 1761 1650 ἔχει
1776 1614 1817 1649 τῷ
1830 1623 1884 1649 με-

1083 1662 1159 1697 γέθει
1185 1662 1412 1697 συγκιρνάμενον.
1433 1662 1488 1688 Καὶ
1513 1662 1530 1697 ἡ
1554 1661 1684 1696 καινότης
1705 1661 1759 1688 τῶν
1781 1659 1886 1693 λέξεων

1084 1709 1145 1744 οὐχὶ
1157 1709 1198 1740 είς
1212 1708 1242 1735 τὸ
1256 1708 1352 1744 πόρρω
1368 1707 1572 1743 νεωτερίζεται,
1584 1707 1642 1734 ἀλλ’
1657 1706 1775 1741 ἔγγιστά
1789 1715 1819 1733 τε
1834 1707 1887 1733 καὶ

1084 1754 1125 1785 είς
1141 1753 1173 1780 τὸ
1190 1753 1419 1788 ἑμφατικώτατον
1427 1753 1460 1786 ⁵⁷,
1476 1753 1514 1785 ὡς
1529 1753 1722 1788 σχηματισμὸν
1744 1749 1817 1779 εἶναι
1839 1752 1887 1778 λέ·

1083 1797 1163 1832 ξεως,
1174 1798 1232 1826 ἀλλ’
1244 1799 1305 1834 οὐχὶ
1315 1798 1466 1834 ἐναλλαγὴν
1475 1799 1609 1834 συνήθως
1621 1799 1764 1834 ὀνόματος.
1776 1799 1824 1825 Διὸ
1837 1800 1887 1826 καὶ

1081 1844 1111 1871 τὺ
1126 1844 1212 1879 σαφὲς
1227 1844 1423 1879 συνεφέλκεται
1441 1845 1492 1871 οὐκ
1517 1846 1547 1871 ὲν
1569 1844 1659 1880 τούτῳ
1673 1845 1764 1880 μόνον,
1780 1844 1852 1871 ἀλλὰ
1862 1844 1886 1860 ⁸³

1081 1891 1133 1917 κὰν
1146 1892 1179 1926 τῇ
1197 1891 1328 1926 διασκευῇ
1341 1891 1390 1918 καὶ
1404 1890 1479 1923 τάξει
1501 1890 1549 1918 καὶ
1572 1892 1740 1919 καταστάσει
1763 1891 1886 1925 μάλιστα

1081 1935 1128 1961 τοῦ
1144 1935 1314 1970 διηγήματος
1324 1943 1331 1951 ·
1349 1936 1418 1971 ὅπερ
1432 1935 1491 1962 ἐστὶ
1504 1936 1550 1962 καὶ
1567 1936 1617 1971 τῆς
1631 1936 1782 1971 σαφηνείας
1794 1936 1828 1962 τὸ
1842 1937 1886 1963 ἐν-

1080 1989 1192 2016 τεχνον’
1207 1981 1224 2016 ἡ
1241 1981 1296 2016 γάρ
1311 1989 1353 2007 τοι
1373 1981 1473 2016 χρῆσις
1498 1982 1515 2017 ἡ
1536 1981 1608 2008 κατὰ
1630 1981 1680 2013 τὰς
1701 1981 1813 2013 εὐθείας
1829 1982 1886 2008 τῶν

1081 2026 1215 2062 περιόδων
1231 2028 1346 2058 καὶτοῖς
1363 2026 1484 2059 ἰδιώταις
1499 2028 1630 2063 πρόσεστι
1645 2027 1834 2062 μάλιστα,καὶ
1844 2029 1886 2060 εἰς

1081 2073 1231 2107 ὑπτιότητα
1247 2072 1294 2099 καὶ
1311 2073 1495 2108 ταπεινότητα
1508 2073 1569 2100 λίαν
1587 2073 1766 2106 καταϐιϐάζει
1779 2073 1828 2100 τὸν
1842 2073 1886 2100 λό-

1080 2126 1139 2152 γον,
1153 2118 1273 2153 ἄκρατος
1292 2118 1410 2153 μάλιστα
1425 2119 1555 2154 γινομένη
1566 2127 1573 2135 ·
1586 2119 1657 2155 ὅπερ
1671 2116 1750 2151 οὗτος
1757 2118 1780 2135 ’⁸⁸
1797 2120 1824 2146 εί
1835 2119 1884 2146 καὶ

1079 2163 1129 2191 τοῦ
1142 2163 1246 2198 σαφοῦς
1259 2162 1331 2191 εἶναι
1345 2164 1429 2198 δοκεῖ,
1447 2165 1479 2191 οὐ
1493 2165 1663 2200 προσήκατο.
1672 2165 1728 2192 Καὶ
1741 2165 1782 2200 τῷ
1793 2165 1884 2192 ἐλλεί-

1081 2218 1160 2236 ποντι
1182 2209 1211 2236 δὲ
1233 2209 1288 2237 τῶν
1304 2210 1415 2245 τρόπων
1432 2209 1504 2237 οὕτω
1520 2210 1664 2246 κέχρηται,
1679 2211 1710 2237 οὐ
1735 2211 1808 2237 κατὰ
1834 2211 1885 2243 τὰς

1081 2255 1240 2292 ¹ιιεριοδικὰς
1258 2255 1393 2291 ἐλλείψεις
1406 2256 1486 2283 τοῦτο
1500 2257 1596 2289 ποιῶν,
1610 2257 1680 2284 ἀλλὰ
1693 2257 1766 2284 κατά
1784 2265 1818 2291 γε
1834 2257 1886 2287 τὰς

1081 2302 1136 2329 τῶν
1152 2301 1263 2334 λέξεων,
1279 2301 1351 2329 ὥστε
1377 2302 1439 2337 μηδ’
1451 2302 1588 2329 ἐλλείπειν
1609 2302 1710 2329 διδόναι
1735 2302 1886 2338 συναίσθη-

237 2342 329 2369 facere
365 2343 508 2378 videatur)
544 2351 598 2372 non
642 2344 749 2373 adtuisit
787 2353 918 2380 unquam.
960 2346 1029 2374 Tro-

1086 2356 1142 2374 τιν’
1166 2347 1214 2374 καὶ
1230 2347 1258 2374 ετ
1274 2356 1317 2380 τις
1330 2347 1361 2374 τὸ
1373 2347 1465 2376 λεῖπον
1479 2347 1633 2383 ἐπιχειροίη
1653 2347 1828 2383 προσθεῖναι,
1844 2350 1886 2381 εἰς

236 2389 279 2424 pis
306 2389 371 2416 item
385 2389 521 2425 ellipseos,
546 2398 599 2418 non
620 2391 752 2419 ambitum
780 2393 866 2428 ipsuut
882 2394 1026 2422 verborum

236 2435 414 2468 concideudo,
439 2436 487 2462 sed
516 2443 596 2464 voces
621 2437 742 2472 singulas
770 2439 965 2474 supprimenda
988 2441 1026 2468 ita

236 2480 332 2512 utitur,
346 2486 376 2507 ut
390 2488 424 2508 ne
436 2482 602 2517 percipiendi
620 2483 731 2518 quidem
746 2484 867 2513 delectus
880 2487 1025 2521 vestigium

236 2525 319 2552 ullum
335 2527 471 2562 relinquat
487 2536 495 2555 :
519 2527 601 2563 idque
614 2529 693 2562 adeo,
707 2535 736 2557 ut
752 2531 773 2558 si
787 2532 849 2566 quis
863 2533 935 2567 quod
951 2533 1027 2560 deest

236 2570 338 2598 addere
367 2576 472 2604 tentet,
498 2581 729 2608 supervacaneum
755 2577 845 2611 potius
879 2577 1026 2610 addidisse,

234 2624 316 2650 qnmn
361 2617 496 2646 defectum
526 2621 714 2655 supplevisse,
747 2623 845 2650 merito
871 2629 1025 2651 censeatur.

234 2661 411 2691 Schematum
439 2665 521 2692 etiam
547 2668 625 2702 copia
650 2667 753 2703 optitne
778 2669 929 2696 orationem
947 2677 1025 2697 suam

1080 2394 1112 2420 τὸ
1128 2394 1264 2430 παρέλκον
1285 2393 1319 2421 ἂν
1334 2394 1469 2422 ἐπιτεῖναι
1492 2395 1579 2428 δόξαι,
1596 2395 1664 2422 ἀλλὰ
1679 2395 1716 2430 μὴ
1738 2395 1787 2422 τοῦ
1811 2395 1883 2422 em.

1080 2440 1149 2472 ποῦς
1161 2439 1282 2475 ἐξευρεῖν
1293 2440 1343 2476 τὴν
1354 2441 1683 2477 ὰναπλήρωσιν.Ἀριστα
1696 2441 1724 2468 δὲ
1735 2441 1823 2468 αὐτοῦ
1835 2442 1886 2469 καὶ

1080 2485 1111 2512 τὸ
1125 2486 1381 2521 πολυσχημάτιστον
1396 2486 1453 2522 ἔχει
1465 2506 1473 2519 ,
1488 2487 1540 2513 οὐκ
1556 2487 1654 2522 ἀθρόον
1673 2487 1884 2523 μεταϐαλλόμε-

1080 2540 1125 2558 νον
1140 2532 1194 2558 ἀπὸ
1211 2532 1260 2567 τῆς
1279 2532 1535 2568 αὐτοσχηματίστου
1553 2534 1696 2569 χρήσεως,
1712 2533 1771 2560 ἀλλ’
1786 2534 1883 2570 ἡρέμα

1081 2577 1127 2604 καὶ
1143 2577 1172 2609 ἐξ
1188 2577 1275 2613 ἀρχῆς
1290 2578 1532 2614 συμπλεκόμενον,
1549 2579 1588 2611 ὡς
1601 2580 1669 2616 μήτε
1681 2579 1720 2614 τῷ
1729 2583 1884 2616 προσκυρεῖ

1081 2623 1159 2657 ἀνιᾷ-ι
1176 2623 1247 2658 μήτε
1273 2623 1313 2658 τῷ
1335 2624 1427 2659 ἁθρόῳ
1444 2627 1532 2652 ποιεῖν
1548 2625 1812 2661 ὲκταράσσεσθαι⁸⁸.
1829 2628 1884 2654 Καὶ

1081 2669 1185 2703 ἁπλῶς,
1199 2668 1227 2696 εἴ
1237 2678 1280 2702 τις
1290 2671 1350 2697 κατ’
1360 2671 1442 2698 αὑτὸν
1454 2672 1501 2698 ἐπὶ
1509 2672 1573 2704 τοὺς
1582 2671 1738 2707 ῑστορικοὺς
1747 2672 1882 2708 ἀναχθείη

867 2757 987 2787 ΥΑΒΙᾸΞ
1001 2759 1205 2788 LECTIONES.

271 2848 296 2864 “
313 2849 446 2892 νέταίρωχ
522 2850 550 2892 ff
575 2851 622 2892 επὶ
715 2853 765 2889 τὴν
778 2862 808 2886 ς.
830 2889 836 2892 _
856 2855 880 2871 “
900 2855 1033 2892 ὡμολόγει
1066 2867 1095 2890 ς.

238 2887 320 2918 τέχνη
341 2893 372 2916 ς.

424 2885 476 2912 “6
497 2886 558 2915 add.
574 2887 607 2915 A.
647 2885 968 2925 "twamxdmm'g.
997 2885 1036 2910 ἰι
1064 2885 1123 2921 ἄλλ’
1149 2885 1223 2927 svi-1

1150 2859 1174 2876 ⁸³
1188 2868 1221 2894 γε
1239 2860 1261 2887 Δ
1275 2868 1323 2887 ετε
1340 2869 1371 2892 ς.
1424 2861 1445 2877 ⁵³
1456 2860 1638 2888 ἀστασίαστον
1655 2860 1688 2887 Λ.
1728 2859 1750 2876 ⁸⁸
1764 2859 1877 2889 τούτους

1277 2895 1299 2911 ⁸³
1311 2895 1398 2928 οὕτως
1409 2895 1441 2923 Δ.
1481 2896 1503 2912 ⁸ο
1519 2895 1735 2930 ἐκταράττεσθαι
1750 2903 1781 2927 ς.
