1938 3091
56 140 99 175 32]
603 141 867 172 BIBLIOTHECA.
887 153 921 158 -
936 141 1018 171 COD.
1040 140 1148 170 XCIII.
1649 140 1702 172 322

487 198 688 231 Parapomenus
871 208 884 231 ι
902 197 984 225 Fines
996 197 1110 225 Caucasi
1122 195 1233 223 montis.

487 233 637 260 Axiarchcs
867 233 878 260 Ι
904 234 1016 260 Dracas.

488 267 562 294 Statu
568 275 617 294 nor
867 267 883 302 ι
902 268 1024 302 Argreos.

486 304 617 338 Amyntas
870 302 886 338 |
902 302 1072 338 Bactrianos.

486 337 624 373 Scythaeus
876 337 887 373 1
902 337 1063 372 Sogdianos.

88 393 234 434 Accipiunt
247 401 263 421 a
278 390 409 420 Perdicca
453 372 469 443 ὅ
870 372 887 443 <
902 373 1054 443 Ξῖιὲἓιέιῗιδόε.

484 442 677 471 Phratafcrncs
878 442 887 471 I
901 442 1054 471 Armenios.

485 478 677 512 Neoptolemus
873 477 886 512 ι
900 477 1009 504 Persas.

485 513 625 541 Peucestes
868 512 884 548 '
901 512 1074 548 Babylonios.

483 548 581 575 Artous
867 547 879 582 Ι
900 547 1038 582 Pelasgas.

482 583 658 612 Archesilaus
867 582 878 617 ι
901 582 1135 617 Mesopotamiam.

474 662 594 685 DIVISIO
608 664 732 686 ΙΙΙΡΕΒΙΙ
749 664 946 686 MACEDONICI
961 665 978 685 Δ
994 663 1152 684 PERDICCA
1168 662 1283 684 FACTA.

671 718 748 753 Apud
760 717 793 751 Q.
809 717 934 745 Curtium
948 717 995 745 lib.
1012 725 1039 744 ε.

56 773 111 801 Rex

56 808 216 835 Ptolemaeus

56 843 209 875 Laomedon

56 877 175 905 Philotas

54 913 206 948 Antigonus

54 947 206 976 Cassander

54 982 202 1011 Menander

53 1016 209 1047 Leonnatus

52 1051 188 1082 Eumenes

52 1125 150 1153 Pithon

52 1160 231 1195 Lysimachus

53 1195 200 1224 Perdiccas

558 1013 563 1017 .
593 990 729 1020 obtineret

392 1283 451 1318 c1".

162 1331 220 1359 Τοῦ
235 1329 503 1364 αὐτοῦῐΒιθυνιακὰ
514 1329 549 1356 ὲν
559 1329 691 1362 βιϐλίοις
706 1332 744 1363 η’.

83 1378 151 1416 [255
165 1378 212 1413 3.]
233 1375 407 1412 ’Δνεγνώσθη
420 1375 468 1403 τοῦ
485 1375 569 1403 αὑτοῦ
594 1376 628 1402 τὰ
645 1375 811 1404 Βίθυνιακὰ
828 1376 849 1391 ³¹

48 1427 77 1453 ἓν
93 1426 213 1461 βιϐλίοις
224 1423 308 1456 ὀκτὼ,
322 1424 351 1450 ἐν
362 1422 403 1455 οἷς
417 1423 453 1450 τά
463 1431 495 1449 τε
513 1423 619 1458 μυθικὰ
631 1423 666 1450 τὸ.
688 1424 754 1458 περὶ
769 1422 851 1449 Βιθυ-

48 1471 108 1502 νίας
122 1470 171 1497 καὶ
179 1467 278 1502 τᾶλλα,
291 1469 342 1496 ὅσα
352 1469 469 1503 συνέστη
481 1469 545 1504 περὶ
559 1468 655 1504 αὐτὴν,
668 1469 708 1500 είς
718 1468 814 1495 λεπτὸν
826 1468 849 1485 ⁸³

48 1517 216 1552 ἀναγράφει,
230 1517 264 1551 τῇ
282 1515 393 1551 πατρίδι
404 1514 491 1551 δῶρον
506 1514 654 1549 ἀναφέρων
673 1513 709 1541 τὰ
724 1514 828 1550 πάτρια
839 1523 847 1530 ο

48 1563 235 1598 Νιωμήδειον
247 1561 302 1596 γάρ
316 1570 343 1588 τι
353 1561 385 1588 τὸ
394 1560 474 1596 γένος
485 1560 568 1588 αὑτοῦ
587 1562 617 1587 ὲν
636 1561 723 1597 ταύτῃ
736 1563 769 1597 τῇ
781 1570 848 1596 συγ-

48 1609 144 1643 γραφῇ
161 1607 286 1643 διορίζει,
303 1607 333 1633 ὲν
347 1607 417 1642 αὐτῇ
433 1615 463 1633 τε
480 1606 645 1643 γεννηθῆναι
660 1606 723 1643 [150
738 1606 785 1643 Η.]
800 1608 849 1634 καὶ

47 1654 189 1689 τραφῆναι
202 1653 252 1680 καὶ
275 1651 458 1687 παιδευθῆναι
477 1653 524 1679 καὶ
540 1653 616 1688 ἱερέα
628 1654 678 1688 τῆς
701 1653 848 1689 Δήμητρος

48 1702 98 1728 καὶ
112 1700 163 1735 τῆς
176 1699 272 1732 παιδὸς
286 1699 385 1734 αὐτῆς.
397 1696 441 1731 αἷς
454 1699 503 1726 καὶ
514 1699 565 1735 τὴν
578 1699 658 1726 πόλιν
685 1700 848 1727 ἀνακεῖσθαί

49 1754 129 1781 φησι,
147 1745 334 1781 χρηματίσαι.
346 1745 493 1780 Μέμνηται
509 1745 538 1772 δὲ
550 1746 580 1773 ἐν
592 1745 682 1782 ταύτῃ
692 1746 717 1762 ⁵³
730 1747 764 1781 τῇ
780 1753 847 1780 συγ-

48 1793 142 1828 γραφῇ
158 1792 207 1818 καὶ
220 1791 324 1827 ἑτέρων
339 1791 551 1828 πραγματειῶν,
566 1789 605 1819 ὦν
619 1793 637 1827 ὴ
654 1792 704 1828 μὲν
719 1793 770 1820 ὅσα
795 1792 846 1818 Τι-

50 1838 228 1873 μολέοντιτῷ
241 1837 378 1874 Κορινθίῳ
391 1838 463 1865 κατὰ
482 1837 609 1865 Σικελίαν
634 1839 759 1876 ἐπράχθη
788 1841 847 1868 δια-

48 1883 194 1919 λαμϐάνει,
213 1883 278 1919 [256
293 1883 339 1920 IL]
364 1884 381 1919 ἡ
396 1884 425 1911 δὲ
447 1883 483 1911 τὰ
508 1884 588 1911 Δίωνι
603 1884 643 1919 τῷ
669 1885 846 1923 Συρακουσίῳ

48 1929 98 1955 ὅσα
113 1928 292 1964 ἁξιαφήγητα
312 1929 383 1964 ἔργα
400 1929 577 1965 ἐπετελέσθη,
596 1925 740 1966 ἡνίκατὰς
755 1932 845 1967 Συρα-

47 1975 153 2006 κούσας
169 1975 216 2001 καὶ
232 1976 325 2001 πᾶσαν
340 1975 468 2002 Σικελίαν
480 1975 534 2002 ἀπὸ
549 1975 597 2002 τοῦ
612 1976 739 2012 δευτέρου
754 1978 846 2004 Διονυ-

49 2019 119 2050 σίου,
134 2019 166 2051 ὃς
183 2017 218 2055 ἢν
233 2020 300 2051 παῖς
314 2019 362 2046 τοῦ
377 2020 525 2055 προτέρου,
542 2020 703 2056 ἠλευθέρου,
728 2023 777 2049 καὶ
790 2023 847 2049 τῶν

48 2064 207 2100 βαρόἀρων,
223 2064 272 2096 οὓς
294 2064 366 2100 ὑπὲρ
380 2064 427 2092 τοῦ
457 2064 576 2101 βεϐαίως
593 2068 739 2102 τυραννεῖν
752 2068 845 2095 Διονύ-

48 2118 104 2142 σιος
129 2110 300 2145 ἐπηγάγετο.
317 2111 447 2138 Φαίνεται
461 2111 491 2138 δὲ
515 2111 652 2147 τετάρτην
666 2113 781 2148 γράφων
796 2113 846 2149 τὴν

47 2156 96 2190 τῆς
107 2156 242 2191 πατρίδος
255 2156 396 2191 ἀφήγησιν
406 2163 414 2170 “
429 2155 500 2190 μετὰ
509 2156 533 2173 ⁸⁸
543 2156 598 2191 γὰρ
611 2157 635 2173 ⁵⁸
650 2157 685 2184 τὰ
694 2158 758 2192 περὶ
775 2158 847 2185 Ἀλέ·

47 2201 161 2237 ξανδρον
175 2202 225 2228 καὶ
236 2201 406 2236 Τιμολέοντα
421 2201 469 2227 καὶ
491 2201 580 2229 Δίωνα
596 2201 678 2237 [μετὰ
703 2203 753 2234 τὰς
780 2204 845 2240 περὶ

47 2249 145 2281 αὐτοὺς
165 2248 299 2285 ἱστορίας]
312 2249 360 2284 ἥδε
378 2249 454 2285 αὺτῷ
466 2250 483 2285 ὴ
509 2250 657 2285 συγγραφὴ
678 2250 839 2287 ἐξεπονήθη,

46 2294 77 2326 ἐξ
85 2295 107 2310 ⁵⁸
122 2294 215 2330 ἀρχῆς
228 2294 291 2329 μὲν,
302 2295 349 2329 ἀφ’
366 2292 397 2322 οὗ
412 2296 532 2330 γράφειν
558 2295 663 2330 ίσχυσε,
679 2296 782 2331 ταύτην
796 2297 841 2323 ὲν-

47 2340 201 2375 πὴσασθαι
218 2341 268 2368 καὶ
294 2341 425 2374 συντάξαι
449 2341 499 2377 τὴν
522 2341 652 2368 ὑπόθεσιν
672 2341 839 2377 βουληθέντι,

45 2387 96 2421 τῆς
109 2386 138 2413 δὲ
156 2387 336 2422 παρασκευῆς
356 2386 395 2422 τῷ
411 2387 511 2419 ἐνδεῶς
533 2387 614 2414 αὐτὸν
628 2388 701 2423 ἔχειν
713 2387 736 2404 ⁵⁷
750 2396 840 2423 παρα-

46 2432 174 2466 τεινάσης
194 2431 240 2458 τὸν
256 2432 352 2468 χρόνον
368 2440 376 2448 ‘
402 2432 506 2467 ταύτην
528 2432 583 2468 γὰρ
611 2433 694 2464 αὐτὸς
717 2434 767 2468 τῆς
792 2433 839 2460 ἐπὶ

45 2477 159 2513 τούτῳ⁸⁸
175 2477 345 2514 βραδυτῆτος
354 2478 518 2505 ἀποδίδωσιν
534 2479 636 2507 αίτίαν.

84 2521 217 2557 ’Λρχεται
232 2521 283 2557 μὲν
296 2521 354 2556 οὖν,
368 2522 463 2558 ὥσπερ
475 2524 499 2540 ⁵³
515 2523 634 2560 εἴρηται,
650 2523 705 2551 ἀπὺ
719 2523 774 2550 τῶν
786 2531 839 2558 μυ-

46 2566 129 2595 Otaqu
143 2567 197 2603 τῆς
215 2567 349 2604 ίποριας,
363 2569 472 2596 κάτεισι
482 2569 512 2596 δὲ
536 2570 618 2605 μέχρι
633 2568 764 2605 τελευτῆς
790 2567 837 2595 τοῦ

903 773 1040 801 Summam
1056 773 1172 807 imperii.

903 808 1048 845 @gyplutn
1066 814 1093 835 et
1105 809 1209 845 Arricg
1229 813 1333 844 gentes,
1350 816 1411 844 quae
1427 808 1454 837 in
1472 808 1577 836 ditione
1603 813 1693 836 erant.

904 843 1009 879 Syriam
1025 851 1086 870 cum
1104 843 1242 871 thnice.

902 879 1035 907 Ciliciam.

902 913 1012 973 Ιόγρξὲιη
1028 922 1088 942 cum
1103 914 1272 950 Pamphylia,
1290 919 1318 942 et
1336 911 1439 947 maiore
1459 912 1587 948 Phrygia.

915 957 963 973 .arr
982 957 1033 973 m.-

915 956 1020 977 .‘ariam.
1028 963 1033 968 ‘

902 983 1013 1018 Lydiam
1024 1005 1031 1012 .

902 1018 1047 1054 Phrygiam
1070 1020 1201 1047 minorem
1218 1019 1391 1054 Hellesponto
1401 1019 1570 1054 adjunclam.

901 1053 1099 1088 Cappadociam
1125 1063 1187 1082 cum
1210 1053 1392 1090 Paphlagonia
1418 1053 1502 1089 uSqne
1532 1054 1565 1081 ad
1592 1053 1695 1089 Trape-

936 1094 1028 1117 zunla.

901 1124 1026 1152 Mediam.

901 1159 1054 1194 :l‘hraciam,
1076 1159 1268 1194 oppositasque
1281 1159 1405 1187 Thraciae
1424 1159 1551 1187 Ponticas
1572 1162 1675 1193 gentes.

901 1193 1095 1222 Prasl‘ecturam
1109 1193 1263 1229 copiarum,
1275 1202 1336 1229 quae
1358 1202 1448 1230 regem
1465 1196 1654 1228 sequebantur.

1257 1285 1347 1313 XCIII.

1082 1333 1208 1368 Ejusdem
1221 1334 1330 1361 Arriani
1346 1333 1498 1369 Bithynicis.

937 1377 1002 1413 Legi
1018 1378 1160 1414 Bithynice
1176 1371 1297 1414 ejtisdem
1324 1379 1400 1407 libris
1426 1384 1489 1407 octo
1511 1387 1518 1405 :
1540 1371 1693 1415 quibus-de

901 1423 1025 1458 Bithynia
1052 1426 1190 1453 t'abulosas
1220 1425 1400 1458 narrationes,
1432 1430 1586 1461 czeleraqne
1607 1427 1640 1453 ad
1661 1434 1692 1454 ea

901 1471 1076 1505 pertinentia,
1100 1475 1227 1499 accurate
1253 1463 1420 1505 perscribit:
1437 1472 1533 1506 patriae
1560 1472 1689 1499 nimirum

900 1516 1015 1551 patriam
1038 1517 1176 1544 historiam
1198 1516 1329 1544 olI‘erens.
1342 1516 1502 1545 Nicomedia
1517 1517 1589 1545 enim
1605 1525 1691 1552 genus

899 1569 929 1590 se
948 1561 1047 1589 ducere
1062 1562 1113 1589 hoc
1126 1569 1208 1596 opere
1223 1562 1344 1589 ostendit
1359 1571 1366 1595 ;
1392 1561 1462 1597 73b
1485 1569 1575 1597 eaque
1586 1562 1612 1589 in
1625 1563 1691 1590 urbe

900 1614 1004 1641 natum,
1015 1608 1097 1635 altum
1113 1608 1267 1643 litterisque
1285 1608 1431 1642 imbutum,
1444 1610 1626 1636 sacerdotium
1640 1609 1692 1636 Ce-

900 1655 980 1686 reris.
995 1653 1106 1688 ejusque
1120 1653 1180 1680 (ilia:
1191 1653 1364 1688 Proserpinae
1383 1654 1497 1689 (quibus
1511 1661 1618 1681 sacram
1630 1662 1691 1681 esse

899 1699 993 1727 urbem
1012 1699 1118 1734 scribit)
1139 1699 1265 1734 gessisse.
1287 1699 1410 1726 Meminit
1433 1706 1497 1726 vero
1517 1699 1568 1727 hoc
1585 1700 1643 1734 ipso
1664 1701 1689 1727 in

898 1744 967 1772 libro
982 1749 1009 1772 et.
1029 1744 1142 1771 aliormn
1161 1752 1272 1779 operum
1292 1754 1298 1771 :
1318 1752 1432 1779 quorum
1451 1744 1567 1772 alterum
1579 1745 1688 1779 quidem

898 1790 954 1825 (56)
969 1789 1147 1818 Timoleontis
1160 1790 1298 1817 Corinthii
1315 1798 1358 1818 res
1373 1790 1399 1817 in
1415 1790 1507 1818 Sicilia
1523 1796 1614 1826 gestas
1624 1798 1689 1818 con-

898 1838 980 1871 tinet;
997 1837 1110 1864 alterum
1128 1844 1193 1865 vero
1213 1844 1257 1864 res
1275 1837 1368 1864 Dionis
1393 1836 1573 1872 Syracusani,
1588 1845 1690 1865 memo—

897 1887 958 1910 ratu
977 1882 1073 1918 dignas
1100 1882 1194 1915 refert,
1208 1889 1268 1909 cum
1287 1881 1438 1917 Syracusas
1467 1883 1510 1910 hic
1527 1890 1690 1917 onmemque

897 1928 964 1955 adeo
985 1928 1106 1955 Siciliam
1125 1935 1140 1954 a
1157 1927 1280 1963 Dionysii
1310 1928 1421 1954 secundi
1439 1927 1495 1962 (qui
1521 1927 1600 1961 primi
1617 1927 1689 1955 ﬁlius

895 1974 957 2009 fuit)
975 1973 1119 2009 tyrannide
1137 1973 1265 2001 liberavit
1284 1982 1291 2000 :
1308 1973 1473 2007 insuperqu
1486 1977 1539 2000 eta
1554 1973 1688 2004 barbaris,

895 2027 962 2055 quos
975 2025 1004 2046 ut
1020 2019 1190 2055 tyrannidem
1204 2019 1347 2052 -lirmaret,
1364 2018 1509 2055 Dionysius
1525 2026 1558 2046 eo
1570 2019 1689 2046 adduxe-

895 2070 948 2092 rat.
962 2065 1079 2099 Apparet
1093 2071 1159 2091 vero
1177 2064 1228 2091 hoc
1244 2071 1328 2098 opus,
1348 2071 1401 2099 quo
1413 2064 1529 2099 palriatn
1545 2064 1689 2098 descripsit

892 2116 953 2145 post
968 2110 1115 2137 Alexandri
1128 2110 1229 2145 magni,
1243 2109 1433 2142 Timoleontis,
1450 2116 1478 2137 et
1494 2109 1586 2137 Dionis
1597 2118 1687 2137 rermn

892 2161 1028 2191 gestarum
1056 2156 1195 2189 historias,
1223 2160 1323 2190 quarto
1347 2156 1407 2183 loco
1433 2155 1685 2183 confectumesse:

892 2207 919 2229 et
937 2202 1014 2228 initio
1030 2201 1141 2235 quidem
1155 2206 1240 2234 certe,
1254 2210 1288 2229 ex
1310 2209 1364 2235 quo
1381 2201 1501 2228 animum
1514 2202 1548 2228 ad
1564 2201 1687 2229 scriben-

892 2246 956 2273 dum
975 2246 1120 2281 appulerit,
1141 2246 1193 2273 hoc
1206 2246 1258 2273 sibi
1274 2246 1399 2274 consulto
1417 2250 1606 2281 argumentum
1623 2254 1686 2281 pro~

894 2292 1017 2327 posuisse
1044 2296 1073 2319 et.
1104 2292 1273 2326 prmlixisse;
1303 2299 1395 2319 verum
1422 2292 1495 2327 quod
1523 2292 1604 2320 rebus
1631 2293 1685 2320 illis

895 2338 976 2372 hujus
991 2342 1140 2372 apparatus
1155 2338 1299 2372 indigeret,
1316 2337 1420 2365 tardius
1433 2337 1592 2366 absolvisse.
1611 2338 1687 2366 lianc

894 2383 964 2410 enim
990 2383 1104 2417 ipsemet
1119 2382 1283 2411 cessationis
1306 2383 1445 2418 tardaeque
1469 2383 1597 2411 editionis
1619 2391 1686 2411 cau-

892 2437 951 2457 sam
971 2429 1061 2457 aﬂert.

927 2521 948 2548 Α
966 2520 1097 2549 fabulosis
1111 2528 1188 2556 ergo,
1208 2526 1239 2548 ut
1254 2521 1311 2556 jam
1334 2521 1463 2555 diximus,
1480 2522 1687 2550 narrationibus

891 2567 1044 2595 ducendum
1059 2567 1164 2603 putavit
1181 2567 1302 2602 initium,
1314 2568 1462 2606 pergitque
1484 2575 1567 2604 porro
1588 2569 1622 2596 ad
1639 2575 1686 2596 ex-

701 2636 817 2664 VARl/E
833 2635 1037 2665 LECTIONES.

78 2682 100 2698 "
117 2680 267 2718 Βιθυνιαχὰ
279 2683 312 2712 Α.
325 2682 456 2709 Βιθυνικὰ
468 2691 499 2715 ς.
510 2683 546 2710 cf.
560 2684 629 2718 p.17
649 2692 665 2711 a
680 2684 726 2712 27.

779 2684 802 2700 ⁸³
819 2683 860 2715 είς
870 2683 968 2711 λεπτὸν
978 2684 1001 2709 Α
1011 2691 1019 2709 :
1029 2683 1209 2718 ὶεπτομερῶς
1229 2693 1260 2716 ς.

1313 2684 1338 2701 ⁸³
1346 2683 1445 2725 ταυτῃ]
1465 2683 1553 2725 ταύτῃ
1566 2683 1635 2724 αιξτῇ
1649 2683 1683 2711 Δ.

43 2715 67 2755 ξξ
83 2715 164 2755 μετὰ]
174 2717 244 2755 μετα
259 2725 290 2743 τε
303 2725 332 2749 ς.
362 2718 396 2735 ’⁸⁸
410 2713 514 2755 γᾲρζτ
530 2713 599 2754 μετὰ
614 2727 669 2747 υιη,
681 2721 715 2746 Α.
753 2719 776 2735 ⁸⁸
788 2718 829 2755 ἐξ]
841 2713 887 2746 διαὶ
896 2720 926 2753 εξ
938 2727 969 2751 ς.
1000 2719 1022 2735 ⁸⁷
1035 2713 1207 2755 αὺτδνέίειν
1218 2713 1259 2747 K:
1271 2719 1345 2755 ἔχειν
1357 2713 1449 2747 αὺτῶν
1459 2728 1489 2752 ς.
1518 2713 1636 2747 “Isaura
1652 2726 1682 2751 ς.

44 2750 67 2766 ⁵⁵
84 2750 180 2787 ὥσπέρ
204 2752 314 2788 εἴρηται
341 2757 403 2788 post
415 2750 546 2789 ’ἱστοριαξ
576 2755 653 2789 ponit
684 2764 714 2787 ς.

811 2800 928 2828 NOTAE.

811 2800 834 2828 Ν
860 2800 882 2828 Τ
919 2819 928 2828 .

81 2841 136 2877 (56)
154 2842 260 2878 Dionis,
283 2843 331 2879 qui
344 2843 550 2881 _Timoleontem
575 2847 727 2881 pracessit,
753 2800 989 2882 ipsiusguitiam
1003 2847 1183 2876 Timoleontis
1199 2847 1281 2876 ritam
1299 2847 1382 2876 habes
1399 2847 1468 2883 apud
1483 2846 1554 2874 Plut.
