  <div class='ocr_page' id='page_1' title='image "/cluster/home/n/w/nwhite01/storage/ocr_20150623/103/njp.32101010943882/216.png"; bbox 0 0 1938 3091; ppageno 0'>
   <div class='ocr_carea' id='block_1_1' title="bbox 46 126 95 158">
    <p class='ocr_par' dir='ltr' id='par_1_1' title="bbox 46 126 95 158">
     <span class='ocr_line' id='line_1_1' title="bbox 46 126 95 158; baseline 0 0"><span class='ocrx_word' id='word_1_1' title='bbox 46 126 95 158; x_wconf 71' lang='grc'><strong>395</strong></span> 
     </span>
    </p>
   </div>
   <div class='ocr_carea' id='block_1_2' title="bbox 599 118 1148 153">
    <p class='ocr_par' dir='ltr' id='par_1_2' title="bbox 599 118 1148 153">
     <span class='ocr_line' id='line_1_2' title="bbox 599 118 1148 153; baseline -0.009 -1"><span class='ocrx_word' id='word_1_2' title='bbox 599 120 862 153; x_wconf 81' lang='lat' dir='ltr'><strong>BIBLIOTHECA.</strong></span> <span class='ocrx_word' id='word_1_3' title='bbox 888 133 922 139; x_wconf 91' lang='lat'><strong>—</strong></span> <span class='ocrx_word' id='word_1_4' title='bbox 937 119 1021 150; x_wconf 91' lang='lat' dir='ltr'><strong>COD.</strong></span> <span class='ocrx_word' id='word_1_5' title='bbox 1038 118 1148 149; x_wconf 86' lang='lat' dir='ltr'><strong>XCIII.</strong></span> 
     </span>
    </p>
   </div>
   <div class='ocr_carea' id='block_1_3' title="bbox 1636 115 1708 148">
    <p class='ocr_par' dir='ltr' id='par_1_3' title="bbox 1636 115 1708 148">
     <span class='ocr_line' id='line_1_3' title="bbox 1636 115 1708 148; baseline 0.028 -2"><span class='ocrx_word' id='word_1_6' title='bbox 1636 115 1688 146; x_wconf 71' lang='grc' dir='ltr'><strong>32η</strong></span> <span class='ocrx_word' id='word_1_7' title='bbox 1705 145 1708 148; x_wconf 75' lang='lat'><strong>.</strong></span> 
     </span>
    </p>
   </div>
   <div class='ocr_carea' id='block_1_4' title="bbox 46 169 857 218">
    <p class='ocr_par' dir='ltr' id='par_1_4' title="bbox 46 177 845 218">
     <span class='ocr_line' id='line_1_4' title="bbox 46 177 845 218; baseline -0.01 -9"><span class='ocrx_word' id='word_1_8' title='bbox 46 183 93 218; x_wconf 83' lang='grc' dir='ltr'>τὴν</span> <span class='ocrx_word' id='word_1_9' title='bbox 102 181 212 208; x_wconf 84' lang='grc' dir='ltr'>τούτων</span> <span class='ocrx_word' id='word_1_10' title='bbox 242 179 455 207; x_wconf 62' lang='grc' dir='ltr'><strong>ἀποστέλλονται</strong></span> <span class='ocrx_word' id='word_1_11' title='bbox 470 178 598 214; x_wconf 80' lang='grc' dir='ltr'>ζήτησιν,</span> <span class='ocrx_word' id='word_1_12' title='bbox 620 177 668 204; x_wconf 80' lang='grc' dir='ltr'>καὶ</span> <span class='ocrx_word' id='word_1_13' title='bbox 682 177 744 212; x_wconf 87' lang='grc' dir='ltr'>δίχα</span> <span class='ocrx_word' id='word_1_14' title='bbox 767 184 845 211; x_wconf 89' lang='grc' dir='ltr'>μερι-</span> 
     </span>
    </p>
   </div>
   <div class='ocr_carea' id='block_1_5' title="bbox 911 169 1688 218">
    <p class='ocr_par' dir='ltr' id='par_1_5' title="bbox 911 169 1688 208">
     <span class='ocr_line' id='line_1_5' title="bbox 911 169 1688 208; baseline -0.008 -6"><span class='ocrx_word' id='word_1_15' title='bbox 911 177 1060 208; x_wconf 88' lang='lat' dir='ltr'><strong>nsequente</strong></span> <span class='ocrx_word' id='word_1_16' title='bbox 1084 172 1168 199; x_wconf 89' lang='lat' dir='ltr'><strong>Dama</strong></span> <span class='ocrx_word' id='word_1_17' title='bbox 1193 170 1226 197; x_wconf 84' lang='lat' dir='ltr'><strong>ad</strong></span> <span class='ocrx_word' id='word_1_18' title='bbox 1250 174 1359 205; x_wconf 88' lang='lat' dir='ltr'><strong>pratum</strong></span> <span class='ocrx_word' id='word_1_19' title='bbox 1385 169 1519 205; x_wconf 80' lang='lat' dir='ltr'><strong>quoddam</strong></span> <span class='ocrx_word' id='word_1_20' title='bbox 1542 169 1688 198; x_wconf 72' lang='lat' dir='ltr'><strong>Rhodanes</strong></span> 
     </span>
    </p>
   </div>
   <div class='ocr_carea' id='block_1_6' title="bbox 49 223 846 262">
    <p class='ocr_par' dir='ltr' id='par_1_6' title="bbox 49 223 846 262">
     <span class='ocr_line' id='line_1_6' title="bbox 49 223 846 262; baseline -0.008 -8"><span class='ocrx_word' id='word_1_21' title='bbox 49 227 158 258; x_wconf 78' lang='grc' dir='ltr'>σθέντες</span> <span class='ocrx_word' id='word_1_22' title='bbox 174 225 237 262; x_wconf 77' lang='grc'><strong>[151</strong></span> <span class='ocrx_word' id='word_1_23' title='bbox 256 224 304 260; x_wconf 77' lang='lat' dir='ltr'><strong>IL]</strong></span> <span class='ocrx_word' id='word_1_24' title='bbox 319 226 367 252; x_wconf 75' lang='grc' dir='ltr'>ἐπὶ</span> <span class='ocrx_word' id='word_1_25' title='bbox 374 224 424 260; x_wconf 84' lang='grc' dir='ltr'>τὴν</span> <span class='ocrx_word' id='word_1_26' title='bbox 439 224 555 259; x_wconf 70' lang='grc' dir='ltr'>ἔρευναν</span> <span class='ocrx_word' id='word_1_27' title='bbox 569 223 729 258; x_wconf 78' lang='grc' dir='ltr'>τρέπονται.</span> <span class='ocrx_word' id='word_1_28' title='bbox 753 223 846 249; x_wconf 84' lang='grc' dir='ltr'>Κατα-</span> 
     </span>
    </p>
   </div>
   <div class='ocr_carea' id='block_1_7' title="bbox 48 267 847 308">
    <p class='ocr_par' dir='ltr' id='par_1_7' title="bbox 48 267 847 308">
     <span class='ocr_line' id='line_1_7' title="bbox 48 267 847 308; baseline -0.009 -8"><span class='ocrx_word' id='word_1_29' title='bbox 48 273 237 308; x_wconf 76' lang='grc' dir='ltr'>λαμΰάνονται</span> <span class='ocrx_word' id='word_1_30' title='bbox 251 273 274 289; x_wconf 69' lang='grc'><strong>⁸³</strong></span> <span class='ocrx_word' id='word_1_31' title='bbox 294 271 388 306; x_wconf 86' lang='grc' dir='ltr'>σχεδόν</span> <span class='ocrx_word' id='word_1_32' title='bbox 403 279 430 297; x_wconf 91' lang='grc' dir='ltr'><strong>τι</strong></span> <span class='ocrx_word' id='word_1_33' title='bbox 450 270 527 305; x_wconf 85' lang='grc' dir='ltr'>παρά</span> <span class='ocrx_word' id='word_1_34' title='bbox 542 277 603 296; x_wconf 87' lang='grc' dir='ltr'>τινα</span> <span class='ocrx_word' id='word_1_35' title='bbox 616 268 738 302; x_wconf 85' lang='grc' dir='ltr'>λειμῶνα</span> <span class='ocrx_word' id='word_1_36' title='bbox 748 269 773 294; x_wconf 86' lang='grc' dir='ltr'><strong>οί</strong></span> <span class='ocrx_word' id='word_1_37' title='bbox 783 267 847 304; x_wconf 71' lang='grc' dir='ltr'>περὶ</span> 
     </span>
    </p>
   </div>
   <div class='ocr_carea' id='block_1_8' title="bbox 55 312 847 354">
    <p class='ocr_par' dir='ltr' id='par_1_8' title="bbox 55 312 847 354">
     <span class='ocr_line' id='line_1_8' title="bbox 55 312 847 354; baseline -0.008 -8"><span class='ocrx_word' id='word_1_38' title='bbox 55 320 185 354; x_wconf 80' lang='grc' dir='ltr'>Ῥοδάνην</span> <span class='ocrx_word' id='word_1_39' title='bbox 200 319 255 345; x_wconf 79' lang='grc' dir='ltr'><strong>ὑπὸ</strong></span> <span class='ocrx_word' id='word_1_40' title='bbox 269 317 317 345; x_wconf 81' lang='grc' dir='ltr'>τοῦ</span> <span class='ocrx_word' id='word_1_41' title='bbox 335 317 482 348; x_wconf 82' lang='grc' dir='ltr'>διώκοντος</span> <span class='ocrx_word' id='word_1_42' title='bbox 496 316 576 351; x_wconf 82' lang='grc' dir='ltr'>Δάμα</span> <span class='ocrx_word' id='word_1_43' title='bbox 587 324 595 331; x_wconf 87' lang='grc'><strong>·</strong></span> <span class='ocrx_word' id='word_1_44' title='bbox 621 315 714 347; x_wconf 78' lang='grc' dir='ltr'>ἁλιεὺς</span> <span class='ocrx_word' id='word_1_45' title='bbox 731 315 755 341; x_wconf 82' lang='grc' dir='ltr'><strong>δ’</strong></span> <span class='ocrx_word' id='word_1_46' title='bbox 768 312 803 349; x_wconf 82' lang='grc' dir='ltr'>ἦν</span> <span class='ocrx_word' id='word_1_47' title='bbox 817 313 847 345; x_wconf 80' lang='grc' dir='ltr'>ὃς</span> 
     </span>
    </p>
   </div>
   <div class='ocr_carea' id='block_1_9' title="bbox 49 360 844 400">
    <p class='ocr_par' dir='ltr' id='par_1_9' title="bbox 49 360 844 400">
     <span class='ocr_line' id='line_1_9' title="bbox 49 360 844 400; baseline -0.008 -8"><span class='ocrx_word' id='word_1_48' title='bbox 49 367 112 397; x_wconf 69' lang='grc' dir='ltr'>τοὺς</span> <span class='ocrx_word' id='word_1_49' title='bbox 129 365 266 400; x_wconf 73' lang='grc' dir='ltr'><strong>ποιμένας</strong></span> <span class='ocrx_word' id='word_1_50' title='bbox 284 364 432 399; x_wconf 82' lang='grc' dir='ltr'>ἐμήνυσεν,</span> <span class='ocrx_word' id='word_1_51' title='bbox 452 363 477 390; x_wconf 88' lang='grc' dir='ltr'>οἳ</span> <span class='ocrx_word' id='word_1_52' title='bbox 492 361 702 398; x_wconf 75' lang='grc' dir='ltr'>στρεϐλούμενοι</span> <span class='ocrx_word' id='word_1_53' title='bbox 714 361 761 387; x_wconf 81' lang='grc' dir='ltr'><strong>τὸν</strong></span> <span class='ocrx_word' id='word_1_54' title='bbox 788 360 844 386; x_wconf 88' lang='grc' dir='ltr'>λει-</span> 
     </span>
    </p>
   </div>
   <div class='ocr_carea' id='block_1_10' title="bbox 52 405 847 447">
    <p class='ocr_par' dir='ltr' id='par_1_10' title="bbox 52 405 847 447">
     <span class='ocr_line' id='line_1_10' title="bbox 52 405 847 447; baseline -0.009 -8"><span class='ocrx_word' id='word_1_55' title='bbox 52 412 129 447; x_wconf 81' lang='grc' dir='ltr'>μῶνα</span> <span class='ocrx_word' id='word_1_56' title='bbox 138 412 218 447; x_wconf 81' lang='grc' dir='ltr'>μόλις</span> <span class='ocrx_word' id='word_1_57' title='bbox 234 410 414 437; x_wconf 79' lang='grc' dir='ltr'>δεικνύουσιν.</span> <span class='ocrx_word' id='word_1_58' title='bbox 438 410 482 436; x_wconf 86' lang='grc' dir='ltr'><strong>Ἐν</strong></span> <span class='ocrx_word' id='word_1_59' title='bbox 495 405 517 443; x_wconf 83' lang='grc' dir='ltr'><strong>ᾧ</strong></span> <span class='ocrx_word' id='word_1_60' title='bbox 532 409 579 435; x_wconf 80' lang='grc' dir='ltr'>καὶ</span> <span class='ocrx_word' id='word_1_61' title='bbox 597 407 699 443; x_wconf 84' lang='grc' dir='ltr'>χρυσὸν</span> <span class='ocrx_word' id='word_1_62' title='bbox 717 406 847 442; x_wconf 81' lang='grc' dir='ltr'>Ῥοδάνης</span> 
     </span>
    </p>
   </div>
   <div class='ocr_carea' id='block_1_11' title="bbox 51 451 849 494">
    <p class='ocr_par' dir='ltr' id='par_1_11' title="bbox 51 451 849 494">
     <span class='ocr_line' id='line_1_11' title="bbox 51 451 849 494; baseline -0.008 -9"><span class='ocrx_word' id='word_1_63' title='bbox 51 460 174 494; x_wconf 63' lang='grc' dir='ltr'>εἶρισκε,</span> <span class='ocrx_word' id='word_1_64' title='bbox 189 458 241 492; x_wconf 82' lang='grc' dir='ltr'>τῆς</span> <span class='ocrx_word' id='word_1_65' title='bbox 252 457 354 492; x_wconf 79' lang='grc' dir='ltr'><strong>στήλης</strong></span> <span class='ocrx_word' id='word_1_66' title='bbox 366 455 414 483; x_wconf 76' lang='grc' dir='ltr'>τοῦ</span> <span class='ocrx_word' id='word_1_67' title='bbox 431 455 541 487; x_wconf 77' lang='grc' dir='ltr'>λέοντος</span> <span class='ocrx_word' id='word_1_68' title='bbox 562 453 786 490; x_wconf 83' lang='grc' dir='ltr'>ὑποδηλούμενον</span> <span class='ocrx_word' id='word_1_69' title='bbox 809 451 849 488; x_wconf 88' lang='grc' dir='ltr'>τῷ</span> 
     </span>
    </p>
   </div>
   <div class='ocr_carea' id='block_1_12' title="bbox 51 505 259 540">
    <p class='ocr_par' dir='ltr' id='par_1_12' title="bbox 51 505 259 540">
     <span class='ocr_line' id='line_1_12' title="bbox 51 505 259 540; baseline -0.005 -9"><span class='ocrx_word' id='word_1_70' title='bbox 51 505 259 540; x_wconf 81' lang='grc' dir='ltr'>ἐπιγράμματι.</span> 
     </span>
    </p>
   </div>
   <div class='ocr_carea' id='block_1_13' title="bbox 85 546 849 587">
    <p class='ocr_par' dir='ltr' id='par_1_13' title="bbox 85 546 849 587">
     <span class='ocr_line' id='line_1_13' title="bbox 85 546 849 587; baseline -0.007 -10"><span class='ocrx_word' id='word_1_71' title='bbox 85 550 159 587; x_wconf 72' lang='grc'><strong>[257</strong></span> <span class='ocrx_word' id='word_1_72' title='bbox 189 549 248 585; x_wconf 69' lang='lat' dir='ltr'><strong>IL]</strong></span> <span class='ocrx_word' id='word_1_73' title='bbox 278 548 470 583; x_wconf 77' lang='grc' dir='ltr'>Καὶ,τράγου</span> <span class='ocrx_word' id='word_1_74' title='bbox 498 556 525 574; x_wconf 89' lang='grc' dir='ltr'><strong>τι</strong></span> <span class='ocrx_word' id='word_1_75' title='bbox 556 547 654 583; x_wconf 81' lang='grc' dir='ltr'>φάσμα</span> <span class='ocrx_word' id='word_1_76' title='bbox 685 547 736 582; x_wconf 84' lang='grc' dir='ltr'><strong>ἐρᾷ</strong></span> <span class='ocrx_word' id='word_1_77' title='bbox 764 546 849 573; x_wconf 89' lang='grc' dir='ltr'>Σινω-</span> 
     </span>
    </p>
   </div>
   <div class='ocr_carea' id='block_1_14' title="bbox 51 591 850 630">
    <p class='ocr_par' dir='ltr' id='par_1_14' title="bbox 51 591 850 630">
     <span class='ocr_line' id='line_1_14' title="bbox 51 591 850 630; baseline -0.006 -7"><span class='ocrx_word' id='word_1_78' title='bbox 51 597 122 628; x_wconf 83' lang='grc' dir='ltr'>νίδος</span> <span class='ocrx_word' id='word_1_79' title='bbox 145 604 153 611; x_wconf 93' lang='grc'><strong>·</strong></span> <span class='ocrx_word' id='word_1_80' title='bbox 184 595 215 627; x_wconf 79' lang='grc' dir='ltr'>ἐξ</span> <span class='ocrx_word' id='word_1_81' title='bbox 242 593 277 630; x_wconf 83' lang='grc' dir='ltr'>ἦς</span> <span class='ocrx_word' id='word_1_82' title='bbox 304 594 394 626; x_wconf 74' lang='grc' dir='ltr'>αἰτίας</span> <span class='ocrx_word' id='word_1_83' title='bbox 415 594 464 620; x_wconf 83' lang='grc' dir='ltr'>καὶ</span> <span class='ocrx_word' id='word_1_84' title='bbox 491 594 517 620; x_wconf 84' lang='grc' dir='ltr'>οἱ</span> <span class='ocrx_word' id='word_1_85' title='bbox 543 594 610 629; x_wconf 78' lang='grc' dir='ltr'>περὶ</span> <span class='ocrx_word' id='word_1_86' title='bbox 639 592 766 627; x_wconf 81' lang='grc' dir='ltr'>Ῥοδάνην</span> <span class='ocrx_word' id='word_1_87' title='bbox 802 591 850 618; x_wconf 82' lang='grc' dir='ltr'>τοῦ</span> 
     </span>
    </p>
   </div>
   <div class='ocr_carea' id='block_1_15' title="bbox 52 637 851 676">
    <p class='ocr_par' dir='ltr' id='par_1_15' title="bbox 52 637 851 676">
     <span class='ocr_line' id='line_1_15' title="bbox 52 637 851 676; baseline -0.006 -8"><span class='ocrx_word' id='word_1_88' title='bbox 52 642 187 676; x_wconf 83' lang='grc' dir='ltr'>λειμῶνος</span> <span class='ocrx_word' id='word_1_89' title='bbox 201 641 364 676; x_wconf 82' lang='grc' dir='ltr'>ἀπαίρουσι.</span> <span class='ocrx_word' id='word_1_90' title='bbox 376 640 472 674; x_wconf 80' lang='grc' dir='ltr'>Δάμας</span> <span class='ocrx_word' id='word_1_91' title='bbox 486 640 514 666; x_wconf 87' lang='grc' dir='ltr'><strong>δέ</strong></span> <span class='ocrx_word' id='word_1_92' title='bbox 533 639 579 666; x_wconf 84' lang='grc' dir='ltr'>τδν</span> <span class='ocrx_word' id='word_1_93' title='bbox 589 639 644 666; x_wconf 82' lang='grc' dir='ltr'><strong>ἀπὸ</strong></span> <span class='ocrx_word' id='word_1_94' title='bbox 657 638 705 665; x_wconf 81' lang='grc' dir='ltr'>τοῦ</span> <span class='ocrx_word' id='word_1_95' title='bbox 718 637 851 673; x_wconf 87' lang='grc' dir='ltr'>λειμῶνος</span> 
     </span>
    </p>
   </div>
   <div class='ocr_carea' id='block_1_16' title="bbox 52 684 852 723">
    <p class='ocr_par' dir='ltr' id='par_1_16' title="bbox 52 684 852 723">
     <span class='ocr_line' id='line_1_16' title="bbox 52 684 852 723; baseline -0.008 -9"><span class='ocrx_word' id='word_1_96' title='bbox 52 689 101 723; x_wconf 73' lang='grc' dir='ltr'>τῆς</span> <span class='ocrx_word' id='word_1_97' title='bbox 112 686 258 718; x_wconf 77' lang='grc' dir='ltr'>Σινωνίδος</span> <span class='ocrx_word' id='word_1_98' title='bbox 274 686 407 720; x_wconf 73' lang='grc' dir='ltr'>στέφανον</span> <span class='ocrx_word' id='word_1_99' title='bbox 421 685 510 720; x_wconf 85' lang='grc' dir='ltr'>εὑρὼν</span> <span class='ocrx_word' id='word_1_100' title='bbox 523 685 629 719; x_wconf 84' lang='grc' dir='ltr'>πέμπει</span> <span class='ocrx_word' id='word_1_101' title='bbox 645 684 750 719; x_wconf 85' lang='grc' dir='ltr'>Γάρμῳ</span> <span class='ocrx_word' id='word_1_102' title='bbox 765 691 852 718; x_wconf 83' lang='grc' dir='ltr'>παρα-</span> 
     </span>
    </p>
   </div>
   <div class='ocr_carea' id='block_1_17' title="bbox 54 728 852 767">
    <p class='ocr_par' dir='ltr' id='par_1_17' title="bbox 54 728 852 767">
     <span class='ocr_line' id='line_1_17' title="bbox 54 728 852 767; baseline -0.006 -8"><span class='ocrx_word' id='word_1_103' title='bbox 54 733 163 767; x_wconf 80' lang='grc' dir='ltr'>μύοιον.</span> <span class='ocrx_word' id='word_1_104' title='bbox 178 731 331 766; x_wconf 78' lang='grc' dir='ltr'>Φεύγοντες</span> <span class='ocrx_word' id='word_1_105' title='bbox 342 731 371 758; x_wconf 82' lang='grc' dir='ltr'><strong>δὲ</strong></span> <span class='ocrx_word' id='word_1_106' title='bbox 383 730 408 757; x_wconf 87' lang='grc' dir='ltr'><strong>οι</strong></span> <span class='ocrx_word' id='word_1_107' title='bbox 425 731 491 766; x_wconf 79' lang='grc' dir='ltr'>περὶ</span> <span class='ocrx_word' id='word_1_108' title='bbox 512 730 643 766; x_wconf 80' lang='grc' dir='ltr'>Ῥοδὰνην</span> <span class='ocrx_word' id='word_1_109' title='bbox 670 728 852 764; x_wconf 81' lang='grc' dir='ltr'>ἐντυγχάνου-</span> 
     </span>
    </p>
   </div>
   <div class='ocr_carea' id='block_1_18' title="bbox 54 773 852 810">
    <p class='ocr_par' dir='ltr' id='par_1_18' title="bbox 54 773 852 810">
     <span class='ocr_line' id='line_1_18' title="bbox 54 773 852 810; baseline -0.004 -9"><span class='ocrx_word' id='word_1_110' title='bbox 54 779 95 801; x_wconf 72' lang='grc' dir='ltr'><strong>σιν</strong></span> <span class='ocrx_word' id='word_1_111' title='bbox 107 776 156 801; x_wconf 77' lang='grc' dir='ltr'>ἐπὶ</span> <span class='ocrx_word' id='word_1_112' title='bbox 165 775 292 809; x_wconf 59' lang='lat' dir='ltr'><strong>uoltiqu</strong></span> <span class='ocrx_word' id='word_1_113' title='bbox 308 774 374 810; x_wconf 85' lang='grc' dir='ltr'><strong>γραῖ</strong></span> <span class='ocrx_word' id='word_1_114' title='bbox 396 783 450 801; x_wconf 80' lang='grc' dir='ltr'>τινι</span> <span class='ocrx_word' id='word_1_115' title='bbox 463 774 586 808; x_wconf 77' lang='grc' dir='ltr'>γυναικὶ,</span> <span class='ocrx_word' id='word_1_116' title='bbox 612 773 660 801; x_wconf 71' lang='grc' dir='ltr'>καὶ</span> <span class='ocrx_word' id='word_1_117' title='bbox 683 774 852 808; x_wconf 82' lang='grc' dir='ltr'>κρύπτονται</span> 
     </span>
    </p>
   </div>
   <div class='ocr_carea' id='block_1_19' title="bbox 54 817 852 856">
    <p class='ocr_par' dir='ltr' id='par_1_19' title="bbox 54 817 852 856">
     <span class='ocr_line' id='line_1_19' title="bbox 54 817 852 856; baseline -0.005 -8"><span class='ocrx_word' id='word_1_118' title='bbox 54 822 98 848; x_wconf 78' lang='grc' dir='ltr'><strong>ὑπ’</strong></span> <span class='ocrx_word' id='word_1_119' title='bbox 114 821 209 856; x_wconf 74' lang='grc' dir='ltr'>ἄντρῳ</span> <span class='ocrx_word' id='word_1_120' title='bbox 221 820 256 853; x_wconf 76' lang='grc'><strong>⁸⁸,</strong></span> <span class='ocrx_word' id='word_1_121' title='bbox 278 820 292 846; x_wconf 80' lang='grc' dir='ltr'><strong>ὃ</strong></span> <span class='ocrx_word' id='word_1_122' title='bbox 307 820 493 855; x_wconf 71' lang='grc' dir='ltr'>διαμπερέςυ</span> <span class='ocrx_word' id='word_1_123' title='bbox 522 818 557 855; x_wconf 79' lang='grc' dir='ltr'>ἦν</span> <span class='ocrx_word' id='word_1_124' title='bbox 585 819 780 854; x_wconf 77' lang='grc' dir='ltr'><strong>ὀρωρυγμένον</strong></span> <span class='ocrx_word' id='word_1_125' title='bbox 805 817 852 845; x_wconf 75' lang='grc' dir='ltr'>ἐπὶ</span> 
     </span>
    </p>
   </div>
   <div class='ocr_carea' id='block_1_20' title="bbox 56 864 851 902">
    <p class='ocr_par' dir='ltr' id='par_1_20' title="bbox 56 864 851 902">
     <span class='ocr_line' id='line_1_20' title="bbox 56 864 851 902; baseline -0.005 -8"><span class='ocrx_word' id='word_1_126' title='bbox 56 867 180 899; x_wconf 75' lang='grc' dir='ltr'>σταδίους</span> <span class='ocrx_word' id='word_1_127' title='bbox 194 867 345 901; x_wconf 79' lang='grc' dir='ltr'>τριάκοντα</span> <span class='ocrx_word' id='word_1_128' title='bbox 359 873 365 880; x_wconf 91' lang='grc'>·</span> <span class='ocrx_word' id='word_1_129' title='bbox 380 865 471 902; x_wconf 82' lang='grc' dir='ltr'><strong>λόχμῃ</strong></span> <span class='ocrx_word' id='word_1_130' title='bbox 492 865 521 892; x_wconf 76' lang='grc' dir='ltr'><strong>δὲ</strong></span> <span class='ocrx_word' id='word_1_131' title='bbox 546 865 578 892; x_wconf 78' lang='grc' dir='ltr'>τὸ</span> <span class='ocrx_word' id='word_1_132' title='bbox 598 865 686 900; x_wconf 83' lang='grc' dir='ltr'>στόμα</span> <span class='ocrx_word' id='word_1_133' title='bbox 709 864 851 890; x_wconf 75' lang='grc' dir='ltr'>ἐϐέϐυστο.</span> 
     </span>
    </p>
   </div>
   <div class='ocr_carea' id='block_1_21' title="bbox 55 908 853 946">
    <p class='ocr_par' dir='ltr' id='par_1_21' title="bbox 55 908 853 946">
     <span class='ocr_line' id='line_1_21' title="bbox 55 908 853 946; baseline -0.006 -7"><span class='ocrx_word' id='word_1_134' title='bbox 55 913 109 940; x_wconf 72' lang='grc' dir='ltr'><strong>Καὶ</strong></span> <span class='ocrx_word' id='word_1_135' title='bbox 125 912 230 946; x_wconf 77' lang='grc' dir='ltr'>οἱπερὶ</span> <span class='ocrx_word' id='word_1_136' title='bbox 244 911 291 938; x_wconf 80' lang='grc' dir='ltr'>τὸν</span> <span class='ocrx_word' id='word_1_137' title='bbox 309 911 404 946; x_wconf 74' lang='grc' dir='ltr'>Δαμαν</span> <span class='ocrx_word' id='word_1_138' title='bbox 415 910 587 944; x_wconf 82' lang='grc' dir='ltr'>ἐφίστανται,</span> <span class='ocrx_word' id='word_1_139' title='bbox 606 909 660 943; x_wconf 60' lang='grc' dir='ltr'>,καὶ</span> <span class='ocrx_word' id='word_1_140' title='bbox 676 908 853 944; x_wconf 75' lang='grc' dir='ltr'><strong>ἀνακρίνεται</strong></span> 
     </span>
    </p>
   </div>
   <div class='ocr_carea' id='block_1_22' title="bbox 56 954 854 994">
    <p class='ocr_par' dir='ltr' id='par_1_22' title="bbox 56 954 854 994">
     <span class='ocr_line' id='line_1_22' title="bbox 56 954 854 994; baseline -0.008 -8"><span class='ocrx_word' id='word_1_141' title='bbox 56 961 72 994; x_wconf 79' lang='grc' dir='ltr'>ἡ</span> <span class='ocrx_word' id='word_1_142' title='bbox 85 959 187 994; x_wconf 71' lang='grc' dir='ltr'>γραῦς,</span> <span class='ocrx_word' id='word_1_143' title='bbox 200 959 249 984; x_wconf 72' lang='grc' dir='ltr'>καὶ</span> <span class='ocrx_word' id='word_1_144' title='bbox 262 957 340 993; x_wconf 81' lang='grc' dir='ltr'>ξίφος</span> <span class='ocrx_word' id='word_1_145' title='bbox 353 957 459 991; x_wconf 69' lang='grc' dir='ltr'>γυμνὸν</span> <span class='ocrx_word' id='word_1_146' title='bbox 485 955 578 983; x_wconf 72' lang='grc' dir='ltr'>ἰδοῦσα</span> <span class='ocrx_word' id='word_1_147' title='bbox 603 955 743 990; x_wconf 78' lang='grc' dir='ltr'>ἐξέψυξεν.</span> <span class='ocrx_word' id='word_1_148' title='bbox 771 955 801 981; x_wconf 82' lang='grc' dir='ltr'><strong>Οἱ</strong></span> <span class='ocrx_word' id='word_1_149' title='bbox 825 954 854 981; x_wconf 84' lang='grc' dir='ltr'><strong>δὲ</strong></span> 
     </span>
    </p>
   </div>
   <div class='ocr_carea' id='block_1_23' title="bbox 56 1000 853 1038">
    <p class='ocr_par' dir='ltr' id='par_1_23' title="bbox 56 1000 853 1038">
     <span class='ocr_line' id='line_1_23' title="bbox 56 1000 853 1038; baseline -0.009 -5"><span class='ocrx_word' id='word_1_150' title='bbox 56 1006 102 1033; x_wconf 74' lang='grc' dir='ltr'>τοῦ</span> <span class='ocrx_word' id='word_1_151' title='bbox 115 1005 260 1036; x_wconf 82' lang='grc' dir='ltr'>Ῥοδάνους</span> <span class='ocrx_word' id='word_1_152' title='bbox 269 1005 349 1031; x_wconf 73' lang='grc' dir='ltr'>ἵπποι</span> <span class='ocrx_word' id='word_1_153' title='bbox 359 1004 407 1030; x_wconf 72' lang='grc' dir='ltr'>καὶ</span> <span class='ocrx_word' id='word_1_154' title='bbox 415 1005 464 1038; x_wconf 84' lang='grc' dir='ltr'>τῆς</span> <span class='ocrx_word' id='word_1_155' title='bbox 473 1002 625 1035; x_wconf 85' lang='grc' dir='ltr'>Σινωνίδος,</span> <span class='ocrx_word' id='word_1_156' title='bbox 634 1000 674 1033; x_wconf 80' lang='grc' dir='ltr'>οἷς</span> <span class='ocrx_word' id='word_1_157' title='bbox 685 1001 853 1036; x_wconf 84' lang='grc' dir='ltr'>ἐπωχοῦντο,</span> 
     </span>
    </p>
   </div>
   <div class='ocr_carea' id='block_1_24' title="bbox 58 1047 855 1087">
    <p class='ocr_par' dir='ltr' id='par_1_24' title="bbox 58 1047 855 1087">
     <span class='ocr_line' id='line_1_24' title="bbox 58 1047 855 1087; baseline -0.008 -8"><span class='ocrx_word' id='word_1_158' title='bbox 58 1052 308 1087; x_wconf 61' lang='grc' dir='ltr'>συὼμὸἀνονται.</span> <span class='ocrx_word' id='word_1_159' title='bbox 323 1050 377 1076; x_wconf 76' lang='grc' dir='ltr'><strong>Καὶ</strong></span> <span class='ocrx_word' id='word_1_160' title='bbox 392 1049 622 1084; x_wconf 82' lang='grc' dir='ltr'>περικαθίσταται</span> <span class='ocrx_word' id='word_1_161' title='bbox 636 1048 658 1064; x_wconf 74' lang='grc'><strong>⁸⁸</strong></span> <span class='ocrx_word' id='word_1_162' title='bbox 683 1047 799 1083; x_wconf 73' lang='grc' dir='ltr'>στρατὸς</span> <span class='ocrx_word' id='word_1_163' title='bbox 824 1047 855 1073; x_wconf 80' lang='grc' dir='ltr'><strong>τὸ</strong></span> 
     </span>
    </p>
   </div>
   <div class='ocr_carea' id='block_1_25' title="bbox 57 1093 854 1135">
    <p class='ocr_par' dir='ltr' id='par_1_25' title="bbox 57 1093 854 1135">
     <span class='ocr_line' id='line_1_25' title="bbox 57 1093 854 1135; baseline -0.008 -10"><span class='ocrx_word' id='word_1_164' title='bbox 57 1099 158 1135; x_wconf 80' lang='grc' dir='ltr'>χωρίον</span> <span class='ocrx_word' id='word_1_165' title='bbox 184 1094 252 1132; x_wconf 81' lang='grc' dir='ltr'>ἐνῷ</span> <span class='ocrx_word' id='word_1_166' title='bbox 269 1096 382 1127; x_wconf 76' lang='grc' dir='ltr'>Σινωνὶς</span> <span class='ocrx_word' id='word_1_167' title='bbox 409 1096 456 1122; x_wconf 68' lang='grc' dir='ltr'>καὶ</span> <span class='ocrx_word' id='word_1_168' title='bbox 489 1095 618 1130; x_wconf 84' lang='grc' dir='ltr'>Ῥοδάνης</span> <span class='ocrx_word' id='word_1_169' title='bbox 645 1093 854 1129; x_wconf 83' lang='grc' dir='ltr'><strong>ἀπεκρύπτετο,</strong></span> 
     </span>
    </p>
   </div>
   <div class='ocr_carea' id='block_1_26' title="bbox 57 1140 856 1180">
    <p class='ocr_par' dir='ltr' id='par_1_26' title="bbox 57 1140 856 1180">
     <span class='ocr_line' id='line_1_26' title="bbox 57 1140 856 1180; baseline -0.006 -9"><span class='ocrx_word' id='word_1_170' title='bbox 57 1145 107 1171; x_wconf 72' lang='grc' dir='ltr'>καὶ</span> <span class='ocrx_word' id='word_1_171' title='bbox 120 1142 352 1180; x_wconf 75' lang='grc' dir='ltr'>καταρρήγνυται</span> <span class='ocrx_word' id='word_1_172' title='bbox 365 1150 439 1173; x_wconf 88' lang='grc' dir='ltr'>τινος</span> <span class='ocrx_word' id='word_1_173' title='bbox 453 1141 508 1168; x_wconf 83' lang='grc' dir='ltr'>τῶν</span> <span class='ocrx_word' id='word_1_174' title='bbox 533 1140 690 1177; x_wconf 82' lang='grc' dir='ltr'>περιπόλων</span> <span class='ocrx_word' id='word_1_175' title='bbox 713 1140 798 1172; x_wconf 71' lang='grc' dir='ltr'>ἀσπὶς</span> <span class='ocrx_word' id='word_1_176' title='bbox 823 1141 856 1167; x_wconf 85' lang='grc' dir='ltr'><strong>ἐκ</strong></span> 
     </span>
    </p>
   </div>
   <div class='ocr_carea' id='block_1_27' title="bbox 57 1183 856 1224">
    <p class='ocr_par' dir='ltr' id='par_1_27' title="bbox 57 1183 856 1224">
     <span class='ocr_line' id='line_1_27' title="bbox 57 1183 856 1224; baseline -0.008 -8"><span class='ocrx_word' id='word_1_177' title='bbox 57 1189 160 1224; x_wconf 79' lang='grc' dir='ltr'>χαλκοῦ</span> <span class='ocrx_word' id='word_1_178' title='bbox 175 1188 222 1215; x_wconf 79' lang='grc' dir='ltr'>τοῦ</span> <span class='ocrx_word' id='word_1_179' title='bbox 235 1187 394 1222; x_wconf 79' lang='grc' dir='ltr'>ὀρύγματος</span> <span class='ocrx_word' id='word_1_180' title='bbox 408 1184 540 1221; x_wconf 74' lang='grc' dir='ltr'>ὕπερθεν,</span> <span class='ocrx_word' id='word_1_181' title='bbox 555 1185 603 1211; x_wconf 81' lang='grc' dir='ltr'>καὶ</span> <span class='ocrx_word' id='word_1_182' title='bbox 623 1184 662 1220; x_wconf 83' lang='grc' dir='ltr'><strong>τῷ</strong></span> <span class='ocrx_word' id='word_1_183' title='bbox 676 1185 794 1220; x_wconf 82' lang='grc' dir='ltr'><strong>διακένῳ</strong></span> <span class='ocrx_word' id='word_1_184' title='bbox 807 1183 856 1210; x_wconf 77' lang='grc' dir='ltr'><strong>τοῦ</strong></span> 
     </span>
    </p>
   </div>
   <div class='ocr_carea' id='block_1_28' title="bbox 58 1230 856 1270">
    <p class='ocr_par' dir='ltr' id='par_1_28' title="bbox 58 1230 856 1270">
     <span class='ocr_line' id='line_1_28' title="bbox 58 1230 856 1270; baseline -0.005 -9"><span class='ocrx_word' id='word_1_185' title='bbox 58 1236 125 1270; x_wconf 76' lang='grc' dir='ltr'>ἡχου</span> <span class='ocrx_word' id='word_1_186' title='bbox 141 1234 197 1261; x_wconf 85' lang='grc' dir='ltr'>τῶν</span> <span class='ocrx_word' id='word_1_187' title='bbox 209 1232 412 1268; x_wconf 75' lang='grc' dir='ltr'><strong>κεκρυμμένων</strong></span> <span class='ocrx_word' id='word_1_188' title='bbox 435 1232 551 1267; x_wconf 81' lang='grc' dir='ltr'>μήνυσις</span> <span class='ocrx_word' id='word_1_189' title='bbox 570 1230 686 1266; x_wconf 85' lang='grc' dir='ltr'>γίνεται,</span> <span class='ocrx_word' id='word_1_190' title='bbox 705 1231 753 1257; x_wconf 73' lang='grc' dir='ltr'>καὶ</span> <span class='ocrx_word' id='word_1_191' title='bbox 775 1239 856 1266; x_wconf 83' lang='grc' dir='ltr'>περι-</span> 
     </span>
    </p>
   </div>
   <div class='ocr_carea' id='block_1_29' title="bbox 59 1275 858 1316">
    <p class='ocr_par' dir='ltr' id='par_1_29' title="bbox 59 1275 858 1316">
     <span class='ocr_line' id='line_1_29' title="bbox 59 1275 858 1316; baseline -0.006 -9"><span class='ocrx_word' id='word_1_192' title='bbox 59 1280 209 1316; x_wconf 80' lang='grc' dir='ltr'>ορύσσεται</span> <span class='ocrx_word' id='word_1_193' title='bbox 219 1279 251 1306; x_wconf 69' lang='grc' dir='ltr'><strong>τὸ</strong></span> <span class='ocrx_word' id='word_1_194' title='bbox 265 1279 386 1314; x_wconf 78' lang='grc' dir='ltr'>ὄρυγμα,</span> <span class='ocrx_word' id='word_1_195' title='bbox 402 1278 450 1304; x_wconf 80' lang='grc' dir='ltr'>καὶ</span> <span class='ocrx_word' id='word_1_196' title='bbox 465 1275 658 1311; x_wconf 83' lang='grc' dir='ltr'>πάνταΔάμας</span> <span class='ocrx_word' id='word_1_197' title='bbox 667 1277 726 1312; x_wconf 80' lang='grc' dir='ltr'>βοᾷ.</span> <span class='ocrx_word' id='word_1_198' title='bbox 745 1276 800 1303; x_wconf 81' lang='grc' dir='ltr'><strong>Καὶ</strong></span> <span class='ocrx_word' id='word_1_199' title='bbox 816 1276 858 1310; x_wconf 88' lang='grc' dir='ltr'>γί-</span> 
     </span>
    </p>
   </div>
   <div class='ocr_carea' id='block_1_30' title="bbox 59 1322 858 1359">
    <p class='ocr_par' dir='ltr' id='par_1_30' title="bbox 59 1322 858 1359">
     <span class='ocr_line' id='line_1_30' title="bbox 59 1322 858 1359; baseline -0.006 -6"><span class='ocrx_word' id='word_1_200' title='bbox 59 1335 136 1353; x_wconf 78' lang='grc' dir='ltr'>νεται</span> <span class='ocrx_word' id='word_1_201' title='bbox 150 1327 208 1356; x_wconf 80' lang='grc' dir='ltr'>τοῖς</span> <span class='ocrx_word' id='word_1_202' title='bbox 219 1325 294 1351; x_wconf 79' lang='grc' dir='ltr'>ἐνδον</span> <span class='ocrx_word' id='word_1_203' title='bbox 304 1323 491 1359; x_wconf 82' lang='grc' dir='ltr'>συναίσθησις,</span> <span class='ocrx_word' id='word_1_204' title='bbox 505 1323 554 1350; x_wconf 77' lang='grc' dir='ltr'>καὶ</span> <span class='ocrx_word' id='word_1_205' title='bbox 570 1322 719 1357; x_wconf 79' lang='grc' dir='ltr'>φεύγουσιν</span> <span class='ocrx_word' id='word_1_206' title='bbox 732 1323 785 1349; x_wconf 79' lang='grc' dir='ltr'>ὑπὸ</span> <span class='ocrx_word' id='word_1_207' title='bbox 800 1323 858 1354; x_wconf 78' lang='grc' dir='ltr'>τοῖς</span> 
     </span>
    </p>
   </div>
   <div class='ocr_carea' id='block_1_31' title="bbox 59 1367 859 1407">
    <p class='ocr_par' dir='ltr' id='par_1_31' title="bbox 59 1367 859 1407">
     <span class='ocr_line' id='line_1_31' title="bbox 59 1367 859 1407; baseline -0.006 -8"><span class='ocrx_word' id='word_1_208' title='bbox 59 1372 107 1399; x_wconf 80' lang='grc' dir='ltr'>τοῦ</span> <span class='ocrx_word' id='word_1_209' title='bbox 123 1372 225 1407; x_wconf 67' lang='grc' dir='ltr'>ἄντρου</span> <span class='ocrx_word' id='word_1_210' title='bbox 255 1371 353 1405; x_wconf 82' lang='grc' dir='ltr'>μυχοῖς</span> <span class='ocrx_word' id='word_1_211' title='bbox 366 1370 403 1403; x_wconf 70' lang='grc'>⁸⁸³,</span> <span class='ocrx_word' id='word_1_212' title='bbox 418 1370 466 1396; x_wconf 81' lang='grc' dir='ltr'>καὶ</span> <span class='ocrx_word' id='word_1_213' title='bbox 489 1368 684 1395; x_wconf 83' lang='grc' dir='ltr'>διεκπίπτουσι</span> <span class='ocrx_word' id='word_1_214' title='bbox 714 1368 783 1404; x_wconf 80' lang='grc' dir='ltr'>πρὸς</span> <span class='ocrx_word' id='word_1_215' title='bbox 809 1367 859 1403; x_wconf 84' lang='grc' dir='ltr'>τὴν</span> 
     </span>
    </p>
   </div>
   <div class='ocr_carea' id='block_1_32' title="bbox 59 1413 859 1454">
    <p class='ocr_par' dir='ltr' id='par_1_32' title="bbox 59 1413 859 1454">
     <span class='ocr_line' id='line_1_32' title="bbox 59 1413 859 1454; baseline -0.008 -9"><span class='ocrx_word' id='word_1_216' title='bbox 59 1418 162 1454; x_wconf 85' lang='grc' dir='ltr'>ἐτέραν</span> <span class='ocrx_word' id='word_1_217' title='bbox 176 1416 261 1444; x_wconf 78' lang='grc' dir='ltr'>αὑτοῦ</span> <span class='ocrx_word' id='word_1_218' title='bbox 272 1416 354 1452; x_wconf 80' lang='grc' dir='ltr'>ὀπήν.</span> <span class='ocrx_word' id='word_1_219' title='bbox 377 1415 433 1442; x_wconf 77' lang='grc' dir='ltr'><strong>Καὶ</strong></span> <span class='ocrx_word' id='word_1_220' title='bbox 452 1414 587 1450; x_wconf 79' lang='grc' dir='ltr'>μελιττῶν</span> <span class='ocrx_word' id='word_1_221' title='bbox 602 1414 626 1430; x_wconf 84' lang='lat'><strong>&#39;°</strong></span> <span class='ocrx_word' id='word_1_222' title='bbox 646 1413 751 1448; x_wconf 82' lang='grc' dir='ltr'>ἀγρίων</span> <span class='ocrx_word' id='word_1_223' title='bbox 768 1414 859 1449; x_wconf 82' lang='grc' dir='ltr'>σμήνη</span> 
     </span>
    </p>
   </div>
   <div class='ocr_carea' id='block_1_33' title="bbox 57 1459 859 1496">
    <p class='ocr_par' dir='ltr' id='par_1_33' title="bbox 57 1459 859 1496">
     <span class='ocr_line' id='line_1_33' title="bbox 57 1459 859 1496; baseline -0.009 -5"><span class='ocrx_word' id='word_1_224' title='bbox 57 1463 171 1491; x_wconf 73' lang='grc' dir='ltr'>ἰκεῖοεν</span> <span class='ocrx_word' id='word_1_225' title='bbox 190 1462 239 1489; x_wconf 70' lang='grc' dir='ltr'>ἐπὶ</span> <span class='ocrx_word' id='word_1_226' title='bbox 251 1462 316 1492; x_wconf 83' lang='grc' dir='ltr'>τοὺς</span> <span class='ocrx_word' id='word_1_227' title='bbox 341 1460 508 1496; x_wconf 80' lang='grc' dir='ltr'>ὀρύσσοντας</span> <span class='ocrx_word' id='word_1_228' title='bbox 522 1460 666 1495; x_wconf 79' lang='grc' dir='ltr'>τρέπεται,</span> <span class='ocrx_word' id='word_1_229' title='bbox 684 1459 819 1494; x_wconf 75' lang='grc' dir='ltr'>καταρρεῖ</span> <span class='ocrx_word' id='word_1_230' title='bbox 830 1459 859 1484; x_wconf 84' lang='grc' dir='ltr'><strong>δὲ</strong></span> 
     </span>
    </p>
   </div>
   <div class='ocr_carea' id='block_1_34' title="bbox 63 1505 895 1554">
    <p class='ocr_par' dir='ltr' id='par_1_34' title="bbox 63 1505 895 1554">
     <span class='ocr_line' id='line_1_34' title="bbox 63 1505 895 1554; baseline -0.007 -17"><span class='ocrx_word' id='word_1_231' title='bbox 63 1510 112 1537; x_wconf 67' lang='grc' dir='ltr'>τοῦ</span> <span class='ocrx_word' id='word_1_232' title='bbox 129 1509 239 1545; x_wconf 71' lang='grc' dir='ltr'>μέλιτος</span> <span class='ocrx_word' id='word_1_233' title='bbox 256 1507 304 1534; x_wconf 71' lang='grc' dir='ltr'>καὶ</span> <span class='ocrx_word' id='word_1_234' title='bbox 318 1507 366 1534; x_wconf 75' lang='grc' dir='ltr'>ἐπὶ</span> <span class='ocrx_word' id='word_1_235' title='bbox 378 1507 441 1538; x_wconf 76' lang='grc' dir='ltr'>τοὺς</span> <span class='ocrx_word' id='word_1_236' title='bbox 454 1506 605 1541; x_wconf 82' lang='grc' dir='ltr'>φεύγοντας</span> <span class='ocrx_word' id='word_1_237' title='bbox 622 1513 630 1522; x_wconf 74' lang='grc'><strong><em>⁸</em></strong></span> <span class='ocrx_word' id='word_1_238' title='bbox 647 1506 675 1532; x_wconf 79' lang='grc' dir='ltr'>αἱ</span> <span class='ocrx_word' id='word_1_239' title='bbox 688 1505 716 1532; x_wconf 78' lang='grc' dir='ltr'><strong>δὲ</strong></span> <span class='ocrx_word' id='word_1_240' title='bbox 732 1505 859 1540; x_wconf 81' lang='grc' dir='ltr'>μέλισσαι</span> <span class='ocrx_word' id='word_1_241' title='bbox 874 1526 895 1554; x_wconf 74' lang='lat' dir='ltr'>c</span> 
     </span>
    </p>
   </div>
   <div class='ocr_carea' id='block_1_35' title="bbox 64 1552 859 1591">
    <p class='ocr_par' dir='ltr' id='par_1_35' title="bbox 64 1552 859 1591">
     <span class='ocr_line' id='line_1_35' title="bbox 64 1552 859 1591; baseline -0.008 -8"><span class='ocrx_word' id='word_1_242' title='bbox 64 1557 160 1584; x_wconf 68' lang='grc' dir='ltr'>καιτὸ</span> <span class='ocrx_word' id='word_1_243' title='bbox 176 1555 240 1591; x_wconf 80' lang='grc' dir='ltr'>μέλι</span> <span class='ocrx_word' id='word_1_244' title='bbox 252 1554 282 1587; x_wconf 77' lang='grc' dir='ltr'>ἐξ</span> <span class='ocrx_word' id='word_1_245' title='bbox 298 1553 422 1589; x_wconf 75' lang='grc' dir='ltr'>ἑρπετῶν</span> <span class='ocrx_word' id='word_1_246' title='bbox 446 1552 716 1588; x_wconf 81' lang='grc' dir='ltr'>πεφαρμακευμέναι</span> <span class='ocrx_word' id='word_1_247' title='bbox 743 1552 859 1587; x_wconf 79' lang='grc' dir='ltr'>τροφῆς,</span> 
     </span>
    </p>
   </div>
   <div class='ocr_carea' id='block_1_36' title="bbox 64 1597 861 1636">
    <p class='ocr_par' dir='ltr' id='par_1_36' title="bbox 64 1597 861 1636">
     <span class='ocr_line' id='line_1_36' title="bbox 64 1597 861 1636; baseline -0.005 -9"><span class='ocrx_word' id='word_1_248' title='bbox 64 1602 96 1628; x_wconf 87' lang='grc' dir='ltr'>αἱ</span> <span class='ocrx_word' id='word_1_249' title='bbox 114 1601 163 1636; x_wconf 77' lang='grc' dir='ltr'><strong>μὲν</strong></span> <span class='ocrx_word' id='word_1_250' title='bbox 177 1600 330 1636; x_wconf 80' lang='grc' dir='ltr'>κρούσασαι</span> <span class='ocrx_word' id='word_1_251' title='bbox 343 1599 363 1614; x_wconf 85' lang='grc'><strong>⁷¹</strong></span> <span class='ocrx_word' id='word_1_252' title='bbox 376 1598 439 1630; x_wconf 78' lang='grc' dir='ltr'>τοὺς</span> <span class='ocrx_word' id='word_1_253' title='bbox 455 1599 501 1624; x_wconf 70' lang='grc' dir='ltr'>ἐπὶ</span> <span class='ocrx_word' id='word_1_254' title='bbox 515 1598 546 1624; x_wconf 78' lang='grc' dir='ltr'>τὸ</span> <span class='ocrx_word' id='word_1_255' title='bbox 559 1597 670 1633; x_wconf 73' lang='grc' dir='ltr'>ὄρυγμα</span> <span class='ocrx_word' id='word_1_256' title='bbox 684 1597 861 1633; x_wconf 75' lang='grc' dir='ltr'>ἠκρωτηρία-</span> 
     </span>
    </p>
   </div>
   <div class='ocr_carea' id='block_1_37' title="bbox 65 1642 861 1679">
    <p class='ocr_par' dir='ltr' id='par_1_37' title="bbox 65 1642 861 1679">
     <span class='ocr_line' id='line_1_37' title="bbox 65 1642 861 1679; baseline -0.006 -5"><span class='ocrx_word' id='word_1_257' title='bbox 65 1648 126 1679; x_wconf 81' lang='grc' dir='ltr'>ζον,</span> <span class='ocrx_word' id='word_1_258' title='bbox 143 1646 190 1678; x_wconf 59' lang='grc' dir='ltr'>οὓς</span> <span class='ocrx_word' id='word_1_259' title='bbox 204 1645 235 1672; x_wconf 86' lang='grc' dir='ltr'><strong>δέ</strong></span> <span class='ocrx_word' id='word_1_260' title='bbox 247 1645 295 1672; x_wconf 76' lang='grc' dir='ltr'><strong>καὶ</strong></span> <span class='ocrx_word' id='word_1_261' title='bbox 309 1644 541 1679; x_wconf 82' lang='grc' dir='ltr'>ἀπέκτειναν.Τῷ</span> <span class='ocrx_word' id='word_1_262' title='bbox 554 1644 582 1670; x_wconf 86' lang='grc' dir='ltr'><strong>δέ</strong></span> <span class='ocrx_word' id='word_1_263' title='bbox 593 1642 666 1679; x_wconf 88' lang='grc' dir='ltr'><strong>λιμῷ</strong></span> <span class='ocrx_word' id='word_1_264' title='bbox 679 1643 861 1679; x_wconf 87' lang='grc' dir='ltr'>κρατούμενοι</span> 
     </span>
    </p>
   </div>
   <div class='ocr_carea' id='block_1_38' title="bbox 64 1687 862 1727">
    <p class='ocr_par' dir='ltr' id='par_1_38' title="bbox 64 1687 862 1727">
     <span class='ocr_line' id='line_1_38' title="bbox 64 1687 862 1727; baseline -0.008 -8"><span class='ocrx_word' id='word_1_265' title='bbox 64 1693 93 1719; x_wconf 74' lang='grc' dir='ltr'>οἱ</span> <span class='ocrx_word' id='word_1_266' title='bbox 106 1700 142 1718; x_wconf 87' lang='grc' dir='ltr'><strong>πε</strong></span> <span class='ocrx_word' id='word_1_267' title='bbox 148 1692 172 1727; x_wconf 67' lang='grc' dir='ltr'><strong>εὶ</strong></span> <span class='ocrx_word' id='word_1_268' title='bbox 192 1690 320 1724; x_wconf 77' lang='grc' dir='ltr'>Ῥοδὰνην</span> <span class='ocrx_word' id='word_1_269' title='bbox 331 1689 579 1724; x_wconf 82' lang='grc' dir='ltr'>διαλιχμησάμενοι</span> <span class='ocrx_word' id='word_1_270' title='bbox 591 1688 624 1722; x_wconf 80' lang='grc'><strong>⁷³,</strong></span> <span class='ocrx_word' id='word_1_271' title='bbox 640 1687 745 1719; x_wconf 81' lang='grc' dir='ltr'>καὶτὰς</span> <span class='ocrx_word' id='word_1_272' title='bbox 761 1687 862 1722; x_wconf 84' lang='grc' dir='ltr'>γαστέ-</span> 
     </span>
    </p>
   </div>
   <div class='ocr_carea' id='block_1_39' title="bbox 68 1733 862 1773">
    <p class='ocr_par' dir='ltr' id='par_1_39' title="bbox 68 1733 862 1773">
     <span class='ocr_line' id='line_1_39' title="bbox 68 1733 862 1773; baseline -0.006 -9"><span class='ocrx_word' id='word_1_273' title='bbox 68 1747 120 1773; x_wconf 79' lang='grc' dir='ltr'><strong>ρας</strong></span> <span class='ocrx_word' id='word_1_274' title='bbox 138 1735 341 1773; x_wconf 77' lang='grc' dir='ltr'>κεταῤῥυέντες</span> <span class='ocrx_word' id='word_1_275' title='bbox 355 1735 391 1768; x_wconf 86' lang='grc'><strong>⁷³,</strong></span> <span class='ocrx_word' id='word_1_276' title='bbox 403 1735 536 1762; x_wconf 72' lang='grc' dir='ltr'>πίπτουσι</span> <span class='ocrx_word' id='word_1_277' title='bbox 552 1733 630 1769; x_wconf 87' lang='grc' dir='ltr'>παρὰ</span> <span class='ocrx_word' id='word_1_278' title='bbox 651 1733 700 1769; x_wconf 85' lang='grc' dir='ltr'>τὴν</span> <span class='ocrx_word' id='word_1_279' title='bbox 726 1733 784 1760; x_wconf 78' lang='grc' dir='ltr'><strong>ὁδὸν</strong></span> <span class='ocrx_word' id='word_1_280' title='bbox 795 1733 862 1759; x_wconf 79' lang='grc' dir='ltr'>ὡσεὶ</span> 
     </span>
    </p>
   </div>
   <div class='ocr_carea' id='block_1_40' title="bbox 67 1777 864 1818">
    <p class='ocr_par' dir='ltr' id='par_1_40' title="bbox 67 1777 864 1818">
     <span class='ocr_line' id='line_1_40' title="bbox 67 1777 864 1818; baseline -0.008 -9"><span class='ocrx_word' id='word_1_281' title='bbox 67 1782 339 1818; x_wconf 76' lang='grc' dir='ltr'>νεκροί.Φεύγουσιν</span> <span class='ocrx_word' id='word_1_282' title='bbox 356 1781 371 1807; x_wconf 90' lang='grc' dir='ltr'><strong>ό</strong></span> <span class='ocrx_word' id='word_1_283' title='bbox 394 1779 509 1815; x_wconf 82' lang='grc' dir='ltr'>στρατὸς</span> <span class='ocrx_word' id='word_1_284' title='bbox 531 1778 571 1814; x_wconf 85' lang='grc' dir='ltr'>τῷ</span> <span class='ocrx_word' id='word_1_285' title='bbox 586 1778 641 1805; x_wconf 84' lang='grc' dir='ltr'>τῶν</span> <span class='ocrx_word' id='word_1_286' title='bbox 655 1777 791 1813; x_wconf 85' lang='grc' dir='ltr'>μελισσῶν</span> <span class='ocrx_word' id='word_1_287' title='bbox 818 1786 864 1804; x_wconf 89' lang='grc' dir='ltr'>πο-</span> 
     </span>
    </p>
   </div>
   <div class='ocr_carea' id='block_1_41' title="bbox 67 1824 864 1864">
    <p class='ocr_par' dir='ltr' id='par_1_41' title="bbox 67 1824 864 1864">
     <span class='ocr_line' id='line_1_41' title="bbox 67 1824 864 1864; baseline -0.006 -9"><span class='ocrx_word' id='word_1_288' title='bbox 67 1829 148 1864; x_wconf 77' lang='grc' dir='ltr'>λέμῳ</span> <span class='ocrx_word' id='word_1_289' title='bbox 180 1827 354 1862; x_wconf 67' lang='grc' dir='ltr'>πονούμενοι,</span> <span class='ocrx_word' id='word_1_290' title='bbox 374 1826 422 1853; x_wconf 73' lang='grc' dir='ltr'>καὶ</span> <span class='ocrx_word' id='word_1_291' title='bbox 451 1826 515 1857; x_wconf 78' lang='grc' dir='ltr'>τοὺς</span> <span class='ocrx_word' id='word_1_292' title='bbox 539 1825 605 1861; x_wconf 71' lang='grc' dir='ltr'>περὶ</span> <span class='ocrx_word' id='word_1_293' title='bbox 638 1824 767 1860; x_wconf 77' lang='grc' dir='ltr'>Ῥοδάνην</span> <span class='ocrx_word' id='word_1_294' title='bbox 789 1824 864 1859; x_wconf 82' lang='grc' dir='ltr'>ὅμως</span> 
     </span>
    </p>
   </div>
   <div class='ocr_carea' id='block_1_42' title="bbox 66 1871 865 1907">
    <p class='ocr_par' dir='ltr' id='par_1_42' title="bbox 66 1871 865 1907">
     <span class='ocr_line' id='line_1_42' title="bbox 66 1871 865 1907; baseline -0.005 -7"><span class='ocrx_word' id='word_1_295' title='bbox 66 1873 207 1906; x_wconf 62' lang='grc' dir='ltr'>διώκουσι,</span> <span class='ocrx_word' id='word_1_296' title='bbox 233 1873 282 1900; x_wconf 82' lang='grc' dir='ltr'>καὶ</span> <span class='ocrx_word' id='word_1_297' title='bbox 306 1872 353 1904; x_wconf 78' lang='grc' dir='ltr'>οὓς</span> <span class='ocrx_word' id='word_1_298' title='bbox 381 1872 495 1899; x_wconf 78' lang='grc' dir='ltr'>ἐδίωκον</span> <span class='ocrx_word' id='word_1_299' title='bbox 527 1871 646 1907; x_wconf 86' lang='grc' dir='ltr'>ὁρῶντες</span> <span class='ocrx_word' id='word_1_300' title='bbox 679 1871 865 1907; x_wconf 74' lang='grc' dir='ltr'>ἐρριμμένους</span> 
     </span>
    </p>
   </div>
   <div class='ocr_carea' id='block_1_43' title="bbox 68 1915 864 1954">
    <p class='ocr_par' dir='ltr' id='par_1_43' title="bbox 68 1915 864 1954">
     <span class='ocr_line' id='line_1_43' title="bbox 68 1915 864 1954; baseline -0.003 -10"><span class='ocrx_word' id='word_1_301' title='bbox 68 1919 251 1954; x_wconf 60' lang='grc' dir='ltr'>παρέτρεχον,</span> <span class='ocrx_word' id='word_1_302' title='bbox 266 1916 379 1952; x_wconf 88' lang='grc' dir='ltr'>νεκρούς</span> <span class='ocrx_word' id='word_1_303' title='bbox 394 1925 471 1949; x_wconf 88' lang='grc' dir='ltr'>τινας</span> <span class='ocrx_word' id='word_1_304' title='bbox 503 1916 541 1948; x_wconf 82' lang='grc' dir='ltr'>ὡς</span> <span class='ocrx_word' id='word_1_305' title='bbox 554 1916 664 1952; x_wconf 79' lang='grc' dir='ltr'>ἀληθῶς</span> <span class='ocrx_word' id='word_1_306' title='bbox 703 1915 864 1950; x_wconf 54' lang='lat' dir='ltr'><strong>sirempse-</strong></span> 
     </span>
    </p>
   </div>
   <div class='ocr_carea' id='block_1_44' title="bbox 67 1961 866 1999">
    <p class='ocr_par' dir='ltr' id='par_1_44' title="bbox 67 1961 866 1999">
     <span class='ocr_line' id='line_1_44' title="bbox 67 1961 866 1999; baseline -0.006 -7"><span class='ocrx_word' id='word_1_307' title='bbox 67 1974 176 1996; x_wconf 87' lang='grc' dir='ltr'>νοντες.</span> <span class='ocrx_word' id='word_1_308' title='bbox 197 1965 239 1991; x_wconf 76' lang='grc' dir='ltr'>Ἑν</span> <span class='ocrx_word' id='word_1_309' title='bbox 252 1964 339 1999; x_wconf 88' lang='grc' dir='ltr'>τούτῳ</span> <span class='ocrx_word' id='word_1_310' title='bbox 351 1962 390 1999; x_wconf 84' lang='grc' dir='ltr'>τῷ</span> <span class='ocrx_word' id='word_1_311' title='bbox 408 1962 500 1998; x_wconf 76' lang='grc' dir='ltr'>ἄντρῳ</span> <span class='ocrx_word' id='word_1_312' title='bbox 526 1964 649 1999; x_wconf 83' lang='grc' dir='ltr'>κείρεται</span> <span class='ocrx_word' id='word_1_313' title='bbox 673 1963 736 1994; x_wconf 84' lang='grc' dir='ltr'>τοὺς</span> <span class='ocrx_word' id='word_1_314' title='bbox 763 1961 866 1988; x_wconf 82' lang='grc' dir='ltr'>πλοκά-</span> 
     </span>
    </p>
   </div>
   <div class='ocr_carea' id='block_1_45' title="bbox 68 2007 863 2046">
    <p class='ocr_par' dir='ltr' id='par_1_45' title="bbox 68 2007 863 2046">
     <span class='ocr_line' id='line_1_45' title="bbox 68 2007 863 2046; baseline -0.004 -9"><span class='ocrx_word' id='word_1_315' title='bbox 68 2020 139 2046; x_wconf 79' lang='grc' dir='ltr'>μους</span> <span class='ocrx_word' id='word_1_316' title='bbox 159 2010 311 2045; x_wconf 66' lang='grc' dir='ltr'>ήὲνωνὶς,</span> <span class='ocrx_word' id='word_1_317' title='bbox 330 2010 365 2036; x_wconf 87' lang='grc' dir='ltr'>δι’</span> <span class='ocrx_word' id='word_1_318' title='bbox 387 2007 419 2037; x_wconf 76' lang='grc' dir='ltr'><strong>οὗ</strong></span> <span class='ocrx_word' id='word_1_319' title='bbox 444 2010 518 2045; x_wconf 79' lang='grc' dir='ltr'>ὕδωρ</span> <span class='ocrx_word' id='word_1_320' title='bbox 539 2009 632 2041; x_wconf 80' lang='grc' dir='ltr'>αὐτοῖς</span> <span class='ocrx_word' id='word_1_321' title='bbox 661 2009 842 2044; x_wconf 87' lang='grc' dir='ltr'>ἀνιμήσονται</span> <span class='ocrx_word' id='word_1_322' title='bbox 855 2015 863 2023; x_wconf 80' lang='lat'><strong>&#39;</strong></span> 
     </span>
    </p>
   </div>
   <div class='ocr_carea' id='block_1_46' title="bbox 68 2054 864 2090">
    <p class='ocr_par' dir='ltr' id='par_1_46' title="bbox 68 2054 864 2090">
     <span class='ocr_line' id='line_1_46' title="bbox 68 2054 864 2090; baseline -0.003 -8"><span class='ocrx_word' id='word_1_323' title='bbox 68 2055 212 2083; x_wconf 77' lang='grc' dir='ltr'>καὶτοῦτο</span> <span class='ocrx_word' id='word_1_324' title='bbox 230 2054 320 2090; x_wconf 80' lang='grc' dir='ltr'>εὑρὼν</span> <span class='ocrx_word' id='word_1_325' title='bbox 345 2056 438 2082; x_wconf 79' lang='grc' dir='ltr'>ἐκεῖσε</span> <span class='ocrx_word' id='word_1_326' title='bbox 464 2055 558 2090; x_wconf 81' lang='grc' dir='ltr'>Δάμας</span> <span class='ocrx_word' id='word_1_327' title='bbox 577 2055 683 2090; x_wconf 80' lang='grc' dir='ltr'>πέμπει</span> <span class='ocrx_word' id='word_1_328' title='bbox 698 2054 737 2088; x_wconf 82' lang='grc' dir='ltr'>τῷ</span> <span class='ocrx_word' id='word_1_329' title='bbox 753 2054 864 2089; x_wconf 82' lang='grc' dir='ltr'>Γάρμῳ,</span> 
     </span>
    </p>
   </div>
   <div class='ocr_carea' id='block_1_47' title="bbox 69 2097 867 2135">
    <p class='ocr_par' dir='ltr' id='par_1_47' title="bbox 69 2097 867 2135">
     <span class='ocr_line' id='line_1_47' title="bbox 69 2097 867 2135; baseline -0.003 -9"><span class='ocrx_word' id='word_1_330' title='bbox 69 2099 210 2135; x_wconf 67' lang='grc' dir='ltr'>ὠμὸολον</span> <span class='ocrx_word' id='word_1_331' title='bbox 221 2098 266 2126; x_wconf 79' lang='grc' dir='ltr'>τοῦ</span> <span class='ocrx_word' id='word_1_332' title='bbox 279 2099 364 2133; x_wconf 80' lang='grc' dir='ltr'>ἐγγὺς</span> <span class='ocrx_word' id='word_1_333' title='bbox 381 2097 453 2126; x_wconf 71' lang='grc' dir='ltr'>εἶναι</span> <span class='ocrx_word' id='word_1_334' title='bbox 469 2099 614 2131; x_wconf 73' lang='grc' dir='ltr'>κάκείνους</span> <span class='ocrx_word' id='word_1_335' title='bbox 630 2097 783 2125; x_wconf 73' lang='grc' dir='ltr'>συλλαϐεῖν.</span> <span class='ocrx_word' id='word_1_336' title='bbox 808 2098 867 2133; x_wconf 78' lang='grc' dir='ltr'><strong>Ἐρ-</strong></span> 
     </span>
    </p>
   </div>
   <div class='ocr_carea' id='block_1_48' title="bbox 70 2143 866 2181">
    <p class='ocr_par' dir='ltr' id='par_1_48' title="bbox 70 2143 866 2181">
     <span class='ocr_line' id='line_1_48' title="bbox 70 2143 866 2181; baseline -0.003 -10"><span class='ocrx_word' id='word_1_337' title='bbox 70 2146 217 2181; x_wconf 71' lang='grc' dir='ltr'>ῥιμμένων</span> <span class='ocrx_word' id='word_1_338' title='bbox 225 2145 257 2171; x_wconf 75' lang='grc' dir='ltr'><strong>δὲ</strong></span> <span class='ocrx_word' id='word_1_339' title='bbox 274 2144 353 2180; x_wconf 73' lang='grc' dir='ltr'>παρὰ</span> <span class='ocrx_word' id='word_1_340' title='bbox 365 2144 388 2160; x_wconf 72' lang='grc'><strong>⁷⁵</strong></span> <span class='ocrx_word' id='word_1_341' title='bbox 400 2145 450 2180; x_wconf 85' lang='grc' dir='ltr'>τὴν</span> <span class='ocrx_word' id='word_1_342' title='bbox 460 2145 520 2171; x_wconf 72' lang='grc' dir='ltr'>ὁδον</span> <span class='ocrx_word' id='word_1_343' title='bbox 536 2144 584 2171; x_wconf 78' lang='grc' dir='ltr'>τοῦ</span> <span class='ocrx_word' id='word_1_344' title='bbox 599 2153 629 2171; x_wconf 85' lang='grc' dir='ltr'><strong>τε</strong></span> <span class='ocrx_word' id='word_1_345' title='bbox 661 2143 803 2174; x_wconf 77' lang='grc' dir='ltr'>Ῥοδάνους</span> <span class='ocrx_word' id='word_1_346' title='bbox 819 2143 866 2169; x_wconf 79' lang='grc' dir='ltr'><strong>καὶ</strong></span> 
     </span>
    </p>
   </div>
   <div class='ocr_carea' id='block_1_49' title="bbox 70 2189 904 2233">
    <p class='ocr_par' dir='ltr' id='par_1_49' title="bbox 70 2189 904 2233">
     <span class='ocr_line' id='line_1_49' title="bbox 70 2189 904 2233; baseline -0.004 -16"><span class='ocrx_word' id='word_1_347' title='bbox 70 2191 119 2226; x_wconf 79' lang='grc' dir='ltr'>τῆς</span> <span class='ocrx_word' id='word_1_348' title='bbox 134 2190 289 2223; x_wconf 71' lang='grc' dir='ltr'>Σινωνδος,</span> <span class='ocrx_word' id='word_1_349' title='bbox 305 2192 320 2218; x_wconf 94' lang='grc' dir='ltr'><strong>ό</strong></span> <span class='ocrx_word' id='word_1_350' title='bbox 336 2190 451 2226; x_wconf 78' lang='grc' dir='ltr'>στρατὸς</span> <span class='ocrx_word' id='word_1_351' title='bbox 474 2191 681 2225; x_wconf 79' lang='grc' dir='ltr'>παρερχόμενος</span> <span class='ocrx_word' id='word_1_352' title='bbox 697 2189 735 2220; x_wconf 84' lang='grc' dir='ltr'>ὡς</span> <span class='ocrx_word' id='word_1_353' title='bbox 750 2189 797 2215; x_wconf 73' lang='grc' dir='ltr'>ἐπὶ</span> <span class='ocrx_word' id='word_1_354' title='bbox 821 2197 864 2215; x_wconf 87' lang='grc' dir='ltr'>νε-</span> <span class='ocrx_word' id='word_1_355' title='bbox 883 2206 904 2233; x_wconf 79' lang='lat' dir='ltr'><strong>D</strong></span> 
     </span>
    </p>
   </div>
   <div class='ocr_carea' id='block_1_50' title="bbox 72 2234 865 2273">
    <p class='ocr_par' dir='ltr' id='par_1_50' title="bbox 72 2234 865 2273">
     <span class='ocr_line' id='line_1_50' title="bbox 72 2234 865 2273; baseline -0.004 -10"><span class='ocrx_word' id='word_1_356' title='bbox 72 2239 150 2273; x_wconf 84' lang='grc' dir='ltr'>κροῖς</span> <span class='ocrx_word' id='word_1_357' title='bbox 166 2236 240 2263; x_wconf 76' lang='grc' dir='ltr'>κατὰ</span> <span class='ocrx_word' id='word_1_358' title='bbox 262 2237 294 2264; x_wconf 83' lang='grc' dir='ltr'>τὸ</span> <span class='ocrx_word' id='word_1_359' title='bbox 309 2237 424 2272; x_wconf 79' lang='grc' dir='ltr'>πάτριον</span> <span class='ocrx_word' id='word_1_360' title='bbox 444 2235 505 2267; x_wconf 72' lang='grc' dir='ltr'>ἔθος</span> <span class='ocrx_word' id='word_1_361' title='bbox 518 2236 544 2261; x_wconf 91' lang='grc' dir='ltr'>οἱ</span> <span class='ocrx_word' id='word_1_362' title='bbox 562 2235 612 2271; x_wconf 82' lang='grc' dir='ltr'><strong>μὲν</strong></span> <span class='ocrx_word' id='word_1_363' title='bbox 631 2235 809 2271; x_wconf 79' lang='grc' dir='ltr'>χιτωνίσκους</span> <span class='ocrx_word' id='word_1_364' title='bbox 824 2234 865 2269; x_wconf 82' lang='grc' dir='ltr'><strong>ῥί-</strong></span> 
     </span>
    </p>
   </div>
   <div class='ocr_carea' id='block_1_51' title="bbox 72 2280 865 2316">
    <p class='ocr_par' dir='ltr' id='par_1_51' title="bbox 72 2280 865 2316">
     <span class='ocr_line' id='line_1_51' title="bbox 72 2280 865 2316; baseline -0.004 -7"><span class='ocrx_word' id='word_1_365' title='bbox 72 2291 187 2313; x_wconf 78' lang='grc' dir='ltr'>πτοντες</span> <span class='ocrx_word' id='word_1_366' title='bbox 198 2282 363 2314; x_wconf 74' lang='grc' dir='ltr'>ἐκάλυπτον,</span> <span class='ocrx_word' id='word_1_367' title='bbox 376 2281 452 2308; x_wconf 79' lang='grc' dir='ltr'>ἄλλοι</span> <span class='ocrx_word' id='word_1_368' title='bbox 470 2282 499 2308; x_wconf 82' lang='grc' dir='ltr'><strong>δὲ</strong></span> <span class='ocrx_word' id='word_1_369' title='bbox 514 2281 577 2308; x_wconf 77' lang='grc' dir='ltr'>ἄλλο</span> <span class='ocrx_word' id='word_1_370' title='bbox 591 2289 618 2307; x_wconf 90' lang='grc' dir='ltr'><strong>τι</strong></span> <span class='ocrx_word' id='word_1_371' title='bbox 630 2281 685 2306; x_wconf 87' lang='grc' dir='ltr'>τῶν</span> <span class='ocrx_word' id='word_1_372' title='bbox 698 2280 865 2316; x_wconf 81' lang='grc' dir='ltr'>προσόντων,</span> 
     </span>
    </p>
   </div>
   <div class='ocr_carea' id='block_1_52' title="bbox 71 2325 866 2364">
    <p class='ocr_par' dir='ltr' id='par_1_52' title="bbox 71 2325 866 2364">
     <span class='ocr_line' id='line_1_52' title="bbox 71 2325 866 2364; baseline -0.005 -9"><span class='ocrx_word' id='word_1_373' title='bbox 71 2330 120 2355; x_wconf 79' lang='grc' dir='ltr'>καὶ</span> <span class='ocrx_word' id='word_1_374' title='bbox 138 2329 231 2364; x_wconf 84' lang='grc' dir='ltr'>κρεῶν</span> <span class='ocrx_word' id='word_1_375' title='bbox 255 2329 280 2355; x_wconf 75' lang='grc' dir='ltr'><strong>ἰὲ</strong></span> <span class='ocrx_word' id='word_1_376' title='bbox 304 2328 377 2364; x_wconf 79' lang='grc' dir='ltr'><strong>μέρη</strong></span> <span class='ocrx_word' id='word_1_377' title='bbox 405 2328 454 2354; x_wconf 71' lang='grc' dir='ltr'>καὶ</span> <span class='ocrx_word' id='word_1_378' title='bbox 475 2327 569 2362; x_wconf 75' lang='grc' dir='ltr'>ἄρτου,</span> <span class='ocrx_word' id='word_1_379' title='bbox 611 2325 797 2362; x_wconf 71' lang='grc' dir='ltr'>ἐπέρῤιπτονσ</span> <span class='ocrx_word' id='word_1_380' title='bbox 819 2325 866 2352; x_wconf 76' lang='grc' dir='ltr'>καὶ</span> 
     </span>
    </p>
   </div>
   <div class='ocr_carea' id='block_1_53' title="bbox 70 2371 864 2410">
    <p class='ocr_par' dir='ltr' id='par_1_53' title="bbox 70 2371 864 2410">
     <span class='ocr_line' id='line_1_53' title="bbox 70 2371 864 2410; baseline -0.006 -9"><span class='ocrx_word' id='word_1_381' title='bbox 70 2374 144 2401; x_wconf 69' lang='grc' dir='ltr'>οὕτω</span> <span class='ocrx_word' id='word_1_382' title='bbox 158 2372 301 2409; x_wconf 77' lang='grc' dir='ltr'>παρῆλθεν</span> <span class='ocrx_word' id='word_1_383' title='bbox 317 2375 331 2400; x_wconf 87' lang='grc' dir='ltr'><strong>ὁ</strong></span> <span class='ocrx_word' id='word_1_384' title='bbox 350 2373 476 2410; x_wconf 83' lang='grc' dir='ltr'>στρατός.</span> <span class='ocrx_word' id='word_1_385' title='bbox 492 2372 524 2399; x_wconf 90' lang='grc' dir='ltr'><strong>Οῑ</strong></span> <span class='ocrx_word' id='word_1_386' title='bbox 549 2372 578 2398; x_wconf 79' lang='grc' dir='ltr'>δὲ</span> <span class='ocrx_word' id='word_1_387' title='bbox 593 2371 633 2407; x_wconf 82' lang='grc' dir='ltr'>τῷ</span> <span class='ocrx_word' id='word_1_388' title='bbox 651 2372 740 2407; x_wconf 82' lang='grc' dir='ltr'>μέλιτι</span> <span class='ocrx_word' id='word_1_389' title='bbox 772 2379 864 2406; x_wconf 86' lang='grc' dir='ltr'>καρω-</span> 
     </span>
    </p>
   </div>
   <div class='ocr_carea' id='block_1_54' title="bbox 72 2416 866 2453">
    <p class='ocr_par' dir='ltr' id='par_1_54' title="bbox 72 2416 866 2453">
     <span class='ocr_line' id='line_1_54' title="bbox 72 2416 866 2453; baseline -0.003 -9"><span class='ocrx_word' id='word_1_390' title='bbox 72 2418 166 2449; x_wconf 76' lang='grc' dir='ltr'>οέπες</span> <span class='ocrx_word' id='word_1_391' title='bbox 183 2418 261 2453; x_wconf 85' lang='grc' dir='ltr'>μόλις</span> <span class='ocrx_word' id='word_1_392' title='bbox 280 2418 449 2450; x_wconf 63' lang='grc' dir='ltr'>ἐνίστανται,</span> <span class='ocrx_word' id='word_1_393' title='bbox 471 2417 599 2452; x_wconf 85' lang='grc' dir='ltr'>κοράκων</span> <span class='ocrx_word' id='word_1_394' title='bbox 616 2417 666 2452; x_wconf 86' lang='grc' dir='ltr'><strong>μὲν</strong></span> <span class='ocrx_word' id='word_1_395' title='bbox 683 2416 737 2442; x_wconf 85' lang='grc' dir='ltr'>τῶν</span> <span class='ocrx_word' id='word_1_396' title='bbox 750 2417 814 2451; x_wconf 81' lang='grc' dir='ltr'>περὶ</span> <span class='ocrx_word' id='word_1_397' title='bbox 831 2416 866 2443; x_wconf 78' lang='grc' dir='ltr'><strong>τὰ</strong></span> 
     </span>
    </p>
   </div>
   <div class='ocr_carea' id='block_1_55' title="bbox 74 2462 867 2499">
    <p class='ocr_par' dir='ltr' id='par_1_55' title="bbox 74 2462 867 2499">
     <span class='ocr_line' id='line_1_55' title="bbox 74 2462 867 2499; baseline -0.001 -9"><span class='ocrx_word' id='word_1_398' title='bbox 74 2465 142 2498; x_wconf 83' lang='grc' dir='ltr'>κρέα</span> <span class='ocrx_word' id='word_1_399' title='bbox 161 2464 336 2499; x_wconf 75' lang='grc' dir='ltr'>διεριζόντων</span> <span class='ocrx_word' id='word_1_400' title='bbox 353 2463 491 2499; x_wconf 75' lang='grc' dir='ltr'>Ῥοδάνην,</span> <span class='ocrx_word' id='word_1_401' title='bbox 508 2463 612 2490; x_wconf 80' lang='grc' dir='ltr'>ἐκείνου</span> <span class='ocrx_word' id='word_1_402' title='bbox 624 2462 652 2489; x_wconf 87' lang='grc' dir='ltr'><strong>δὲ</strong></span> <span class='ocrx_word' id='word_1_403' title='bbox 667 2463 798 2489; x_wconf 83' lang='grc' dir='ltr'>Σινωνίδα</span> <span class='ocrx_word' id='word_1_404' title='bbox 809 2464 867 2489; x_wconf 86' lang='grc' dir='ltr'>δια-</span> 
     </span>
    </p>
   </div>
   <div class='ocr_carea' id='block_1_56' title="bbox 74 2508 867 2545">
    <p class='ocr_par' dir='ltr' id='par_1_56' title="bbox 74 2508 867 2545">
     <span class='ocr_line' id='line_1_56' title="bbox 74 2508 867 2545; baseline 0 -9"><span class='ocrx_word' id='word_1_405' title='bbox 74 2510 271 2545; x_wconf 81' lang='grc' dir='ltr'>ναστήσαντος.</span> <span class='ocrx_word' id='word_1_406' title='bbox 291 2509 470 2541; x_wconf 71' lang='grc' dir='ltr'>’Δναστάντες</span> <span class='ocrx_word' id='word_1_407' title='bbox 486 2508 534 2535; x_wconf 81' lang='grc' dir='ltr'>οὖν</span> <span class='ocrx_word' id='word_1_408' title='bbox 549 2508 713 2544; x_wconf 84' lang='grc' dir='ltr'>πορεύονται</span> <span class='ocrx_word' id='word_1_409' title='bbox 723 2509 773 2544; x_wconf 84' lang='grc' dir='ltr'>τὴν</span> <span class='ocrx_word' id='word_1_410' title='bbox 790 2510 867 2536; x_wconf 80' lang='grc' dir='ltr'>ἐναν-</span> 
     </span>
    </p>
   </div>
   <div class='ocr_carea' id='block_1_57' title="bbox 897 215 1688 253">
    <p class='ocr_par' dir='ltr' id='par_1_57' title="bbox 897 215 1688 253">
     <span class='ocr_line' id='line_1_57' title="bbox 897 215 1688 253; baseline -0.006 -7"><span class='ocrx_word' id='word_1_411' title='bbox 897 223 1054 253; x_wconf 89' lang='lat' dir='ltr'><strong>caperetur.</strong></span> <span class='ocrx_word' id='word_1_412' title='bbox 1074 216 1201 244; x_wconf 85' lang='lat' dir='ltr'><strong>Piscator</strong></span> <span class='ocrx_word' id='word_1_413' title='bbox 1220 216 1293 243; x_wconf 88' lang='lat' dir='ltr'><strong>enim</strong></span> <span class='ocrx_word' id='word_1_414' title='bbox 1315 216 1424 250; x_wconf 90' lang='lat' dir='ltr'><strong>quidam</strong></span> <span class='ocrx_word' id='word_1_415' title='bbox 1446 220 1570 250; x_wconf 80' lang='lat' dir='ltr'><strong>pastores</strong></span> <span class='ocrx_word' id='word_1_416' title='bbox 1588 215 1688 242; x_wconf 87' lang='lat' dir='ltr'><strong>indica-</strong></span> 
     </span>
    </p>
   </div>
   <div class='ocr_carea' id='block_1_58' title="bbox 898 259 1690 298">
    <p class='ocr_par' dir='ltr' id='par_1_58' title="bbox 898 259 1690 298">
     <span class='ocr_line' id='line_1_58' title="bbox 898 259 1690 298; baseline -0.008 -7"><span class='ocrx_word' id='word_1_417' title='bbox 898 265 948 296; x_wconf 87' lang='lat' dir='ltr'><strong>vit,</strong></span> <span class='ocrx_word' id='word_1_418' title='bbox 964 263 1011 298; x_wconf 90' lang='lat' dir='ltr'><strong>qui</strong></span> <span class='ocrx_word' id='word_1_419' title='bbox 1036 261 1234 297; x_wconf 67' lang='lat' dir='ltr'><strong>quaestionibus</strong></span> <span class='ocrx_word' id='word_1_420' title='bbox 1259 260 1335 293; x_wconf 90' lang='lat' dir='ltr'><strong>torti,</strong></span> <span class='ocrx_word' id='word_1_421' title='bbox 1357 265 1464 296; x_wconf 85' lang='lat' dir='ltr'><strong>pratum</strong></span> <span class='ocrx_word' id='word_1_422' title='bbox 1485 259 1551 287; x_wconf 91' lang='lat' dir='ltr'><strong>illud</strong></span> <span class='ocrx_word' id='word_1_423' title='bbox 1574 259 1619 286; x_wconf 80' lang='lat' dir='ltr'><strong>vix</strong></span> <span class='ocrx_word' id='word_1_424' title='bbox 1636 264 1690 286; x_wconf 86' lang='lat' dir='ltr'><strong>tan—</strong></span> 
     </span>
    </p>
   </div>
   <div class='ocr_carea' id='block_1_59' title="bbox 899 305 1691 341">
    <p class='ocr_par' dir='ltr' id='par_1_59' title="bbox 899 305 1691 341">
     <span class='ocr_line' id='line_1_59' title="bbox 899 305 1691 341; baseline -0.008 -4"><span class='ocrx_word' id='word_1_425' title='bbox 899 312 959 338; x_wconf 90' lang='lat' dir='ltr'><strong>dem</strong></span> <span class='ocrx_word' id='word_1_426' title='bbox 979 310 1178 336; x_wconf 87' lang='lat' dir='ltr'><strong>demonstrant.</strong></span> <span class='ocrx_word' id='word_1_427' title='bbox 1196 307 1255 340; x_wconf 84' lang='lat' dir='ltr'><strong>Quo</strong></span> <span class='ocrx_word' id='word_1_428' title='bbox 1283 307 1309 333; x_wconf 91' lang='lat' dir='ltr'><strong>in</strong></span> <span class='ocrx_word' id='word_1_429' title='bbox 1339 311 1416 341; x_wconf 89' lang='lat' dir='ltr'><strong>prato</strong></span> <span class='ocrx_word' id='word_1_430' title='bbox 1441 311 1469 334; x_wconf 88' lang='lat' dir='ltr'><strong>et</strong></span> <span class='ocrx_word' id='word_1_431' title='bbox 1495 313 1590 333; x_wconf 89' lang='lat' dir='ltr'><strong>aurum</strong></span> <span class='ocrx_word' id='word_1_432' title='bbox 1618 305 1691 332; x_wconf 73' lang='lat' dir='ltr'><strong>Rho-</strong></span> 
     </span>
    </p>
   </div>
   <div class='ocr_carea' id='block_1_60' title="bbox 898 350 1691 388">
    <p class='ocr_par' dir='ltr' id='par_1_60' title="bbox 898 350 1691 388">
     <span class='ocr_line' id='line_1_60' title="bbox 898 350 1691 388; baseline -0.005 -6"><span class='ocrx_word' id='word_1_433' title='bbox 898 355 984 382; x_wconf 89' lang='lat' dir='ltr'><strong>danes</strong></span> <span class='ocrx_word' id='word_1_434' title='bbox 1001 358 1152 388; x_wconf 87' lang='lat' dir='ltr'><strong>repererat,</strong></span> <span class='ocrx_word' id='word_1_435' title='bbox 1169 353 1203 379; x_wconf 85' lang='lat' dir='ltr'><strong>ab</strong></span> <span class='ocrx_word' id='word_1_436' title='bbox 1220 352 1397 388; x_wconf 78' lang='lat' dir='ltr'><strong>inscriptione</strong></span> <span class='ocrx_word' id='word_1_437' title='bbox 1414 351 1471 388; x_wconf 83' lang='lat'><strong>(60)</strong></span> <span class='ocrx_word' id='word_1_438' title='bbox 1487 352 1630 384; x_wconf 59' lang='lat' dir='ltr'><strong>columna,</strong></span> <span class='ocrx_word' id='word_1_439' title='bbox 1647 350 1691 378; x_wconf 90' lang='lat' dir='ltr'><strong>cui</strong></span> 
     </span>
    </p>
   </div>
   <div class='ocr_carea' id='block_1_61' title="bbox 899 400 1272 432">
    <p class='ocr_par' dir='ltr' id='par_1_61' title="bbox 899 400 1272 432">
     <span class='ocr_line' id='line_1_61' title="bbox 899 400 1272 432; baseline -0.008 -4"><span class='ocrx_word' id='word_1_440' title='bbox 899 400 941 429; x_wconf 91' lang='lat' dir='ltr'><strong>leo</strong></span> <span class='ocrx_word' id='word_1_441' title='bbox 959 400 1105 432; x_wconf 89' lang='lat' dir='ltr'><strong>insidebat,</strong></span> <span class='ocrx_word' id='word_1_442' title='bbox 1121 403 1272 427; x_wconf 86' lang='lat' dir='ltr'><strong>ostensum.</strong></span> 
     </span>
    </p>
   </div>
   <div class='ocr_carea' id='block_1_62' title="bbox 937 546 1694 583">
    <p class='ocr_par' dir='ltr' id='par_1_62' title="bbox 937 546 1694 583">
     <span class='ocr_line' id='line_1_62' title="bbox 937 546 1694 583; baseline -0.005 -7"><span class='ocrx_word' id='word_1_443' title='bbox 937 548 1012 577; x_wconf 79' lang='lat' dir='ltr'><strong>Hirci</strong></span> <span class='ocrx_word' id='word_1_444' title='bbox 1028 556 1137 583; x_wconf 88' lang='lat' dir='ltr'><strong>quoque</strong></span> <span class='ocrx_word' id='word_1_445' title='bbox 1162 553 1300 583; x_wconf 88' lang='lat' dir='ltr'><strong>spcctrum</strong></span> <span class='ocrx_word' id='word_1_446' title='bbox 1326 547 1463 582; x_wconf 83' lang='lat' dir='ltr'><strong>quoddam</strong></span> <span class='ocrx_word' id='word_1_447' title='bbox 1491 546 1618 574; x_wconf 89' lang='lat' dir='ltr'><strong>Sinouica</strong></span> <span class='ocrx_word' id='word_1_448' title='bbox 1636 546 1694 572; x_wconf 89' lang='lat' dir='ltr'><strong>illic</strong></span> 
     </span>
    </p>
   </div>
   <div class='ocr_carea' id='block_1_63' title="bbox 901 592 1693 629">
    <p class='ocr_par' dir='ltr' id='par_1_63' title="bbox 901 592 1693 629">
     <span class='ocr_line' id='line_1_63' title="bbox 901 592 1693 629; baseline -0.005 -7"><span class='ocrx_word' id='word_1_449' title='bbox 901 602 994 623; x_wconf 89' lang='lat' dir='ltr'><strong>amare</strong></span> <span class='ocrx_word' id='word_1_450' title='bbox 1008 594 1092 629; x_wconf 72' lang='lat' dir='ltr'><strong>coepit</strong></span> <span class='ocrx_word' id='word_1_451' title='bbox 1110 603 1117 621; x_wconf 84' lang='lat'><strong>:</strong></span> <span class='ocrx_word' id='word_1_452' title='bbox 1137 601 1196 628; x_wconf 74' lang='lat' dir='ltr'><strong>qua:</strong></span> <span class='ocrx_word' id='word_1_453' title='bbox 1208 601 1289 621; x_wconf 87' lang='lat' dir='ltr'><strong>causa</strong></span> <span class='ocrx_word' id='word_1_454' title='bbox 1312 593 1376 625; x_wconf 87' lang='lat' dir='ltr'><strong>fuit,</strong></span> <span class='ocrx_word' id='word_1_455' title='bbox 1402 597 1430 619; x_wconf 93' lang='lat' dir='ltr'><strong>ut</strong></span> <span class='ocrx_word' id='word_1_456' title='bbox 1447 592 1592 619; x_wconf 70' lang='lat' dir='ltr'><strong>lihodanes</strong></span> <span class='ocrx_word' id='word_1_457' title='bbox 1612 599 1644 618; x_wconf 74' lang='lat' dir='ltr'><strong>ex</strong></span> <span class='ocrx_word' id='word_1_458' title='bbox 1659 599 1693 618; x_wconf 87' lang='lat' dir='ltr'><strong>eo</strong></span> 
     </span>
    </p>
   </div>
   <div class='ocr_carea' id='block_1_64' title="bbox 903 636 1694 675">
    <p class='ocr_par' dir='ltr' id='par_1_64' title="bbox 903 636 1694 675">
     <span class='ocr_line' id='line_1_64' title="bbox 903 636 1694 675; baseline -0.006 -8"><span class='ocrx_word' id='word_1_459' title='bbox 903 645 980 675; x_wconf 88' lang='lat' dir='ltr'><strong>prato</strong></span> <span class='ocrx_word' id='word_1_460' title='bbox 997 639 1153 667; x_wconf 78' lang='lat' dir='ltr'><strong>excederet.</strong></span> <span class='ocrx_word' id='word_1_461' title='bbox 1173 637 1272 666; x_wconf 88' lang='lat' dir='ltr'><strong>Damas</strong></span> <span class='ocrx_word' id='word_1_462' title='bbox 1284 645 1360 669; x_wconf 86' lang='lat' dir='ltr'><strong>vero,</strong></span> <span class='ocrx_word' id='word_1_463' title='bbox 1385 641 1519 671; x_wconf 87' lang='lat' dir='ltr'><strong>repertam</strong></span> <span class='ocrx_word' id='word_1_464' title='bbox 1549 637 1584 663; x_wconf 85' lang='lat' dir='ltr'><strong>ibi</strong></span> <span class='ocrx_word' id='word_1_465' title='bbox 1614 636 1694 663; x_wconf 86' lang='lat' dir='ltr'><strong>Sino-</strong></span> 
     </span>
    </p>
   </div>
   <div class='ocr_carea' id='block_1_65' title="bbox 904 682 1693 717">
    <p class='ocr_par' dir='ltr' id='par_1_65' title="bbox 904 682 1693 717">
     <span class='ocr_line' id='line_1_65' title="bbox 904 682 1693 717; baseline -0.005 -5"><span class='ocrx_word' id='word_1_466' title='bbox 904 686 974 713; x_wconf 88' lang='lat' dir='ltr'><strong>nidis</strong></span> <span class='ocrx_word' id='word_1_467' title='bbox 990 692 1117 712; x_wconf 84' lang='lat' dir='ltr'><strong>coronam</strong></span> <span class='ocrx_word' id='word_1_468' title='bbox 1131 684 1232 711; x_wconf 88' lang='lat' dir='ltr'><strong>solatio</strong></span> <span class='ocrx_word' id='word_1_469' title='bbox 1250 684 1353 712; x_wconf 84' lang='lat' dir='ltr'><strong>Garmo</strong></span> <span class='ocrx_word' id='word_1_470' title='bbox 1376 683 1513 711; x_wconf 79' lang='lat' dir='ltr'><strong>submisit.</strong></span> <span class='ocrx_word' id='word_1_471' title='bbox 1548 682 1600 717; x_wconf 88' lang='lat' dir='ltr'><strong>Ipsi</strong></span> <span class='ocrx_word' id='word_1_472' title='bbox 1630 682 1693 716; x_wconf 73' lang='lat' dir='ltr'><strong>fuga</strong></span> 
     </span>
    </p>
   </div>
   <div class='ocr_carea' id='block_1_66' title="bbox 903 729 1693 766">
    <p class='ocr_par' dir='ltr' id='par_1_66' title="bbox 903 729 1693 766">
     <span class='ocr_line' id='line_1_66' title="bbox 903 729 1693 766; baseline -0.006 -8"><span class='ocrx_word' id='word_1_473' title='bbox 903 731 1013 766; x_wconf 86' lang='lat' dir='ltr'><strong>dilapsi,</strong></span> <span class='ocrx_word' id='word_1_474' title='bbox 1040 732 1194 759; x_wconf 87' lang='lat' dir='ltr'><strong>inciderunt</strong></span> <span class='ocrx_word' id='word_1_475' title='bbox 1213 731 1239 758; x_wconf 93' lang='lat' dir='ltr'><strong>in</strong></span> <span class='ocrx_word' id='word_1_476' title='bbox 1258 730 1377 757; x_wconf 88' lang='lat' dir='ltr'><strong>vetulam</strong></span> <span class='ocrx_word' id='word_1_477' title='bbox 1406 729 1552 763; x_wconf 90' lang='lat' dir='ltr'><strong>quamdam</strong></span> <span class='ocrx_word' id='word_1_478' title='bbox 1568 729 1594 755; x_wconf 87' lang='lat' dir='ltr'><strong>in</strong></span> <span class='ocrx_word' id='word_1_479' title='bbox 1611 733 1693 762; x_wconf 77' lang='lat' dir='ltr'><strong>tugu-</strong></span> 
     </span>
    </p>
   </div>
   <div class='ocr_carea' id='block_1_67' title="bbox 904 773 1692 811">
    <p class='ocr_par' dir='ltr' id='par_1_67' title="bbox 904 773 1692 811">
     <span class='ocr_line' id='line_1_67' title="bbox 904 773 1692 811; baseline -0.008 -6"><span class='ocrx_word' id='word_1_480' title='bbox 904 775 945 805; x_wconf 74' lang='lat' dir='ltr'><strong>rio</strong></span> <span class='ocrx_word' id='word_1_481' title='bbox 962 777 1142 809; x_wconf 81' lang='lat' dir='ltr'><strong>habitantem,</strong></span> <span class='ocrx_word' id='word_1_482' title='bbox 1167 782 1331 811; x_wconf 87' lang='lat' dir='ltr'><strong>antrumque</strong></span> <span class='ocrx_word' id='word_1_483' title='bbox 1344 775 1494 802; x_wconf 87' lang='lat' dir='ltr'><strong>subeuntes</strong></span> <span class='ocrx_word' id='word_1_484' title='bbox 1506 774 1606 810; x_wconf 72' lang='lat' dir='ltr'><strong>latent,</strong></span> <span class='ocrx_word' id='word_1_485' title='bbox 1621 773 1692 808; x_wconf 90' lang='lat' dir='ltr'><strong>quod</strong></span> 
     </span>
    </p>
   </div>
   <div class='ocr_carea' id='block_1_68' title="bbox 904 820 1697 859">
    <p class='ocr_par' dir='ltr' id='par_1_68' title="bbox 904 820 1697 859">
     <span class='ocr_line' id='line_1_68' title="bbox 904 820 1697 859; baseline -0.006 -9"><span class='ocrx_word' id='word_1_486' title='bbox 904 829 1013 851; x_wconf 80' lang='lat' dir='ltr'><strong>antrum</strong></span> <span class='ocrx_word' id='word_1_487' title='bbox 1024 831 1072 859; x_wconf 84' lang='lat' dir='ltr'><strong>per</strong></span> <span class='ocrx_word' id='word_1_488' title='bbox 1085 824 1174 851; x_wconf 82' lang='lat' dir='ltr'><strong>stadia</strong></span> <span class='ocrx_word' id='word_1_489' title='bbox 1189 823 1301 850; x_wconf 89' lang='lat' dir='ltr'><strong>omnino</strong></span> <span class='ocrx_word' id='word_1_490' title='bbox 1314 821 1423 856; x_wconf 77' lang='lat' dir='ltr'><strong>triginta</strong></span> <span class='ocrx_word' id='word_1_491' title='bbox 1437 820 1576 853; x_wconf 75' lang='lat' dir='ltr'><strong>elfossum,</strong></span> <span class='ocrx_word' id='word_1_492' title='bbox 1604 820 1697 847; x_wconf 80' lang='lat' dir='ltr'><strong>fauces</strong></span> 
     </span>
    </p>
   </div>
   <div class='ocr_carea' id='block_1_69' title="bbox 905 865 1697 896">
    <p class='ocr_par' dir='ltr' id='par_1_69' title="bbox 905 865 1697 896">
     <span class='ocr_line' id='line_1_69' title="bbox 905 865 1697 896; baseline -0.006 0"><span class='ocrx_word' id='word_1_493' title='bbox 905 869 1024 896; x_wconf 84' lang='lat' dir='ltr'><strong>habebat</strong></span> <span class='ocrx_word' id='word_1_494' title='bbox 1056 869 1150 896; x_wconf 86' lang='lat' dir='ltr'><strong>densis</strong></span> <span class='ocrx_word' id='word_1_495' title='bbox 1179 869 1298 895; x_wconf 78' lang='lat' dir='ltr'><strong>arbustis</strong></span> <span class='ocrx_word' id='word_1_496' title='bbox 1329 868 1495 895; x_wconf 86' lang='lat' dir='ltr'><strong>obstructas.</strong></span> <span class='ocrx_word' id='word_1_497' title='bbox 1528 866 1628 893; x_wconf 85' lang='lat' dir='ltr'><strong>Damas</strong></span> <span class='ocrx_word' id='word_1_498' title='bbox 1652 865 1697 891; x_wconf 89' lang='lat' dir='ltr'><strong>hic</strong></span> 
     </span>
    </p>
   </div>
   <div class='ocr_carea' id='block_1_70' title="bbox 906 910 1722 949">
    <p class='ocr_par' dir='ltr' id='par_1_70' title="bbox 906 910 1722 949">
     <span class='ocr_line' id='line_1_70' title="bbox 906 910 1722 949; baseline -0.006 -9"><span class='ocrx_word' id='word_1_499' title='bbox 906 914 997 944; x_wconf 79' lang='lat' dir='ltr'><strong>instat.</strong></span> <span class='ocrx_word' id='word_1_500' title='bbox 1014 920 1138 948; x_wconf 88' lang='lat' dir='ltr'><strong>anusque</strong></span> <span class='ocrx_word' id='word_1_501' title='bbox 1154 913 1316 944; x_wconf 85' lang='lat' dir='ltr'><strong>altercator,</strong></span> <span class='ocrx_word' id='word_1_502' title='bbox 1338 912 1386 939; x_wconf 90' lang='lat' dir='ltr'><strong>sed</strong></span> <span class='ocrx_word' id='word_1_503' title='bbox 1414 911 1540 938; x_wconf 85' lang='lat' dir='ltr'><strong>strictum</strong></span> <span class='ocrx_word' id='word_1_504' title='bbox 1570 915 1599 937; x_wconf 92' lang='lat' dir='ltr'><strong>ut</strong></span> <span class='ocrx_word' id='word_1_505' title='bbox 1627 910 1697 937; x_wconf 87' lang='lat' dir='ltr'><strong>vidit</strong></span> <span class='ocrx_word' id='word_1_506' title='bbox 1717 944 1722 949; x_wconf 33' lang='grc' dir='ltr'><strong><em>η</em></strong></span> 
     </span>
    </p>
   </div>
   <div class='ocr_carea' id='block_1_71' title="bbox 905 957 1699 994">
    <p class='ocr_par' dir='ltr' id='par_1_71' title="bbox 905 957 1699 994">
     <span class='ocr_line' id='line_1_71' title="bbox 905 957 1699 994; baseline -0.004 -9"><span class='ocrx_word' id='word_1_507' title='bbox 905 959 1035 994; x_wconf 79' lang='lat' dir='ltr'><strong>gladium,</strong></span> <span class='ocrx_word' id='word_1_508' title='bbox 1049 959 1205 987; x_wconf 85' lang='lat' dir='ltr'><strong>exanimata</strong></span> <span class='ocrx_word' id='word_1_509' title='bbox 1221 963 1273 986; x_wconf 88' lang='lat' dir='ltr'><strong>est.</strong></span> <span class='ocrx_word' id='word_1_510' title='bbox 1304 957 1375 992; x_wconf 86' lang='lat' dir='ltr'><strong>Equi</strong></span> <span class='ocrx_word' id='word_1_511' title='bbox 1397 957 1497 991; x_wconf 90' lang='lat' dir='ltr'><strong>quibus</strong></span> <span class='ocrx_word' id='word_1_512' title='bbox 1527 957 1699 983; x_wconf 81' lang='lat' dir='ltr'><strong>vehebantur</strong></span> 
     </span>
    </p>
   </div>
   <div class='ocr_carea' id='block_1_72' title="bbox 907 1003 1699 1040">
    <p class='ocr_par' dir='ltr' id='par_1_72' title="bbox 907 1003 1699 1040">
     <span class='ocr_line' id='line_1_72' title="bbox 907 1003 1699 1040; baseline -0.006 -7"><span class='ocrx_word' id='word_1_513' title='bbox 907 1006 1052 1033; x_wconf 70' lang='lat' dir='ltr'><strong>libodanes</strong></span> <span class='ocrx_word' id='word_1_514' title='bbox 1065 1010 1147 1040; x_wconf 83' lang='lat' dir='ltr'><strong>atque</strong></span> <span class='ocrx_word' id='word_1_515' title='bbox 1161 1004 1272 1032; x_wconf 90' lang='lat' dir='ltr'><strong>Sinonis</strong></span> <span class='ocrx_word' id='word_1_516' title='bbox 1285 1004 1440 1038; x_wconf 85' lang='lat' dir='ltr'><strong>capiuntur,</strong></span> <span class='ocrx_word' id='word_1_517' title='bbox 1463 1003 1607 1036; x_wconf 90' lang='lat' dir='ltr'><strong>locumque</strong></span> <span class='ocrx_word' id='word_1_518' title='bbox 1622 1009 1699 1029; x_wconf 82' lang='lat' dir='ltr'><strong>exer-</strong></span> 
     </span>
    </p>
   </div>
   <div class='ocr_carea' id='block_1_73' title="bbox 906 1048 1695 1086">
    <p class='ocr_par' dir='ltr' id='par_1_73' title="bbox 906 1048 1695 1086">
     <span class='ocr_line' id='line_1_73' title="bbox 906 1048 1695 1086; baseline -0.008 -7"><span class='ocrx_word' id='word_1_519' title='bbox 906 1053 977 1079; x_wconf 86' lang='lat' dir='ltr'><strong>citus</strong></span> <span class='ocrx_word' id='word_1_520' title='bbox 992 1052 1088 1083; x_wconf 86' lang='lat' dir='ltr'><strong>cinxit,</strong></span> <span class='ocrx_word' id='word_1_521' title='bbox 1102 1052 1128 1078; x_wconf 94' lang='lat' dir='ltr'><strong>in</strong></span> <span class='ocrx_word' id='word_1_522' title='bbox 1141 1058 1196 1086; x_wconf 90' lang='lat' dir='ltr'><strong>quo</strong></span> <span class='ocrx_word' id='word_1_523' title='bbox 1218 1058 1247 1079; x_wconf 90' lang='lat' dir='ltr'><strong>se</strong></span> <span class='ocrx_word' id='word_1_524' title='bbox 1275 1050 1315 1077; x_wconf 89' lang='lat' dir='ltr'><strong>illi</strong></span> <span class='ocrx_word' id='word_1_525' title='bbox 1329 1050 1541 1077; x_wconf 78' lang='lat' dir='ltr'><strong>abscouderant.</strong></span> <span class='ocrx_word' id='word_1_526' title='bbox 1567 1048 1695 1083; x_wconf 86' lang='lat' dir='ltr'><strong>Disrnpto</strong></span> 
     </span>
    </p>
   </div>
   <div class='ocr_carea' id='block_1_74' title="bbox 907 1094 1697 1131">
    <p class='ocr_par' dir='ltr' id='par_1_74' title="bbox 907 1094 1697 1131">
     <span class='ocr_line' id='line_1_74' title="bbox 907 1094 1697 1131; baseline -0.006 -6"><span class='ocrx_word' id='word_1_527' title='bbox 907 1101 964 1125; x_wconf 89' lang='lat' dir='ltr'><strong>tum</strong></span> <span class='ocrx_word' id='word_1_528' title='bbox 977 1098 1046 1125; x_wconf 86' lang='lat' dir='ltr'><strong>forte</strong></span> <span class='ocrx_word' id='word_1_529' title='bbox 1061 1098 1153 1130; x_wconf 90' lang='lat' dir='ltr'><strong>unius,</strong></span> <span class='ocrx_word' id='word_1_530' title='bbox 1164 1097 1209 1131; x_wconf 91' lang='lat' dir='ltr'><strong>qui</strong></span> <span class='ocrx_word' id='word_1_531' title='bbox 1226 1097 1316 1124; x_wconf 88' lang='lat' dir='ltr'><strong>locum</strong></span> <span class='ocrx_word' id='word_1_532' title='bbox 1330 1096 1434 1128; x_wconf 88' lang='lat' dir='ltr'><strong>obibat,</strong></span> <span class='ocrx_word' id='word_1_533' title='bbox 1451 1103 1523 1122; x_wconf 70' lang='grc' dir='ltr'><strong>αποο</strong></span> <span class='ocrx_word' id='word_1_534' title='bbox 1542 1095 1647 1130; x_wconf 78' lang='lat' dir='ltr'><strong>clypeo,</strong></span> <span class='ocrx_word' id='word_1_535' title='bbox 1671 1094 1697 1120; x_wconf 89' lang='lat' dir='ltr'><strong>iu</strong></span> 
     </span>
    </p>
   </div>
   <div class='ocr_carea' id='block_1_75' title="bbox 911 1142 1700 1178">
    <p class='ocr_par' dir='ltr' id='par_1_75' title="bbox 911 1142 1700 1178">
     <span class='ocr_line' id='line_1_75' title="bbox 911 1142 1700 1178; baseline -0.006 -8"><span class='ocrx_word' id='word_1_536' title='bbox 911 1143 1048 1178; x_wconf 85' lang='lat' dir='ltr'><strong>superiori</strong></span> <span class='ocrx_word' id='word_1_537' title='bbox 1064 1142 1163 1170; x_wconf 79' lang='lat' dir='ltr'><strong>defossi</strong></span> <span class='ocrx_word' id='word_1_538' title='bbox 1178 1142 1249 1169; x_wconf 83' lang='lat' dir='ltr'><strong>antri</strong></span> <span class='ocrx_word' id='word_1_539' title='bbox 1263 1146 1350 1177; x_wconf 90' lang='lat' dir='ltr'><strong>parte,</strong></span> <span class='ocrx_word' id='word_1_540' title='bbox 1375 1145 1402 1168; x_wconf 83' lang='lat' dir='ltr'><strong>et</strong></span> <span class='ocrx_word' id='word_1_541' title='bbox 1423 1147 1471 1175; x_wconf 88' lang='lat' dir='ltr'><strong>per</strong></span> <span class='ocrx_word' id='word_1_542' title='bbox 1494 1147 1607 1167; x_wconf 90' lang='lat' dir='ltr'><strong>vacuum</strong></span> <span class='ocrx_word' id='word_1_543' title='bbox 1624 1146 1700 1166; x_wconf 87' lang='lat' dir='ltr'><strong>reso-</strong></span> 
     </span>
    </p>
   </div>
   <div class='ocr_carea' id='block_1_76' title="bbox 908 1185 1701 1220">
    <p class='ocr_par' dir='ltr' id='par_1_76' title="bbox 908 1185 1701 1220">
     <span class='ocr_line' id='line_1_76' title="bbox 908 1185 1701 1220; baseline -0.005 -4"><span class='ocrx_word' id='word_1_544' title='bbox 908 1189 1080 1220; x_wconf 87' lang='lat' dir='ltr'><strong>nanteecho,</strong></span> <span class='ocrx_word' id='word_1_545' title='bbox 1110 1188 1238 1215; x_wconf 88' lang='lat' dir='ltr'><strong>imlicium</strong></span> <span class='ocrx_word' id='word_1_546' title='bbox 1269 1188 1298 1214; x_wconf 83' lang='lat' dir='ltr'><strong>fit</strong></span> <span class='ocrx_word' id='word_1_547' title='bbox 1318 1189 1404 1215; x_wconf 89' lang='lat' dir='ltr'><strong>latere</strong></span> <span class='ocrx_word' id='word_1_548' title='bbox 1427 1186 1580 1214; x_wconf 86' lang='lat' dir='ltr'><strong>nonnullos.</strong></span> <span class='ocrx_word' id='word_1_549' title='bbox 1608 1185 1701 1219; x_wconf 83' lang='lat' dir='ltr'><strong>Itaque</strong></span> 
     </span>
    </p>
   </div>
   <div class='ocr_carea' id='block_1_77' title="bbox 909 1232 1702 1267">
    <p class='ocr_par' dir='ltr' id='par_1_77' title="bbox 909 1232 1702 1267">
     <span class='ocr_line' id='line_1_77' title="bbox 909 1232 1702 1267; baseline -0.006 -5"><span class='ocrx_word' id='word_1_550' title='bbox 909 1235 982 1262; x_wconf 81' lang='lat' dir='ltr'><strong>fossa</strong></span> <span class='ocrx_word' id='word_1_551' title='bbox 993 1233 1201 1262; x_wconf 75' lang='lat' dir='ltr'><strong>circumfoditur</strong></span> <span class='ocrx_word' id='word_1_552' title='bbox 1213 1242 1220 1261; x_wconf 91' lang='lat'><strong>:</strong></span> <span class='ocrx_word' id='word_1_553' title='bbox 1236 1238 1262 1261; x_wconf 90' lang='lat' dir='ltr'><strong>et</strong></span> <span class='ocrx_word' id='word_1_554' title='bbox 1277 1233 1377 1261; x_wconf 86' lang='lat' dir='ltr'><strong>Damas</strong></span> <span class='ocrx_word' id='word_1_555' title='bbox 1387 1240 1434 1267; x_wconf 90' lang='lat' dir='ltr'><strong>per</strong></span> <span class='ocrx_word' id='word_1_556' title='bbox 1450 1239 1546 1260; x_wconf 92' lang='lat' dir='ltr'><strong>omnes</strong></span> <span class='ocrx_word' id='word_1_557' title='bbox 1558 1232 1702 1267; x_wconf 86' lang='lat' dir='ltr'><strong>partcsin-</strong></span> 
     </span>
    </p>
   </div>
   <div class='ocr_carea' id='block_1_78' title="bbox 909 1277 1702 1315">
    <p class='ocr_par' dir='ltr' id='par_1_78' title="bbox 909 1277 1702 1315">
     <span class='ocr_line' id='line_1_78' title="bbox 909 1277 1702 1315; baseline -0.005 -7"><span class='ocrx_word' id='word_1_558' title='bbox 909 1281 1022 1313; x_wconf 84' lang='lat' dir='ltr'><strong>clamat,</strong></span> <span class='ocrx_word' id='word_1_559' title='bbox 1035 1285 1066 1307; x_wconf 92' lang='lat' dir='ltr'><strong>ut</strong></span> <span class='ocrx_word' id='word_1_560' title='bbox 1078 1280 1123 1315; x_wconf 89' lang='lat' dir='ltr'><strong>qui</strong></span> <span class='ocrx_word' id='word_1_561' title='bbox 1139 1280 1212 1307; x_wconf 86' lang='lat' dir='ltr'><strong>intus</strong></span> <span class='ocrx_word' id='word_1_562' title='bbox 1226 1284 1316 1314; x_wconf 75' lang='lat' dir='ltr'><strong>erant,</strong></span> <span class='ocrx_word' id='word_1_563' title='bbox 1332 1279 1480 1312; x_wconf 84' lang='lat' dir='ltr'><strong>audierint,</strong></span> <span class='ocrx_word' id='word_1_564' title='bbox 1508 1283 1591 1313; x_wconf 87' lang='lat' dir='ltr'><strong>atque</strong></span> <span class='ocrx_word' id='word_1_565' title='bbox 1605 1277 1639 1304; x_wconf 88' lang='lat' dir='ltr'><strong>ad</strong></span> <span class='ocrx_word' id='word_1_566' title='bbox 1651 1277 1702 1304; x_wconf 84' lang='lat' dir='ltr'><strong>ab-</strong></span> 
     </span>
    </p>
   </div>
   <div class='ocr_carea' id='block_1_79' title="bbox 910 1325 1702 1362">
    <p class='ocr_par' dir='ltr' id='par_1_79' title="bbox 910 1325 1702 1362">
     <span class='ocr_line' id='line_1_79' title="bbox 910 1325 1702 1362; baseline -0.006 -7"><span class='ocrx_word' id='word_1_567' title='bbox 910 1327 1123 1362; x_wconf 66' lang='lat' dir='ltr'><strong>ditosspeluncaz</strong></span> <span class='ocrx_word' id='word_1_568' title='bbox 1132 1333 1255 1354; x_wconf 84' lang='lat' dir='ltr'><strong>recessus</strong></span> <span class='ocrx_word' id='word_1_569' title='bbox 1263 1325 1430 1361; x_wconf 84' lang='lat' dir='ltr'><strong>dilIugerint,</strong></span> <span class='ocrx_word' id='word_1_570' title='bbox 1441 1329 1468 1352; x_wconf 88' lang='lat' dir='ltr'><strong>et</strong></span> <span class='ocrx_word' id='word_1_571' title='bbox 1477 1325 1510 1352; x_wconf 88' lang='lat' dir='ltr'><strong>ad</strong></span> <span class='ocrx_word' id='word_1_572' title='bbox 1518 1325 1631 1351; x_wconf 86' lang='lat' dir='ltr'><strong>alterum</strong></span> <span class='ocrx_word' id='word_1_573' title='bbox 1641 1329 1702 1350; x_wconf 82' lang='lat' dir='ltr'><strong>tau-</strong></span> 
     </span>
    </p>
   </div>
   <div class='ocr_carea' id='block_1_80' title="bbox 909 1370 1703 1409">
    <p class='ocr_par' dir='ltr' id='par_1_80' title="bbox 909 1370 1703 1409">
     <span class='ocr_line' id='line_1_80' title="bbox 909 1370 1703 1409; baseline -0.008 -7"><span class='ocrx_word' id='word_1_574' title='bbox 909 1375 971 1402; x_wconf 90' lang='lat' dir='ltr'><strong>dem</strong></span> <span class='ocrx_word' id='word_1_575' title='bbox 981 1374 1040 1409; x_wconf 85' lang='lat' dir='ltr'><strong>ejus</strong></span> <span class='ocrx_word' id='word_1_576' title='bbox 1050 1372 1173 1400; x_wconf 81' lang='lat' dir='ltr'><strong>foramen</strong></span> <span class='ocrx_word' id='word_1_577' title='bbox 1183 1371 1386 1399; x_wconf 84' lang='lat' dir='ltr'><strong>delaberentur.</strong></span> <span class='ocrx_word' id='word_1_578' title='bbox 1398 1371 1446 1398; x_wconf 87' lang='lat' dir='ltr'><strong>llic</strong></span> <span class='ocrx_word' id='word_1_579' title='bbox 1455 1378 1535 1406; x_wconf 86' lang='lat' dir='ltr'><strong>apum</strong></span> <span class='ocrx_word' id='word_1_580' title='bbox 1554 1370 1703 1404; x_wconf 78' lang='lat' dir='ltr'><strong>agrestium</strong></span> 
     </span>
    </p>
   </div>
   <div class='ocr_carea' id='block_1_81' title="bbox 910 1415 1703 1453">
    <p class='ocr_par' dir='ltr' id='par_1_81' title="bbox 910 1415 1703 1453">
     <span class='ocr_line' id='line_1_81' title="bbox 910 1415 1703 1453; baseline -0.006 -6"><span class='ocrx_word' id='word_1_581' title='bbox 910 1427 1023 1447; x_wconf 81' lang='lat' dir='ltr'><strong>examen</strong></span> <span class='ocrx_word' id='word_1_582' title='bbox 1038 1418 1172 1447; x_wconf 78' lang='lat' dir='ltr'><strong>fodientes</strong></span> <span class='ocrx_word' id='word_1_583' title='bbox 1191 1417 1316 1453; x_wconf 89' lang='lat' dir='ltr'><strong>(milites)</strong></span> <span class='ocrx_word' id='word_1_584' title='bbox 1328 1417 1441 1448; x_wconf 86' lang='lat' dir='ltr'><strong>invadit,</strong></span> <span class='ocrx_word' id='word_1_585' title='bbox 1467 1416 1547 1443; x_wconf 88' lang='lat' dir='ltr'><strong>melle</strong></span> <span class='ocrx_word' id='word_1_586' title='bbox 1558 1416 1662 1443; x_wconf 82' lang='lat' dir='ltr'><strong>interea</strong></span> <span class='ocrx_word' id='word_1_587' title='bbox 1677 1415 1703 1442; x_wconf 93' lang='lat' dir='ltr'><strong>in</strong></span> 
     </span>
    </p>
   </div>
   <div class='ocr_carea' id='block_1_82' title="bbox 913 1461 1705 1499">
    <p class='ocr_par' dir='ltr' id='par_1_82' title="bbox 913 1461 1705 1499">
     <span class='ocr_line' id='line_1_82' title="bbox 913 1461 1705 1499; baseline -0.006 -8"><span class='ocrx_word' id='word_1_588' title='bbox 913 1465 1041 1499; x_wconf 80' lang='lat' dir='ltr'><strong>fugitivos</strong></span> <span class='ocrx_word' id='word_1_589' title='bbox 1049 1463 1194 1492; x_wconf 84' lang='lat' dir='ltr'><strong>deﬂuente.</strong></span> <span class='ocrx_word' id='word_1_590' title='bbox 1202 1464 1273 1498; x_wconf 86' lang='lat' dir='ltr'><strong>Apes</strong></span> <span class='ocrx_word' id='word_1_591' title='bbox 1287 1463 1350 1497; x_wconf 79' lang='lat' dir='ltr'><strong>ipsae</strong></span> <span class='ocrx_word' id='word_1_592' title='bbox 1358 1461 1427 1498; x_wconf 64' lang='lat' dir='ltr'><strong>74b</strong></span> <span class='ocrx_word' id='word_1_593' title='bbox 1435 1469 1467 1489; x_wconf 88' lang='lat' dir='ltr'><strong>ac</strong></span> <span class='ocrx_word' id='word_1_594' title='bbox 1478 1461 1541 1495; x_wconf 90' lang='lat' dir='ltr'><strong>mel,</strong></span> <span class='ocrx_word' id='word_1_595' title='bbox 1549 1465 1705 1495; x_wconf 82' lang='lat' dir='ltr'><strong>serpentum</strong></span> 
     </span>
    </p>
   </div>
   <div class='ocr_carea' id='block_1_83' title="bbox 912 1507 1706 1543">
    <p class='ocr_par' dir='ltr' id='par_1_83' title="bbox 912 1507 1706 1543">
     <span class='ocr_line' id='line_1_83' title="bbox 912 1507 1706 1543; baseline -0.005 -5"><span class='ocrx_word' id='word_1_596' title='bbox 912 1518 971 1543; x_wconf 79' lang='lat' dir='ltr'><strong>esu,</strong></span> <span class='ocrx_word' id='word_1_597' title='bbox 984 1518 1087 1538; x_wconf 87' lang='lat' dir='ltr'><strong>veneno</strong></span> <span class='ocrx_word' id='word_1_598' title='bbox 1101 1510 1200 1538; x_wconf 87' lang='lat' dir='ltr'><strong>infecta</strong></span> <span class='ocrx_word' id='word_1_599' title='bbox 1214 1515 1311 1543; x_wconf 87' lang='lat' dir='ltr'><strong>erant;</strong></span> <span class='ocrx_word' id='word_1_600' title='bbox 1327 1510 1391 1537; x_wconf 90' lang='lat' dir='ltr'><strong>inde</strong></span> <span class='ocrx_word' id='word_1_601' title='bbox 1403 1516 1472 1543; x_wconf 87' lang='lat' dir='ltr'><strong>quos</strong></span> <span class='ocrx_word' id='word_1_602' title='bbox 1490 1509 1542 1536; x_wconf 68' lang='lat' dir='ltr'><strong>illa:</strong></span> <span class='ocrx_word' id='word_1_603' title='bbox 1559 1508 1592 1535; x_wconf 85' lang='lat' dir='ltr'><strong>ad</strong></span> <span class='ocrx_word' id='word_1_604' title='bbox 1604 1507 1706 1534; x_wconf 76' lang='lat' dir='ltr'><strong>fossam</strong></span> 
     </span>
    </p>
   </div>
   <div class='ocr_carea' id='block_1_84' title="bbox 912 1554 1707 1590">
    <p class='ocr_par' dir='ltr' id='par_1_84' title="bbox 912 1554 1707 1590">
     <span class='ocr_line' id='line_1_84' title="bbox 912 1554 1707 1590; baseline -0.005 -8"><span class='ocrx_word' id='word_1_605' title='bbox 912 1560 1094 1590; x_wconf 81' lang='lat' dir='ltr'><strong>pupugeruut,</strong></span> <span class='ocrx_word' id='word_1_606' title='bbox 1108 1555 1205 1590; x_wconf 86' lang='lat' dir='ltr'><strong>partim</strong></span> <span class='ocrx_word' id='word_1_607' title='bbox 1218 1554 1428 1587; x_wconf 81' lang='lat' dir='ltr'><strong>labefactarunt,</strong></span> <span class='ocrx_word' id='word_1_608' title='bbox 1447 1554 1546 1588; x_wconf 89' lang='lat' dir='ltr'><strong>partim</strong></span> <span class='ocrx_word' id='word_1_609' title='bbox 1565 1554 1646 1580; x_wconf 86' lang='lat' dir='ltr'><strong>etiam</strong></span> <span class='ocrx_word' id='word_1_610' title='bbox 1660 1561 1707 1579; x_wconf 81' lang='grc' dir='ltr'><strong>υ(-</strong></span> 
     </span>
    </p>
   </div>
   <div class='ocr_carea' id='block_1_85' title="bbox 912 1599 1707 1634">
    <p class='ocr_par' dir='ltr' id='par_1_85' title="bbox 912 1599 1707 1634">
     <span class='ocr_line' id='line_1_85' title="bbox 912 1599 1707 1634; baseline -0.005 -6"><span class='ocrx_word' id='word_1_611' title='bbox 912 1601 1047 1628; x_wconf 89' lang='lat' dir='ltr'><strong>ciderunt.</strong></span> <span class='ocrx_word' id='word_1_612' title='bbox 1061 1599 1143 1627; x_wconf 83' lang='lat' dir='ltr'><strong>Fame</strong></span> <span class='ocrx_word' id='word_1_613' title='bbox 1156 1600 1188 1628; x_wconf 85' lang='lat' dir='ltr'><strong>ad</strong></span> <span class='ocrx_word' id='word_1_614' title='bbox 1200 1601 1256 1628; x_wconf 71' lang='lat' dir='ltr'><strong>haec</strong></span> <span class='ocrx_word' id='word_1_615' title='bbox 1267 1599 1416 1627; x_wconf 74' lang='lat' dir='ltr'><strong>Rhodanus</strong></span> <span class='ocrx_word' id='word_1_616' title='bbox 1428 1604 1508 1634; x_wconf 89' lang='lat' dir='ltr'><strong>atque</strong></span> <span class='ocrx_word' id='word_1_617' title='bbox 1524 1599 1596 1626; x_wconf 81' lang='lat' dir='ltr'><strong>socia</strong></span> <span class='ocrx_word' id='word_1_618' title='bbox 1607 1599 1707 1631; x_wconf 85' lang='lat' dir='ltr'><strong>coacti,</strong></span> 
     </span>
    </p>
   </div>
   <div class='ocr_carea' id='block_1_86' title="bbox 913 1644 1703 1681">
    <p class='ocr_par' dir='ltr' id='par_1_86' title="bbox 913 1644 1703 1681">
     <span class='ocr_line' id='line_1_86' title="bbox 913 1644 1703 1681; baseline -0.005 -7"><span class='ocrx_word' id='word_1_619' title='bbox 913 1654 976 1674; x_wconf 88' lang='lat' dir='ltr'><strong>cum</strong></span> <span class='ocrx_word' id='word_1_620' title='bbox 997 1646 1090 1681; x_wconf 84' lang='lat' dir='ltr'><strong>(hujus</strong></span> <span class='ocrx_word' id='word_1_621' title='bbox 1106 1653 1214 1680; x_wconf 90' lang='lat' dir='ltr'><strong>quoque</strong></span> <span class='ocrx_word' id='word_1_622' title='bbox 1224 1645 1337 1680; x_wconf 86' lang='lat' dir='ltr'><strong>aliquid)</strong></span> <span class='ocrx_word' id='word_1_623' title='bbox 1368 1644 1528 1676; x_wconf 85' lang='lat' dir='ltr'><strong>linxissent,</strong></span> <span class='ocrx_word' id='word_1_624' title='bbox 1557 1649 1703 1679; x_wconf 82' lang='lat' dir='ltr'><strong>postquam</strong></span> 
     </span>
    </p>
   </div>
   <div class='ocr_carea' id='block_1_87' title="bbox 913 1689 1707 1724">
    <p class='ocr_par' dir='ltr' id='par_1_87' title="bbox 913 1689 1707 1724">
     <span class='ocr_line' id='line_1_87' title="bbox 913 1689 1707 1724; baseline -0.008 -4"><span class='ocrx_word' id='word_1_625' title='bbox 913 1693 939 1720; x_wconf 89' lang='lat' dir='ltr'><strong>id</strong></span> <span class='ocrx_word' id='word_1_626' title='bbox 955 1692 982 1720; x_wconf 93' lang='lat' dir='ltr'><strong>in</strong></span> <span class='ocrx_word' id='word_1_627' title='bbox 1003 1697 1125 1719; x_wconf 85' lang='lat' dir='ltr'><strong>ventrem</strong></span> <span class='ocrx_word' id='word_1_628' title='bbox 1146 1691 1269 1724; x_wconf 73' lang='lat' dir='ltr'><strong>defluxit,</strong></span> <span class='ocrx_word' id='word_1_629' title='bbox 1301 1692 1334 1718; x_wconf 86' lang='lat' dir='ltr'><strong>ad</strong></span> <span class='ocrx_word' id='word_1_630' title='bbox 1352 1691 1423 1717; x_wconf 86' lang='lat' dir='ltr'><strong>viam</strong></span> <span class='ocrx_word' id='word_1_631' title='bbox 1444 1690 1526 1717; x_wconf 89' lang='lat' dir='ltr'><strong>veluti</strong></span> <span class='ocrx_word' id='word_1_632' title='bbox 1543 1691 1644 1717; x_wconf 88' lang='lat' dir='ltr'><strong>mortui</strong></span> <span class='ocrx_word' id='word_1_633' title='bbox 1662 1689 1707 1715; x_wconf 78' lang='lat' dir='ltr'><strong>al&quot;-</strong></span> 
     </span>
    </p>
   </div>
   <div class='ocr_carea' id='block_1_88' title="bbox 913 1734 1707 1771">
    <p class='ocr_par' dir='ltr' id='par_1_88' title="bbox 913 1734 1707 1771">
     <span class='ocr_line' id='line_1_88' title="bbox 913 1734 1707 1771; baseline -0.005 -7"><span class='ocrx_word' id='word_1_634' title='bbox 913 1735 979 1764; x_wconf 82' lang='lat' dir='ltr'><strong>ﬂicti</strong></span> <span class='ocrx_word' id='word_1_635' title='bbox 1007 1741 1082 1764; x_wconf 84' lang='lat' dir='ltr'><strong>sunt.</strong></span> <span class='ocrx_word' id='word_1_636' title='bbox 1103 1735 1194 1771; x_wconf 76' lang='lat' dir='ltr'><strong>Copia:</strong></span> <span class='ocrx_word' id='word_1_637' title='bbox 1208 1742 1298 1763; x_wconf 89' lang='lat' dir='ltr'><strong>autem</strong></span> <span class='ocrx_word' id='word_1_638' title='bbox 1321 1735 1372 1762; x_wconf 81' lang='lat' dir='ltr'><strong>illa:</strong></span> <span class='ocrx_word' id='word_1_639' title='bbox 1387 1735 1558 1766; x_wconf 83' lang='lat' dir='ltr'><strong>obsidentes,</strong></span> <span class='ocrx_word' id='word_1_640' title='bbox 1587 1741 1650 1761; x_wconf 91' lang='lat' dir='ltr'><strong>cum</strong></span> <span class='ocrx_word' id='word_1_641' title='bbox 1671 1734 1707 1761; x_wconf 87' lang='lat' dir='ltr'><strong>ah</strong></span> 
     </span>
    </p>
   </div>
   <div class='ocr_carea' id='block_1_89' title="bbox 914 1773 1708 1818">
    <p class='ocr_par' dir='ltr' id='par_1_89' title="bbox 914 1773 1708 1818">
     <span class='ocr_line' id='line_1_89' title="bbox 914 1773 1708 1818; baseline -0.004 -9"><span class='ocrx_word' id='word_1_642' title='bbox 914 1783 1011 1818; x_wconf 86' lang='lat' dir='ltr'><strong>apibus</strong></span> <span class='ocrx_word' id='word_1_643' title='bbox 1022 1783 1127 1810; x_wconf 88' lang='lat' dir='ltr'><strong>illatum</strong></span> <span class='ocrx_word' id='word_1_644' title='bbox 1143 1782 1241 1809; x_wconf 82' lang='lat' dir='ltr'><strong>bellum</strong></span> <span class='ocrx_word' id='word_1_645' title='bbox 1257 1782 1395 1809; x_wconf 87' lang='lat' dir='ltr'><strong>sustinere</strong></span> <span class='ocrx_word' id='word_1_646' title='bbox 1408 1789 1462 1808; x_wconf 93' lang='lat' dir='ltr'><strong>non</strong></span> <span class='ocrx_word' id='word_1_647' title='bbox 1484 1773 1608 1816; x_wconf 83' lang='lat' dir='ltr'><strong>possent,</strong></span> <span class='ocrx_word' id='word_1_648' title='bbox 1634 1785 1708 1814; x_wconf 81' lang='lat' dir='ltr'><strong>terga</strong></span> 
     </span>
    </p>
   </div>
   <div class='ocr_carea' id='block_1_90' title="bbox 914 1828 1703 1863">
    <p class='ocr_par' dir='ltr' id='par_1_90' title="bbox 914 1828 1703 1863">
     <span class='ocr_line' id='line_1_90' title="bbox 914 1828 1703 1863; baseline -0.005 -7"><span class='ocrx_word' id='word_1_649' title='bbox 914 1834 1036 1862; x_wconf 87' lang='lat' dir='ltr'><strong>vertunt,</strong></span> <span class='ocrx_word' id='word_1_650' title='bbox 1056 1828 1271 1863; x_wconf 82' lang='lat' dir='ltr'><strong>Rhodanemque</strong></span> <span class='ocrx_word' id='word_1_651' title='bbox 1284 1828 1462 1855; x_wconf 80' lang='lat' dir='ltr'><strong>nihilominus</strong></span> <span class='ocrx_word' id='word_1_652' title='bbox 1484 1833 1703 1862; x_wconf 84' lang='lat' dir='ltr'><strong>persequuntur:</strong></span> 
     </span>
    </p>
   </div>
   <div class='ocr_carea' id='block_1_91' title="bbox 915 1873 1708 1910">
    <p class='ocr_par' dir='ltr' id='par_1_91' title="bbox 915 1873 1708 1910">
     <span class='ocr_line' id='line_1_91' title="bbox 915 1873 1708 1910; baseline -0.006 -7"><span class='ocrx_word' id='word_1_653' title='bbox 915 1882 942 1903; x_wconf 84' lang='lat' dir='ltr'><strong>at</strong></span> <span class='ocrx_word' id='word_1_654' title='bbox 968 1876 1031 1902; x_wconf 92' lang='lat' dir='ltr'><strong>dum</strong></span> <span class='ocrx_word' id='word_1_655' title='bbox 1057 1880 1210 1910; x_wconf 87' lang='lat' dir='ltr'><strong>prostratos</strong></span> <span class='ocrx_word' id='word_1_656' title='bbox 1250 1882 1318 1908; x_wconf 91' lang='lat' dir='ltr'><strong>quos</strong></span> <span class='ocrx_word' id='word_1_657' title='bbox 1351 1875 1569 1909; x_wconf 81' lang='lat' dir='ltr'><strong>insequebantur</strong></span> <span class='ocrx_word' id='word_1_658' title='bbox 1606 1873 1708 1904; x_wconf 88' lang='lat' dir='ltr'><strong>vident,</strong></span> 
     </span>
    </p>
   </div>
   <div class='ocr_carea' id='block_1_92' title="bbox 915 1921 1704 1954">
    <p class='ocr_par' dir='ltr' id='par_1_92' title="bbox 915 1921 1704 1954">
     <span class='ocr_line' id='line_1_92' title="bbox 915 1921 1704 1954; baseline -0.003 -6"><span class='ocrx_word' id='word_1_659' title='bbox 915 1929 996 1949; x_wconf 84' lang='lat' dir='ltr'><strong>cursu</strong></span> <span class='ocrx_word' id='word_1_660' title='bbox 1015 1925 1218 1954; x_wconf 82' lang='lat' dir='ltr'><strong>pertranseunt,</strong></span> <span class='ocrx_word' id='word_1_661' title='bbox 1236 1921 1369 1947; x_wconf 79' lang='lat' dir='ltr'><strong>cadavera</strong></span> <span class='ocrx_word' id='word_1_662' title='bbox 1385 1927 1480 1947; x_wconf 83' lang='lat' dir='ltr'><strong>revera</strong></span> <span class='ocrx_word' id='word_1_663' title='bbox 1494 1927 1554 1946; x_wconf 82' lang='lat' dir='ltr'><strong>esse</strong></span> <span class='ocrx_word' id='word_1_664' title='bbox 1566 1923 1704 1954; x_wconf 82' lang='lat' dir='ltr'><strong>putantes.</strong></span> 
     </span>
    </p>
   </div>
   <div class='ocr_carea' id='block_1_93' title="bbox 915 1963 1711 1998">
    <p class='ocr_par' dir='ltr' id='par_1_93' title="bbox 915 1963 1711 1998">
     <span class='ocr_line' id='line_1_93' title="bbox 915 1963 1711 1998; baseline 0 -8"><span class='ocrx_word' id='word_1_665' title='bbox 915 1963 944 1990; x_wconf 89' lang='lat' dir='ltr'><strong>In</strong></span> <span class='ocrx_word' id='word_1_666' title='bbox 955 1964 1005 1990; x_wconf 91' lang='lat' dir='ltr'><strong>hoc</strong></span> <span class='ocrx_word' id='word_1_667' title='bbox 1018 1969 1098 1990; x_wconf 85' lang='lat' dir='ltr'><strong>antro</strong></span> <span class='ocrx_word' id='word_1_668' title='bbox 1115 1964 1205 1991; x_wconf 88' lang='lat' dir='ltr'><strong>crines</strong></span> <span class='ocrx_word' id='word_1_669' title='bbox 1219 1968 1325 1990; x_wconf 82' lang='lat' dir='ltr'><strong>attonsa</strong></span> <span class='ocrx_word' id='word_1_670' title='bbox 1340 1968 1382 1991; x_wconf 89' lang='lat' dir='ltr'><strong>est</strong></span> <span class='ocrx_word' id='word_1_671' title='bbox 1393 1963 1518 1997; x_wconf 87' lang='lat' dir='ltr'><strong>Sinonis,</strong></span> <span class='ocrx_word' id='word_1_672' title='bbox 1533 1969 1562 1990; x_wconf 90' lang='lat' dir='ltr'><strong>ut</strong></span> <span class='ocrx_word' id='word_1_673' title='bbox 1585 1964 1619 1991; x_wconf 88' lang='lat' dir='ltr'><strong>iis</strong></span> <span class='ocrx_word' id='word_1_674' title='bbox 1640 1971 1711 1998; x_wconf 86' lang='lat' dir='ltr'><strong>aqua</strong></span> 
     </span>
    </p>
   </div>
   <div class='ocr_carea' id='block_1_94' title="bbox 917 2009 1710 2045">
    <p class='ocr_par' dir='ltr' id='par_1_94' title="bbox 917 2009 1710 2045">
     <span class='ocr_line' id='line_1_94' title="bbox 917 2009 1710 2045; baseline -0.003 -8"><span class='ocrx_word' id='word_1_675' title='bbox 917 2010 981 2045; x_wconf 84' lang='lat' dir='ltr'><strong>ipsis</strong></span> <span class='ocrx_word' id='word_1_676' title='bbox 995 2009 1161 2041; x_wconf 87' lang='lat' dir='ltr'><strong>hauriretur,</strong></span> <span class='ocrx_word' id='word_1_677' title='bbox 1177 2016 1245 2043; x_wconf 87' lang='lat' dir='ltr'><strong>quos</strong></span> <span class='ocrx_word' id='word_1_678' title='bbox 1256 2014 1379 2043; x_wconf 89' lang='lat' dir='ltr'><strong>repertos</strong></span> <span class='ocrx_word' id='word_1_679' title='bbox 1402 2009 1467 2036; x_wconf 88' lang='lat' dir='ltr'><strong>inibi</strong></span> <span class='ocrx_word' id='word_1_680' title='bbox 1492 2009 1591 2036; x_wconf 87' lang='lat' dir='ltr'><strong>Damas</strong></span> <span class='ocrx_word' id='word_1_681' title='bbox 1608 2009 1710 2036; x_wconf 84' lang='lat' dir='ltr'><strong>Garmo</strong></span> 
     </span>
    </p>
   </div>
   <div class='ocr_carea' id='block_1_95' title="bbox 917 2054 1711 2089">
    <p class='ocr_par' dir='ltr' id='par_1_95' title="bbox 917 2054 1711 2089">
     <span class='ocr_line' id='line_1_95' title="bbox 917 2054 1711 2089; baseline -0.003 -7"><span class='ocrx_word' id='word_1_682' title='bbox 917 2055 1003 2087; x_wconf 86' lang='lat' dir='ltr'><strong>misit,</strong></span> <span class='ocrx_word' id='word_1_683' title='bbox 1016 2055 1134 2089; x_wconf 82' lang='lat' dir='ltr'><strong>signum,</strong></span> <span class='ocrx_word' id='word_1_684' title='bbox 1147 2062 1200 2089; x_wconf 94' lang='lat' dir='ltr'><strong>quo</strong></span> <span class='ocrx_word' id='word_1_685' title='bbox 1219 2054 1396 2089; x_wconf 76' lang='lat' dir='ltr'><strong>intelligeret,</strong></span> <span class='ocrx_word' id='word_1_686' title='bbox 1415 2055 1442 2082; x_wconf 91' lang='lat' dir='ltr'><strong>in</strong></span> <span class='ocrx_word' id='word_1_687' title='bbox 1465 2054 1578 2089; x_wconf 83' lang='lat' dir='ltr'><strong>proclivi</strong></span> <span class='ocrx_word' id='word_1_688' title='bbox 1600 2062 1661 2082; x_wconf 85' lang='lat' dir='ltr'><strong>esse</strong></span> <span class='ocrx_word' id='word_1_689' title='bbox 1681 2059 1711 2080; x_wconf 86' lang='lat' dir='ltr'><strong>ut</strong></span> 
     </span>
    </p>
   </div>
   <div class='ocr_carea' id='block_1_96' title="bbox 917 2100 1710 2137">
    <p class='ocr_par' dir='ltr' id='par_1_96' title="bbox 917 2100 1710 2137">
     <span class='ocr_line' id='line_1_96' title="bbox 917 2100 1710 2137; baseline -0.003 -8"><span class='ocrx_word' id='word_1_690' title='bbox 917 2101 1046 2137; x_wconf 72' lang='lat' dir='ltr'><strong>(fugitivi)</strong></span> <span class='ocrx_word' id='word_1_691' title='bbox 1060 2101 1212 2136; x_wconf 89' lang='lat' dir='ltr'><strong>capiantur.</strong></span> <span class='ocrx_word' id='word_1_692' title='bbox 1239 2100 1340 2129; x_wconf 85' lang='lat' dir='ltr'><strong>Stratis</strong></span> <span class='ocrx_word' id='word_1_693' title='bbox 1353 2101 1448 2136; x_wconf 85' lang='lat' dir='ltr'><strong>utique</strong></span> <span class='ocrx_word' id='word_1_694' title='bbox 1459 2101 1536 2136; x_wconf 79' lang='lat' dir='ltr'><strong>juxta</strong></span> <span class='ocrx_word' id='word_1_695' title='bbox 1546 2101 1617 2128; x_wconf 88' lang='lat' dir='ltr'><strong>viam</strong></span> <span class='ocrx_word' id='word_1_696' title='bbox 1635 2100 1710 2128; x_wconf 79' lang='lat' dir='ltr'><strong>Rho-</strong></span> 
     </span>
    </p>
   </div>
   <div class='ocr_carea' id='block_1_97' title="bbox 917 2146 1712 2181">
    <p class='ocr_par' dir='ltr' id='par_1_97' title="bbox 917 2146 1712 2181">
     <span class='ocr_line' id='line_1_97' title="bbox 917 2146 1712 2181; baseline -0.001 -7"><span class='ocrx_word' id='word_1_697' title='bbox 917 2147 986 2174; x_wconf 87' lang='lat' dir='ltr'><strong>dane</strong></span> <span class='ocrx_word' id='word_1_698' title='bbox 1003 2152 1029 2174; x_wconf 87' lang='lat' dir='ltr'><strong>et</strong></span> <span class='ocrx_word' id='word_1_699' title='bbox 1049 2146 1190 2180; x_wconf 83' lang='lat' dir='ltr'><strong>Sinonide,</strong></span> <span class='ocrx_word' id='word_1_700' title='bbox 1221 2150 1352 2181; x_wconf 85' lang='lat' dir='ltr'><strong>tanquam</strong></span> <span class='ocrx_word' id='word_1_701' title='bbox 1379 2147 1413 2173; x_wconf 88' lang='lat' dir='ltr'><strong>ad</strong></span> <span class='ocrx_word' id='word_1_702' title='bbox 1443 2152 1565 2174; x_wconf 89' lang='lat' dir='ltr'><strong>mortuos</strong></span> <span class='ocrx_word' id='word_1_703' title='bbox 1592 2147 1712 2173; x_wconf 85' lang='lat' dir='ltr'><strong>accessit</strong></span> 
     </span>
    </p>
   </div>
   <div class='ocr_carea' id='block_1_98' title="bbox 918 2192 1712 2228">
    <p class='ocr_par' dir='ltr' id='par_1_98' title="bbox 918 2192 1712 2228">
     <span class='ocr_line' id='line_1_98' title="bbox 918 2192 1712 2228; baseline -0.001 -8"><span class='ocrx_word' id='word_1_704' title='bbox 918 2194 1058 2220; x_wconf 77' lang='lat' dir='ltr'><strong>exercitus</strong></span> <span class='ocrx_word' id='word_1_705' title='bbox 1072 2202 1078 2220; x_wconf 90' lang='lat'><strong>:</strong></span> <span class='ocrx_word' id='word_1_706' title='bbox 1094 2199 1126 2220; x_wconf 88' lang='lat' dir='ltr'><strong>ac</strong></span> <span class='ocrx_word' id='word_1_707' title='bbox 1148 2193 1238 2228; x_wconf 86' lang='lat' dir='ltr'><strong>patrio</strong></span> <span class='ocrx_word' id='word_1_708' title='bbox 1251 2200 1327 2220; x_wconf 86' lang='lat' dir='ltr'><strong>more</strong></span> <span class='ocrx_word' id='word_1_709' title='bbox 1340 2192 1386 2220; x_wconf 81' lang='lat' dir='ltr'><strong>alii</strong></span> <span class='ocrx_word' id='word_1_710' title='bbox 1399 2193 1509 2228; x_wconf 87' lang='lat' dir='ltr'><strong>quidem</strong></span> <span class='ocrx_word' id='word_1_711' title='bbox 1524 2198 1615 2220; x_wconf 87' lang='lat' dir='ltr'><strong>vestes</strong></span> <span class='ocrx_word' id='word_1_712' title='bbox 1628 2193 1712 2227; x_wconf 85' lang='lat' dir='ltr'><strong>proji-</strong></span> 
     </span>
    </p>
   </div>
   <div class='ocr_carea' id='block_1_99' title="bbox 920 2239 1713 2273">
    <p class='ocr_par' dir='ltr' id='par_1_99' title="bbox 920 2239 1713 2273">
     <span class='ocr_line' id='line_1_99' title="bbox 920 2239 1713 2273; baseline 0.001 -8"><span class='ocrx_word' id='word_1_713' title='bbox 920 2239 1023 2266; x_wconf 80' lang='lat' dir='ltr'><strong>cientes</strong></span> <span class='ocrx_word' id='word_1_714' title='bbox 1031 2239 1203 2273; x_wconf 76' lang='lat' dir='ltr'><strong>aperiebant,</strong></span> <span class='ocrx_word' id='word_1_715' title='bbox 1218 2239 1262 2266; x_wconf 86' lang='lat' dir='ltr'><strong>alii</strong></span> <span class='ocrx_word' id='word_1_716' title='bbox 1275 2247 1340 2266; x_wconf 87' lang='lat' dir='ltr'><strong>vero</strong></span> <span class='ocrx_word' id='word_1_717' title='bbox 1352 2239 1425 2266; x_wconf 86' lang='lat' dir='ltr'><strong>aliud</strong></span> <span class='ocrx_word' id='word_1_718' title='bbox 1441 2239 1505 2273; x_wconf 90' lang='lat' dir='ltr'><strong>quid</strong></span> <span class='ocrx_word' id='word_1_719' title='bbox 1528 2247 1632 2269; x_wconf 86' lang='lat' dir='ltr'><strong>eorum,</strong></span> <span class='ocrx_word' id='word_1_720' title='bbox 1652 2246 1713 2273; x_wconf 78' lang='lat' dir='ltr'><strong>qua:</strong></span> 
     </span>
    </p>
   </div>
   <div class='ocr_carea' id='block_1_100' title="bbox 920 2285 1714 2320">
    <p class='ocr_par' dir='ltr' id='par_1_100' title="bbox 920 2285 1714 2320">
     <span class='ocr_line' id='line_1_100' title="bbox 920 2285 1714 2320; baseline 0 -9"><span class='ocrx_word' id='word_1_721' title='bbox 920 2286 953 2311; x_wconf 92' lang='lat' dir='ltr'><strong>ad</strong></span> <span class='ocrx_word' id='word_1_722' title='bbox 969 2293 1078 2312; x_wconf 86' lang='lat' dir='ltr'><strong>manum</strong></span> <span class='ocrx_word' id='word_1_723' title='bbox 1095 2291 1184 2317; x_wconf 88' lang='lat' dir='ltr'><strong>erant,</strong></span> <span class='ocrx_word' id='word_1_724' title='bbox 1200 2285 1325 2312; x_wconf 81' lang='lat' dir='ltr'><strong>carnium</strong></span> <span class='ocrx_word' id='word_1_725' title='bbox 1341 2293 1373 2312; x_wconf 87' lang='lat' dir='ltr'><strong>ac</strong></span> <span class='ocrx_word' id='word_1_726' title='bbox 1388 2285 1465 2320; x_wconf 82' lang='lat' dir='ltr'><strong>panis</strong></span> <span class='ocrx_word' id='word_1_727' title='bbox 1483 2289 1587 2319; x_wconf 87' lang='lat' dir='ltr'><strong>partem</strong></span> <span class='ocrx_word' id='word_1_728' title='bbox 1605 2285 1714 2319; x_wconf 79' lang='lat' dir='ltr'><strong>objece-</strong></span> 
     </span>
    </p>
   </div>
   <div class='ocr_carea' id='block_1_101' title="bbox 920 2329 1714 2365">
    <p class='ocr_par' dir='ltr' id='par_1_101' title="bbox 920 2329 1714 2365">
     <span class='ocr_line' id='line_1_101' title="bbox 920 2329 1714 2365; baseline 0.003 -8"><span class='ocrx_word' id='word_1_729' title='bbox 920 2335 993 2363; x_wconf 90' lang='lat' dir='ltr'><strong>runt,</strong></span> <span class='ocrx_word' id='word_1_730' title='bbox 1011 2332 1104 2364; x_wconf 83' lang='lat' dir='ltr'><strong>sicque</strong></span> <span class='ocrx_word' id='word_1_731' title='bbox 1119 2330 1323 2358; x_wconf 85' lang='lat' dir='ltr'><strong>abscesserunt.</strong></span> <span class='ocrx_word' id='word_1_732' title='bbox 1336 2329 1430 2365; x_wconf 82' lang='lat' dir='ltr'><strong>Neque</strong></span> <span class='ocrx_word' id='word_1_733' title='bbox 1450 2338 1514 2358; x_wconf 89' lang='lat' dir='ltr'><strong>vero</strong></span> <span class='ocrx_word' id='word_1_734' title='bbox 1531 2330 1557 2358; x_wconf 85' lang='lat' dir='ltr'><strong>hi</strong></span> <span class='ocrx_word' id='word_1_735' title='bbox 1578 2333 1613 2357; x_wconf 89' lang='lat' dir='ltr'><strong>ob</strong></span> <span class='ocrx_word' id='word_1_736' title='bbox 1625 2331 1714 2359; x_wconf 89' lang='lat' dir='ltr'><strong>mellis</strong></span> 
     </span>
    </p>
   </div>
   <div class='ocr_carea' id='block_1_102' title="bbox 919 2375 1712 2410">
    <p class='ocr_par' dir='ltr' id='par_1_102' title="bbox 919 2375 1712 2410">
     <span class='ocr_line' id='line_1_102' title="bbox 919 2375 1712 2410; baseline 0.001 -9"><span class='ocrx_word' id='word_1_737' title='bbox 919 2381 998 2401; x_wconf 47' lang='lat' dir='ltr'><strong>enum</strong></span> <span class='ocrx_word' id='word_1_738' title='bbox 1011 2379 1123 2402; x_wconf 86' lang='lat' dir='ltr'><strong>veterno</strong></span> <span class='ocrx_word' id='word_1_739' title='bbox 1137 2376 1207 2409; x_wconf 87' lang='lat' dir='ltr'><strong>capti</strong></span> <span class='ocrx_word' id='word_1_740' title='bbox 1224 2375 1292 2410; x_wconf 79' lang='lat'><strong>(6|),</strong></span> <span class='ocrx_word' id='word_1_741' title='bbox 1317 2375 1369 2402; x_wconf 86' lang='lat' dir='ltr'><strong>nisi</strong></span> <span class='ocrx_word' id='word_1_742' title='bbox 1393 2382 1464 2410; x_wconf 59' lang='lat' dir='ltr'><strong>aegre</strong></span> <span class='ocrx_word' id='word_1_743' title='bbox 1480 2375 1712 2410; x_wconf 80' lang='lat' dir='ltr'><strong>expergiscebau-</strong></span> 
     </span>
    </p>
   </div>
   <div class='ocr_carea' id='block_1_103' title="bbox 922 2421 1713 2456">
    <p class='ocr_par' dir='ltr' id='par_1_103' title="bbox 922 2421 1713 2456">
     <span class='ocr_line' id='line_1_103' title="bbox 922 2421 1713 2456; baseline 0.003 -10"><span class='ocrx_word' id='word_1_744' title='bbox 922 2425 975 2452; x_wconf 89' lang='lat' dir='ltr'><strong>tur,</strong></span> <span class='ocrx_word' id='word_1_745' title='bbox 985 2421 1049 2447; x_wconf 90' lang='lat' dir='ltr'><strong>dum</strong></span> <span class='ocrx_word' id='word_1_746' title='bbox 1066 2421 1140 2448; x_wconf 83' lang='lat' dir='ltr'><strong>corvi</strong></span> <span class='ocrx_word' id='word_1_747' title='bbox 1155 2430 1203 2455; x_wconf 88' lang='lat' dir='ltr'><strong>pro</strong></span> <span class='ocrx_word' id='word_1_748' title='bbox 1212 2429 1295 2448; x_wconf 84' lang='lat' dir='ltr'><strong>carne</strong></span> <span class='ocrx_word' id='word_1_749' title='bbox 1309 2421 1381 2448; x_wconf 89' lang='lat' dir='ltr'><strong>inter</strong></span> <span class='ocrx_word' id='word_1_750' title='bbox 1395 2429 1424 2449; x_wconf 90' lang='lat' dir='ltr'><strong>se</strong></span> <span class='ocrx_word' id='word_1_751' title='bbox 1439 2426 1606 2456; x_wconf 76' lang='lat' dir='ltr'><strong>pugnantes,</strong></span> <span class='ocrx_word' id='word_1_752' title='bbox 1639 2421 1713 2448; x_wconf 81' lang='lat' dir='ltr'><strong>Rho-</strong></span> 
     </span>
    </p>
   </div>
   <div class='ocr_carea' id='block_1_104' title="bbox 920 2465 1714 2501">
    <p class='ocr_par' dir='ltr' id='par_1_104' title="bbox 920 2465 1714 2501">
     <span class='ocr_line' id='line_1_104' title="bbox 920 2465 1714 2501; baseline 0.001 -9"><span class='ocrx_word' id='word_1_753' title='bbox 920 2465 1069 2497; x_wconf 78' lang='lat' dir='ltr'><strong>dancm,et</strong></span> <span class='ocrx_word' id='word_1_754' title='bbox 1082 2466 1125 2493; x_wconf 87' lang='lat' dir='ltr'><strong>hic</strong></span> <span class='ocrx_word' id='word_1_755' title='bbox 1137 2467 1267 2493; x_wconf 88' lang='lat' dir='ltr'><strong>Siuonida</strong></span> <span class='ocrx_word' id='word_1_756' title='bbox 1282 2474 1426 2501; x_wconf 83' lang='lat' dir='ltr'><strong>assurgere</strong></span> <span class='ocrx_word' id='word_1_757' title='bbox 1444 2471 1555 2501; x_wconf 83' lang='lat' dir='ltr'><strong>cogunt.</strong></span> <span class='ocrx_word' id='word_1_758' title='bbox 1576 2467 1636 2495; x_wconf 81' lang='lat' dir='ltr'><strong>Jam</strong></span> <span class='ocrx_word' id='word_1_759' title='bbox 1661 2467 1714 2494; x_wconf 86' lang='lat' dir='ltr'><strong>ita-</strong></span> 
     </span>
    </p>
   </div>
   <div class='ocr_carea' id='block_1_105' title="bbox 920 2512 1714 2549">
    <p class='ocr_par' dir='ltr' id='par_1_105' title="bbox 920 2512 1714 2549">
     <span class='ocr_line' id='line_1_105' title="bbox 920 2512 1714 2549; baseline 0.003 -11"><span class='ocrx_word' id='word_1_760' title='bbox 920 2519 973 2547; x_wconf 89' lang='lat' dir='ltr'><strong>que</strong></span> <span class='ocrx_word' id='word_1_761' title='bbox 989 2512 1110 2546; x_wconf 80' lang='lat' dir='ltr'><strong>excitati,</strong></span> <span class='ocrx_word' id='word_1_762' title='bbox 1125 2514 1205 2540; x_wconf 84' lang='lat' dir='ltr'><strong>aliatn</strong></span> <span class='ocrx_word' id='word_1_763' title='bbox 1223 2521 1304 2548; x_wconf 84' lang='lat' dir='ltr'><strong>quam</strong></span> <span class='ocrx_word' id='word_1_764' title='bbox 1319 2513 1458 2541; x_wconf 79' lang='lat' dir='ltr'><strong>exercitus</strong></span> <span class='ocrx_word' id='word_1_765' title='bbox 1467 2513 1538 2540; x_wconf 87' lang='lat' dir='ltr'><strong>viam</strong></span> <span class='ocrx_word' id='word_1_766' title='bbox 1555 2514 1714 2549; x_wconf 85' lang='lat' dir='ltr'><strong>ingrediun-</strong></span> 
     </span>
    </p>
   </div>
   <div class='ocr_carea' id='block_1_106' title="bbox 734 2566 1080 2596">
    <p class='ocr_par' dir='ltr' id='par_1_106' title="bbox 734 2566 1080 2596">
     <span class='ocr_line' id='line_1_106' title="bbox 734 2566 1080 2596; baseline 0.012 -4"><span class='ocrx_word' id='word_1_767' title='bbox 734 2566 854 2595; x_wconf 67' lang='lat' dir='ltr'><strong>VARIIE</strong></span> <span class='ocrx_word' id='word_1_768' title='bbox 874 2568 1080 2596; x_wconf 80' lang='lat' dir='ltr'><strong>LECTIONES.</strong></span> 
     </span>
    </p>
   </div>
   <div class='ocr_carea' id='block_1_107' title="bbox 109 2614 596 2651">
    <p class='ocr_par' dir='ltr' id='par_1_107' title="bbox 109 2614 596 2651">
     <span class='ocr_line' id='line_1_107' title="bbox 109 2614 596 2651; baseline 0.002 -10"><span class='ocrx_word' id='word_1_769' title='bbox 109 2616 131 2631; x_wconf 84' lang='grc'><strong>⁶¹</strong></span> <span class='ocrx_word' id='word_1_770' title='bbox 147 2615 295 2651; x_wconf 77' lang='grc' dir='ltr'>τρέπονται</span> <span class='ocrx_word' id='word_1_771' title='bbox 310 2615 356 2651; x_wconf 64' lang='grc' dir='ltr'>καὶ</span> <span class='ocrx_word' id='word_1_772' title='bbox 380 2614 538 2651; x_wconf 68' lang='grc' dir='ltr'>καταλαμϐ.</span> <span class='ocrx_word' id='word_1_773' title='bbox 561 2615 596 2651; x_wconf 61' lang='grc' dir='ltr'><strong>Αε</strong></span> 
     </span>
    </p>
   </div>
   <div class='ocr_carea' id='block_1_108' title="bbox 75 2649 384 2684">
    <p class='ocr_par' dir='ltr' id='par_1_108' title="bbox 75 2649 384 2684">
     <span class='ocr_line' id='line_1_108' title="bbox 75 2649 384 2684; baseline 0.003 -8"><span class='ocrx_word' id='word_1_774' title='bbox 75 2649 96 2666; x_wconf 74' lang='grc'><strong>⁸⁸</strong></span> <span class='ocrx_word' id='word_1_775' title='bbox 110 2649 174 2682; x_wconf 72' lang='grc' dir='ltr'>τοὺς</span> <span class='ocrx_word' id='word_1_776' title='bbox 187 2664 224 2670; x_wconf 91' lang='grc'><strong><em>--</em></strong></span> <span class='ocrx_word' id='word_1_777' title='bbox 239 2649 342 2684; x_wconf 78' lang='grc' dir='ltr'>μυχοὺς</span> <span class='ocrx_word' id='word_1_778' title='bbox 354 2659 384 2682; x_wconf 79' lang='grc' dir='ltr'>ς.</span> 
     </span>
    </p>
   </div>
   <div class='ocr_carea' id='block_1_109' title="bbox 433 2649 675 2685">
    <p class='ocr_par' dir='ltr' id='par_1_109' title="bbox 433 2649 675 2685">
     <span class='ocr_line' id='line_1_109' title="bbox 433 2649 675 2685; baseline 0 -8"><span class='ocrx_word' id='word_1_779' title='bbox 433 2649 457 2665; x_wconf 74' lang='grc'><strong>⁷⁸</strong></span> <span class='ocrx_word' id='word_1_780' title='bbox 480 2649 618 2685; x_wconf 84' lang='grc' dir='ltr'>μελισσῶν</span> <span class='ocrx_word' id='word_1_781' title='bbox 644 2657 675 2682; x_wconf 89' lang='grc' dir='ltr'>ς.</span> 
     </span>
    </p>
   </div>
   <div class='ocr_carea' id='block_1_110' title="bbox 74 2684 381 2726">
    <p class='ocr_par' dir='ltr' id='par_1_110' title="bbox 74 2684 381 2726">
     <span class='ocr_line' id='line_1_110' title="bbox 74 2684 381 2726; baseline 0 -13"><span class='ocrx_word' id='word_1_782' title='bbox 74 2684 98 2701; x_wconf 76' lang='grc'><strong>⁷⁵</strong></span> <span class='ocrx_word' id='word_1_783' title='bbox 114 2685 192 2726; x_wconf 76' lang='grc' dir='ltr'>παρά</span> <span class='ocrx_word' id='word_1_784' title='bbox 207 2685 231 2712; x_wconf 73' lang='grc' dir='ltr'><strong>Δ</strong></span> <span class='ocrx_word' id='word_1_785' title='bbox 248 2693 256 2712; x_wconf 91' lang='lat'><strong>:</strong></span> <span class='ocrx_word' id='word_1_786' title='bbox 275 2687 339 2720; x_wconf 65' lang='lat' dir='ltr'><strong>nep.</strong></span> <span class='ocrx_word' id='word_1_787' title='bbox 352 2694 381 2718; x_wconf 86' lang='grc' dir='ltr'>ς.</span> 
     </span>
    </p>
   </div>
   <div class='ocr_carea' id='block_1_111' title="bbox 643 2613 1382 2652">
    <p class='ocr_par' dir='ltr' id='par_1_111' title="bbox 643 2613 1382 2652">
     <span class='ocr_line' id='line_1_111' title="bbox 643 2613 1382 2652; baseline 0 -10"><span class='ocrx_word' id='word_1_788' title='bbox 643 2613 667 2630; x_wconf 76' lang='grc'><strong>⁸⁸</strong></span> <span class='ocrx_word' id='word_1_789' title='bbox 682 2615 780 2652; x_wconf 71' lang='grc' dir='ltr'>ἄντρον</span> <span class='ocrx_word' id='word_1_790' title='bbox 806 2623 836 2652; x_wconf 62' lang='grc' dir='ltr'>ς.</span> <span class='ocrx_word' id='word_1_791' title='bbox 881 2615 903 2631; x_wconf 75' lang='grc'><strong>⁸⁷</strong></span> <span class='ocrx_word' id='word_1_792' title='bbox 920 2615 1084 2652; x_wconf 80' lang='grc' dir='ltr'>διαμπερὲς]</span> <span class='ocrx_word' id='word_1_793' title='bbox 1100 2616 1148 2652; x_wconf 21' lang='lat' dir='ltr'><strong>ref.</strong></span> <span class='ocrx_word' id='word_1_794' title='bbox 1180 2616 1277 2643; x_wconf 84' lang='lat' dir='ltr'><strong>Suidas</strong></span> <span class='ocrx_word' id='word_1_795' title='bbox 1303 2615 1330 2643; x_wconf 94' lang='lat' dir='ltr'><strong>h.</strong></span> <span class='ocrx_word' id='word_1_796' title='bbox 1356 2623 1382 2643; x_wconf 85' lang='lat' dir='ltr'><strong>v.</strong></span> 
     </span>
    </p>
   </div>
   <div class='ocr_carea' id='block_1_112' title="bbox 724 2649 960 2685">
    <p class='ocr_par' dir='ltr' id='par_1_112' title="bbox 724 2649 960 2685">
     <span class='ocr_line' id='line_1_112' title="bbox 724 2649 960 2685; baseline 0.008 -9"><span class='ocrx_word' id='word_1_797' title='bbox 724 2650 745 2666; x_wconf 89' lang='lat'><strong>&#39;“</strong></span> <span class='ocrx_word' id='word_1_798' title='bbox 762 2649 910 2685; x_wconf 86' lang='grc' dir='ltr'>κρούουσαι</span> <span class='ocrx_word' id='word_1_799' title='bbox 930 2660 960 2683; x_wconf 82' lang='grc' dir='ltr'>ς.</span> 
     </span>
    </p>
   </div>
   <div class='ocr_carea' id='block_1_113' title="bbox 1433 2614 1711 2650">
    <p class='ocr_par' dir='ltr' id='par_1_113' title="bbox 1433 2614 1711 2650">
     <span class='ocr_line' id='line_1_113' title="bbox 1433 2614 1711 2650; baseline 0 -9"><span class='ocrx_word' id='word_1_800' title='bbox 1433 2615 1456 2632; x_wconf 82' lang='grc'><strong>⁸⁸</strong></span> <span class='ocrx_word' id='word_1_801' title='bbox 1474 2614 1658 2650; x_wconf 83' lang='grc' dir='ltr'>περικάθηται</span> <span class='ocrx_word' id='word_1_802' title='bbox 1682 2623 1711 2646; x_wconf 82' lang='grc' dir='ltr'>ς.</span> 
     </span>
    </p>
   </div>
   <div class='ocr_carea' id='block_1_114' title="bbox 1009 2650 1712 2687">
    <p class='ocr_par' dir='ltr' id='par_1_114' title="bbox 1009 2650 1712 2687">
     <span class='ocr_line' id='line_1_114' title="bbox 1009 2650 1712 2687; baseline -0.003 -9"><span class='ocrx_word' id='word_1_803' title='bbox 1009 2650 1038 2685; x_wconf 57' lang='grc'><strong>⁷⁵,</strong></span> <span class='ocrx_word' id='word_1_804' title='bbox 1054 2650 1302 2687; x_wconf 77' lang='grc' dir='ltr'>δίαλικμησάμενοι</span> <span class='ocrx_word' id='word_1_805' title='bbox 1324 2660 1354 2683; x_wconf 85' lang='grc' dir='ltr'>ς.</span> <span class='ocrx_word' id='word_1_806' title='bbox 1408 2651 1431 2667; x_wconf 92' lang='grc'>⁷³</span> <span class='ocrx_word' id='word_1_807' title='bbox 1451 2650 1659 2687; x_wconf 74' lang='grc' dir='ltr'>παραρῤυέντες</span> <span class='ocrx_word' id='word_1_808' title='bbox 1682 2658 1712 2681; x_wconf 83' lang='grc' dir='ltr'>ς.</span> 
     </span>
    </p>
   </div>
   <div class='ocr_carea' id='block_1_115' title="bbox 849 2730 967 2759">
    <p class='ocr_par' dir='ltr' id='par_1_115' title="bbox 849 2730 967 2759">
     <span class='ocr_line' id='line_1_115' title="bbox 849 2730 967 2759; baseline 0.008 -1"><span class='ocrx_word' id='word_1_809' title='bbox 849 2730 967 2759; x_wconf 64' lang='grc' dir='ltr'><strong>ΝΟΤΛΕ.</strong></span> 
     </span>
    </p>
   </div>
   <div class='ocr_carea' id='block_1_116' title="bbox 112 2768 865 2811">
    <p class='ocr_par' dir='ltr' id='par_1_116' title="bbox 112 2768 865 2811">
     <span class='ocr_line' id='line_1_116' title="bbox 112 2768 865 2811; baseline -0.001 -8"><span class='ocrx_word' id='word_1_810' title='bbox 112 2768 168 2811; x_wconf 77' lang='grc' dir='ltr'><strong>(ὂο)</strong></span> <span class='ocrx_word' id='word_1_811' title='bbox 184 2775 316 2811; x_wconf 21' lang='lat' dir='ltr'><strong>Derleone</strong></span> <span class='ocrx_word' id='word_1_812' title='bbox 330 2774 448 2811; x_wconf 70' lang='lat' dir='ltr'><strong>incippg</strong></span> <span class='ocrx_word' id='word_1_813' title='bbox 460 2775 582 2811; x_wconf 69' lang='lat' dir='ltr'><strong>legeinf.</strong></span> <span class='ocrx_word' id='word_1_814' title='bbox 596 2775 713 2804; x_wconf 90' lang='lat' dir='ltr'><strong>Ptolem.</strong></span> <span class='ocrx_word' id='word_1_815' title='bbox 727 2775 865 2810; x_wconf 76' lang='lat' dir='ltr'><strong>Hepluest.</strong></span> 
     </span>
    </p>
   </div>
   <div class='ocr_carea' id='block_1_117' title="bbox 76 2810 870 2847">
    <p class='ocr_par' dir='ltr' id='par_1_117' title="bbox 76 2810 870 2847">
     <span class='ocr_line' id='line_1_117' title="bbox 76 2810 870 2847; baseline -0.003 -8"><span class='ocrx_word' id='word_1_816' title='bbox 76 2812 136 2839; x_wconf 80' lang='lat' dir='ltr'><strong>col.</strong></span> <span class='ocrx_word' id='word_1_817' title='bbox 153 2811 215 2847; x_wconf 80' lang='lat' dir='ltr'><strong>t90.</strong></span> <span class='ocrx_word' id='word_1_818' title='bbox 230 2810 319 2847; x_wconf 82' lang='lat' dir='ltr'><strong>Habes</strong></span> <span class='ocrx_word' id='word_1_819' title='bbox 331 2811 399 2837; x_wconf 81' lang='lat' dir='ltr'><strong>etin</strong></span> <span class='ocrx_word' id='word_1_820' title='bbox 414 2810 509 2847; x_wconf 66' lang='lat' dir='ltr'><strong>zEsopi</strong></span> <span class='ocrx_word' id='word_1_821' title='bbox 525 2810 587 2839; x_wconf 87' lang='lat' dir='ltr'><strong>Vita</strong></span> <span class='ocrx_word' id='word_1_822' title='bbox 601 2816 740 2847; x_wconf 81' lang='lat' dir='ltr'><strong>repertum</strong></span> <span class='ocrx_word' id='word_1_823' title='bbox 755 2819 787 2839; x_wconf 74' lang='lat' dir='ltr'><strong>es</strong></span> <span class='ocrx_word' id='word_1_824' title='bbox 798 2811 870 2846; x_wconf 77' lang='lat' dir='ltr'><strong>cippi</strong></span> 
     </span>
    </p>
   </div>
   <div class='ocr_carea' id='block_1_118' title="bbox 82 2846 658 2886">
    <p class='ocr_par' dir='ltr' id='par_1_118' title="bbox 82 2846 658 2886">
     <span class='ocr_line' id='line_1_118' title="bbox 82 2846 658 2886; baseline 0.002 -13"><span class='ocrx_word' id='word_1_825' title='bbox 82 2847 138 2874; x_wconf 73' lang='lat' dir='ltr'><strong>iusc</strong></span> <span class='ocrx_word' id='word_1_826' title='bbox 143 2846 260 2882; x_wconf 85' lang='lat' dir='ltr'><strong>riptioue</strong></span> <span class='ocrx_word' id='word_1_827' title='bbox 277 2846 444 2886; x_wconf 66' lang='lat' dir='ltr'><strong>thesaro-um.</strong></span> <span class='ocrx_word' id='word_1_828' title='bbox 633 2846 640 2847; x_wconf 59' lang='lat'><strong><em>&#39;</em></strong></span> <span class='ocrx_word' id='word_1_829' title='bbox 655 2871 658 2874; x_wconf 90' lang='lat'><strong>.</strong></span> 
     </span>
    </p>
   </div>
   <div class='ocr_carea' id='block_1_119' title="bbox 960 2773 1714 2812">
    <p class='ocr_par' dir='ltr' id='par_1_119' title="bbox 960 2773 1714 2812">
     <span class='ocr_line' id='line_1_119' title="bbox 960 2773 1714 2812; baseline -0.003 -9"><span class='ocrx_word' id='word_1_830' title='bbox 960 2776 1015 2812; x_wconf 81' lang='lat'><strong>(6|)</strong></span> <span class='ocrx_word' id='word_1_831' title='bbox 1028 2775 1115 2811; x_wconf 80' lang='lat' dir='ltr'><strong>Negat</strong></span> <span class='ocrx_word' id='word_1_832' title='bbox 1128 2779 1218 2803; x_wconf 86' lang='lat' dir='ltr'><strong>tamen</strong></span> <span class='ocrx_word' id='word_1_833' title='bbox 1235 2784 1295 2804; x_wconf 91' lang='lat' dir='ltr'><strong>eam</strong></span> <span class='ocrx_word' id='word_1_834' title='bbox 1314 2776 1403 2812; x_wconf 82' lang='lat' dir='ltr'><strong>mellis</strong></span> <span class='ocrx_word' id='word_1_835' title='bbox 1428 2783 1490 2805; x_wconf 88' lang='lat' dir='ltr'><strong>esse</strong></span> <span class='ocrx_word' id='word_1_836' title='bbox 1517 2775 1572 2802; x_wconf 92' lang='lat' dir='ltr'><strong>vim</strong></span> <span class='ocrx_word' id='word_1_837' title='bbox 1599 2773 1714 2802; x_wconf 83' lang='lat' dir='ltr'><strong>Adrian.</strong></span> 
     </span>
    </p>
   </div>
   <div class='ocr_carea' id='block_1_120' title="bbox 927 2811 1353 2847">
    <p class='ocr_par' dir='ltr' id='par_1_120' title="bbox 927 2811 1353 2847">
     <span class='ocr_line' id='line_1_120' title="bbox 927 2811 1353 2847; baseline 0 -8"><span class='ocrx_word' id='word_1_838' title='bbox 927 2811 1048 2841; x_wconf 85' lang='lat' dir='ltr'><strong>Turneb.</strong></span> <span class='ocrx_word' id='word_1_839' title='bbox 1061 2812 1108 2840; x_wconf 86' lang='lat' dir='ltr'><strong>lib.</strong></span> <span class='ocrx_word' id='word_1_840' title='bbox 1123 2819 1218 2846; x_wconf 79' lang='lat' dir='ltr'><strong>xxvni,</strong></span> <span class='ocrx_word' id='word_1_841' title='bbox 1234 2819 1294 2847; x_wconf 85' lang='lat' dir='ltr'><strong>cap.</strong></span> <span class='ocrx_word' id='word_1_842' title='bbox 1307 2811 1353 2839; x_wconf 69' lang='grc'><strong>45.</strong></span> 
     </span>
    </p>
   </div>
  </div>
