1938 3091
976 68 990 85 ε

231 147 284 181 327

231 211 286 237 tur,
297 211 352 240 quo
362 203 451 231 minus
466 202 484 231 ii
502 209 573 234 esse,
591 201 638 237 qui
654 202 860 236 qumrebantur,
892 208 1025 236 aguosce-
1040 204 1062 231 Α

231 256 338 279 rentur.
352 249 472 277 Inventis
485 248 587 276 deinde
596 248 690 275 asellis
697 249 816 281 duobus,
834 249 1023 275 conscendunt

231 296 294 332 ipsi,
311 301 451 329 oneraque
465 294 617 328 imponunt.
636 300 696 327 quae
714 300 806 321 secum
823 292 981 324 attulerant,
991 299 1023 318 ex

232 342 266 369 iis
282 341 364 370 rebus
392 347 460 375 quas
483 340 556 367 velut
572 340 686 367 mortuis
714 338 853 366 exercitus
874 338 1022 373 adjecerat.

232 387 302 414 Hinc
317 386 342 412 iu
356 385 534 412 diversorium
547 392 577 412 se
589 385 736 419 recipiunt,
772 383 843 410 unde
868 387 958 410 tamett
978 381 1024 409 fu-

232 434 347 468 gientes,
373 432 450 466 juxta
480 431 589 466 plenum
605 430 694 458 forum
710 430 737 457 in
751 429 822 456 aliud
840 428 1022 457 diversorium

232 477 394 504 concedunt.
410 475 516 504 Accidit
529 476 632 503 interea
652 474 768 502 fratrum
781 474 817 501 ibi
833 473 932 506 caules,
947 473 1024 508 cujus

232 524 366 554 accusati.
378 527 439 557 post
461 522 543 548 etiam
556 521 720 549 liberantur.
733 520 860 547 Fratrum
872 519 946 546 enim
959 523 1023 546 natu

232 569 330 603 major,
348 569 393 603 qui
407 568 538 594 minorem
552 574 657 594 veneno
673 566 834 598 sustulerat,
846 565 897 592 hos
913 564 1023 599 quidem

232 619 386 646 accusarat,
407 614 453 641 sed
465 613 516 641 sibi
529 613 579 647 ipsi
594 619 690 638 manus
704 610 857 642 inferendo,
877 610 950 637 omni
964 617 1025 637 rur-

233 668 279 688 sus
294 660 408 688 crimine
426 660 566 686 liberarat.
591 657 738 685 Rhodanes
762 657 865 684 inscius
889 663 1024 683 venenum

234 707 297 734 hinc
313 714 405 733 secum
425 705 530 739 aufert;
553 704 724 738 subeuntque
750 707 812 738 post
829 703 887 730 hate
911 701 1026 729 latronis

234 753 356 784 domum,
373 752 419 787 qui
437 752 464 779 in
477 752 596 778 viatores
609 750 797 785 grassabatur,
832 755 900 783 quos
913 752 941 775 et
971 747 1024 775 sibi

234 797 382 830 epulandos
419 796 580 830 apponebat.
606 794 681 822 Missi
709 798 800 821 autem
831 794 884 820 huc
902 801 916 819 a
943 792 1026 819 Dama

235 843 346 875 milites,
363 847 506 877 postquam
525 841 658 868 latronem
681 839 956 874 comprehenderunt,
984 838 1023 872 ig-

235 896 296 916 nem
311 889 336 915 in
348 888 406 922 ejus
415 888 525 914 domum
539 885 708 921 iniecerunt;
723 892 776 919 quo
791 884 853 918 igne
865 883 937 910 etilli
951 890 1023 909 rom-
1040 881 1060 908 Β

233 935 375 970 prehensi,
390 941 461 968 aegre
471 932 615 959 admodum
632 935 746 958 mortent
758 933 914 959 evaserunt.
927 929 1026 963 perju-

234 979 341 1014 gulatos
363 978 430 1005 etin
448 977 536 1011 ignem
565 976 706 1010 cottjectos
729 975 823 1002 asinos
843 974 958 1000 transitu
973 973 1024 1000 sibi

233 1032 338 1061 parato.
361 1025 417 1052 Visi
434 1025 514 1059 igitur
535 1030 549 1050 a
571 1022 701 1050 militibus
724 1025 823 1053 noctu,
846 1020 891 1055 qui
917 1021 1025 1047 domum

235 1071 436 1101 accenderant,
456 1073 483 1097 et
498 1068 656 1103 interrogati
672 1066 784 1102 quinam
798 1071 900 1098 essent,
916 1065 1027 1092 umbras

234 1123 334 1144 scesse
348 1123 453 1146 eorum,
482 1122 551 1150 quos
570 1114 641 1141 latro
657 1113 704 1140 ille
724 1111 888 1147 jugulasset,
913 1118 1027 1145 respon-

234 1163 300 1190 dent
318 1175 325 1190 ;
342 1162 379 1189 ita
396 1161 499 1196 pallore
512 1160 655 1194 macieque
676 1159 778 1191 vultus,
797 1165 828 1185 ac
841 1157 915 1184 vocis
929 1156 1027 1184 remis-

244 1208 322 1236 sione
337 1207 468 1234 militibus
482 1205 686 1238 satisfecerunt,
706 1209 894 1237 terroremque
907 1203 1028 1229 incusse-

235 1256 309 1281 runt.
336 1252 439 1287 Fugam
469 1258 578 1278 rursum
601 1250 664 1277 inde
699 1253 886 1283 capessentes,
910 1247 981 1282 75a
1000 1248 1027 1274 in

235 1299 352 1334 puellam
370 1297 439 1325 forte
451 1297 484 1324 ad
496 1297 652 1332 sepulcrum
674 1295 773 1323 elatam
789 1294 954 1326 inciderunt,
985 1299 1029 1320 at-

236 1352 289 1380 que
303 1345 336 1372 ad
351 1343 530 1378 spectandum
562 1341 681 1369 afﬂuenti
697 1349 727 1368 se
743 1341 830 1368 turba:
860 1340 1025 1367 immisceut.

239 1391 290 1419 llic
305 1398 386 1419 senex
408 1389 552 1417 Chaldaeus
569 1393 680 1423 propter
692 1392 794 1420 astans,
824 1385 932 1421 sepeliri
951 1385 1027 1421 pucl-

239 1437 293 1465 lam
308 1441 399 1468 vetat;
434 1435 540 1469 spirare
552 1434 625 1462 enim
645 1441 678 1460 ac
693 1433 786 1460 vivere
811 1433 961 1459 etiamnum
985 1431 1028 1459 af-

234 1484 359 1515 firmans,
374 1487 404 1510 ut
421 1488 465 1509 res
485 1481 543 1515 ipsa
561 1479 720 1507 declaravit.
737 1478 861 1506 Rhodani
884 1478 966 1505 etiam
980 1485 1029 1504 va-

236 1531 365 1561 ticinans,
382 1526 508 1562 praedixit
522 1524 669 1559 aliquando
686 1527 875 1559 regnaturum.
896 1523 1028 1550 Tumulus

234 1578 300 1610 ergo
315 1573 411 1609 puella;
425 1572 514 1599 inanis
527 1570 674 1602 deseritur,
697 1569 780 1596 multa
802 1569 838 1598 ibi
857 1575 941 1602 veste,
967 1577 1028 1605 quae

235 1623 263 1650 in
280 1621 404 1656 sepulcro
421 1618 561 1646 exurenda
581 1617 679 1650 fuerat,
699 1617 806 1650 relicta,
821 1624 882 1644 cum
899 1616 1026 1644 esculen-

237 1669 270 1696 tis
282 1675 314 1695 ac
331 1667 446 1702 poculis,
473 1665 572 1700 quibus
589 1664 735 1691 Rhodanes
753 1671 815 1691 cum
839 1663 912 1691 socia
929 1662 1027 1691 lautius

235 1715 349 1750 epulati,
367 1713 453 1748 raptis
467 1712 566 1739 deinde
581 1711 749 1738 indumentis
764 1710 938 1745 quibusdam,
967 1717 1028 1738 sese

236 1761 263 1788 in
277 1761 371 1788 eodem
397 1758 522 1792 sepulcro
544 1757 686 1784 dormituri
704 1757 847 1784 collocant.
871 1756 906 1783 At
928 1757 973 1791 qui
989 1756 1028 1783 la-

237 1804 324 1831 tronis
338 1803 419 1830 domo
437 1802 525 1835 ignem
552 1801 713 1835 injecerant,
745 1807 806 1827 cum
836 1800 965 1835 deceptos
980 1808 1027 1827 ex-

236 1855 298 1877 orto
320 1849 377 1883 jam
400 1847 457 1875 sole
483 1854 513 1875 se
529 1854 590 1874 esse
614 1846 884 1879 animadvertissent,
912 1835 1026 1882 vestigia

237 1894 380 1923 Rhodanis
395 1901 427 1920 ac
439 1893 580 1920 Siuouidis
588 1896 652 1919 sunt
666 1891 796 1923 insecuti,
805 1892 855 1918 rati
867 1891 955 1919 socios
966 1899 1027 1920 esse

236 1940 364 1968 latronis.
396 1939 483 1974 igitur
500 1938 533 1965 ad
549 1937 701 1972 sepulcrum
730 1944 779 1971 per
802 1938 915 1972 vestigia
931 1938 1025 1970 delati,

237 1993 300 2013 cum
322 1993 369 2012 eos
382 1985 477 2019 jacere
488 1983 525 2011 ibi
540 1983 674 2015 viderent,
688 1982 812 2017 nihilque
827 1983 927 2010 moveri
945 1983 1027 2018 (quod

238 2039 335 2059 somno
350 2031 469 2065 vinoque
486 2029 583 2064 sepulti
599 2029 701 2064 essent)
717 2029 851 2057 cadavera
879 2036 909 2056 se
935 2030 1027 2056 videre

238 2077 407 2105 credebant:
425 2083 513 2111 neque
530 2075 692 2110 attigerunt,
720 2075 815 2102 incerti
830 2082 864 2101 an
879 2081 911 2101 eo
925 2074 1028 2102 ferrent

238 2122 364 2157 Vestigia.
377 2122 507 2149 Discessit
518 2121 581 2148 inde
595 2120 755 2153 Rhodanes,
790 2119 955 2154 ﬂuviumque
972 2126 1028 2147 tra-

236 2167 314 2203 jecit,
330 2169 407 2202 cujus
424 2175 493 2203 aqua
512 2167 600 2194 dulcis
617 2174 649 2194 ac
662 2166 772 2200 limpida
791 2166 848 2201 rcgi
878 2166 934 2202 (62)
961 2174 1029 2201 quo-

238 2223 292 2252 que
303 2215 457 2250 Bahylonize
473 2220 567 2248 potttm
585 2211 724 2247 praebebat
746 2219 753 2238 :
774 2219 805 2238 ac
829 2212 893 2239 dum
919 2212 1029 2240 Siuuuis
1045 2230 1066 2257 Β

239 2263 276 2291 ibi
294 2262 458 2299 vestimenta
476 2259 579 2291 vendit,
599 2258 676 2293 quasi
696 2257 851 2291 sepulcrum
872 2258 1025 2292 expilasset,

238 2306 490 2342 comprehenditur,
501 2309 528 2332 et
536 2304 568 2331 ad
578 2303 737 2330 Sorzechum
752 2303 872 2330 Soraechi
889 2303 1028 2337 publicani

239 2352 339 2384 tilimu,
351 2350 420 2378 Iusti
437 2353 624 2384 cognomento,
642 2349 819 2383 pertrahitur,
837 2349 883 2384 qui
895 2349 1029 2384 regiGar—

241 2404 287 2423 IIIO
306 2396 416 2422 mittere
428 2403 489 2421 eam
507 2394 541 2420 ob
559 2393 788 2428 pulchritudinem
801 2393 952 2421 constituit.
971 2392 1029 2427 Qua

240 2444 273 2469 de
288 2449 369 2469 causa
384 2441 499 2468 fratrum
516 2439 581 2467 illud
592 2446 725 2466 venenum
735 2439 881 2467 liltodanes
892 2444 973 2475 atque
988 2440 1031 2467 Si-

240 2487 320 2514 nonis
333 2485 459 2513 miscent.
474 2485 586 2512 Mortem
603 2483 675 2511 enim
689 2484 821 2518 optabant
830 2484 930 2518 potius,
949 2492 1029 2519 quant

240 2531 370 2560 Garmum
386 2531 490 2559 videre.
503 2529 633 2558 Surmcho
644 2529 754 2556 interim
771 2529 868 2557 ancilla
883 2530 1031 2566 signiﬁcat,

241 2578 305 2613 quid
317 2577 464 2606 Rhodanes
481 2582 509 2605 et
519 2576 633 2604 Sinonis
658 2575 832 2604 molirentur.
857 2575 933 2604 (llam
949 2576 1034 2611 igitur

811 144 943 175 PHOTII
963 143 1215 174 PATllIARCII/E
1234 143 1289 174 ΟΡ.

1076 200 1137 227 τίαν
1147 200 1315 235 τραπόμενοι
1330 199 1369 236 τῷ
1386 200 1504 236 στρατῷ,
1518 200 1561 227 ἵνα
1583 201 1684 236 μᾶλλον
1701 201 1814 229 λάθοιεν
1844 206 1886 238 μὴ

1076 247 1153 278 ὄντες
1178 247 1204 273 ot
1220 246 1391 280 διωκόμενοι.
1409 246 1466 272 Καὶ
1492 246 1620 281 εὑρόντες
1647 246 1726 278 ὅνους
1742 247 1791 274 δύο
1830 249 1886 274 ἑπ-

1075 292 1177 328 έὸησάν
1193 301 1222 318 τε
1236 292 1286 319 καὶ
1302 292 1336 318 τὰ
1351 291 1451 327 φορτία
1466 291 1607 325 ἐπέθεντο,
1622 292 1639 319 ἃ
1657 293 1887 329 συνεκεκόμιστι)

1074 339 1166 371 αὐτοῖς
1186 340 1234 374 ἀφ’
1260 337 1297 366 ὧν
1319 338 1387 365 ὡσεὶ
1415 340 1525 375 νεκροῖς
1542 339 1694 376 ἐπέρριψεν
1715 341 1729 367 ὁ
1745 341 1884 375 στρατός.

1075 383 1142 411 Εἶτα
1170 384 1348 420 καταίρουσιν
1378 386 1419 416 είς
1446 385 1618 419 πανδοχεῖον,
1645 385 1694 413 καὶ
1723 386 1886 420 φεύγουσιν

1075 431 1192 463 ἐκεῖθεν,
1209 431 1256 457 καὶ
1290 431 1355 467 περὶ¹
1369 430 1528 466 πλήθουσαν
1543 431 1648 467 ἀγορὰν
1662 432 1702 463 είς
1717 432 1798 459 ἄλλον
1813 441 1886 459 στα-

1075 476 1144 512 θμδν
1153 476 1329 504 καταλύουσι.
1343 477 1550 511 Καὶγίνεταιτὸ
1565 477 1650 509 πάθος
1661 478 1715 504 τῶν
1731 478 1883 512 ἀδελφῶν,

1075 523 1124 550 καὶ
1138 523 1355 558 κατηγοροῦνται
1369 523 1462 557 φόνου,
1474 523 1522 549 καὶ
1535 523 1599 559 [152
1616 522 1663 560 11.]
1675 523 1802 558 ἀφίενται
1817 524 1884 555 ,τοῦ

1075 569 1262 604 πρεσὸυτέρου
1277 569 1331 596 τῶν
1357 569 1492 604 ἀδελφῶν,
1517 570 1547 602 ὃς
1564 570 1698 605 ἀνῃρήκει
1729 572 1885 605 φαρμάκῳ

1074 614 1120 642 τδν
1134 614 1257 650 ὕστερον,
1273 617 1516 651 κατηγορήσαντος
1530 616 1590 651 μὲν,
1602 618 1635 651 τῇ
1651 617 1679 642 δὲ
1695 617 1786 651 οἰκεία
1794 617 1884 643 ἀναι-

1077 661 1149 696 ρέσει
1165 661 1343 693 ἀθωώσαντος
1358 670 1365 677 ·
1378 661 1427 688 καὶ
1444 662 1570 688 λανθάνει
1591 662 1720 696 Ῥοδέινης
1731 662 1878 698 ἀνελόμε-

1075 715 1121 738 νος
1135 707 1165 733 τὺ
1193 708 1350 742 φάρμακον.
1381 708 1566 743 Καταίρουσιν
1583 709 1624 740 είς
1642 709 1749 742 οἴκημα
1769 708 1883 744 λῃστοῦ

1075 752 1139 784 τοὺς
1151 753 1300 788 παροδίτας
1311 753 1490 789 λῃστεύοντος
1505 754 1552 781 καὶ
1559 754 1672 786 τούτους
1681 754 1770 788 ἑαυτῷ
1780 763 1884 781 ποιου-

1077 796 1160 830 μένου
1171 796 1323 832 τράπεζαν.
1355 798 1411 824 Kal.
1429 798 1606 833 στρατιωτῶν
1640 799 1693 825 ὑπὸ
1717 798 1766 825 τοῦ
1792 800 1884 834 Δάμα

1078 841 1240 874 σταλέντων,
1257 843 1320 868 ἐπεὶ
1337 843 1351 869 ό
1366 843 1467 878 λῃστὴς
1490 844 1666 878 συνείληπτο,
1683 844 1740 880 πῦρ
1767 845 1883 879 ἐμϐάλ-

1074 885 1150 912 λεται
1167 886 1207 916 είς
1219 886 1268 921 τὴν
1283 886 1371 913 οίκίαν
1388 889 1451 914 ’καὶ
1470 888 1721 923 περιλαμὸάνονται
1735 890 1774 924 τῷ
1791 891 1879 925 πυρὶ,

1078 930 1142 966 [240
1159 930 1204 966 IL]
1220 932 1268 958 καὶ
1294 931 1472 966 διαφεύγουσι
1507 933 1585 968 μόλις
1607 933 1653 960 τὸν
1681 933 1794 969 ὀλεθρον
1819 935 1882 961 τῶν

1076 976 1144 1003 ὖνων
1161 977 1320 1011 σφαγέντων
1339 977 1386 1004 καὶ
1413 978 1452 1013 τῷ
1473 979 1542 1012 πυρὶ
1567 979 1608 1010 είς
1630 979 1717 1006 δίοδον
1731 981 1879 1008 ἐπιτεθέν-

1076 1029 1141 1048 των,
1159 1020 1341 1056 Καθορῶνται
1352 1022 1462 1058 νύκτωρ
1477 1023 1529 1049 ὑπὸ
1540 1023 1595 1050 τῶν
1618 1025 1648 1051 τὸ
1662 1025 1718 1060 πῦρ
1736 1025 1879 1060 ὲμΰαλόν-

1076 1074 1142 1098 των,
1162 1067 1211 1093 καὶ
1231 1067 1454 1102 ὲπερωτηθέντες
1467 1067 1541 1100 τίνες
1557 1067 1621 1102 εῐεν,
1633 1070 1739 1097 Εῐδωλα
1753 1071 1810 1098 τῶν
1822 1072 1880 1098 ὐπὸ

1077 1112 1125 1138 τοῦ
1139 1112 1238 1148 λῃστοῦ
1247 1112 1457 1149 ἀναιρεθέντων,
1468 1114 1673 1149 ἀποκρίνονται,
1684 1116 1730 1142 καὶ
1738 1118 1771 1152 τῇ
1785 1117 1881 1152 ὠχρός

1077 1165 1138 1192 τητι
1156 1159 1202 1185 καὶ
1219 1158 1364 1194 λεπτότητι
1381 1160 1430 1193 τῆς
1456 1159 1545 1194 ὅψεως
1569 1161 1616 1187 καὶ
1641 1163 1674 1197 τῇ
1692 1162 1791 1198 ἀτονία
1824 1162 1878 1197 τῆς

1079 1204 1171 1238 φωνῆς
1184 1204 1297 1231 ἔπεισάν
1311 1213 1341 1231 τε
1353 1206 1417 1237 τοὺς
1432 1206 1603 1241 στρατιώτας
1616 1208 1664 1234 καὶ
1673 1208 1875 1243 ὲδειμάτωσαν.

1078 1250 1133 1276 Καὶ
1148 1250 1280 1284 φεύγουσι
1291 1251 1372 1278 πάλιν
1386 1251 1491 1278 ἐκεῖθεν
1502 1253 1537 1285 ⁷⁸,
1554 1253 1602 1279 καὶ
1629 1254 1877 1289 καταλαμϐάνουσι

1080 1295 1165 1330 κόρην
1184 1295 1232 1322 ἐπὶ
1245 1295 1334 1331 ταφὴν
1347 1296 1496 1331 ἀγομένην,
1512 1298 1559 1324 καὶ
1575 1298 1738 1334 συῤῥέουσιν
1760 1299 1809 1326 ἐπὶ
1826 1299 1877 1334 τὴν

1079 1339 1144 1366 θέαν
1161 1348 1168 1355 ν
1183 1341 1232 1367 καὶ
1247 1341 1380 1373 Χαλδαῖος
1392 1342 1482 1378 γέρων
1510 1342 1624 1375 ὲπιστάς
1649 1343 1750 1370 κωλύει
1765 1343 1816 1379 τὴν
1827 1353 1876 1371 τα-

1080 1384 1144 1420 φὴν,
1158 1385 1281 1420 ἔμπνουν
1295 1384 1364 1412 εἶναι
1387 1386 1438 1422 τὴν
1464 1386 1548 1422 κόρην
1563 1387 1604 1413 έτι
1619 1387 1707 1421 λέγων
1717 1396 1724 1404 ·
1740 1390 1788 1415 καὶ
1804 1389 1876 1415 ἐδεί-

1079 1429 1131 1465 χθη
1147 1430 1245 1462 οὕτως.
1261 1432 1430 1467 Χρησμῳδεί
1440 1432 1469 1458 δὲ
1477 1433 1526 1460 καὶ
1541 1433 1580 1468 τῷ
1601 1434 1721 1461 Ῥοδάνει
1735 1435 1758 1450 ⁷⁸
1768 1434 1808 1466 ὡς
1824 1435 1875 1470 βα-

1080 1475 1209 1503 σιλεύσοι.
1227 1477 1473 1512 Καταλιμπάνεται
1485 1478 1564 1510 κενὸς
1581 1480 1596 1506 ὁ
1613 1479 1662 1513 τῆς
1676 1480 1761 1515 κόρης
1775 1481 1875 1515 τάφος.

1080 1521 1128 1548 καὶ
1143 1522 1229 1549 πολλὰ
1239 1525 1294 1549 τῶν
1311 1523 1433 1555 πέπλων.
1458 1523 1476 1551 ἀ
1498 1523 1612 1559 ἔμελλεν
1637 1524 1811 1552 ἐπικαίεσϐαι
1837 1526 1878 1561 τῷ

1081 1567 1169 1602 τάφῳ,
1191 1568 1232 1594 έτι
1245 1576 1275 1594 τε
1290 1568 1362 1594 σιτία
1377 1569 1424 1595 καὶ
1438 1569 1509 1596 ποτά.
1523 1577 1531 1584 ⁸
1544 1569 1592 1596 καὶ
1610 1569 1634 1596 σί
1649 1570 1714 1605 περὶ
1742 1570 1878 1606 Ῥοδὰνην

1081 1612 1187 1644 τούτοις
1199 1613 1376 1648 εὐωχοῦνται,
1393 1614 1441 1641 καὶ
1469 1614 1642 1649 λαμϐάνουσι
1673 1623 1733 1642 τινα
1751 1615 1805 1642 καὶ.
1822 1616 1879 1643 τῶν

1081 1658 1203 1694 ἀμφίων,
1221 1659 1269 1686 καὶ
1281 1659 1460 1687 καθεύδουσιν
1479 1661 1509 1686 ἐν
1525 1660 1564 1695 τῷ
1573 1661 1623 1696 τῆς
1635 1660 1721 1696 κόρης
1734 1661 1829 1697 sic”.
1844 1662 1879 1688 Οἱ

1081 1703 1110 1730 δὲ
1128 1704 1159 1730 τὸ
1169 1704 1225 1741 πῦρ
1238 1706 1272 1740 τῇ
1287 1705 1335 1732 τοῦ
1347 1705 1447 1742 λῃστοῦ
1461 1705 1535 1743 σίκίᾳ
1562 1705 1574 1731 ὲ
1579 1705 1738 1741 μϐαλόντες,
1764 1707 1881 1742 (ὴμέρας

1081 1749 1266 1785 ἐπιλαϐούσης
1296 1751 1491 1786 ἠπατημένους
1530 1752 1644 1783 ἑαυτοὺς
1677 1752 1880 1786 ὲγνωῖιότες⁷⁷,

1083 1795 1195 1822 ἐδίωκον
1208 1797 1269 1823 κατ’
1282 1797 1344 1832 ίχνη
1366 1797 1512 1829 Ῥοδάνους
1531 1798 1579 1824 καὶ
1605 1798 1765 1833 Σινωνίδος,
1782 1808 1882 1834 συνερ-

1083 1842 1149 1876 γοὺς
1164 1842 1265 1874 αὐτοὺς
1293 1843 1450 1875 εἰκάζοντες
1464 1841 1534 1871 εῖναι
1551 1843 1598 1870 τοῦ
1613 1843 1711 1879 λῃστοῦ
1727 1852 1734 1858 ·
1767 1845 1883 1880 ίχνηλα-

1084 1888 1216 1923 τήσαντες
1231 1889 1260 1916 δὲ
1286 1890 1368 1925 μέχρι
1377 1889 1425 1916 τοῦ
1441 1891 1537 1924 τάφου,
1553 1890 1602 1917 καὶ¹
1630 1891 1731 1918 ὲνιδόντ
1745 1900 1768 1923 ες
1779 1892 1885 1923 αὐτοὺς

1084 1934 1264 1969 ἐγκειμένους
1291 1935 1340 1969 μὲν
1364 1935 1404 1969 τῷ
1423 1936 1513 1970 τάφῳ,
1538 1936 1754 1971 ἀκινητίζοντας
1776 1938 1804 1964 δὲ
1833 1939 1885 1965 ἆτε

1083 1980 1159 2015 ’ύπνῳ
1173 1980 1221 2007 καὶ
1232 1980 1297 2016 οἴνῳ
1310 1981 1527 2016 πεπεδημένους,
1555 1981 1649 2014 ἔδοξαν
1673 1991 1724 2016 νεκτ
1735 1984 1794 2021 pob;
1815 1984 1887 2019 όρᾷν

1082 2028 1130 2054 καὶ
1144 2027 1303 2060 κατέλιπον,
1318 2028 1503 2063 ἀπορούμενοι
1516 2028 1557 2055 ὅτι
1570 2030 1629 2055 ἐκεῖ
1644 2029 1678 2056 τὰ
1694 2030 1718 2064 ῑχ
1729 2039 1762 2066 ¹νη
1770 2030 1887 2066 ἔφερεν.

1089 2074 1267 2109 Ἀπαίρουσιν
1279 2074 1385 2101 ἐκεῖθεν
1399 2075 1423 2101 οί
1439 2074 1506 2110 περὶ
1539 2075 1680 2110 Ῥοδάνην,
1705 2076 1761 2104 Ital.
1776 2076 1888 2111 περῶσι

1082 2119 1128 2144 τὸν
1143 2119 1277 2154 ποταμὸν,
1298 2119 1401 2153 γλυκύν
1413 2128 1443 2145 τε
1455 2119 1520 2146 ὄντα
1538 2120 1584 2146 καὶ
1595 2119 1695 2155 διαυγῆ
1719 2121 1761 2149 καὶ
1778 2120 1891 2155 βασιλεῖ

1084 2163 1265 2191 Βαὸυλωνίων
1283 2165 1322 2195 είς
1347 2164 1426 2190 πόσιν
1438 2164 1631 2199 ἀνακείμενον.
1651 2165 1701 2191 Kal"
1713 2176 1720 2193 ι
1732 2165 1891 2200 πιπράσκει

1082 2209 1197 2240 Σινωνὶς
1212 2209 1246 2236 τὰ
1262 2209 1370 2244 ἱμάτια,
1384 2209 1432 2236 καὶ
1446 2209 1667 2244 συλλαμϐάνεται
1682 2209 1696 2235 ι’
1706 2212 1731 2242 ὸς
1740 2210 1828 2244 τάφον
1839 2218 1891 2235 συ-

1081 2256 1200 2290 λήσασα,
1214 2255 1264 2282 καὶ
1277 2255 1443 2290 ἀναφέρεται
1468 2256 1509 2286 είς
1532 2255 1682 2290 Σόραιχον⁷
1701 2257 1719 2289 ⁵,
1742 2256 1772 2287 ὃς
1788 2253 1824 2291 ἦν
1840 2255 1890 2282 Σ)-

1084 2301 1180 2336 ραίχου
1201 2300 1248 2327 τοῦ
1265 2300 1383 2327 τελώνου
1399 2300 1466 2334 υίὸς,
1483 2300 1600 2336 ἐπίκλην
1621 2300 1650 2327 δὲ
1665 2308 1680 2326 σ
1693 2301 1752 2337 ,ὐτῷ
1765 2301 1887 2332 δίκαιος.

1083 2347 1140 2373 Kal.
1158 2346 1317 2382 βουλεύεται
1332 2346 1455 2381 πέμπειν
1471 2346 1557 2382 αὐτὴν
1573 2346 1620 2373 ὲπὶ
1640 2346 1670 2382 βσ
1683 2347 1763 2375 ,σιλέα
1776 2347 1892 2382 Γάρμον

1084 2392 1130 2418 διὰ
1145 2392 1175 2419 τὺ
1185 2392 1292 2425 κάλλος,
1312 2391 1359 2419 καὶ
1376 2392 1505 2427 κιρνᾶται
1522 2392 1566 2419 διὰ
1580 2391 1658 2419 τοῦτο
1670 2410 1676 2421 ,
1687 2393 1717 2420 τὸ
1738 2392 1795 2419 τῶν
1811 2392 1894 2419 ἀδελ-

1083 2438 1141 2473 φῶν
1154 2438 1301 2472 φάρμακον
1327 2437 1446 2464 Ῥοδάνει
1462 2438 1510 2464 καὶ
1537 2437 1647 2463 Σινωνίῒ
1660 2448 1690 2467 ,ι-
1706 2437 1896 2473 αἱρετώτερον

1083 2484 1140 2519 γὰρ
1153 2483 1245 2514 αὐτοῖς
1256 2483 1270 2509 ὁ
1286 2483 1401 2515 θάνατος
1417 2483 1433 2518 ἢ
1450 2483 1560 2518 Γὰρμον
1578 2482 1634 2509 ἰδεῖ·
1652 2494 1670 2514 ι,
1685 2483 1832 2518 Μηνύεται
1847 2484 1896 2509 Σο-

1085 2531 1172 2566 ραίχῳ
1180 2530 1226 2557 διὰ
1241 2530 1290 2565 τῆς
1312 2529 1504 2566 θεραπαινίδος
1519 2530 1622 2566 amp"
1651 2532 1689 2561 είς
1701 2530 1783 2565 ἔργον
1797 2529 1895 2565 ἔμελλε

1089 2578 1189 2612 χωρεῖν
1209 2575 1329 2604 Ῥοδάνει
1345 2577 1393 2604 καὶ
1405 2576 1528 2604 Σινωνὶδι
1545 2585 1552 2592 '
1580 2575 1622 2603 κα¹
1637 2576 1748 2606 ιλαθὼν
1765 2577 1779 2603 ὸ
1796 2577 1895 2612 Σόραι-

903 2623 1019 2651 νΑΒιιΕ
1039 2623 1244 2651 LECTIONES.

276 2670 300 2685 ⁷⁸
318 2668 424 2697 ἐκεῖθεν
438 2669 520 2696 πάλιν
537 2677 567 2701 ς.
605 2669 628 2685 ⁷⁸
647 2668 759 2704 Ῥοδᾶνῃ
774 2669 807 2696 Α.
820 2668 860 2696 sic
870 2674 896 2696 et
910 2668 992 2696 infra.
1031 2670 1052 2685 "
1069 2669 1247 2704 διεγνωκότες
1261 2677 1291 2700 ς,

239 2705 301 2733 add.
315 2705 348 2732 Α.

1339 2668 1361 2685 ⁷⁸
1372 2669 1489 2705 Σηραὶχ.
1505 2669 1581 2698 Suid.
1598 2678 1602 2682 '
1620 2680 1641 2702 r.
1655 2672 1768 2700 Ζίννων.
1803 2671 1828 2688 ⁷⁸
1845 2679 1898 2706 περ

1011 2736 1127 2764 ΝΟΤΙΕ.

276 2787 333 2823 (62)
346 2786 368 2814 E
382 2785 442 2814 solo
453 2785 577 2823 Choaspe
597 2783 680 2823 fluvio
704 2783 1034 2823 aquam_ltibere_soliturtt

240 2818 385 2851 Persarum
401 2828 492 2856 regem
503 2827 535 2846 ex
548 2818 653 2856 ΙΙειζοιί.Δ
667 2819 689 2851 l,
705 2823 732 2846 et
742 2819 832 2856 C_tes_ia
846 2818 943 2846 Cnidio
955 2824 1032 2856 nota-

241 2858 280 2885 vit
292 2853 444 2885 Athenaeus
454 2855 572 2891 Dipuoso
585 2853 618 2882 ll.
634 2853 672 2881 Ex
695 2853 823 2882 maximis
831 2859 921 2881 autem
933 2861 960 2882 et
971 2854 1030 2882 lou~

1090 2785 1379 2828 ginquis‘ﬂuminibus‘
1381 2788 1493 2828 petitam
1505 2794 1566 2828 eum
1598 2790 1741 2828 thesauris
1750 2789 1896 2828 refondcrc

1084 2820 1343 2884 ggseg'cvaltile'laione
1360 2820 1431 2850 Piut.
1459 2822 1486 2850 iu
1506 2823 1572 2850 Alex
1589 2820 1658 2858 and.
1689 2825 1759 2860 Vide
1774 2824 1893 2854 Brissou.
