1938 3091
232 133 283 167 331

813 133 944 164 PHOTII
962 131 1218 163 PATRIARCH/E
1238 132 1294 163 (ΞΡ.

1823 131 1877 162 332

233 194 325 229 guisse
350 191 478 224 adiuuat,
521 198 583 219 cum
611 191 705 219 Romte
736 190 883 225 imperium
909 190 1026 217 Antoni-

1083 199 1135 218 νον.
1152 191 1209 217 Καὶ
1223 190 1268 216 ὅτε
1290 191 1448 222 Ἀντωνῖνος
1459 210 1467 222 ,
1484 190 1579 226 φησὶν,
1605 190 1712 226 Οὺῆρον
1720 189 1744 205 ⁸⁷
1759 189 1804 216 τὸν
1826 190 1874 216 αὐ-

234 238 354 274 ιιιιε(64)
377 238 502 266 haberet.
530 237 582 271 Qui
610 245 672 265 cum
702 237 800 264 Verum
830 238 1027 272 imperatorem

235 286 348 315 fratrem
359 285 440 312 simul
456 289 484 312 et
497 292 628 318 generum
645 283 747 320 (suum)
760 285 883 312 mitteret
895 292 956 312 eum
976 284 1029 311 Vo-

236 332 334 366 logaeso
347 329 509 357 Parthorum
525 337 588 365 rege
605 329 706 357 bellmn
734 334 883 364 gesturum,
898 334 952 356 tum
965 337 1030 364 pne-

234 377 336 405 dixisse
344 380 370 405 et
382 375 479 404 bellum
491 376 542 403 hoc
553 383 614 403 esse
623 376 768 408 oriturum,
779 380 807 402 et
818 376 927 410 quando
939 375 1030 402 debel-

233 423 346 451 landum
359 426 445 450 esset.
461 421 548 449 Addit
558 420 730 456 Vologtesum
746 421 855 456 quidem
883 421 954 449 ultra
980 421 1031 448 Ett-

234 468 358 502 phratem
367 474 398 495 ae
405 466 508 501 Tigrim
517 466 626 494 flumina
636 466 734 493 vit-tum
743 465 854 500 fugisse,
867 465 902 493 Pa
908 467 1029 493 rthorum

233 520 299 541 vero
308 513 447 549 regionem
458 513 484 540 in
498 512 683 540 Romanorum
694 512 826 539 ditionem
848 513 1030 540 concessisse.

268 558 360 594 Tigris
374 563 402 586 et
413 557 568 594 Euphrates
582 557 755 594 [sacerdotis
770 558 843 584 illius
857 557 867 594 ]
882 558 938 590 filii,
952 558 1031 593 76a

233 605 388 641 persimiles
415 605 532 632 invicem
560 610 649 636 erant,
678 609 704 631 et
734 603 880 631 Rhodanes
901 610 1032 638 utrosque

234 651 322 678 forma
349 651 495 679 referebat.
516 650 581 678 Post
609 650 725 678 alterum
749 651 831 685 igitur
846 650 920 677 illum
935 650 1031 691 illium.

235 705 285 733 per
299 704 400 729 rosam,
428 696 466 723 uti
481 696 613 727 diximus.
632 701 770 728 enectum,
786 695 934 723 Rhodanes
948 696 974 723 in
991 696 1032 723 in-

235 745 322 772 sulam
345 752 398 771 una
414 751 476 771 cum
488 743 619 770 Sinonide
637 742 763 778 trajecit:
778 748 805 770 et
826 748 913 770 mater
921 741 1030 770 Rhoda-

236 799 300 819 netn
321 789 472 825 aspiciens,
501 788 631 816 inclamat
658 793 750 815 natum
771 796 851 816 suum
865 784 1030 815 exstinctum

236 836 379 866 revixisse.
394 836 533 870 filiamque
546 842 616 869 pone
631 835 761 868 subsequi
778 842 840 861 eum
855 834 943 870 jubet.
970 835 1030 862 Dis-

1083 237 1247 272 τοκράτωρα
1262 236 1310 263 καὶ
1332 237 1445 272 ἀδελφὸν
1459 238 1506 264 καὶ
1523 237 1657 272 κηδεστὴν
1671 236 1777 272 ἔπεμψε
1792 237 1876 263 Balc-

1083 283 1173 318 γαίσῳ
1204 282 1243 318 τῷ
1274 282 1423 318 Παρθυαίῳ
1447 283 1648 318 πολεμήσοντα,
1671 283 1709 314 ὠς
1739 283 1822 314 αὑτός
1847 292 1877 309 τε

1084 328 1213 363 προείποι
1229 328 1277 354 καὶ
1291 328 1337 354 τὸν
1355 327 1487 362 πόλεμον,
1500 328 1541 354 ὅτι
1558 327 1771 362 γενήσεται.καὶ
1784 328 1845 353 ὅποι
1855 328 1878 343 ³³

1083 375 1285 410 τελευτήσοιθθ.
1305 375 1359 402 Kal
1373 375 1414 401 ὅτι
1431 375 1592 409 Βολόγαισος
1609 375 1658 409 μὲν
1679 375 1749 407 ὑπὲρ
1762 374 1808 401 τὴν
1826 375 1879 401 Εὑ-

1085 422 1193 457 φράτην
1220 421 1268 447 καὶ
1296 420 1393 456 Τίγριν
1419 420 1532 456 ἔφυγεν,
1560 421 1577 455 ή
1602 420 1631 447 δὲ
1651 419 1815 456 Παρθυαίων
1839 420 1877 455 γῆ

1091 466 1238 502 Ῥωμαίοις
1253 466 1373 501 ὑπήκοος
1389 468 1519 502 κατέστη.

1127 555 1200 582 Ἀλλ’
1211 555 1225 581 ὅ
1242 563 1275 590 γε
1293 554 1389 590 Τίγρις
1401 554 1453 582 -καὶ
1466 555 1613 590 Εὐφράτης
1628 556 1652 582 οἱ
1673 555 1768 587 παῖδες
1790 556 1879 590 ἐμφε-

1088 603 1144 637 ρεῖς
1159 601 1286 638 ἀλλήλοις
1299 599 1381 637 ἦσαν,
1406 601 1455 627 καὶ
1475 601 1603 636 Ῥοδάνης
1619 601 1798 636 ἀμφοτέροις,
1823 602 1878 629 Τοῦ

1084 650 1114 676 δὲ
1130 649 1236 681 παιδὸς,
1257 649 1353 684 ὥσπερ
1375 648 1492 684 ἔφημεν,
1519 648 1559 683 τῷ
1584 648 1653 684 ῥόδῳ
1672 648 1878 680 τελειωθέντος,

1090 695 1220 731 Ῥοδάνης
1230 695 1299 731 πρὸς
1313 695 1363 730 τὴν
1377 695 1473 731 νησῖδα
1489 695 1547 730 ἅμα
1561 695 1685 722 Σινωνίδι
1699 694 1876 730 περαιοῦται,

1086 742 1133 768 καὶ
1145 741 1194 777 βοᾷ
1208 742 1224 776 ή
1246 742 1339 777 μήτηρ
1352 740 1399 768 τὸν
1418 741 1570 776 τεθνηκότα
1584 741 1669 776 αὐτῆς
1684 741 1742 768 υίδν
1755 741 1877 768 ἀναϐιῶ-

1085 798 1140 821 ναι,
1159 791 1199 821 είς
1216 789 1262 816 τὸν
1285 788 1414 824 Ῥοδάνην
1428 788 1536 824 όρῶσα,
1551 788 1599 815 καὶ
1613 788 1699 824 κόρην
1715 788 1791 823 αὐτῷ
1804 790 1879 815 ἐκεῖ·

1086 835 1160 862 θεν⁹⁰
1173 835 1303 862 ἕπεσθαι⁹
1323 834 1550 870 συνυποκρίνεται
1574 834 1704 869 Ῥοδάνης
1715 834 1814 866 ταῦτα,
1826 834 1878 868 τῆς

235 882 347 912 simulat
362 883 420 909 haec
431 880 588 912 Rhodanes,
615 879 802 908 insulanorum
826 880 1028 914 simplicitatem

1083 881 1137 908 τῶν
1173 880 1315 916 νησιωτῶν
1342 880 1536 916 κατεντρυφῶν
1566 880 1705 915 εὐηθείας.
1732 881 1877 916 Μηνύεται

235 928 390 957 ludificans.
413 927 513 954 Damas
539 926 655 958 interea,
679 933 740 960 qum
754 925 879 953 Rhodani
912 925 1029 953 accidis-

235 980 308 1008 sent,
330 980 445 1010 quaeque
459 972 605 1001 Soraechus
618 979 678 1000 cum
701 972 747 999 illo
765 972 905 1007 gessisset,
924 971 1026 999 indicio

235 1021 374 1057 cognovit.
387 1019 470 1048 Index
491 1027 555 1047 vero
575 1027 608 1047 ac
633 1019 737 1047 delator
760 1019 883 1046 medicus
903 1018 948 1046 ille
966 1018 1028 1051 fuit,

235 1075 316 1103 quem
328 1066 485 1099 Sorachus,
501 1064 681 1093 utSinonidis
698 1065 796 1092 vulnus
808 1070 929 1096 curaret,
959 1065 1028 1092 clam

235 1113 410 1141 submiserat.
428 1111 544 1147 Capitur
577 1111 628 1138 hoc
655 1111 764 1138 nomine
779 1109 934 1143 Soraechus,
957 1115 984 1138 et
996 1111 1029 1138 ad

235 1158 367 1186 Garmum
381 1157 538 1185 adducitur.
564 1156 683 1184 Mittitur
700 1161 727 1184 et
742 1156 847 1184 delator
863 1165 924 1184 cttm
938 1157 1030 1184 Damae

237 1205 347 1236 litteris.
376 1205 409 1232 ad
424 1202 540 1232 Veneris
566 1203 750 1237 sacerdotem,
776 1203 876 1238 quibus
897 1203 1028 1231 Sinonida

238 1249 457 1285 comprehendre
467 1249 590 1284 jubetur.
613 1247 736 1276 Medicus
751 1255 817 1283 ergo
829 1256 915 1276 sacrae
932 1249 1030 1277 insulae

237 1295 338 1324 liuiuen
357 1302 512 1330 permeans.
533 1295 653 1330 seipsum
667 1294 702 1322 de
724 1302 801 1322 inore
813 1294 918 1323 camelo
928 1302 1029 1329 appen-

238 1341 288 1375 dit,
317 1341 478 1374 litterasque
502 1339 660 1377 [iumenti]
692 1341 794 1369 dextrae
819 1341 878 1368 auri
903 1341 1027 1376 imponit.

238 1387 340 1416 Verum
352 1388 475 1415 delatore
486 1387 531 1414 illo
549 1385 670 1414 fluminis
686 1387 765 1413 undis
791 1393 891 1419 merso,
907 1387 1029 1414 camelus

238 1435 273 1463 ad
287 1434 404 1463 insulam
419 1433 571 1466 adnatavit,
598 1432 643 1460 ubi
655 1432 802 1460 Rhodanes
818 1440 874 1460 rem
891 1438 974 1460 telam
990 1433 1030 1460 di-

238 1481 315 1514 dicit,
329 1480 432 1508 sublata
443 1487 459 1507 θ
471 1478 586 1514 jmnenti
601 1486 667 1506 aure
680 1477 771 1506 Damae
786 1478 912 1514 epistola.
938 1478 1029 1512 Quare

239 1526 302 1563 fuga
315 1526 380 1554 inde
392 1533 423 1554 se
444 1525 607 1561 proripiunt.
631 1530 836 1559 occurruntque
851 1525 979 1553 Soraeclto
994 1525 1027 1552 ad

238 1572 369 1601 Garmum
396 1579 486 1607 regem
508 1571 601 1604 ducto,
627 1576 655 1598 et
667 1579 719 1598 una
736 1571 762 1598 in
783 1571 1028 1606 hospitiumdiver—

239 1623 310 1646 tunt.
327 1619 365 1646 lbi
395 1623 476 1646 noctu
489 1617 636 1645 Rhodanes
655 1617 714 1645 auri
742 1617 891 1651 cupiditate
917 1617 1028 1652 injecta,

238 1663 319 1691 facile
345 1663 500 1698 persuadet,
519 1661 639 1690 Sormchi
661 1667 692 1689 ιιι
711 1662 841 1690 custodes
859 1662 1027 1697 iugulentur.

238 1708 319 1746 [Quo
335 1708 456 1736 facinore
469 1707 802 1743 perpetrato,]fugitcunt
817 1708 858 1736 bis
874 1707 1028 1742 Sorzechus,

239 1760 360 1783 mutuam
380 1755 452 1781 hanc
475 1754 574 1788 prioris
596 1762 652 1782 suae
669 1754 853 1782 beneficentiae
877 1755 1028 1782 mercedem

1041 1554 1063 1583 (Ξ

239 1805 347 1828 nactus.
375 1799 462 1826 Porro
477 1798 576 1826 Damas
587 1799 795 1834 comprehendit
811 1798 926 1826 Veneris
938 1806 1029 1826 sacer-

239 1847 341 1880 dotem,
359 1846 429 1873 etde
439 1845 573 1873 Sinonide
582 1845 761 1880 questionem
774 1845 894 1873 instituit
917 1854 924 1872 :
947 1850 1029 1880 atque

240 1893 286 1921 ubi
300 1893 408 1920 tandem
420 1891 555 1919 sententia
571 1891 769 1919 condemnatus
785 1897 827 1918 est
847 1899 941 1923 senex,
967 1896 996 1918 ut
1014 1899 1030 1919 ο

239 1937 381 1965 sacerdote
395 1936 516 1964 carnifex
531 1935 674 1970 efficiatur,
696 1944 785 1964 mores
802 1944 909 1972 quoque
919 1937 1029 1964 carnifi-

237 1982 278 2010 cis
294 1989 327 2009 ac
340 1982 552 2010 consuetudines
567 1982 722 2018 Euphrates
731 1983 822 2010 discit.
840 1982 930 2016 Pater,
943 1983 1030 2011 idem-

239 2036 291 2064 que
306 2027 608 2064 sacerdosEuphratem
622 2036 672 2064 pro
686 2027 817 2056 Rhodane
825 2028 906 2056 habet
933 2028 1028 2063 appel-

240 2076 342 2111 latque.
357 2074 436 2110 Fugit
452 2079 479 2102 et
490 2082 568 2103 soror
585 2074 732 2109 Euphratis
747 2074 951 2109 Mesopotamia.
963 2074 1028 2102 Dein

239 2122 273 2150 ad
283 2122 370 2150 Sacan
386 2121 538 2156 Euphrates
550 2122 608 2156 ipse
620 2120 775 2154 adducitur,
792 2121 1029 2157 iuterrogaturque

239 2169 272 2196 de
282 2167 416 2196 Sinonide
430 2175 438 2195 :
455 2175 504 2202 pro
521 2166 653 2195 Rhodane
669 2167 742 2194 enim
762 2167 925 2200 habebatur,
945 2171 1029 2202 atque

1079 927 1174 962 Δάμας
1194 928 1229 954 τὰ
1247 927 1314 963 περὶ
1334 927 1478 962 Ῥοδάνην,
1505 927 1553 954 καὶ
1580 927 1631 954 ὅσα
1655 928 1789 963 Σόραιχος
1810 930 1876 962 περὶ

1080 974 1180 1005 αὐτοὺς
1197 972 1315 1008 ἔπραξε·
1332 972 1396 1009 [244
1412 973 1458 1009 IL]
1477 973 1599 1009 μηνυτὴς
1612 974 1635 1001 δ’
1654 971 1689 1010 ἦν
1701 975 1785 1006 αὐτὸς
1799 975 1814 1000 ὁ
1835 975 1877 1001 ἱα-

1079 1021 1157 1056 τρδς,
1180 1020 1209 1047 ὃν
1229 1022 1243 1047 ὁ
1259 1020 1391 1056 Σόραιχος
1404 1020 1497 1056 κρύφα
1514 1020 1627 1056 πέμψας
1642 1020 1673 1047 τὺ
1690 1022 1739 1056 τῆς
1759 1021 1877 1048 Σινωνί-

1079 1067 1124 1098 δος
1139 1066 1203 1103 [154
1217 1066 1266 1103 Η.]
1281 1066 1450 1102 ἐθεράπευσε
1462 1067 1485 1083 "
1507 1067 1630 1103 τραῦμα.
1648 1059 1876 1102 Συλλαμϐἶὶνεται

1079 1113 1124 1140 διὰ
1133 1115 1156 1130 "
1167 1113 1248 1141 τοῦτο
1263 1114 1403 1149 Σόραιχος,
1418 1114 1465 1140 καὶ
1479 1113 1576 1148 ἄγεται
1594 1113 1641 1139 ἐπὶ
1656 1113 1775 1148 Γάρμον.
1792 1113 1874 1140 Ἀπο-

1080 1160 1220 1188 στέλλεται
1234 1160 1282 1187 καὶ
1300 1161 1382 1192 αὐτὸς
1395 1161 1409 1187 ό
1427 1160 1551 1195 μηνυτὴς
1576 1161 1695 1195 γράμμα
1717 1160 1796 1194 Δάμα
1815 1160 1876 1186 ἐπε-

1080 1206 1230 1242 φερόμενος
1262 1206 1330 1242 πρὸς
1350 1206 1396 1232 τὸν
1422 1206 1472 1241 τῆς
1489 1205 1650 1240 Ἀφροδίτης
1675 1205 1750 1240 ἱερέα
1763 1224 1770 1236 ,
1792 1204 1838 1238 ἐφ’
1852 1201 1875 1237 ᾦ

1081 1252 1224 1280 συλλαϐεῖν
1244 1253 1307 1284 τοὺς
1323 1252 1388 1288 περὶ
1415 1252 1556 1279 Σινωνίδα.
1575 1251 1715 1279 Διαϐαίνει
1728 1251 1807 1278 rev"
1820 1259 1874 1278 πο-

1079 1299 1187 1334 ταμὺνὸ
1199 1299 1290 1334 ἰατρὸς
1297 1300 1347 1335 τῆς
1363 1299 1439 1334 ἱερᾶς
1456 1299 1561 1331 ἑαυτὸν,
1574 1299 1613 1330 ὡς
1627 1298 1698 1330 ἔθος,
1714 1297 1874 1333 ἐξαρτήσας

1080 1344 1216 1380 καμήλου,
1236 1345 1266 1371 τὺ
1295 1344 1323 1371 δὲ
1349 1345 1468 1380 γράμμα
1492 1344 1531 1380 τῷ
1548 1344 1627 1380 δεξιῷ
1648 1343 1796 1379 παρενθεὶς
1818 1343 1876 1369 τῶν

1079 1389 1172 1416 ὢτων
1191 1389 1238 1416 καὶ
1252 1389 1329 1422 τέλος
1352 1391 1366 1416 ὁ
1392 1390 1514 1425 μηνυτὴς
1530 1389 1742 1423 ἑναποπνίγεται
1764 1389 1805 1424 τῷ
1821 1398 1875 1416 πο-

1079 1435 1169 1472 ταμῷ,
1185 1435 1320 1463 διαϐαίνει
1337 1435 1365 1463 δὲ
1381 1436 1450 1472 πρὸς
1463 1435 1513 1470 τὴν
1530 1436 1627 1471 νησῖδα
1644 1437 1660 1471 ἡ
1674 1435 1809 1470 κάμηλος,
1826 1436 1876 1462 καὶ

1079 1482 1169 1509 πάντα
1193 1482 1377 1518 μανθάνουσιν
1391 1482 1415 1508 oi
1432 1482 1498 1517 περὶ
1518 1482 1659 1517 Ῥοδάνην,
1684 1482 1714 1508 τὸ
1727 1481 1774 1508 τοῦ
1792 1482 1875 1515 Δάμα

1080 1528 1198 1564 γράμμα
1221 1528 1275 1555 τῶν
1296 1527 1374 1554 ὤτων
1390 1527 1550 1563 ἀνελόμενοι
1572 1528 1620 1563 τῆς
1641 1527 1778 1562 καμήλου.
1802 1528 1875 1554 Φεύ-

1080 1583 1174 1608 γουσιν
1188 1574 1295 1601 ἐκεῖθεν
1310 1574 1354 1601 διὰ
1369 1574 1460 1605 τοῦτο,
1486 1574 1536 1601 καὶ
1555 1573 1722 1601 ωναντῶσιν
1736 1574 1875 1609 ἀγόμενον

1080 1619 1211 1654 Σόραιχον
1226 1619 1273 1646 ἐπὶ
1286 1619 1407 1655 Γάρμον,
1428 1619 1477 1646 καὶ
1492 1619 1675 1646 καταλύουσιν
1691 1620 1750 1654 ἅμα
1763 1621 1792 1647 ὲν
1806 1629 1876 1646 παν·

1080 1665 1186 1701 δοχείῳ.
1205 1666 1260 1692 Καὶ
1275 1667 1308 1702 τῇ
1326 1666 1373 1693 τοῦ
1395 1666 1509 1702 χρυσίου
1529 1666 1665 1702 ἐπιθυμίᾳ
1680 1666 1791 1702 νύκτωρ
1807 1666 1877 1693 ἀνα-

1081 1712 1170 1739 πείθει
1191 1712 1331 1747 Ῥοδάνηςι
1360 1712 1408 1739 καὶ
1430 1712 1608 1748 ἀναιροῦνται
1631 1713 1655 1739 οί
1672 1713 1806 1747 Σοραίχου
1823 1713 1877 1747 φύ-

1080 1758 1173 1790 λακες,
1192 1759 1240 1785 καὶ
1251 1758 1349 1793 φεύγει
1370 1759 1419 1785 σὺν
1431 1759 1523 1790 αὐτοῖς
1537 1758 1678 1794 Σόραιχος,
1694 1759 1814 1794 ἀμοιϐὴν
1830 1761 1878 1785 εὑ-

1081 1805 1136 1841 ρὼν
1159 1805 1209 1840 τῆς
1236 1805 1455 1841 προῦπαρξάσης
1480 1805 1655 1840 εὐεργεσίας.
1680 1804 1876 1840 Συλλαμϐἁνει

1079 1851 1174 1887 Δάμας
1195 1851 1242 1878 τὸν
1260 1852 1310 1887 τῆς
1326 1851 1488 1887 Ἀφροδίτης
1510 1852 1605 1887 ιερέα,
1627 1851 1676 1878 καὶ
1696 1851 1877 1887 ἀνακρίνεται

1080 1897 1146 1933 περὶ
1167 1898 1320 1930 Σινωνίδος,
1335 1898 1382 1924 καὶ
1393 1897 1472 1929 τέλος
1486 1897 1684 1933 κατακρίνεται
1709 1897 1808 1933 δήμιος
1827 1905 1877 1931 γε-

1080 1942 1175 1969 νέσθαι
1192 1942 1253 1969 ἀντὶ
1267 1942 1362 1978 ἱερέως
1384 1942 1399 1968 ὁ
1423 1942 1598 1978 πρεσϐύτης’
1619 1942 1666 1969 καὶ
1687 1942 1720 1968 τὰ
1744 1943 1812 1976 περὶ
1828 1942 1877 1968 τὸν

1080 1987 1178 2022 δήμιον
1195 1987 1242 2023 ἔθη
1266 1989 1314 2014 καὶ
1330 1988 1446 2024 νόμιμα.
1475 1987 1699 2023 Συλλαμϐάνεται
1713 1988 1875 2023 Εὐφράτης,

1080 2036 1124 2062 ὅτι
1139 2035 1154 2061 ὁ
1170 2034 1262 2070 πατὴρ
1277 2035 1323 2060 καὶ
1339 2036 1440 2070 ίερεὺς,
1464 2035 1502 2066 ὡς
1518 2035 1646 2070 Ῥοδάνην
1667 2034 1751 2060 αὑτὸν
1769 2033 1878 2060 ὑπολα-

1081 2080 1147 2114 ϐὼν,
1170 2080 1258 2112 οὕτως
1281 2080 1427 2107 ἐπεκάλει·
1452 2081 1500 2108 καὶ
1522 2080 1618 2115 φεύγει
1634 2080 1837 2114 Μεσοποταμία
1856 2081 1875 2115 ἡ

1080 2125 1194 2161 ἀδελφή.
1212 2126 1267 2152 Καὶ
1287 2120 1356 2162 πρὸς
1374 2126 1420 2153 τὸν
1443 2126 1534 2153 Σάκαν
1550 2127 1689 2158 ἀπάγεται
1713 2125 1875 2160 Εὐφράτης.

1080 2171 1259 2207 ἀνακρίνεται
1271 2172 1338 2208 περὶ
1360 2172 1501 2204 Σινωνίδος
1511 2180 1518 2188 ’
1536 2172 1573 2204 ὡς
1588 2171 1643 2207 γὰρ
1665 2171 1795 2207 Ῥοδάνης
1806 2172 1877 2206 ἡτά-

238 2214 456 2241 exatniuabatur.
477 2213 582 2240 Iudicat
596 2220 662 2248 ergo
677 2212 762 2240 Sacas
776 2212 879 2241 Garmo
895 2213 953 2248 regi
979 2221 1027 2240 ca-

1083 2217 1151 2250 ζετο.
1174 2218 1230 2244 Καὶ
1245 2219 1408 2245 ἀποστέλλει
1434 2219 1523 2251 Σάκας
1539 2219 1608 2254 πρὸς
1624 2218 1734 2254 Γάρμον
1754 2219 1796 2245 ὅτι
1817 2219 1878 2245 Ῥο-

239 2264 315 2295 ptum
324 2267 384 2287 esse
392 2259 563 2292 lihodanem,
576 2259 739 2294 captandam
752 2266 861 2293 quoque
872 2260 1028 2294 propediem

240 2305 380 2333 Sinonida.
400 2305 552 2340 Euphrates
564 2304 637 2332 enim
651 2304 729 2340 quasi
741 2304 886 2333 Rbodanes
899 2311 981 2339 esset,
1002 2307 1029 2334 in

237 2350 341 2385 judicio
363 2350 519 2385 respondet,
547 2349 691 2384 Sinonide,
715 2351 778 2378 dum
804 2351 862 2386 ipse
874 2357 1028 2386 caperetur,

240 2396 352 2432 fugisse.
370 2395 487 2424 Coactus
502 2396 629 2424 nimirum
641 2401 669 2424 et
681 2397 739 2432 ipse
750 2397 882 2426 Sinonida
892 2398 1030 2433 appellare

239 2451 361 2471 sororem
376 2451 452 2471 suam
469 2442 704 2478 Mesopotamiam.

275 2490 420 2518 llhodanes
433 2490 540 2518 interim
550 2495 577 2518 et
592 2490 702 2519 Sinonis
715 2498 766 2518 una
783 2498 844 2518 cum
858 2491 985 2519 Sortecho
1000 2491 1027 2518 in

239 2537 330 2572 fugam
352 2537 425 2565 versi
441 2537 570 2573 agricola:
585 2537 724 2572 tugurium
749 2537 878 2571 subeunt,
900 2538 944 2565 cui
970 2537 1026 2564 ﬁlia

238 2583 421 2619 crateleganti
435 2583 535 2616 forttta,
562 2591 651 2618 nuper
667 2583 812 2610 admodum
832 2583 943 2610 viduata
958 2584 1026 2616 viro,

1081 2263 1164 2299 δάνης
1186 2264 1364 2300 συνείληπται
1385 2265 1433 2292 καὶ
1459 2265 1571 2296 Σινωνὶς
1594 2264 1834 2300 συλληφθήσεται·
1863 2266 1878 2292 ὸ

1081 2310 1135 2346 γὰρ
1148 2311 1305 2347 Εὐφράτης,
1320 2311 1358 2342 ὡς
1369 2311 1498 2346 Ῥοδὰνης
1515 2310 1688 2346 κρινόμενος,
1697 2310 1751 2345 ἔφη
1764 2310 1816 2346 τὴν
1829 2311 1879 2336 Σι-

1082 2357 1179 2383 νωνίδα
1192 2356 1449 2392 συλλαμϐανομένου
1466 2356 1549 2383 αὑτοῦ
1562 2356 1776 2391 πεφευγέναι⁹⁵,
1793 2356 1879 2382 Σινω-

1081 2403 1141 2429 νίδα
1166 2403 1261 2429 καλεῖν
1289 2403 1415 2434 κάκεῖνος
1445 2402 1641 2438 ἐκϐιαζόμενος
1672 2402 1722 2437 τὴν
1753 2402 1878 2437 ἀδελφὴν

1081 2449 1305 2484 Μεσοποταμίαν.

1119 2494 1182 2521 Ὅτι
1208 2495 1233 2521 οἱ
1261 2495 1326 2531 περὶ
1346 2494 1475 2529 Ῥοδάνην
1497 2495 1545 2521 καὶ
1570 2493 1700 2520 Σινωνίδα
1725 2492 1879 2527 φεύγοντες

1082 2540 1141 2576 ἅμα
1161 2541 1285 2576 Σοραίχῳ
1309 2541 1487 2577 καταίρουσιν
1508 2541 1548 2572 είς
1565 2539 1708 2575 γεωργοῦ·
1731 2538 1772 2574 τῷ
1792 2539 1817 2565 δ’
1840 2536 1877 2574 ἦν

1081 2587 1162 2622 κόρη,
1174 2585 1298 2623 θυγάτηρ
1310 2587 1379 2623 καλὴ
1392 2587 1441 2622 τὴν
1452 2586 1592 2622 δψιν,άρτι
1607 2585 1764 2622 χηρωθεῖσα
1777 2585 1827 2612 καὶ
1840 2586 1877 2620 τῇ

896 2662 1013 2690 VARIE
1034 2663 1235 2693 LEC'HONES.

274 2723 298 2739 ⁸⁷
316 2723 422 2758 Οὒῆρον
437 2721 616 2758 Casattbotms
635 2729 641 2747 :
660 2719 757 2758 ορκρον
772 2727 802 2758 ς.

842 2719 866 2734 ⁸⁸
877 2719 938 2746 ὅποι
950 2718 972 2746 Α
987 2727 994 2745 :
1011 2719 1051 2746 ὅτι
1069 2721 1116 2747 ποῖ
1130 2730 1161 2753 ς.

1199 2722 1222 2738 ⁸³
1239 2722 1396 2758 τελευτήσει
1415 2731 1445 2755 ς.
1493 2723 1516 2741 ³¹⁸
1531 2722 1637 2750 ἐκεῖθεν
1665 2722 1710 2750 Δε
1727 2721 1829 2757 ἔθηκεν
1840 2730 1873 2754 ς.

237 2760 260 2775 ’ί
273 2754 424 2793 ἐθεράπευε
440 2765 471 2788 ς.
509 2756 531 2771 ⁹¹
548 2756 592 2782 διὰ
604 2757 627 2782 A
644 2764 651 2783 :
668 2756 696 2782 δὲ
706 2754 736 2787 ς.
774 2755 797 2769 ’³
810 2754 867 2790 τὸν]
878 2755 907 2782 δὲ
918 2755 964 2782 τὸν
980 2763 1011 2786 ς.
1049 2755 1073 2771 ³⁸
1091 2756 1308 2793 διαπεφευγέναι
1323 2754 1354 2790 ςξ

1001 2813 1117 2843 NOTAE.

272 2862 329 2898 (64)
346 2861 381 2889 lii.
400 2861 493 2888 Aurel.
509 2860 665 2888 Antoninus
676 2858 867 2894 Philosophus.
