  <div class='ocr_page' id='page_1' title='image "/cluster/home/n/w/nwhite01/storage/ocr_20150623/103/njp.32101010943882/220.png"; bbox 0 0 1938 3091; ppageno 0'>
   <div class='ocr_carea' id='block_1_1' title="bbox 82 117 136 149">
    <p class='ocr_par' dir='ltr' id='par_1_1' title="bbox 82 117 136 149">
     <span class='ocr_line' id='line_1_1' title="bbox 82 117 136 149; baseline -0.019 0"><span class='ocrx_word' id='word_1_1' title='bbox 82 117 136 149; x_wconf 57' lang='grc' dir='ltr'><strong>31ιῖ</strong></span> 
     </span>
    </p>
   </div>
   <div class='ocr_carea' id='block_1_2' title="bbox 636 115 1172 148">
    <p class='ocr_par' dir='ltr' id='par_1_2' title="bbox 636 115 1172 148">
     <span class='ocr_line' id='line_1_2' title="bbox 636 115 1172 148; baseline 0.004 -3"><span class='ocrx_word' id='word_1_2' title='bbox 636 115 900 146; x_wconf 77' lang='lat' dir='ltr'><strong>BIBLIOTHECA.</strong></span> <span class='ocrx_word' id='word_1_3' title='bbox 916 129 950 135; x_wconf 84' lang='lat'><strong>-</strong></span> <span class='ocrx_word' id='word_1_4' title='bbox 967 115 1051 148; x_wconf 88' lang='lat' dir='ltr'><strong>COD.</strong></span> <span class='ocrx_word' id='word_1_5' title='bbox 1071 116 1172 147; x_wconf 87' lang='lat' dir='ltr'><strong>XCIV.</strong></span> 
     </span>
    </p>
   </div>
   <div class='ocr_carea' id='block_1_3' title="bbox 1673 104 1726 152">
    <p class='ocr_par' dir='ltr' id='par_1_3' title="bbox 1673 104 1726 152">
     <span class='ocr_line' id='line_1_3' title="bbox 1673 104 1726 152; baseline 0 0"><span class='ocrx_word' id='word_1_6' title='bbox 1673 104 1726 152; x_wconf 57' lang='grc' dir='ltr'><strong>σοι</strong></span> 
     </span>
    </p>
   </div>
   <div class='ocr_carea' id='block_1_4' title="bbox 81 173 883 214">
    <p class='ocr_par' dir='ltr' id='par_1_4' title="bbox 81 173 878 212">
     <span class='ocr_line' id='line_1_4' title="bbox 81 173 878 212; baseline -0.003 -10"><span class='ocrx_word' id='word_1_7' title='bbox 81 177 152 212; x_wconf 77' lang='grc' dir='ltr'>πρὸς</span> <span class='ocrx_word' id='word_1_8' title='bbox 174 175 222 202; x_wconf 72' lang='grc' dir='ltr'>τὸν</span> <span class='ocrx_word' id='word_1_9' title='bbox 238 174 323 210; x_wconf 67' lang='grc' dir='ltr'>ἄνδρα</span> <span class='ocrx_word' id='word_1_10' title='bbox 348 173 440 210; x_wconf 72' lang='grc' dir='ltr'>εὖνοίᾳ</span> <span class='ocrx_word' id='word_1_11' title='bbox 461 173 511 206; x_wconf 77' lang='grc' dir='ltr'>τὰς</span> <span class='ocrx_word' id='word_1_12' title='bbox 534 173 632 209; x_wconf 78' lang='grc' dir='ltr'><strong>τρίχας</strong></span> <span class='ocrx_word' id='word_1_13' title='bbox 648 175 878 210; x_wconf 73' lang='grc' dir='ltr'>περικειραμένη.</span> 
     </span>
    </p>
   </div>
   <div class='ocr_carea' id='block_1_5' title="bbox 935 173 1725 214">
    <p class='ocr_par' dir='ltr' id='par_1_5' title="bbox 935 174 1725 214">
     <span class='ocr_line' id='line_1_5' title="bbox 935 174 1725 214; baseline 0.01 -15"><span class='ocrx_word' id='word_1_14' title='bbox 935 174 986 209; x_wconf 72' lang='grc'><strong>76</strong></span> <span class='ocrx_word' id='word_1_15' title='bbox 994 175 1007 200; x_wconf 72' lang='grc'><em>1)</em></span> <span class='ocrx_word' id='word_1_16' title='bbox 1017 175 1130 209; x_wconf 81' lang='lat' dir='ltr'><strong>ejusque</strong></span> <span class='ocrx_word' id='word_1_17' title='bbox 1144 174 1280 203; x_wconf 77' lang='lat' dir='ltr'><strong>desiderio</strong></span> <span class='ocrx_word' id='word_1_18' title='bbox 1293 175 1385 203; x_wconf 87' lang='lat' dir='ltr'><strong>crines</strong></span> <span class='ocrx_word' id='word_1_19' title='bbox 1395 180 1512 205; x_wconf 85' lang='lat' dir='ltr'><strong>attonsa.</strong></span> <span class='ocrx_word' id='word_1_20' title='bbox 1529 176 1592 206; x_wconf 64' lang='lat' dir='ltr'><strong>Haac</strong></span> <span class='ocrx_word' id='word_1_21' title='bbox 1600 182 1725 214; x_wconf 76' lang='lat' dir='ltr'><strong>torquem</strong></span> 
     </span>
    </p>
   </div>
   <div class='ocr_carea' id='block_1_6' title="bbox 83 219 881 257">
    <p class='ocr_par' dir='ltr' id='par_1_6' title="bbox 83 219 881 257">
     <span class='ocr_line' id='line_1_6' title="bbox 83 219 881 257; baseline -0.004 -8"><span class='ocrx_word' id='word_1_22' title='bbox 83 223 229 257; x_wconf 80' lang='grc' dir='ltr'>Πέμπεται</span> <span class='ocrx_word' id='word_1_23' title='bbox 243 220 315 255; x_wconf 76' lang='grc' dir='ltr'>αὕτη</span> <span class='ocrx_word' id='word_1_24' title='bbox 326 221 376 255; x_wconf 80' lang='grc' dir='ltr'>τῆς</span> <span class='ocrx_word' id='word_1_25' title='bbox 391 219 518 251; x_wconf 76' lang='grc' dir='ltr'><strong>ἁλύσεως</strong></span> <span class='ocrx_word' id='word_1_26' title='bbox 530 221 580 255; x_wconf 85' lang='grc' dir='ltr'>τῆς</span> <span class='ocrx_word' id='word_1_27' title='bbox 598 220 702 255; x_wconf 82' lang='grc' dir='ltr'><strong>χρυσῆς</strong></span> <span class='ocrx_word' id='word_1_28' title='bbox 717 220 881 255; x_wconf 84' lang='grc' dir='ltr'>ἀπεμπολῆ-</span> 
     </span>
    </p>
   </div>
   <div class='ocr_carea' id='block_1_7' title="bbox 84 265 880 303">
    <p class='ocr_par' dir='ltr' id='par_1_7' title="bbox 84 265 880 303">
     <span class='ocr_line' id='line_1_7' title="bbox 84 265 880 303; baseline -0.001 -9"><span class='ocrx_word' id='word_1_29' title='bbox 84 277 140 299; x_wconf 85' lang='grc' dir='ltr'>σαι,</span> <span class='ocrx_word' id='word_1_30' title='bbox 154 269 188 303; x_wconf 78' lang='grc' dir='ltr'>ἧν</span> <span class='ocrx_word' id='word_1_31' title='bbox 199 268 225 293; x_wconf 81' lang='grc' dir='ltr'><strong>οί</strong></span> <span class='ocrx_word' id='word_1_32' title='bbox 241 266 445 302; x_wconf 73' lang='grc' dir='ltr'>περὶῬοδάνην</span> <span class='ocrx_word' id='word_1_33' title='bbox 458 267 490 292; x_wconf 77' lang='grc' dir='ltr'>ἐκ</span> <span class='ocrx_word' id='word_1_34' title='bbox 503 265 559 292; x_wconf 79' lang='grc' dir='ltr'>τῶν</span> <span class='ocrx_word' id='word_1_35' title='bbox 574 265 685 301; x_wconf 85' lang='grc' dir='ltr'><strong>δεσμῶν</strong></span> <span class='ocrx_word' id='word_1_36' title='bbox 698 266 880 302; x_wconf 75' lang='grc' dir='ltr'>ἐπεφέροντο·</span> 
     </span>
    </p>
   </div>
   <div class='ocr_carea' id='block_1_8' title="bbox 83 311 881 348">
    <p class='ocr_par' dir='ltr' id='par_1_8' title="bbox 83 311 881 348">
     <span class='ocr_line' id='line_1_8' title="bbox 83 311 881 348; baseline 0.001 -9"><span class='ocrx_word' id='word_1_37' title='bbox 83 314 130 339; x_wconf 75' lang='grc' dir='ltr'><strong>καὶ</strong></span> <span class='ocrx_word' id='word_1_38' title='bbox 143 314 238 339; x_wconf 78' lang='grc' dir='ltr'>ἄπεισι</span> <span class='ocrx_word' id='word_1_39' title='bbox 253 313 324 348; x_wconf 73' lang='grc' dir='ltr'>πρὸς</span> <span class='ocrx_word' id='word_1_40' title='bbox 341 312 387 338; x_wconf 76' lang='grc' dir='ltr'>τὸν</span> <span class='ocrx_word' id='word_1_41' title='bbox 399 312 548 348; x_wconf 76' lang='grc' dir='ltr'><strong>χρυσοχόον</strong></span> <span class='ocrx_word' id='word_1_42' title='bbox 560 312 576 346; x_wconf 81' lang='grc' dir='ltr'><strong>ἡ</strong></span> <span class='ocrx_word' id='word_1_43' title='bbox 594 311 640 338; x_wconf 88' lang='grc' dir='ltr'><strong>τοῦ</strong></span> <span class='ocrx_word' id='word_1_44' title='bbox 655 311 781 347; x_wconf 78' lang='grc' dir='ltr'><strong>γεωργοῦ</strong></span> <span class='ocrx_word' id='word_1_45' title='bbox 795 311 881 346; x_wconf 84' lang='grc' dir='ltr'>θυγά-</span> 
     </span>
    </p>
   </div>
   <div class='ocr_carea' id='block_1_9' title="bbox 82 356 882 394">
    <p class='ocr_par' dir='ltr' id='par_1_9' title="bbox 82 356 882 394">
     <span class='ocr_line' id='line_1_9' title="bbox 82 356 882 394; baseline -0.001 -9"><span class='ocrx_word' id='word_1_46' title='bbox 82 367 145 394; x_wconf 77' lang='grc' dir='ltr'>τηρ.</span> <span class='ocrx_word' id='word_1_47' title='bbox 162 358 220 384; x_wconf 73' lang='grc' dir='ltr'><strong>Καὶ</strong></span> <span class='ocrx_word' id='word_1_48' title='bbox 237 357 300 384; x_wconf 84' lang='grc' dir='ltr'>ἰδὼν</span> <span class='ocrx_word' id='word_1_49' title='bbox 315 358 418 389; x_wconf 81' lang='grc' dir='ltr'>ἐκεῖνος</span> <span class='ocrx_word' id='word_1_50' title='bbox 433 357 484 392; x_wconf 86' lang='grc' dir='ltr'><strong>τήν</strong></span> <span class='ocrx_word' id='word_1_51' title='bbox 500 365 530 383; x_wconf 81' lang='grc' dir='ltr'><strong>τε</strong></span> <span class='ocrx_word' id='word_1_52' title='bbox 549 356 612 391; x_wconf 74' lang='grc' dir='ltr'>ὄψιν</span> <span class='ocrx_word' id='word_1_53' title='bbox 629 358 680 390; x_wconf 81' lang='grc' dir='ltr'>τῆς</span> <span class='ocrx_word' id='word_1_54' title='bbox 694 356 781 392; x_wconf 90' lang='grc' dir='ltr'>κόρης</span> <span class='ocrx_word' id='word_1_55' title='bbox 795 357 882 393; x_wconf 86' lang='grc' dir='ltr'>καλὴν</span> 
     </span>
    </p>
   </div>
   <div class='ocr_carea' id='block_1_10' title="bbox 84 400 882 438">
    <p class='ocr_par' dir='ltr' id='par_1_10' title="bbox 84 400 882 438">
     <span class='ocr_line' id='line_1_10' title="bbox 84 400 882 438; baseline 0 -8"><span class='ocrx_word' id='word_1_56' title='bbox 84 404 193 438; x_wconf 74' lang='grc' dir='ltr'>καὶτῆς</span> <span class='ocrx_word' id='word_1_57' title='bbox 209 404 334 435; x_wconf 76' lang='grc' dir='ltr'><strong>ἁλύσεως</strong></span> <span class='ocrx_word' id='word_1_58' title='bbox 354 403 385 430; x_wconf 82' lang='grc' dir='ltr'>τὸ</span> <span class='ocrx_word' id='word_1_59' title='bbox 407 403 500 438; x_wconf 83' lang='grc' dir='ltr'>μέρος,</span> <span class='ocrx_word' id='word_1_60' title='bbox 516 400 551 438; x_wconf 82' lang='grc' dir='ltr'>ἧς</span> <span class='ocrx_word' id='word_1_61' title='bbox 568 402 650 434; x_wconf 75' lang='grc' dir='ltr'>αὐτὸς</span> <span class='ocrx_word' id='word_1_62' title='bbox 664 403 787 438; x_wconf 75' lang='grc' dir='ltr'>ἐργάτης</span> <span class='ocrx_word' id='word_1_63' title='bbox 800 402 882 438; x_wconf 74' lang='grc' dir='ltr'>ἐτύγ-</span> 
     </span>
    </p>
   </div>
   <div class='ocr_carea' id='block_1_11' title="bbox 82 449 883 486">
    <p class='ocr_par' dir='ltr' id='par_1_11' title="bbox 82 449 883 486">
     <span class='ocr_line' id='line_1_11' title="bbox 82 449 883 486; baseline 0.001 -10"><span class='ocrx_word' id='word_1_64' title='bbox 82 458 160 485; x_wconf 81' lang='grc' dir='ltr'>χανε,</span> <span class='ocrx_word' id='word_1_65' title='bbox 179 450 228 476; x_wconf 78' lang='grc' dir='ltr'>καὶ</span> <span class='ocrx_word' id='word_1_66' title='bbox 245 450 296 485; x_wconf 84' lang='grc' dir='ltr'>τὴν</span> <span class='ocrx_word' id='word_1_67' title='bbox 312 449 403 485; x_wconf 84' lang='grc' dir='ltr'><strong>κόμην</strong></span> <span class='ocrx_word' id='word_1_68' title='bbox 430 451 651 486; x_wconf 79' lang='grc' dir='ltr'>περιῃρημένην,</span> <span class='ocrx_word' id='word_1_69' title='bbox 669 450 779 477; x_wconf 80' lang='grc' dir='ltr'>ὑπονοεῖ</span> <span class='ocrx_word' id='word_1_70' title='bbox 799 451 883 477; x_wconf 89' lang='grc' dir='ltr'>Σινω-</span> 
     </span>
    </p>
   </div>
   <div class='ocr_carea' id='block_1_12' title="bbox 81 493 882 531">
    <p class='ocr_par' dir='ltr' id='par_1_12' title="bbox 81 493 882 531">
     <span class='ocr_line' id='line_1_12' title="bbox 81 493 882 531; baseline 0.001 -9"><span class='ocrx_word' id='word_1_71' title='bbox 81 496 141 522; x_wconf 65' lang='grc' dir='ltr'>νῶα</span> <span class='ocrx_word' id='word_1_72' title='bbox 165 493 249 528; x_wconf 76' lang='grc' dir='ltr'>εἶναι,</span> <span class='ocrx_word' id='word_1_73' title='bbox 277 496 322 522; x_wconf 62' lang='grc' dir='ltr'><strong>(αἱ</strong></span> <span class='ocrx_word' id='word_1_74' title='bbox 347 495 459 530; x_wconf 79' lang='grc' dir='ltr'>πέμψας</span> <span class='ocrx_word' id='word_1_75' title='bbox 487 495 556 530; x_wconf 78' lang='grc' dir='ltr'>πρὸς</span> <span class='ocrx_word' id='word_1_76' title='bbox 578 496 673 531; x_wconf 73' lang='grc' dir='ltr'>Δάμαν</span> <span class='ocrx_word' id='word_1_77' title='bbox 693 496 741 523; x_wconf 85' lang='grc' dir='ltr'>καὶ</span> <span class='ocrx_word' id='word_1_78' title='bbox 758 495 849 523; x_wconf 77' lang='grc' dir='ltr'>λαϐὼν</span> <span class='ocrx_word' id='word_1_79' title='bbox 858 496 882 514; x_wconf 75' lang='grc'><strong>⁸⁵</strong></span> 
     </span>
    </p>
   </div>
   <div class='ocr_carea' id='block_1_13' title="bbox 80 541 881 577">
    <p class='ocr_par' dir='ltr' id='par_1_13' title="bbox 80 541 881 577">
     <span class='ocr_line' id='line_1_13' title="bbox 80 541 881 577; baseline 0.002 -9"><span class='ocrx_word' id='word_1_80' title='bbox 80 542 208 576; x_wconf 71' lang='grc' dir='ltr'>ᾳύλακας</span> <span class='ocrx_word' id='word_1_81' title='bbox 223 542 419 577; x_wconf 77' lang='grc' dir='ltr'>ἀπερχομένην</span> <span class='ocrx_word' id='word_1_82' title='bbox 434 541 570 576; x_wconf 77' lang='grc' dir='ltr'>ἐφύλαττε</span> <span class='ocrx_word' id='word_1_83' title='bbox 589 542 693 577; x_wconf 81' lang='grc' dir='ltr'>κρύφα.</span> <span class='ocrx_word' id='word_1_84' title='bbox 715 543 748 569; x_wconf 82' lang='grc' dir='ltr'><strong><em>Ἦ</em></strong></span> <span class='ocrx_word' id='word_1_85' title='bbox 762 543 802 576; x_wconf 82' lang='grc' dir='ltr'><strong>δε,</strong></span> <span class='ocrx_word' id='word_1_86' title='bbox 813 543 881 570; x_wconf 82' lang='grc' dir='ltr'>ὑπο-</span> 
     </span>
    </p>
   </div>
   <div class='ocr_carea' id='block_1_14' title="bbox 82 588 882 625">
    <p class='ocr_par' dir='ltr' id='par_1_14' title="bbox 82 588 882 625">
     <span class='ocr_line' id='line_1_14' title="bbox 82 588 882 625; baseline 0.004 -11"><span class='ocrx_word' id='word_1_87' title='bbox 82 590 207 624; x_wconf 72' lang='grc' dir='ltr'>νοήσασα</span> <span class='ocrx_word' id='word_1_88' title='bbox 229 589 260 615; x_wconf 70' lang='grc' dir='ltr'>τὸ</span> <span class='ocrx_word' id='word_1_89' title='bbox 288 588 488 624; x_wconf 83' lang='grc' dir='ltr'>πραττόμενον,</span> <span class='ocrx_word' id='word_1_90' title='bbox 504 588 654 623; x_wconf 82' lang='grc' dir='ltr'>φεύγειείς</span> <span class='ocrx_word' id='word_1_91' title='bbox 676 589 780 625; x_wconf 79' lang='grc' dir='ltr'>ἔρημον</span> <span class='ocrx_word' id='word_1_92' title='bbox 795 590 882 617; x_wconf 83' lang='grc' dir='ltr'>κατά-</span> 
     </span>
    </p>
   </div>
   <div class='ocr_carea' id='block_1_15' title="bbox 82 631 884 672">
    <p class='ocr_par' dir='ltr' id='par_1_15' title="bbox 82 631 884 672">
     <span class='ocr_line' id='line_1_15' title="bbox 82 631 884 672; baseline 0.004 -12"><span class='ocrx_word' id='word_1_93' title='bbox 82 634 158 669; x_wconf 79' lang='grc' dir='ltr'>λυμα</span> <span class='ocrx_word' id='word_1_94' title='bbox 169 643 178 649; x_wconf 69' lang='grc'><strong>⁸</strong></span> <span class='ocrx_word' id='word_1_95' title='bbox 194 635 226 660; x_wconf 76' lang='grc' dir='ltr'>ἐν</span> <span class='ocrx_word' id='word_1_96' title='bbox 240 631 262 668; x_wconf 85' lang='grc' dir='ltr'><strong>ᾦ</strong></span> <span class='ocrx_word' id='word_1_97' title='bbox 276 634 326 661; x_wconf 80' lang='grc' dir='ltr'>καὶ</span> <span class='ocrx_word' id='word_1_98' title='bbox 340 634 374 660; x_wconf 71' lang='grc' dir='ltr'>τὰ</span> <span class='ocrx_word' id='word_1_99' title='bbox 389 635 454 669; x_wconf 75' lang='grc' dir='ltr'>περὶ</span> <span class='ocrx_word' id='word_1_100' title='bbox 468 635 519 669; x_wconf 80' lang='grc' dir='ltr'>τῆς</span> <span class='ocrx_word' id='word_1_101' title='bbox 534 635 620 670; x_wconf 84' lang='grc' dir='ltr'><strong>κόρης</strong></span> <span class='ocrx_word' id='word_1_102' title='bbox 637 635 687 670; x_wconf 85' lang='grc' dir='ltr'>τῆς</span> <span class='ocrx_word' id='word_1_103' title='bbox 701 636 884 672; x_wconf 78' lang='grc' dir='ltr'>ἐπικαλουμέ-</span> 
     </span>
    </p>
   </div>
   <div class='ocr_carea' id='block_1_16' title="bbox 82 680 883 717">
    <p class='ocr_par' dir='ltr' id='par_1_16' title="bbox 82 680 883 717">
     <span class='ocr_line' id='line_1_16' title="bbox 82 680 883 717; baseline 0.005 -11"><span class='ocrx_word' id='word_1_104' title='bbox 82 681 164 716; x_wconf 70' lang='grc' dir='ltr'>νηςθθ</span> <span class='ocrx_word' id='word_1_105' title='bbox 180 681 327 716; x_wconf 78' lang='grc' dir='ltr'>Τροφίμης</span> <span class='ocrx_word' id='word_1_106' title='bbox 343 680 449 707; x_wconf 77' lang='grc' dir='ltr'>καὶτοῦ</span> <span class='ocrx_word' id='word_1_107' title='bbox 461 681 557 708; x_wconf 84' lang='grc' dir='ltr'>δούλου</span> <span class='ocrx_word' id='word_1_108' title='bbox 582 681 631 708; x_wconf 89' lang='grc' dir='ltr'><strong>τοῦ</strong></span> <span class='ocrx_word' id='word_1_109' title='bbox 644 682 759 717; x_wconf 75' lang='grc' dir='ltr'><strong>ἐραστοῦ</strong></span> <span class='ocrx_word' id='word_1_110' title='bbox 773 683 819 709; x_wconf 72' lang='grc' dir='ltr'>καὶ</span> <span class='ocrx_word' id='word_1_111' title='bbox 834 692 883 717; x_wconf 74' lang='grc' dir='ltr'><strong>φο-</strong></span> 
     </span>
    </p>
   </div>
   <div class='ocr_carea' id='block_1_17' title="bbox 83 728 882 766">
    <p class='ocr_par' dir='ltr' id='par_1_17' title="bbox 83 728 882 766">
     <span class='ocr_line' id='line_1_17' title="bbox 83 728 882 766; baseline 0.005 -12"><span class='ocrx_word' id='word_1_112' title='bbox 83 729 164 760; x_wconf 78' lang='grc' dir='ltr'>νέως,</span> <span class='ocrx_word' id='word_1_113' title='bbox 180 729 229 755; x_wconf 82' lang='grc' dir='ltr'><strong>καὶ</strong></span> <span class='ocrx_word' id='word_1_114' title='bbox 245 728 294 755; x_wconf 78' lang='grc' dir='ltr'><strong>τοῦ</strong></span> <span class='ocrx_word' id='word_1_115' title='bbox 310 728 414 764; x_wconf 77' lang='grc' dir='ltr'>κόσμου</span> <span class='ocrx_word' id='word_1_116' title='bbox 429 729 476 756; x_wconf 85' lang='grc' dir='ltr'><strong>τοῦ</strong></span> <span class='ocrx_word' id='word_1_117' title='bbox 492 729 605 764; x_wconf 86' lang='grc' dir='ltr'><strong>χρυσοῦ,</strong></span> <span class='ocrx_word' id='word_1_118' title='bbox 616 730 663 756; x_wconf 72' lang='grc' dir='ltr'><strong>καὶ</strong></span> <span class='ocrx_word' id='word_1_119' title='bbox 680 730 707 756; x_wconf 90' lang='grc' dir='ltr'><strong>αί</strong></span> <span class='ocrx_word' id='word_1_120' title='bbox 721 730 882 766; x_wconf 72' lang='grc' dir='ltr'>ἐκθεσμοιντ</span> 
     </span>
    </p>
   </div>
   <div class='ocr_carea' id='block_1_18' title="bbox 80 774 883 812">
    <p class='ocr_par' dir='ltr' id='par_1_18' title="bbox 80 774 883 812">
     <span class='ocr_line' id='line_1_18' title="bbox 80 774 883 812; baseline 0.004 -11"><span class='ocrx_word' id='word_1_121' title='bbox 80 774 132 801; x_wconf 74' lang='grc' dir='ltr'><strong>τοῦ</strong></span> <span class='ocrx_word' id='word_1_122' title='bbox 147 775 244 802; x_wconf 75' lang='grc' dir='ltr'>δούλου</span> <span class='ocrx_word' id='word_1_123' title='bbox 261 775 388 812; x_wconf 79' lang='grc' dir='ltr'>πράξεις,</span> <span class='ocrx_word' id='word_1_124' title='bbox 400 775 448 803; x_wconf 75' lang='grc' dir='ltr'><strong>καὶ</strong></span> <span class='ocrx_word' id='word_1_125' title='bbox 464 775 496 802; x_wconf 85' lang='grc' dir='ltr'><strong>τδ</strong></span> <span class='ocrx_word' id='word_1_126' title='bbox 510 776 608 803; x_wconf 75' lang='grc' dir='ltr'>ἑαυτὸν</span> <span class='ocrx_word' id='word_1_127' title='bbox 618 775 780 811; x_wconf 76' lang='grc' dir='ltr'>ἐπισφάξαι,</span> <span class='ocrx_word' id='word_1_128' title='bbox 790 778 837 804; x_wconf 78' lang='grc' dir='ltr'>καὶ</span> <span class='ocrx_word' id='word_1_129' title='bbox 852 777 883 804; x_wconf 76' lang='grc' dir='ltr'>τὸ</span> 
     </span>
    </p>
   </div>
   <div class='ocr_carea' id='block_1_19' title="bbox 81 821 882 858">
    <p class='ocr_par' dir='ltr' id='par_1_19' title="bbox 81 821 882 858">
     <span class='ocr_line' id='line_1_19' title="bbox 81 821 882 858; baseline 0.002 -11"><span class='ocrx_word' id='word_1_130' title='bbox 81 821 278 856; x_wconf 73' lang='grc' dir='ltr'>αίματωοῆναι</span> <span class='ocrx_word' id='word_1_131' title='bbox 300 822 351 858; x_wconf 78' lang='grc' dir='ltr'>τὴν</span> <span class='ocrx_word' id='word_1_132' title='bbox 374 821 422 848; x_wconf 86' lang='grc' dir='ltr'><strong>τοῦ</strong></span> <span class='ocrx_word' id='word_1_133' title='bbox 443 821 570 857; x_wconf 86' lang='grc' dir='ltr'>γεωργοῦ</span> <span class='ocrx_word' id='word_1_134' title='bbox 593 821 735 857; x_wconf 82' lang='grc' dir='ltr'>Θυγατέρα</span> <span class='ocrx_word' id='word_1_135' title='bbox 756 824 814 854; x_wconf 84' lang='grc' dir='ltr'>τοῖς</span> <span class='ocrx_word' id='word_1_136' title='bbox 834 822 882 849; x_wconf 87' lang='grc' dir='ltr'><strong>τοῦ</strong></span> 
     </span>
    </p>
   </div>
   <div class='ocr_carea' id='block_1_20' title="bbox 81 867 883 904">
    <p class='ocr_par' dir='ltr' id='par_1_20' title="bbox 81 867 883 904">
     <span class='ocr_line' id='line_1_20' title="bbox 81 867 883 904; baseline 0.002 -11"><span class='ocrx_word' id='word_1_137' title='bbox 81 867 210 893; x_wconf 52' lang='lat' dir='ltr'><strong>autem</strong></span> <span class='ocrx_word' id='word_1_138' title='bbox 220 868 358 903; x_wconf 85' lang='grc' dir='ltr'>ὃιαχρησα</span> <span class='ocrx_word' id='word_1_139' title='bbox 365 868 447 903; x_wconf 78' lang='grc' dir='ltr'>μένου</span> <span class='ocrx_word' id='word_1_140' title='bbox 464 868 574 903; x_wconf 80' lang='grc' dir='ltr'>αἵμασι,</span> <span class='ocrx_word' id='word_1_141' title='bbox 586 868 634 895; x_wconf 83' lang='grc' dir='ltr'><strong>καὶ</strong></span> <span class='ocrx_word' id='word_1_142' title='bbox 648 869 663 895; x_wconf 87' lang='grc' dir='ltr'><strong>ό</strong></span> <span class='ocrx_word' id='word_1_143' title='bbox 677 868 728 904; x_wconf 83' lang='grc' dir='ltr'>τῆς</span> <span class='ocrx_word' id='word_1_144' title='bbox 743 868 829 904; x_wconf 83' lang='grc' dir='ltr'>κόρης</span> <span class='ocrx_word' id='word_1_145' title='bbox 839 868 883 896; x_wconf 82' lang='grc' dir='ltr'><strong>διὰ</strong></span> 
     </span>
    </p>
   </div>
   <div class='ocr_carea' id='block_1_21' title="bbox 81 913 882 949">
    <p class='ocr_par' dir='ltr' id='par_1_21' title="bbox 81 913 882 949">
     <span class='ocr_line' id='line_1_21' title="bbox 81 913 882 949; baseline 0.001 -9"><span class='ocrx_word' id='word_1_146' title='bbox 81 913 172 940; x_wconf 80' lang='grc' dir='ltr'>ταῦτα</span> <span class='ocrx_word' id='word_1_147' title='bbox 189 913 273 948; x_wconf 74' lang='grc' dir='ltr'>φόϐος</span> <span class='ocrx_word' id='word_1_148' title='bbox 288 914 335 941; x_wconf 78' lang='grc' dir='ltr'>καὶ</span> <span class='ocrx_word' id='word_1_149' title='bbox 349 914 366 949; x_wconf 80' lang='grc' dir='ltr'>ἡ</span> <span class='ocrx_word' id='word_1_150' title='bbox 381 914 466 949; x_wconf 79' lang='grc' dir='ltr'>φυγὴ,</span> <span class='ocrx_word' id='word_1_151' title='bbox 485 914 531 941; x_wconf 76' lang='grc' dir='ltr'>καὶ</span> <span class='ocrx_word' id='word_1_152' title='bbox 546 915 561 949; x_wconf 88' lang='grc' dir='ltr'><strong>ή</strong></span> <span class='ocrx_word' id='word_1_153' title='bbox 581 914 712 946; x_wconf 74' lang='grc' dir='ltr'>ἔκστασις</span> <span class='ocrx_word' id='word_1_154' title='bbox 728 915 783 941; x_wconf 85' lang='grc' dir='ltr'>τῶν</span> <span class='ocrx_word' id='word_1_155' title='bbox 795 914 882 949; x_wconf 83' lang='grc' dir='ltr'>φυλά-</span> 
     </span>
    </p>
   </div>
   <div class='ocr_carea' id='block_1_22' title="bbox 82 959 884 995">
    <p class='ocr_par' dir='ltr' id='par_1_22' title="bbox 82 959 884 995">
     <span class='ocr_line' id='line_1_22' title="bbox 82 959 884 995; baseline 0 -9"><span class='ocrx_word' id='word_1_156' title='bbox 82 968 141 986; x_wconf 78' lang='grc' dir='ltr'><strong>κων</strong></span> <span class='ocrx_word' id='word_1_157' title='bbox 156 959 206 986; x_wconf 76' lang='grc' dir='ltr'>καὶ</span> <span class='ocrx_word' id='word_1_158' title='bbox 226 959 300 994; x_wconf 78' lang='grc' dir='ltr'>φυγὴ</span> <span class='ocrx_word' id='word_1_159' title='bbox 315 979 324 991; x_wconf 84' lang='grc'><strong>,</strong></span> <span class='ocrx_word' id='word_1_160' title='bbox 341 960 389 986; x_wconf 75' lang='grc' dir='ltr'>καὶ</span> <span class='ocrx_word' id='word_1_161' title='bbox 405 960 423 994; x_wconf 88' lang='grc' dir='ltr'><strong>ή</strong></span> <span class='ocrx_word' id='word_1_162' title='bbox 448 960 519 995; x_wconf 66' lang='grc' dir='ltr'>προς</span> <span class='ocrx_word' id='word_1_163' title='bbox 539 959 586 985; x_wconf 86' lang='grc' dir='ltr'><strong>τδν</strong></span> <span class='ocrx_word' id='word_1_164' title='bbox 606 960 715 995; x_wconf 84' lang='grc' dir='ltr'>πατέρα</span> <span class='ocrx_word' id='word_1_165' title='bbox 732 960 782 994; x_wconf 84' lang='grc' dir='ltr'>τῆς</span> <span class='ocrx_word' id='word_1_166' title='bbox 797 959 884 995; x_wconf 84' lang='grc' dir='ltr'>κόρης</span> 
     </span>
    </p>
   </div>
   <div class='ocr_carea' id='block_1_23' title="bbox 82 1003 883 1040">
    <p class='ocr_par' dir='ltr' id='par_1_23' title="bbox 82 1003 883 1040">
     <span class='ocr_line' id='line_1_23' title="bbox 82 1003 883 1040; baseline 0 -10"><span class='ocrx_word' id='word_1_167' title='bbox 82 1003 178 1037; x_wconf 62' lang='grc' dir='ltr'>ἄφιξις</span> <span class='ocrx_word' id='word_1_168' title='bbox 192 1003 243 1030; x_wconf 76' lang='grc' dir='ltr'>καὶ</span> <span class='ocrx_word' id='word_1_169' title='bbox 257 1003 386 1039; x_wconf 79' lang='grc' dir='ltr'><strong>διήγησις</strong></span> <span class='ocrx_word' id='word_1_170' title='bbox 402 1003 458 1030; x_wconf 84' lang='grc' dir='ltr'>τῶν</span> <span class='ocrx_word' id='word_1_171' title='bbox 475 1004 726 1039; x_wconf 82' lang='grc' dir='ltr'>συγκυρησάντων,</span> <span class='ocrx_word' id='word_1_172' title='bbox 743 1004 792 1031; x_wconf 77' lang='grc' dir='ltr'>καὶ</span> <span class='ocrx_word' id='word_1_173' title='bbox 809 1005 883 1040; x_wconf 82' lang='grc' dir='ltr'>φυγὴ</span> 
     </span>
    </p>
   </div>
   <div class='ocr_carea' id='block_1_24' title="bbox 81 1049 883 1086">
    <p class='ocr_par' dir='ltr' id='par_1_24' title="bbox 81 1049 883 1086">
     <span class='ocr_line' id='line_1_24' title="bbox 81 1049 883 1086; baseline 0.002 -11"><span class='ocrx_word' id='word_1_174' title='bbox 81 1050 192 1076; x_wconf 72' lang='grc' dir='ltr'>ἐκεῖθεν</span> <span class='ocrx_word' id='word_1_175' title='bbox 203 1050 259 1076; x_wconf 83' lang='grc' dir='ltr'><strong>τῶν</strong></span> <span class='ocrx_word' id='word_1_176' title='bbox 270 1050 335 1085; x_wconf 79' lang='grc' dir='ltr'>περὶ</span> <span class='ocrx_word' id='word_1_177' title='bbox 342 1049 484 1084; x_wconf 82' lang='grc' dir='ltr'>Ῥοδάνην,</span> <span class='ocrx_word' id='word_1_178' title='bbox 498 1051 544 1077; x_wconf 78' lang='grc' dir='ltr'>καὶ</span> <span class='ocrx_word' id='word_1_179' title='bbox 557 1051 610 1086; x_wconf 84' lang='grc' dir='ltr'>πρὸ</span> <span class='ocrx_word' id='word_1_180' title='bbox 622 1050 725 1077; x_wconf 82' lang='grc' dir='ltr'>τούτων</span> <span class='ocrx_word' id='word_1_181' title='bbox 733 1050 756 1066; x_wconf 75' lang='grc'><em>’³</em></span> <span class='ocrx_word' id='word_1_182' title='bbox 765 1051 883 1086; x_wconf 84' lang='grc' dir='ltr'>γράμμα</span> 
     </span>
    </p>
   </div>
   <div class='ocr_carea' id='block_1_25' title="bbox 83 1096 882 1132">
    <p class='ocr_par' dir='ltr' id='par_1_25' title="bbox 83 1096 882 1132">
     <span class='ocr_line' id='line_1_25' title="bbox 83 1096 882 1132; baseline 0.003 -10"><span class='ocrx_word' id='word_1_183' title='bbox 83 1096 154 1132; x_wconf 67' lang='grc' dir='ltr'>πρὸς</span> <span class='ocrx_word' id='word_1_184' title='bbox 178 1096 290 1131; x_wconf 73' lang='grc' dir='ltr'>Γάρμον</span> <span class='ocrx_word' id='word_1_185' title='bbox 307 1096 355 1122; x_wconf 85' lang='grc' dir='ltr'><strong>τοῦ</strong></span> <span class='ocrx_word' id='word_1_186' title='bbox 373 1096 524 1132; x_wconf 82' lang='grc' dir='ltr'>χρυσοχόου</span> <span class='ocrx_word' id='word_1_187' title='bbox 551 1097 593 1123; x_wconf 82' lang='grc' dir='ltr'>ὅτι</span> <span class='ocrx_word' id='word_1_188' title='bbox 614 1097 727 1128; x_wconf 79' lang='grc' dir='ltr'>Σινωνὶς</span> <span class='ocrx_word' id='word_1_189' title='bbox 751 1097 882 1132; x_wconf 82' lang='grc' dir='ltr'>εὓρηται·</span> 
     </span>
    </p>
   </div>
   <div class='ocr_carea' id='block_1_26' title="bbox 82 1140 884 1179">
    <p class='ocr_par' dir='ltr' id='par_1_26' title="bbox 82 1140 884 1179">
     <span class='ocr_line' id='line_1_26' title="bbox 82 1140 884 1179; baseline 0.002 -11"><span class='ocrx_word' id='word_1_190' title='bbox 82 1143 132 1169; x_wconf 71' lang='grc' dir='ltr'>καὶ</span> <span class='ocrx_word' id='word_1_191' title='bbox 144 1140 182 1178; x_wconf 81' lang='grc' dir='ltr'>ἦν</span> <span class='ocrx_word' id='word_1_192' title='bbox 200 1142 291 1174; x_wconf 74' lang='grc' dir='ltr'>πίστις</span> <span class='ocrx_word' id='word_1_193' title='bbox 306 1143 323 1178; x_wconf 89' lang='grc' dir='ltr'><strong>ή</strong></span> <span class='ocrx_word' id='word_1_194' title='bbox 346 1142 515 1178; x_wconf 79' lang='grc' dir='ltr'>ὲξωνηθεῖσα</span> <span class='ocrx_word' id='word_1_195' title='bbox 537 1142 634 1175; x_wconf 78' lang='grc' dir='ltr'>ἅλυσις</span> <span class='ocrx_word' id='word_1_196' title='bbox 649 1143 816 1179; x_wconf 77' lang='grc' dir='ltr'><strong>πεμπομένη</strong></span> <span class='ocrx_word' id='word_1_197' title='bbox 836 1143 884 1170; x_wconf 79' lang='grc' dir='ltr'>καὶ</span> 
     </span>
    </p>
   </div>
   <div class='ocr_carea' id='block_1_27' title="bbox 82 1188 884 1225">
    <p class='ocr_par' dir='ltr' id='par_1_27' title="bbox 82 1188 884 1225">
     <span class='ocr_line' id='line_1_27' title="bbox 82 1188 884 1225; baseline 0.001 -10"><span class='ocrx_word' id='word_1_198' title='bbox 82 1189 119 1215; x_wconf 72' lang='grc' dir='ltr'><strong>τὰ</strong></span> <span class='ocrx_word' id='word_1_199' title='bbox 144 1189 225 1220; x_wconf 76' lang='grc' dir='ltr'>ἄλλα,</span> <span class='ocrx_word' id='word_1_200' title='bbox 245 1188 263 1216; x_wconf 78' lang='grc' dir='ltr'>ἃ</span> <span class='ocrx_word' id='word_1_201' title='bbox 284 1189 349 1224; x_wconf 78' lang='grc' dir='ltr'>περὶ</span> <span class='ocrx_word' id='word_1_202' title='bbox 370 1189 420 1224; x_wconf 77' lang='grc' dir='ltr'>τὴν</span> <span class='ocrx_word' id='word_1_203' title='bbox 445 1188 493 1216; x_wconf 82' lang='grc' dir='ltr'><strong>τοῦ</strong></span> <span class='ocrx_word' id='word_1_204' title='bbox 513 1189 639 1224; x_wconf 78' lang='grc' dir='ltr'>γεωργοῦ</span> <span class='ocrx_word' id='word_1_205' title='bbox 664 1189 804 1225; x_wconf 78' lang='grc' dir='ltr'>θυγατέρα</span> <span class='ocrx_word' id='word_1_206' title='bbox 831 1190 884 1216; x_wconf 85' lang='grc' dir='ltr'><strong>ὺπ-</strong></span> 
     </span>
    </p>
   </div>
   <div class='ocr_carea' id='block_1_28' title="bbox 80 1232 884 1272">
    <p class='ocr_par' dir='ltr' id='par_1_28' title="bbox 80 1232 884 1272">
     <span class='ocr_line' id='line_1_28' title="bbox 80 1232 884 1272; baseline 0.001 -11"><span class='ocrx_word' id='word_1_207' title='bbox 80 1236 237 1263; x_wconf 77' lang='grc' dir='ltr'>ωπτεύετο.</span> <span class='ocrx_word' id='word_1_208' title='bbox 261 1235 391 1271; x_wconf 79' lang='grc' dir='ltr'>Ῥοδάνης</span> <span class='ocrx_word' id='word_1_209' title='bbox 415 1235 480 1272; x_wconf 75' lang='grc'><strong>[155</strong></span> <span class='ocrx_word' id='word_1_210' title='bbox 493 1235 539 1272; x_wconf 81' lang='grc' dir='ltr'><strong>Η.]</strong></span> <span class='ocrx_word' id='word_1_211' title='bbox 567 1235 658 1262; x_wconf 81' lang='grc' dir='ltr'>ἀπιὼν</span> <span class='ocrx_word' id='word_1_212' title='bbox 674 1236 717 1270; x_wconf 81' lang='grc' dir='ltr'><strong>ἐφ’</strong></span> <span class='ocrx_word' id='word_1_213' title='bbox 731 1232 755 1269; x_wconf 80' lang='grc' dir='ltr'>ᾧ</span> <span class='ocrx_word' id='word_1_214' title='bbox 769 1235 884 1270; x_wconf 74' lang='grc' dir='ltr'>φεύγειν</span> 
     </span>
    </p>
   </div>
   <div class='ocr_carea' id='block_1_29' title="bbox 83 1281 883 1317">
    <p class='ocr_par' dir='ltr' id='par_1_29' title="bbox 83 1281 883 1317">
     <span class='ocr_line' id='line_1_29' title="bbox 83 1281 883 1317; baseline 0 -9"><span class='ocrx_word' id='word_1_215' title='bbox 83 1281 161 1316; x_wconf 75' lang='grc' dir='ltr'><strong>φιλεί</strong></span> <span class='ocrx_word' id='word_1_216' title='bbox 170 1283 222 1317; x_wconf 80' lang='grc' dir='ltr'>τὴν</span> <span class='ocrx_word' id='word_1_217' title='bbox 235 1281 319 1317; x_wconf 74' lang='grc' dir='ltr'>κόρην</span> <span class='ocrx_word' id='word_1_218' title='bbox 332 1281 380 1308; x_wconf 87' lang='grc' dir='ltr'><strong>τοῦ</strong></span> <span class='ocrx_word' id='word_1_219' title='bbox 397 1281 534 1317; x_wconf 84' lang='grc' dir='ltr'>γεωργοῦ,</span> <span class='ocrx_word' id='word_1_220' title='bbox 552 1282 599 1308; x_wconf 78' lang='grc' dir='ltr'><strong>καὶ</strong></span> <span class='ocrx_word' id='word_1_221' title='bbox 614 1282 767 1309; x_wconf 80' lang='grc' dir='ltr'>ἀνάπτεται</span> <span class='ocrx_word' id='word_1_222' title='bbox 781 1283 822 1313; x_wconf 80' lang='grc' dir='ltr'><strong>είς</strong></span> <span class='ocrx_word' id='word_1_223' title='bbox 835 1283 883 1317; x_wconf 78' lang='grc' dir='ltr'><strong>ὁρο</strong></span> 
     </span>
    </p>
   </div>
   <div class='ocr_carea' id='block_1_30' title="bbox 82 1327 884 1365">
    <p class='ocr_par' dir='ltr' id='par_1_30' title="bbox 82 1327 884 1365">
     <span class='ocr_line' id='line_1_30' title="bbox 82 1327 884 1365; baseline 0.002 -11"><span class='ocrx_word' id='word_1_224' title='bbox 82 1328 137 1363; x_wconf 77' lang='grc' dir='ltr'><strong>τὴν</strong></span> <span class='ocrx_word' id='word_1_225' title='bbox 162 1328 276 1360; x_wconf 74' lang='grc' dir='ltr'>Σινωνὶς</span> <span class='ocrx_word' id='word_1_226' title='bbox 298 1327 342 1354; x_wconf 83' lang='grc' dir='ltr'>διὰ</span> <span class='ocrx_word' id='word_1_227' title='bbox 369 1327 459 1359; x_wconf 81' lang='grc' dir='ltr'>τοῦτο,</span> <span class='ocrx_word' id='word_1_228' title='bbox 482 1329 523 1359; x_wconf 86' lang='grc' dir='ltr'>εἰς</span> <span class='ocrx_word' id='word_1_229' title='bbox 547 1328 677 1355; x_wconf 77' lang='grc' dir='ltr'><strong>ὑπόνοιαν</strong></span> <span class='ocrx_word' id='word_1_230' title='bbox 698 1330 748 1364; x_wconf 79' lang='grc' dir='ltr'><strong>μὲν</strong></span> <span class='ocrx_word' id='word_1_231' title='bbox 774 1330 884 1365; x_wconf 84' lang='grc' dir='ltr'>πρῶτον</span> 
     </span>
    </p>
   </div>
   <div class='ocr_carea' id='block_1_31' title="bbox 81 1367 884 1410">
    <p class='ocr_par' dir='ltr' id='par_1_31' title="bbox 81 1367 884 1410">
     <span class='ocr_line' id='line_1_31' title="bbox 81 1367 884 1410; baseline 0.001 -10"><span class='ocrx_word' id='word_1_232' title='bbox 81 1374 230 1409; x_wconf 54' lang='grc' dir='ltr'>ἁσιγμένη</span> <span class='ocrx_word' id='word_1_233' title='bbox 247 1373 295 1400; x_wconf 87' lang='grc' dir='ltr'><strong>τοῦ</strong></span> <span class='ocrx_word' id='word_1_234' title='bbox 310 1374 476 1409; x_wconf 71' lang='grc' dir='ltr'><strong>φιλήματος,</strong></span> <span class='ocrx_word' id='word_1_235' title='bbox 500 1373 565 1410; x_wconf 67' lang='grc'><strong>[245</strong></span> <span class='ocrx_word' id='word_1_236' title='bbox 578 1367 626 1410; x_wconf 70' lang='grc' dir='ltr'>ιι.]’</span> <span class='ocrx_word' id='word_1_237' title='bbox 650 1374 746 1402; x_wconf 78' lang='grc' dir='ltr'>ἔπειτα</span> <span class='ocrx_word' id='word_1_238' title='bbox 763 1376 811 1402; x_wconf 83' lang='grc' dir='ltr'><strong>καὶ</strong></span> <span class='ocrx_word' id='word_1_239' title='bbox 830 1375 884 1401; x_wconf 81' lang='grc' dir='ltr'>ἀπὸ</span> 
     </span>
    </p>
   </div>
   <div class='ocr_carea' id='block_1_32' title="bbox 81 1419 885 1455">
    <p class='ocr_par' dir='ltr' id='par_1_32' title="bbox 81 1419 885 1455">
     <span class='ocr_line' id='line_1_32' title="bbox 81 1419 885 1455; baseline 0 -8"><span class='ocrx_word' id='word_1_240' title='bbox 81 1420 140 1448; x_wconf 75' lang='grc' dir='ltr'>τῶν</span> <span class='ocrx_word' id='word_1_241' title='bbox 158 1420 208 1447; x_wconf 82' lang='grc' dir='ltr'><strong>τοῦ</strong></span> <span class='ocrx_word' id='word_1_242' title='bbox 229 1420 372 1452; x_wconf 78' lang='grc' dir='ltr'>Ῥοδάνους</span> <span class='ocrx_word' id='word_1_243' title='bbox 397 1421 510 1455; x_wconf 79' lang='grc' dir='ltr'>χειλέων</span> <span class='ocrx_word' id='word_1_244' title='bbox 533 1420 691 1455; x_wconf 81' lang='grc' dir='ltr'>ἀφελομένη</span> <span class='ocrx_word' id='word_1_245' title='bbox 711 1420 742 1447; x_wconf 79' lang='grc' dir='ltr'>τὸ</span> <span class='ocrx_word' id='word_1_246' title='bbox 764 1419 844 1455; x_wconf 75' lang='grc' dir='ltr'>αἷμα,</span> <span class='ocrx_word' id='word_1_247' title='bbox 870 1419 885 1447; x_wconf 82' lang='grc' dir='ltr'><strong>ὃ</strong></span> 
     </span>
    </p>
   </div>
   <div class='ocr_carea' id='block_1_33' title="bbox 84 1466 885 1503">
    <p class='ocr_par' dir='ltr' id='par_1_33' title="bbox 84 1466 885 1503">
     <span class='ocr_line' id='line_1_33' title="bbox 84 1466 885 1503; baseline 0.001 -10"><span class='ocrx_word' id='word_1_248' title='bbox 84 1467 208 1502; x_wconf 75' lang='grc' dir='ltr'>φιλήσας</span> <span class='ocrx_word' id='word_1_249' title='bbox 232 1466 318 1502; x_wconf 78' lang='grc' dir='ltr'>αὐτὴν</span> <span class='ocrx_word' id='word_1_250' title='bbox 336 1467 563 1503; x_wconf 84' lang='grc' dir='ltr'>περιεκέχριστο.</span> <span class='ocrx_word' id='word_1_251' title='bbox 589 1468 630 1498; x_wconf 83' lang='grc' dir='ltr'><strong>είς</strong></span> <span class='ocrx_word' id='word_1_252' title='bbox 650 1467 764 1503; x_wconf 77' lang='grc' dir='ltr'>ἰσχυρὰν</span> <span class='ocrx_word' id='word_1_253' title='bbox 791 1467 885 1494; x_wconf 86' lang='grc' dir='ltr'>πίστιν</span> 
     </span>
    </p>
   </div>
   <div class='ocr_carea' id='block_1_34' title="bbox 83 1513 921 1563">
    <p class='ocr_par' dir='ltr' id='par_1_34' title="bbox 83 1513 921 1563">
     <span class='ocr_line' id='line_1_34' title="bbox 83 1513 921 1563; baseline 0 -23"><span class='ocrx_word' id='word_1_254' title='bbox 83 1514 281 1541; x_wconf 73' lang='grc' dir='ltr'>καταστᾶσαι.</span> <span class='ocrx_word' id='word_1_255' title='bbox 310 1514 392 1550; x_wconf 84' lang='grc' dir='ltr'><strong>Ζητεί</strong></span> <span class='ocrx_word' id='word_1_256' title='bbox 416 1514 460 1541; x_wconf 72' lang='grc' dir='ltr'><strong>διὰ</strong></span> <span class='ocrx_word' id='word_1_257' title='bbox 480 1513 561 1541; x_wconf 80' lang='grc' dir='ltr'>τοῦτο</span> <span class='ocrx_word' id='word_1_258' title='bbox 584 1514 697 1545; x_wconf 74' lang='grc' dir='ltr'>Σινωνὶς</span> <span class='ocrx_word' id='word_1_259' title='bbox 723 1514 772 1549; x_wconf 85' lang='grc' dir='ltr'>τὴν</span> <span class='ocrx_word' id='word_1_260' title='bbox 796 1514 885 1549; x_wconf 80' lang='grc' dir='ltr'>κόρην</span> <span class='ocrx_word' id='word_1_261' title='bbox 899 1533 921 1563; x_wconf 74' lang='lat' dir='ltr'><strong>C</strong></span> 
     </span>
    </p>
   </div>
   <div class='ocr_carea' id='block_1_35' title="bbox 84 1560 886 1597">
    <p class='ocr_par' dir='ltr' id='par_1_35' title="bbox 84 1560 886 1597">
     <span class='ocr_line' id='line_1_35' title="bbox 84 1560 886 1597; baseline 0.001 -10"><span class='ocrx_word' id='word_1_262' title='bbox 84 1562 208 1592; x_wconf 74' lang='grc' dir='ltr'>ᾶνελείν,</span> <span class='ocrx_word' id='word_1_263' title='bbox 222 1562 270 1587; x_wconf 80' lang='grc' dir='ltr'><strong>καὶ</strong></span> <span class='ocrx_word' id='word_1_264' title='bbox 279 1561 463 1597; x_wconf 80' lang='grc' dir='ltr'>ὑποστρέφειν</span> <span class='ocrx_word' id='word_1_265' title='bbox 474 1561 545 1596; x_wconf 73' lang='grc' dir='ltr'>πρὸς</span> <span class='ocrx_word' id='word_1_266' title='bbox 560 1560 646 1596; x_wconf 60' lang='lat' dir='ltr'><strong>eam</strong></span> <span class='ocrx_word' id='word_1_267' title='bbox 657 1561 791 1595; x_wconf 77' lang='grc' dir='ltr'>ἠπείγετο</span> <span class='ocrx_word' id='word_1_268' title='bbox 803 1561 886 1588; x_wconf 81' lang='grc' dir='ltr'>καθά-</span> 
     </span>
    </p>
   </div>
   <div class='ocr_carea' id='block_1_36' title="bbox 84 1607 885 1644">
    <p class='ocr_par' dir='ltr' id='par_1_36' title="bbox 84 1607 885 1644">
     <span class='ocr_line' id='line_1_36' title="bbox 84 1607 885 1644; baseline 0 -10"><span class='ocrx_word' id='word_1_269' title='bbox 84 1617 142 1643; x_wconf 84' lang='grc' dir='ltr'><strong>περ</strong></span> <span class='ocrx_word' id='word_1_270' title='bbox 156 1616 201 1639; x_wconf 84' lang='grc' dir='ltr'><strong>τις</strong></span> <span class='ocrx_word' id='word_1_271' title='bbox 217 1608 359 1644; x_wconf 73' lang='grc' dir='ltr'>ἐμμανής·</span> <span class='ocrx_word' id='word_1_272' title='bbox 375 1608 424 1634; x_wconf 81' lang='grc' dir='ltr'>καὶ</span> <span class='ocrx_word' id='word_1_273' title='bbox 448 1608 595 1634; x_wconf 86' lang='grc' dir='ltr'>συνέπεται</span> <span class='ocrx_word' id='word_1_274' title='bbox 612 1608 753 1643; x_wconf 81' lang='grc' dir='ltr'>Σόραιχος,</span> <span class='ocrx_word' id='word_1_275' title='bbox 770 1607 832 1634; x_wconf 76' lang='grc' dir='ltr'>ἐπεὶ</span> <span class='ocrx_word' id='word_1_276' title='bbox 848 1607 885 1644; x_wconf 86' lang='grc' dir='ltr'>μὴ</span> 
     </span>
    </p>
   </div>
   <div class='ocr_carea' id='block_1_37' title="bbox 84 1652 884 1689">
    <p class='ocr_par' dir='ltr' id='par_1_37' title="bbox 84 1652 884 1689">
     <span class='ocr_line' id='line_1_37' title="bbox 84 1652 884 1689; baseline -0.001 -8"><span class='ocrx_word' id='word_1_277' title='bbox 84 1655 239 1689; x_wconf 74' lang='grc' dir='ltr'>κατασχεῖν</span> <span class='ocrx_word' id='word_1_278' title='bbox 259 1653 310 1689; x_wconf 81' lang='grc' dir='ltr'>τῆς</span> <span class='ocrx_word' id='word_1_279' title='bbox 332 1652 486 1688; x_wconf 78' lang='grc' dir='ltr'>μανιώδους</span> <span class='ocrx_word' id='word_1_280' title='bbox 507 1654 597 1689; x_wconf 88' lang='grc' dir='ltr'>όρμῆς</span> <span class='ocrx_word' id='word_1_281' title='bbox 623 1653 712 1689; x_wconf 85' lang='grc' dir='ltr'>ῐσχυε.</span> <span class='ocrx_word' id='word_1_282' title='bbox 732 1654 787 1680; x_wconf 81' lang='grc' dir='ltr'><strong>Καὶ</strong></span> <span class='ocrx_word' id='word_1_283' title='bbox 813 1662 884 1680; x_wconf 89' lang='grc' dir='ltr'>κατ-</span> 
     </span>
    </p>
   </div>
   <div class='ocr_carea' id='block_1_38' title="bbox 83 1697 884 1736">
    <p class='ocr_par' dir='ltr' id='par_1_38' title="bbox 83 1697 884 1736">
     <span class='ocr_line' id='line_1_38' title="bbox 83 1697 884 1736; baseline -0.001 -10"><span class='ocrx_word' id='word_1_284' title='bbox 83 1701 214 1736; x_wconf 80' lang='grc' dir='ltr'>αίρουσιν</span> <span class='ocrx_word' id='word_1_285' title='bbox 233 1700 273 1731; x_wconf 83' lang='grc' dir='ltr'>εἰς</span> <span class='ocrx_word' id='word_1_286' title='bbox 295 1699 425 1726; x_wconf 80' lang='grc' dir='ltr'>πλουσίου</span> <span class='ocrx_word' id='word_1_287' title='bbox 440 1699 525 1733; x_wconf 84' lang='grc' dir='ltr'>τινὸς,</span> <span class='ocrx_word' id='word_1_288' title='bbox 540 1699 572 1726; x_wconf 82' lang='grc' dir='ltr'>τὸ</span> <span class='ocrx_word' id='word_1_289' title='bbox 588 1697 656 1736; x_wconf 83' lang='grc' dir='ltr'>ἦθος</span> <span class='ocrx_word' id='word_1_290' title='bbox 674 1699 704 1725; x_wconf 83' lang='grc' dir='ltr'>δὲ</span> <span class='ocrx_word' id='word_1_291' title='bbox 720 1699 884 1731; x_wconf 80' lang='grc' dir='ltr'>ἀκολάστου,</span> 
     </span>
    </p>
   </div>
   <div class='ocr_carea' id='block_1_39' title="bbox 85 1745 885 1782">
    <p class='ocr_par' dir='ltr' id='par_1_39' title="bbox 85 1745 885 1782">
     <span class='ocr_line' id='line_1_39' title="bbox 85 1745 885 1782; baseline -0.001 -9"><span class='ocrx_word' id='word_1_292' title='bbox 85 1747 216 1782; x_wconf 79' lang='grc' dir='ltr'>Σήταπος</span> <span class='ocrx_word' id='word_1_293' title='bbox 242 1746 318 1782; x_wconf 81' lang='grc' dir='ltr'>αὐτῷ</span> <span class='ocrx_word' id='word_1_294' title='bbox 341 1746 449 1782; x_wconf 75' lang='grc' dir='ltr'>δνομα,</span> <span class='ocrx_word' id='word_1_295' title='bbox 478 1745 508 1778; x_wconf 77' lang='grc' dir='ltr'>ὃς</span> <span class='ocrx_word' id='word_1_296' title='bbox 532 1746 585 1782; x_wconf 82' lang='grc' dir='ltr'><strong>ὲρᾷ</strong></span> <span class='ocrx_word' id='word_1_297' title='bbox 600 1746 650 1782; x_wconf 85' lang='grc' dir='ltr'>τῆς</span> <span class='ocrx_word' id='word_1_298' title='bbox 673 1745 817 1777; x_wconf 86' lang='grc' dir='ltr'>Σινωνίδος</span> <span class='ocrx_word' id='word_1_299' title='bbox 837 1745 885 1772; x_wconf 74' lang='grc' dir='ltr'><strong>καὶ</strong></span> 
     </span>
    </p>
   </div>
   <div class='ocr_carea' id='block_1_40' title="bbox 85 1791 886 1828">
    <p class='ocr_par' dir='ltr' id='par_1_40' title="bbox 85 1791 886 1828">
     <span class='ocr_line' id='line_1_40' title="bbox 85 1791 886 1828; baseline -0.001 -9"><span class='ocrx_word' id='word_1_300' title='bbox 85 1793 190 1828; x_wconf 81' lang='grc' dir='ltr'>πειρᾷ·</span> <span class='ocrx_word' id='word_1_301' title='bbox 216 1792 234 1828; x_wconf 79' lang='grc' dir='ltr'><strong>ἡ</strong></span> <span class='ocrx_word' id='word_1_302' title='bbox 247 1792 276 1818; x_wconf 85' lang='grc' dir='ltr'>δὲ</span> <span class='ocrx_word' id='word_1_303' title='bbox 292 1793 412 1828; x_wconf 82' lang='grc' dir='ltr'>ἀντερᾷν</span> <span class='ocrx_word' id='word_1_304' title='bbox 429 1791 619 1828; x_wconf 82' lang='grc' dir='ltr'>ὑποκρίνεται,</span> <span class='ocrx_word' id='word_1_305' title='bbox 642 1793 689 1819; x_wconf 78' lang='grc' dir='ltr'><strong>καὶ</strong></span> <span class='ocrx_word' id='word_1_306' title='bbox 713 1791 886 1827; x_wconf 79' lang='grc' dir='ltr'>μεθυσθέντα</span> 
     </span>
    </p>
   </div>
   <div class='ocr_carea' id='block_1_41' title="bbox 85 1838 885 1874">
    <p class='ocr_par' dir='ltr' id='par_1_41' title="bbox 85 1838 885 1874">
     <span class='ocr_line' id='line_1_41' title="bbox 85 1838 885 1874; baseline 0.001 -10"><span class='ocrx_word' id='word_1_307' title='bbox 85 1838 134 1865; x_wconf 71' lang='grc' dir='ltr'>τὸν</span> <span class='ocrx_word' id='word_1_308' title='bbox 149 1839 279 1874; x_wconf 79' lang='grc' dir='ltr'>Σήταπον</span> <span class='ocrx_word' id='word_1_309' title='bbox 303 1838 365 1865; x_wconf 75' lang='grc' dir='ltr'>κατ’</span> <span class='ocrx_word' id='word_1_310' title='bbox 382 1839 469 1874; x_wconf 74' lang='grc' dir='ltr'>αὐτὴν</span> <span class='ocrx_word' id='word_1_311' title='bbox 483 1839 533 1873; x_wconf 82' lang='grc' dir='ltr'>τὴν</span> <span class='ocrx_word' id='word_1_312' title='bbox 549 1838 636 1866; x_wconf 82' lang='grc' dir='ltr'>νύκτα</span> <span class='ocrx_word' id='word_1_313' title='bbox 661 1839 709 1866; x_wconf 77' lang='grc' dir='ltr'><strong>καὶ</strong></span> <span class='ocrx_word' id='word_1_314' title='bbox 730 1838 780 1874; x_wconf 82' lang='grc' dir='ltr'>τὴν</span> <span class='ocrx_word' id='word_1_315' title='bbox 796 1838 885 1874; x_wconf 86' lang='grc' dir='ltr'>ἀρχὴν</span> 
     </span>
    </p>
   </div>
   <div class='ocr_carea' id='block_1_42' title="bbox 86 1883 885 1920">
    <p class='ocr_par' dir='ltr' id='par_1_42' title="bbox 86 1883 885 1920">
     <span class='ocr_line' id='line_1_42' title="bbox 86 1883 885 1920; baseline 0 -9"><span class='ocrx_word' id='word_1_316' title='bbox 86 1883 135 1911; x_wconf 85' lang='grc' dir='ltr'><strong>τοῦ</strong></span> <span class='ocrx_word' id='word_1_317' title='bbox 148 1885 254 1920; x_wconf 78' lang='grc' dir='ltr'>ἔρωτος</span> <span class='ocrx_word' id='word_1_318' title='bbox 269 1885 377 1920; x_wconf 84' lang='grc' dir='ltr'>ἀναιρεῖ</span> <span class='ocrx_word' id='word_1_319' title='bbox 387 1885 470 1919; x_wconf 79' lang='grc' dir='ltr'>ξίφει.</span> <span class='ocrx_word' id='word_1_320' title='bbox 487 1885 542 1911; x_wconf 80' lang='grc' dir='ltr'><strong>Καὶ</strong></span> <span class='ocrx_word' id='word_1_321' title='bbox 552 1884 657 1917; x_wconf 80' lang='grc' dir='ltr'>ἀνοῖξαι</span> <span class='ocrx_word' id='word_1_322' title='bbox 670 1884 825 1912; x_wconf 79' lang='grc' dir='ltr'>κελεύσασα</span> <span class='ocrx_word' id='word_1_323' title='bbox 835 1884 885 1920; x_wconf 79' lang='grc' dir='ltr'>τὴν</span> 
     </span>
    </p>
   </div>
   <div class='ocr_carea' id='block_1_43' title="bbox 86 1930 887 1966">
    <p class='ocr_par' dir='ltr' id='par_1_43' title="bbox 86 1930 887 1966">
     <span class='ocr_line' id='line_1_43' title="bbox 86 1930 887 1966; baseline -0.002 -8"><span class='ocrx_word' id='word_1_324' title='bbox 86 1931 194 1964; x_wconf 70' lang='grc' dir='ltr'>αὔλιον,</span> <span class='ocrx_word' id='word_1_325' title='bbox 214 1931 264 1957; x_wconf 75' lang='grc' dir='ltr'>καὶ</span> <span class='ocrx_word' id='word_1_326' title='bbox 280 1930 326 1957; x_wconf 85' lang='grc' dir='ltr'>τὸν</span> <span class='ocrx_word' id='word_1_327' title='bbox 339 1931 471 1966; x_wconf 86' lang='grc' dir='ltr'>Σόραιχον</span> <span class='ocrx_word' id='word_1_328' title='bbox 485 1930 635 1965; x_wconf 85' lang='grc' dir='ltr'>ἀγνοοῦντα</span> <span class='ocrx_word' id='word_1_329' title='bbox 649 1930 680 1957; x_wconf 85' lang='grc' dir='ltr'>τὺ</span> <span class='ocrx_word' id='word_1_330' title='bbox 700 1930 824 1966; x_wconf 79' lang='grc' dir='ltr'>πραχθὲν</span> <span class='ocrx_word' id='word_1_331' title='bbox 838 1939 887 1957; x_wconf 88' lang='grc' dir='ltr'>κα-</span> 
     </span>
    </p>
   </div>
   <div class='ocr_carea' id='block_1_44' title="bbox 86 1976 884 2013">
    <p class='ocr_par' dir='ltr' id='par_1_44' title="bbox 86 1976 884 2013">
     <span class='ocr_line' id='line_1_44' title="bbox 86 1976 884 2013; baseline -0.001 -9"><span class='ocrx_word' id='word_1_332' title='bbox 86 1977 254 2009; x_wconf 82' lang='grc' dir='ltr'>ταλιποῦσα,</span> <span class='ocrx_word' id='word_1_333' title='bbox 280 1978 328 2004; x_wconf 76' lang='grc' dir='ltr'><strong>ἐπὶ</strong></span> <span class='ocrx_word' id='word_1_334' title='bbox 351 1977 402 2013; x_wconf 78' lang='grc' dir='ltr'>τὴν</span> <span class='ocrx_word' id='word_1_335' title='bbox 423 1977 470 2004; x_wconf 87' lang='grc' dir='ltr'><strong>τοῦ</strong></span> <span class='ocrx_word' id='word_1_336' title='bbox 487 1977 612 2013; x_wconf 76' lang='grc' dir='ltr'>γεωργοῦ</span> <span class='ocrx_word' id='word_1_337' title='bbox 630 1977 716 2012; x_wconf 83' lang='grc' dir='ltr'>κόρην</span> <span class='ocrx_word' id='word_1_338' title='bbox 740 1976 884 2013; x_wconf 76' lang='grc' dir='ltr'>ἠλαύνετο.</span> 
     </span>
    </p>
   </div>
   <div class='ocr_carea' id='block_1_45' title="bbox 87 2022 884 2059">
    <p class='ocr_par' dir='ltr' id='par_1_45' title="bbox 87 2022 884 2059">
     <span class='ocr_line' id='line_1_45' title="bbox 87 2022 884 2059; baseline -0.003 -9"><span class='ocrx_word' id='word_1_339' title='bbox 87 2024 223 2059; x_wconf 79' lang='grc' dir='ltr'>Σόραιχος</span> <span class='ocrx_word' id='word_1_340' title='bbox 236 2023 274 2056; x_wconf 70' lang='grc' dir='ltr'>δὲ,</span> <span class='ocrx_word' id='word_1_341' title='bbox 285 2022 336 2058; x_wconf 81' lang='grc' dir='ltr'>τὴν</span> <span class='ocrx_word' id='word_1_342' title='bbox 347 2022 436 2056; x_wconf 79' lang='grc' dir='ltr'>ἔξοδον</span> <span class='ocrx_word' id='word_1_343' title='bbox 447 2023 533 2058; x_wconf 82' lang='grc' dir='ltr'>αὐτῆς</span> <span class='ocrx_word' id='word_1_344' title='bbox 544 2023 648 2058; x_wconf 82' lang='grc' dir='ltr'>μαθὼν,</span> <span class='ocrx_word' id='word_1_345' title='bbox 661 2023 773 2049; x_wconf 86' lang='grc' dir='ltr'>ὲδίωκεν</span> <span class='ocrx_word' id='word_1_346' title='bbox 783 2022 884 2055; x_wconf 76' lang='grc' dir='ltr'>ὀπίσω,</span> 
     </span>
    </p>
   </div>
   <div class='ocr_carea' id='block_1_46' title="bbox 87 2068 886 2105">
    <p class='ocr_par' dir='ltr' id='par_1_46' title="bbox 87 2068 886 2105">
     <span class='ocr_line' id='line_1_46' title="bbox 87 2068 886 2105; baseline 0 -9"><span class='ocrx_word' id='word_1_347' title='bbox 87 2071 137 2096; x_wconf 69' lang='grc' dir='ltr'><strong>καὶ</strong></span> <span class='ocrx_word' id='word_1_348' title='bbox 151 2069 365 2105; x_wconf 80' lang='grc' dir='ltr'>καταλαμόἀνει</span> <span class='ocrx_word' id='word_1_349' title='bbox 383 2069 454 2105; x_wconf 75' lang='grc' dir='ltr'>ἔχων</span> <span class='ocrx_word' id='word_1_350' title='bbox 469 2069 530 2105; x_wconf 84' lang='grc' dir='ltr'>μεθ’</span> <span class='ocrx_word' id='word_1_351' title='bbox 547 2069 645 2096; x_wconf 78' lang='grc' dir='ltr'>ἑαυτοῦ</span> <span class='ocrx_word' id='word_1_352' title='bbox 661 2069 707 2095; x_wconf 79' lang='grc' dir='ltr'><strong>καὶ</strong></span> <span class='ocrx_word' id='word_1_353' title='bbox 730 2069 785 2095; x_wconf 85' lang='grc' dir='ltr'>τῶν</span> <span class='ocrx_word' id='word_1_354' title='bbox 799 2068 886 2104; x_wconf 85' lang='grc' dir='ltr'>Σητά-</span> 
     </span>
    </p>
   </div>
   <div class='ocr_carea' id='block_1_47' title="bbox 89 2113 885 2152">
    <p class='ocr_par' dir='ltr' id='par_1_47' title="bbox 89 2113 885 2152">
     <span class='ocr_line' id='line_1_47' title="bbox 89 2113 885 2152; baseline -0.003 -9"><span class='ocrx_word' id='word_1_355' title='bbox 89 2125 141 2144; x_wconf 67' lang='grc' dir='ltr'><strong>που</strong></span> <span class='ocrx_word' id='word_1_356' title='bbox 157 2116 273 2148; x_wconf 80' lang='grc' dir='ltr'>δούλων,</span> <span class='ocrx_word' id='word_1_357' title='bbox 291 2115 339 2148; x_wconf 80' lang='grc' dir='ltr'><strong>οὓς</strong></span> <span class='ocrx_word' id='word_1_358' title='bbox 361 2113 398 2152; x_wconf 82' lang='grc' dir='ltr'>ἦν</span> <span class='ocrx_word' id='word_1_359' title='bbox 413 2116 633 2151; x_wconf 84' lang='grc' dir='ltr'>μισθωσάμενος.</span> <span class='ocrx_word' id='word_1_360' title='bbox 650 2115 693 2142; x_wconf 82' lang='grc' dir='ltr'>ἵνα</span> <span class='ocrx_word' id='word_1_361' title='bbox 706 2115 817 2150; x_wconf 84' lang='grc' dir='ltr'>κωλύσῃ</span> <span class='ocrx_word' id='word_1_362' title='bbox 835 2115 885 2150; x_wconf 84' lang='grc' dir='ltr'>τὴν</span> 
     </span>
    </p>
   </div>
   <div class='ocr_carea' id='block_1_48' title="bbox 89 2161 885 2199">
    <p class='ocr_par' dir='ltr' id='par_1_48' title="bbox 89 2161 885 2199">
     <span class='ocr_line' id='line_1_48' title="bbox 89 2161 885 2199; baseline -0.001 -10"><span class='ocrx_word' id='word_1_363' title='bbox 89 2163 201 2198; x_wconf 70' lang='grc' dir='ltr'>σφαγὴν</span> <span class='ocrx_word' id='word_1_364' title='bbox 218 2163 269 2197; x_wconf 79' lang='grc' dir='ltr'>τῆς</span> <span class='ocrx_word' id='word_1_365' title='bbox 281 2162 330 2189; x_wconf 80' lang='grc' dir='ltr'><strong>τοῦ</strong></span> <span class='ocrx_word' id='word_1_366' title='bbox 347 2162 471 2199; x_wconf 83' lang='grc' dir='ltr'>γεωργοῦ</span> <span class='ocrx_word' id='word_1_367' title='bbox 487 2163 588 2197; x_wconf 69' lang='grc' dir='ltr'>κόρης*</span> <span class='ocrx_word' id='word_1_368' title='bbox 603 2161 766 2189; x_wconf 80' lang='grc' dir='ltr'>καταλαὸὼν</span> <span class='ocrx_word' id='word_1_369' title='bbox 779 2161 807 2188; x_wconf 83' lang='grc' dir='ltr'>δὲ</span> <span class='ocrx_word' id='word_1_370' title='bbox 819 2162 885 2188; x_wconf 83' lang='grc' dir='ltr'>ἀνα-</span> 
     </span>
    </p>
   </div>
   <div class='ocr_carea' id='block_1_49' title="bbox 88 2207 885 2244">
    <p class='ocr_par' dir='ltr' id='par_1_49' title="bbox 88 2207 885 2244">
     <span class='ocr_line' id='line_1_49' title="bbox 88 2207 885 2244; baseline -0.003 -9"><span class='ocrx_word' id='word_1_371' title='bbox 88 2209 227 2244; x_wconf 74' lang='grc' dir='ltr'>λαμϐάνει</span> <span class='ocrx_word' id='word_1_372' title='bbox 240 2209 281 2241; x_wconf 86' lang='grc' dir='ltr'><strong>είς</strong></span> <span class='ocrx_word' id='word_1_373' title='bbox 291 2209 343 2244; x_wconf 78' lang='grc' dir='ltr'>τὴν</span> <span class='ocrx_word' id='word_1_374' title='bbox 353 2207 523 2244; x_wconf 78' lang='grc' dir='ltr'>ἁρμάμαξαν</span> <span class='ocrx_word' id='word_1_375' title='bbox 532 2207 753 2244; x_wconf 78' lang='grc' dir='ltr'>(παρεσκεύαστο</span> <span class='ocrx_word' id='word_1_376' title='bbox 764 2207 819 2242; x_wconf 89' lang='grc' dir='ltr'><strong>γὰρ</strong></span> <span class='ocrx_word' id='word_1_377' title='bbox 838 2208 885 2233; x_wconf 79' lang='grc' dir='ltr'><strong>καὶ</strong></span> 
     </span>
    </p>
   </div>
   <div class='ocr_carea' id='block_1_50' title="bbox 87 2253 887 2290">
    <p class='ocr_par' dir='ltr' id='par_1_50' title="bbox 87 2253 887 2290">
     <span class='ocr_line' id='line_1_50' title="bbox 87 2253 887 2290; baseline -0.004 -8"><span class='ocrx_word' id='word_1_378' title='bbox 87 2256 179 2290; x_wconf 84' lang='grc' dir='ltr'>τοῦτο)</span> <span class='ocrx_word' id='word_1_379' title='bbox 194 2256 244 2282; x_wconf 79' lang='grc' dir='ltr'>καὶ</span> <span class='ocrx_word' id='word_1_380' title='bbox 263 2254 413 2282; x_wconf 81' lang='grc' dir='ltr'>ἀπελαύνει</span> <span class='ocrx_word' id='word_1_381' title='bbox 428 2255 528 2282; x_wconf 81' lang='grc' dir='ltr'>ὀπίσω.</span> <span class='ocrx_word' id='word_1_382' title='bbox 545 2254 788 2289; x_wconf 81' lang='grc' dir='ltr'>’Υποστρεφόντων</span> <span class='ocrx_word' id='word_1_383' title='bbox 800 2253 829 2280; x_wconf 75' lang='grc' dir='ltr'>δὲ</span> <span class='ocrx_word' id='word_1_384' title='bbox 839 2253 887 2279; x_wconf 84' lang='grc' dir='ltr'><strong>αὑ-</strong></span> 
     </span>
    </p>
   </div>
   <div class='ocr_carea' id='block_1_51' title="bbox 88 2300 887 2338">
    <p class='ocr_par' dir='ltr' id='par_1_51' title="bbox 88 2300 887 2338">
     <span class='ocr_line' id='line_1_51' title="bbox 88 2300 887 2338; baseline -0.003 -9"><span class='ocrx_word' id='word_1_385' title='bbox 88 2303 143 2329; x_wconf 79' lang='grc' dir='ltr'>τῶν</span> <span class='ocrx_word' id='word_1_386' title='bbox 156 2303 184 2330; x_wconf 85' lang='grc' dir='ltr'>οἱ</span> <span class='ocrx_word' id='word_1_387' title='bbox 198 2301 248 2329; x_wconf 84' lang='grc' dir='ltr'><strong>τοῦ</strong></span> <span class='ocrx_word' id='word_1_388' title='bbox 265 2302 392 2338; x_wconf 84' lang='grc' dir='ltr'>Σητάπου</span> <span class='ocrx_word' id='word_1_389' title='bbox 411 2301 589 2337; x_wconf 82' lang='grc' dir='ltr'>θεράποντες,</span> <span class='ocrx_word' id='word_1_390' title='bbox 605 2301 668 2328; x_wconf 75' lang='grc' dir='ltr'>ἐπεὶ</span> <span class='ocrx_word' id='word_1_391' title='bbox 683 2301 729 2327; x_wconf 84' lang='grc' dir='ltr'>τὸν</span> <span class='ocrx_word' id='word_1_392' title='bbox 751 2300 887 2335; x_wconf 82' lang='grc' dir='ltr'>δεσπότην</span> 
     </span>
    </p>
   </div>
   <div class='ocr_carea' id='block_1_52' title="bbox 89 2347 887 2386">
    <p class='ocr_par' dir='ltr' id='par_1_52' title="bbox 89 2347 887 2386">
     <span class='ocr_line' id='line_1_52' title="bbox 89 2347 887 2386; baseline -0.004 -10"><span class='ocrx_word' id='word_1_393' title='bbox 89 2349 266 2386; x_wconf 68' lang='grc' dir='ltr'>ἀνῃρημένον</span> <span class='ocrx_word' id='word_1_394' title='bbox 285 2348 445 2381; x_wconf 73' lang='grc' dir='ltr'>ἐθεάσαντο,</span> <span class='ocrx_word' id='word_1_395' title='bbox 462 2348 625 2385; x_wconf 82' lang='grc' dir='ltr'>ἀπήντησαν</span> <span class='ocrx_word' id='word_1_396' title='bbox 638 2347 818 2383; x_wconf 81' lang='grc' dir='ltr'>ὠργισμένοι,</span> <span class='ocrx_word' id='word_1_397' title='bbox 839 2347 887 2374; x_wconf 79' lang='grc' dir='ltr'>καὶ</span> 
     </span>
    </p>
   </div>
   <div class='ocr_carea' id='block_1_53' title="bbox 90 2392 886 2430">
    <p class='ocr_par' dir='ltr' id='par_1_53' title="bbox 90 2392 886 2430">
     <span class='ocr_line' id='line_1_53' title="bbox 90 2392 886 2430; baseline -0.004 -8"><span class='ocrx_word' id='word_1_398' title='bbox 90 2395 272 2427; x_wconf 73' lang='grc' dir='ltr'>συλλαϐόντες</span> <span class='ocrx_word' id='word_1_399' title='bbox 287 2395 418 2422; x_wconf 83' lang='grc' dir='ltr'>Σινωνίδα</span> <span class='ocrx_word' id='word_1_400' title='bbox 435 2395 483 2422; x_wconf 76' lang='grc' dir='ltr'>καὶ</span> <span class='ocrx_word' id='word_1_401' title='bbox 494 2395 639 2430; x_wconf 78' lang='grc' dir='ltr'>δήσαντες,</span> <span class='ocrx_word' id='word_1_402' title='bbox 664 2392 731 2430; x_wconf 70' lang='grc' dir='ltr'>ἦγον</span> <span class='ocrx_word' id='word_1_403' title='bbox 753 2393 802 2420; x_wconf 74' lang='grc' dir='ltr'><strong>ἐπὶ</strong></span> <span class='ocrx_word' id='word_1_404' title='bbox 814 2393 886 2429; x_wconf 84' lang='grc' dir='ltr'><strong>Γάρ-</strong></span> 
     </span>
    </p>
   </div>
   <div class='ocr_carea' id='block_1_54' title="bbox 91 2440 886 2477">
    <p class='ocr_par' dir='ltr' id='par_1_54' title="bbox 91 2440 886 2477">
     <span class='ocr_line' id='line_1_54' title="bbox 91 2440 886 2477; baseline -0.003 -9"><span class='ocrx_word' id='word_1_405' title='bbox 91 2451 141 2477; x_wconf 81' lang='grc' dir='ltr'><strong>μον</strong></span> <span class='ocrx_word' id='word_1_406' title='bbox 163 2443 203 2474; x_wconf 84' lang='grc' dir='ltr'>ὼς</span> <span class='ocrx_word' id='word_1_407' title='bbox 227 2442 394 2477; x_wconf 77' lang='grc' dir='ltr'>ἀνδροφόνον</span> <span class='ocrx_word' id='word_1_408' title='bbox 406 2441 661 2477; x_wconf 78' lang='grc' dir='ltr'>κολασθησομένην.</span> <span class='ocrx_word' id='word_1_409' title='bbox 684 2440 740 2468; x_wconf 77' lang='grc' dir='ltr'>Καὶ</span> <span class='ocrx_word' id='word_1_410' title='bbox 754 2440 886 2476; x_wconf 82' lang='grc' dir='ltr'>Σόραιχος</span> 
     </span>
    </p>
   </div>
   <div class='ocr_carea' id='block_1_55' title="bbox 88 2485 886 2524">
    <p class='ocr_par' dir='ltr' id='par_1_55' title="bbox 88 2485 886 2524">
     <span class='ocr_line' id='line_1_55' title="bbox 88 2485 886 2524; baseline -0.003 -10"><span class='ocrx_word' id='word_1_411' title='bbox 88 2486 124 2524; x_wconf 83' lang='grc' dir='ltr'>ἦν</span> <span class='ocrx_word' id='word_1_412' title='bbox 135 2488 255 2523; x_wconf 67' lang='grc' dir='ltr'>ἅγγελος</span> <span class='ocrx_word' id='word_1_413' title='bbox 276 2487 399 2516; x_wconf 81' lang='grc' dir='ltr'>Ῥοδάνει</span> <span class='ocrx_word' id='word_1_414' title='bbox 418 2488 474 2515; x_wconf 79' lang='grc' dir='ltr'><strong>τῶν</strong></span> <span class='ocrx_word' id='word_1_415' title='bbox 489 2487 594 2520; x_wconf 83' lang='grc' dir='ltr'>κακῶν,</span> <span class='ocrx_word' id='word_1_416' title='bbox 609 2486 684 2514; x_wconf 86' lang='grc' dir='ltr'>κόνιν</span> <span class='ocrx_word' id='word_1_417' title='bbox 699 2495 729 2513; x_wconf 89' lang='grc' dir='ltr'><strong>τε</strong></span> <span class='ocrx_word' id='word_1_418' title='bbox 745 2487 816 2513; x_wconf 87' lang='grc' dir='ltr'><strong>κατά</strong></span> <span class='ocrx_word' id='word_1_419' title='bbox 834 2485 886 2521; x_wconf 82' lang='grc' dir='ltr'>τῆς</span> 
     </span>
    </p>
   </div>
   <div class='ocr_carea' id='block_1_56' title="bbox 89 2532 885 2570">
    <p class='ocr_par' dir='ltr' id='par_1_56' title="bbox 89 2532 885 2570">
     <span class='ocr_line' id='line_1_56' title="bbox 89 2532 885 2570; baseline -0.004 -10"><span class='ocrx_word' id='word_1_420' title='bbox 89 2534 214 2570; x_wconf 65' lang='grc' dir='ltr'>κεφαλῆς</span> <span class='ocrx_word' id='word_1_421' title='bbox 235 2533 397 2568; x_wconf 71' lang='grc' dir='ltr'>πασάμενος</span> <span class='ocrx_word' id='word_1_422' title='bbox 419 2534 467 2560; x_wconf 71' lang='grc' dir='ltr'><strong>καὶ</strong></span> <span class='ocrx_word' id='word_1_423' title='bbox 489 2533 536 2560; x_wconf 80' lang='grc' dir='ltr'>τὸν</span> <span class='ocrx_word' id='word_1_424' title='bbox 550 2533 652 2560; x_wconf 81' lang='grc' dir='ltr'>κάνδυν</span> <span class='ocrx_word' id='word_1_425' title='bbox 674 2532 885 2568; x_wconf 77' lang='grc' dir='ltr'>περιερρηγμέ-</span> 
     </span>
    </p>
   </div>
   <div class='ocr_carea' id='block_1_57' title="bbox 89 2578 884 2616">
    <p class='ocr_par' dir='ltr' id='par_1_57' title="bbox 89 2578 884 2616">
     <span class='ocr_line' id='line_1_57' title="bbox 89 2578 884 2616; baseline -0.004 -8"><span class='ocrx_word' id='word_1_426' title='bbox 89 2582 161 2612; x_wconf 84' lang='grc' dir='ltr'>νος¹.</span> <span class='ocrx_word' id='word_1_427' title='bbox 187 2580 246 2608; x_wconf 76' lang='grc' dir='ltr'>Καὶ</span> <span class='ocrx_word' id='word_1_428' title='bbox 262 2580 395 2616; x_wconf 82' lang='grc' dir='ltr'>Ῥοδάνης</span> <span class='ocrx_word' id='word_1_429' title='bbox 419 2581 543 2616; x_wconf 77' lang='grc' dir='ltr'>ἀναιρεῖν</span> <span class='ocrx_word' id='word_1_430' title='bbox 570 2579 669 2607; x_wconf 80' lang='grc' dir='ltr'>ἑαυτὸν</span> <span class='ocrx_word' id='word_1_431' title='bbox 692 2579 800 2614; x_wconf 79' lang='grc' dir='ltr'>όρμᾷ³¹</span> <span class='ocrx_word' id='word_1_432' title='bbox 826 2578 884 2606; x_wconf 82' lang='grc' dir='ltr'>ἀλλ’</span> 
     </span>
    </p>
   </div>
   <div class='ocr_carea' id='block_1_58' title="bbox 933 221 1726 258">
    <p class='ocr_par' dir='ltr' id='par_1_58' title="bbox 933 221 1726 258">
     <span class='ocr_line' id='line_1_58' title="bbox 933 221 1726 258; baseline 0.008 -11"><span class='ocrx_word' id='word_1_433' title='bbox 933 221 1006 247; x_wconf 84' lang='lat' dir='ltr'><strong>illam</strong></span> <span class='ocrx_word' id='word_1_434' title='bbox 1025 228 1137 248; x_wconf 77' lang='lat' dir='ltr'><strong>auream</strong></span> <span class='ocrx_word' id='word_1_435' title='bbox 1156 221 1276 249; x_wconf 80' lang='lat' dir='ltr'><strong>vendere</strong></span> <span class='ocrx_word' id='word_1_436' title='bbox 1307 222 1435 254; x_wconf 82' lang='lat' dir='ltr'><strong>mittitur.</strong></span> <span class='ocrx_word' id='word_1_437' title='bbox 1467 231 1549 258; x_wconf 85' lang='lat' dir='ltr'><strong>quam</strong></span> <span class='ocrx_word' id='word_1_438' title='bbox 1570 232 1585 252; x_wconf 93' lang='lat' dir='ltr'><strong>e</strong></span> <span class='ocrx_word' id='word_1_439' title='bbox 1608 225 1726 254; x_wconf 83' lang='lat' dir='ltr'><strong>vinculis</strong></span> 
     </span>
    </p>
   </div>
   <div class='ocr_carea' id='block_1_59' title="bbox 932 265 1727 301">
    <p class='ocr_par' dir='ltr' id='par_1_59' title="bbox 932 265 1727 301">
     <span class='ocr_line' id='line_1_59' title="bbox 932 265 1727 301; baseline 0.008 -9"><span class='ocrx_word' id='word_1_440' title='bbox 932 265 1080 293; x_wconf 82' lang='lat' dir='ltr'><strong>Rhodaues</strong></span> <span class='ocrx_word' id='word_1_441' title='bbox 1099 271 1181 301; x_wconf 86' lang='lat' dir='ltr'><strong>atque</strong></span> <span class='ocrx_word' id='word_1_442' title='bbox 1192 265 1303 294; x_wconf 75' lang='lat' dir='ltr'><strong>Sinonis</strong></span> <span class='ocrx_word' id='word_1_443' title='bbox 1318 267 1478 296; x_wconf 87' lang='lat' dir='ltr'><strong>attulerant.</strong></span> <span class='ocrx_word' id='word_1_444' title='bbox 1505 269 1606 298; x_wconf 84' lang='lat' dir='ltr'><strong>Verum</strong></span> <span class='ocrx_word' id='word_1_445' title='bbox 1627 272 1660 298; x_wconf 88' lang='lat' dir='ltr'><strong>ad</strong></span> <span class='ocrx_word' id='word_1_446' title='bbox 1676 279 1727 298; x_wconf 63' lang='lat' dir='ltr'><strong>au“-</strong></span> 
     </span>
    </p>
   </div>
   <div class='ocr_carea' id='block_1_60' title="bbox 933 312 1728 350">
    <p class='ocr_par' dir='ltr' id='par_1_60' title="bbox 933 312 1728 350">
     <span class='ocr_line' id='line_1_60' title="bbox 933 312 1728 350; baseline 0.006 -10"><span class='ocrx_word' id='word_1_447' title='bbox 933 312 1066 341; x_wconf 85' lang='lat' dir='ltr'><strong>rifabrum</strong></span> <span class='ocrx_word' id='word_1_448' title='bbox 1081 313 1211 348; x_wconf 66' lang='lat' dir='ltr'><strong>agricolae</strong></span> <span class='ocrx_word' id='word_1_449' title='bbox 1233 313 1288 341; x_wconf 86' lang='lat' dir='ltr'><strong>filia</strong></span> <span class='ocrx_word' id='word_1_450' title='bbox 1311 318 1340 341; x_wconf 91' lang='lat' dir='ltr'><strong>ut</strong></span> <span class='ocrx_word' id='word_1_451' title='bbox 1360 315 1444 347; x_wconf 88' lang='lat' dir='ltr'><strong>venit,</strong></span> <span class='ocrx_word' id='word_1_452' title='bbox 1469 315 1565 350; x_wconf 76' lang='lat' dir='ltr'><strong>puella:</strong></span> <span class='ocrx_word' id='word_1_453' title='bbox 1582 316 1625 344; x_wconf 92' lang='lat' dir='ltr'><strong>hic</strong></span> <span class='ocrx_word' id='word_1_454' title='bbox 1640 325 1728 345; x_wconf 83' lang='lat' dir='ltr'><strong>venn—</strong></span> 
     </span>
    </p>
   </div>
   <div class='ocr_carea' id='block_1_61' title="bbox 932 356 1727 394">
    <p class='ocr_par' dir='ltr' id='par_1_61' title="bbox 932 356 1727 394">
     <span class='ocr_line' id='line_1_61' title="bbox 932 356 1727 394; baseline 0.008 -11"><span class='ocrx_word' id='word_1_455' title='bbox 932 362 1016 389; x_wconf 85' lang='lat' dir='ltr'><strong>state,</strong></span> <span class='ocrx_word' id='word_1_456' title='bbox 1046 361 1072 384; x_wconf 89' lang='lat' dir='ltr'><strong>et</strong></span> <span class='ocrx_word' id='word_1_457' title='bbox 1088 356 1194 392; x_wconf 76' lang='lat' dir='ltr'><strong>torquis</strong></span> <span class='ocrx_word' id='word_1_458' title='bbox 1208 363 1296 392; x_wconf 84' lang='lat' dir='ltr'><strong>parte,</strong></span> <span class='ocrx_word' id='word_1_459' title='bbox 1316 365 1396 391; x_wconf 81' lang='lat' dir='ltr'><strong>quam</strong></span> <span class='ocrx_word' id='word_1_460' title='bbox 1410 359 1470 393; x_wconf 82' lang='lat' dir='ltr'><strong>ipse</strong></span> <span class='ocrx_word' id='word_1_461' title='bbox 1487 359 1661 394; x_wconf 83' lang='lat' dir='ltr'><strong>faoricasset,</strong></span> <span class='ocrx_word' id='word_1_462' title='bbox 1676 362 1727 390; x_wconf 72' lang='lat' dir='ltr'><strong>dc-</strong></span> 
     </span>
    </p>
   </div>
   <div class='ocr_carea' id='block_1_62' title="bbox 934 403 1725 438">
    <p class='ocr_par' dir='ltr' id='par_1_62' title="bbox 934 403 1725 438">
     <span class='ocr_line' id='line_1_62' title="bbox 934 403 1725 438; baseline 0.005 -8"><span class='ocrx_word' id='word_1_463' title='bbox 934 407 1067 438; x_wconf 86' lang='lat' dir='ltr'><strong>tensaque</strong></span> <span class='ocrx_word' id='word_1_464' title='bbox 1095 409 1173 430; x_wconf 90' lang='lat' dir='ltr'><strong>coma</strong></span> <span class='ocrx_word' id='word_1_465' title='bbox 1202 408 1360 436; x_wconf 86' lang='lat' dir='ltr'><strong>conspecta,</strong></span> <span class='ocrx_word' id='word_1_466' title='bbox 1389 403 1474 438; x_wconf 85' lang='lat' dir='ltr'><strong>ipsam</strong></span> <span class='ocrx_word' id='word_1_467' title='bbox 1504 413 1566 433; x_wconf 87' lang='lat' dir='ltr'><strong>esse</strong></span> <span class='ocrx_word' id='word_1_468' title='bbox 1593 405 1725 434; x_wconf 81' lang='lat' dir='ltr'><strong>Sinonida</strong></span> 
     </span>
    </p>
   </div>
   <div class='ocr_carea' id='block_1_63' title="bbox 933 449 1726 489">
    <p class='ocr_par' dir='ltr' id='par_1_63' title="bbox 933 449 1726 489">
     <span class='ocr_line' id='line_1_63' title="bbox 933 449 1726 489; baseline 0.008 -13"><span class='ocrx_word' id='word_1_469' title='bbox 933 450 1100 484; x_wconf 85' lang='lat' dir='ltr'><strong>suspicatur.</strong></span> <span class='ocrx_word' id='word_1_470' title='bbox 1120 449 1204 477; x_wconf 81' lang='lat' dir='ltr'><strong>Mittit</strong></span> <span class='ocrx_word' id='word_1_471' title='bbox 1219 450 1305 485; x_wconf 81' lang='lat' dir='ltr'><strong>igitur</strong></span> <span class='ocrx_word' id='word_1_472' title='bbox 1328 451 1363 478; x_wconf 90' lang='lat' dir='ltr'><strong>ad</strong></span> <span class='ocrx_word' id='word_1_473' title='bbox 1377 450 1501 484; x_wconf 83' lang='lat' dir='ltr'><strong>Damam.</strong></span> <span class='ocrx_word' id='word_1_474' title='bbox 1523 454 1726 489; x_wconf 74' lang='lat' dir='ltr'><strong>assumptiSque</strong></span> 
     </span>
    </p>
   </div>
   <div class='ocr_carea' id='block_1_64' title="bbox 933 495 1723 532">
    <p class='ocr_par' dir='ltr' id='par_1_64' title="bbox 933 495 1723 532">
     <span class='ocr_line' id='line_1_64' title="bbox 933 495 1723 532; baseline 0.005 -9"><span class='ocrx_word' id='word_1_475' title='bbox 933 495 1106 528; x_wconf 81' lang='lat' dir='ltr'><strong>custodibus.</strong></span> <span class='ocrx_word' id='word_1_476' title='bbox 1128 496 1321 524; x_wconf 81' lang='lat' dir='ltr'><strong>abscedentem</strong></span> <span class='ocrx_word' id='word_1_477' title='bbox 1357 497 1473 532; x_wconf 83' lang='lat' dir='ltr'><strong>puellam</strong></span> <span class='ocrx_word' id='word_1_478' title='bbox 1490 497 1559 525; x_wconf 88' lang='lat' dir='ltr'><strong>clam</strong></span> <span class='ocrx_word' id='word_1_479' title='bbox 1582 499 1723 527; x_wconf 84' lang='lat' dir='ltr'><strong>observat.</strong></span> 
     </span>
    </p>
   </div>
   <div class='ocr_carea' id='block_1_65' title="bbox 933 540 1728 581">
    <p class='ocr_par' dir='ltr' id='par_1_65' title="bbox 933 540 1728 581">
     <span class='ocr_line' id='line_1_65' title="bbox 933 540 1728 581; baseline 0.006 -13"><span class='ocrx_word' id='word_1_480' title='bbox 933 540 992 574; x_wconf 88' lang='lat' dir='ltr'><strong>Illa,</strong></span> <span class='ocrx_word' id='word_1_481' title='bbox 1007 541 1071 576; x_wconf 89' lang='lat' dir='ltr'><strong>quid</strong></span> <span class='ocrx_word' id='word_1_482' title='bbox 1081 547 1208 578; x_wconf 74' lang='lat' dir='ltr'><strong>ageretur</strong></span> <span class='ocrx_word' id='word_1_483' title='bbox 1222 543 1372 578; x_wconf 85' lang='lat' dir='ltr'><strong>suspicata,</strong></span> <span class='ocrx_word' id='word_1_484' title='bbox 1382 543 1410 571; x_wconf 91' lang='lat' dir='ltr'><strong>in</strong></span> <span class='ocrx_word' id='word_1_485' title='bbox 1432 543 1568 572; x_wconf 82' lang='lat' dir='ltr'><strong>desertum</strong></span> <span class='ocrx_word' id='word_1_486' title='bbox 1580 552 1609 573; x_wconf 87' lang='lat' dir='ltr'><strong>se</strong></span> <span class='ocrx_word' id='word_1_487' title='bbox 1631 546 1728 581; x_wconf 85' lang='lat' dir='ltr'><strong>recipit</strong></span> 
     </span>
    </p>
   </div>
   <div class='ocr_carea' id='block_1_66' title="bbox 933 587 1725 626">
    <p class='ocr_par' dir='ltr' id='par_1_66' title="bbox 933 587 1725 626">
     <span class='ocr_line' id='line_1_66' title="bbox 933 587 1725 626; baseline 0.006 -13"><span class='ocrx_word' id='word_1_488' title='bbox 933 587 1101 614; x_wconf 88' lang='lat' dir='ltr'><strong>domicilium</strong></span> <span class='ocrx_word' id='word_1_489' title='bbox 1119 595 1126 614; x_wconf 88' lang='lat'>:</span> <span class='ocrx_word' id='word_1_490' title='bbox 1142 588 1186 614; x_wconf 91' lang='lat' dir='ltr'><strong>uhi</strong></span> <span class='ocrx_word' id='word_1_491' title='bbox 1209 593 1235 615; x_wconf 90' lang='lat' dir='ltr'><strong>et</strong></span> <span class='ocrx_word' id='word_1_492' title='bbox 1265 588 1321 622; x_wconf 86' lang='lat' dir='ltr'><strong>illa,</strong></span> <span class='ocrx_word' id='word_1_493' title='bbox 1345 596 1406 623; x_wconf 77' lang='lat' dir='ltr'><strong>qua:</strong></span> <span class='ocrx_word' id='word_1_494' title='bbox 1431 588 1466 617; x_wconf 85' lang='lat' dir='ltr'><strong>de</strong></span> <span class='ocrx_word' id='word_1_495' title='bbox 1487 590 1577 625; x_wconf 88' lang='lat' dir='ltr'><strong>puella</strong></span> <span class='ocrx_word' id='word_1_496' title='bbox 1606 592 1725 626; x_wconf 84' lang='lat' dir='ltr'><strong>quadam</strong></span> 
     </span>
    </p>
   </div>
   <div class='ocr_carea' id='block_1_67' title="bbox 934 634 1729 673">
    <p class='ocr_par' dir='ltr' id='par_1_67' title="bbox 934 634 1729 673">
     <span class='ocr_line' id='line_1_67' title="bbox 934 634 1729 673; baseline 0.005 -11"><span class='ocrx_word' id='word_1_497' title='bbox 934 634 1082 670; x_wconf 81' lang='lat' dir='ltr'><strong>Trophima</strong></span> <span class='ocrx_word' id='word_1_498' title='bbox 1100 637 1219 668; x_wconf 80' lang='lat' dir='ltr'><strong>nomine,</strong></span> <span class='ocrx_word' id='word_1_499' title='bbox 1237 642 1264 663; x_wconf 91' lang='lat' dir='ltr'><strong>et</strong></span> <span class='ocrx_word' id='word_1_500' title='bbox 1277 637 1311 664; x_wconf 81' lang='lat' dir='ltr'><strong>de</strong></span> <span class='ocrx_word' id='word_1_501' title='bbox 1321 644 1402 664; x_wconf 83' lang='lat' dir='ltr'><strong>servo</strong></span> <span class='ocrx_word' id='word_1_502' title='bbox 1415 643 1536 670; x_wconf 75' lang='lat' dir='ltr'><strong>amante,</strong></span> <span class='ocrx_word' id='word_1_503' title='bbox 1549 642 1630 673; x_wconf 86' lang='lat' dir='ltr'><strong>atque</strong></span> <span class='ocrx_word' id='word_1_504' title='bbox 1641 639 1729 666; x_wconf 85' lang='lat' dir='ltr'><strong>homi-</strong></span> 
     </span>
    </p>
   </div>
   <div class='ocr_carea' id='block_1_68' title="bbox 933 682 1743 718">
    <p class='ocr_par' dir='ltr' id='par_1_68' title="bbox 933 682 1743 718">
     <span class='ocr_line' id='line_1_68' title="bbox 933 682 1743 718; baseline 0.004 -8"><span class='ocrx_word' id='word_1_505' title='bbox 933 682 1006 714; x_wconf 84' lang='lat' dir='ltr'><strong>cida,</strong></span> <span class='ocrx_word' id='word_1_506' title='bbox 1022 682 1142 717; x_wconf 86' lang='lat' dir='ltr'><strong>itemque</strong></span> <span class='ocrx_word' id='word_1_507' title='bbox 1158 683 1192 710; x_wconf 88' lang='lat' dir='ltr'><strong>de</strong></span> <span class='ocrx_word' id='word_1_508' title='bbox 1203 682 1304 710; x_wconf 85' lang='lat' dir='ltr'><strong>mundo</strong></span> <span class='ocrx_word' id='word_1_509' title='bbox 1321 683 1448 710; x_wconf 84' lang='lat' dir='ltr'><strong>muliebri</strong></span> <span class='ocrx_word' id='word_1_510' title='bbox 1465 690 1743 718; x_wconf 45' lang='lat' dir='ltr'><strong>aureo-narrantur,</strong></span> 
     </span>
    </p>
   </div>
   <div class='ocr_carea' id='block_1_69' title="bbox 934 728 1728 764">
    <p class='ocr_par' dir='ltr' id='par_1_69' title="bbox 934 728 1728 764">
     <span class='ocr_line' id='line_1_69' title="bbox 934 728 1728 764; baseline 0.004 -9"><span class='ocrx_word' id='word_1_511' title='bbox 934 728 1131 763; x_wconf 79' lang='lat' dir='ltr'><strong>contigerunt:</strong></span> <span class='ocrx_word' id='word_1_512' title='bbox 1147 729 1264 756; x_wconf 89' lang='lat' dir='ltr'><strong>nefanda</strong></span> <span class='ocrx_word' id='word_1_513' title='bbox 1292 729 1404 764; x_wconf 88' lang='lat' dir='ltr'><strong>insuper</strong></span> <span class='ocrx_word' id='word_1_514' title='bbox 1430 729 1476 757; x_wconf 88' lang='lat' dir='ltr'><strong>illa</strong></span> <span class='ocrx_word' id='word_1_515' title='bbox 1499 731 1569 758; x_wconf 86' lang='lat' dir='ltr'><strong>servi</strong></span> <span class='ocrx_word' id='word_1_516' title='bbox 1595 731 1728 764; x_wconf 75' lang='lat' dir='ltr'><strong>facinora,</strong></span> 
     </span>
    </p>
   </div>
   <div class='ocr_carea' id='block_1_70' title="bbox 934 774 1728 808">
    <p class='ocr_par' dir='ltr' id='par_1_70' title="bbox 934 774 1728 808">
     <span class='ocr_line' id='line_1_70' title="bbox 934 774 1728 808; baseline 0.006 -8"><span class='ocrx_word' id='word_1_517' title='bbox 934 776 1043 808; x_wconf 79' lang='lat' dir='ltr'><strong>quando</strong></span> <span class='ocrx_word' id='word_1_518' title='bbox 1059 779 1087 801; x_wconf 88' lang='lat' dir='ltr'><strong>et</strong></span> <span class='ocrx_word' id='word_1_519' title='bbox 1098 782 1194 802; x_wconf 75' lang='lat' dir='ltr'><strong>manus</strong></span> <span class='ocrx_word' id='word_1_520' title='bbox 1205 774 1250 802; x_wconf 87' lang='lat' dir='ltr'><strong>ille</strong></span> <span class='ocrx_word' id='word_1_521' title='bbox 1264 774 1315 802; x_wconf 86' lang='lat' dir='ltr'><strong>sibi</strong></span> <span class='ocrx_word' id='word_1_522' title='bbox 1328 775 1428 808; x_wconf 87' lang='lat' dir='ltr'><strong>intulit,</strong></span> <span class='ocrx_word' id='word_1_523' title='bbox 1440 781 1469 803; x_wconf 94' lang='lat' dir='ltr'><strong>ut</strong></span> <span class='ocrx_word' id='word_1_524' title='bbox 1489 777 1583 804; x_wconf 88' lang='lat' dir='ltr'><strong>rustici</strong></span> <span class='ocrx_word' id='word_1_525' title='bbox 1595 777 1649 804; x_wconf 86' lang='lat' dir='ltr'><strong>tilia</strong></span> <span class='ocrx_word' id='word_1_526' title='bbox 1662 786 1728 805; x_wconf 82' lang='lat' dir='ltr'><strong>san-</strong></span> 
     </span>
    </p>
   </div>
   <div class='ocr_carea' id='block_1_71' title="bbox 935 820 1729 858">
    <p class='ocr_par' dir='ltr' id='par_1_71' title="bbox 935 820 1729 858">
     <span class='ocr_line' id='line_1_71' title="bbox 935 820 1729 858; baseline 0.006 -12"><span class='ocrx_word' id='word_1_527' title='bbox 935 820 1017 854; x_wconf 74' lang='lat' dir='ltr'><strong>guine</strong></span> <span class='ocrx_word' id='word_1_528' title='bbox 1031 827 1141 854; x_wconf 83' lang='lat' dir='ltr'><strong>aspersa</strong></span> <span class='ocrx_word' id='word_1_529' title='bbox 1165 826 1294 856; x_wconf 87' lang='lat' dir='ltr'><strong>metuque</strong></span> <span class='ocrx_word' id='word_1_530' title='bbox 1314 829 1454 856; x_wconf 84' lang='lat' dir='ltr'><strong>percussa,</strong></span> <span class='ocrx_word' id='word_1_531' title='bbox 1483 822 1594 858; x_wconf 75' lang='lat' dir='ltr'><strong>fugerit,</strong></span> <span class='ocrx_word' id='word_1_532' title='bbox 1625 825 1729 852; x_wconf 87' lang='lat' dir='ltr'><strong>territis</strong></span> 
     </span>
    </p>
   </div>
   <div class='ocr_carea' id='block_1_72' title="bbox 935 867 1729 905">
    <p class='ocr_par' dir='ltr' id='par_1_72' title="bbox 935 867 1729 905">
     <span class='ocr_line' id='line_1_72' title="bbox 935 867 1729 905; baseline 0.006 -13"><span class='ocrx_word' id='word_1_533' title='bbox 935 873 1023 901; x_wconf 67' lang='lat' dir='ltr'><strong>aeque,</strong></span> <span class='ocrx_word' id='word_1_534' title='bbox 1041 871 1068 893; x_wconf 89' lang='lat' dir='ltr'><strong>et</strong></span> <span class='ocrx_word' id='word_1_535' title='bbox 1086 867 1112 894; x_wconf 92' lang='lat' dir='ltr'><strong>iu</strong></span> <span class='ocrx_word' id='word_1_536' title='bbox 1141 867 1232 902; x_wconf 80' lang='lat' dir='ltr'><strong>fugam</strong></span> <span class='ocrx_word' id='word_1_537' title='bbox 1251 868 1340 895; x_wconf 83' lang='lat' dir='ltr'><strong>versis</strong></span> <span class='ocrx_word' id='word_1_538' title='bbox 1357 867 1527 897; x_wconf 74' lang='lat' dir='ltr'><strong>custodibus.</strong></span> <span class='ocrx_word' id='word_1_539' title='bbox 1555 869 1596 897; x_wconf 88' lang='lat' dir='ltr'><strong>Ad</strong></span> <span class='ocrx_word' id='word_1_540' title='bbox 1621 875 1729 905; x_wconf 87' lang='lat' dir='ltr'><strong>patrem</strong></span> 
     </span>
    </p>
   </div>
   <div class='ocr_carea' id='block_1_73' title="bbox 933 911 1727 950">
    <p class='ocr_par' dir='ltr' id='par_1_73' title="bbox 933 911 1727 950">
     <span class='ocr_line' id='line_1_73' title="bbox 933 911 1727 950; baseline 0.008 -12"><span class='ocrx_word' id='word_1_541' title='bbox 933 911 1027 947; x_wconf 83' lang='lat' dir='ltr'><strong>itaque</strong></span> <span class='ocrx_word' id='word_1_542' title='bbox 1053 912 1107 939; x_wconf 82' lang='lat' dir='ltr'><strong>ﬁlia</strong></span> <span class='ocrx_word' id='word_1_543' title='bbox 1137 920 1259 945; x_wconf 83' lang='lat' dir='ltr'><strong>reversa,</strong></span> <span class='ocrx_word' id='word_1_544' title='bbox 1290 918 1384 941; x_wconf 84' lang='lat' dir='ltr'><strong>narrat</strong></span> <span class='ocrx_word' id='word_1_545' title='bbox 1411 922 1442 942; x_wconf 91' lang='lat' dir='ltr'><strong>ea</strong></span> <span class='ocrx_word' id='word_1_546' title='bbox 1471 923 1532 950; x_wconf 80' lang='lat' dir='ltr'><strong>quae</strong></span> <span class='ocrx_word' id='word_1_547' title='bbox 1558 916 1727 944; x_wconf 72' lang='lat' dir='ltr'><strong>acciderant.</strong></span> 
     </span>
    </p>
   </div>
   <div class='ocr_carea' id='block_1_74' title="bbox 934 957 1728 993">
    <p class='ocr_par' dir='ltr' id='par_1_74' title="bbox 934 957 1728 993">
     <span class='ocr_line' id='line_1_74' title="bbox 934 957 1728 993; baseline 0.006 -9"><span class='ocrx_word' id='word_1_548' title='bbox 934 957 1023 991; x_wconf 83' lang='lat' dir='ltr'><strong>Quare</strong></span> <span class='ocrx_word' id='word_1_549' title='bbox 1039 957 1129 993; x_wconf 76' lang='lat' dir='ltr'><strong>fugam</strong></span> <span class='ocrx_word' id='word_1_550' title='bbox 1142 958 1206 986; x_wconf 84' lang='lat' dir='ltr'><strong>inde</strong></span> <span class='ocrx_word' id='word_1_551' title='bbox 1219 960 1337 993; x_wconf 82' lang='lat' dir='ltr'><strong>capessit</strong></span> <span class='ocrx_word' id='word_1_552' title='bbox 1349 959 1504 989; x_wconf 80' lang='lat' dir='ltr'><strong>Rhodanes.</strong></span> <span class='ocrx_word' id='word_1_553' title='bbox 1516 961 1627 989; x_wconf 62' lang='lat' dir='ltr'><strong>Litterae</strong></span> <span class='ocrx_word' id='word_1_554' title='bbox 1637 968 1728 989; x_wconf 80' lang='lat' dir='ltr'><strong>autent</strong></span> 
     </span>
    </p>
   </div>
   <div class='ocr_carea' id='block_1_75' title="bbox 934 1003 1729 1035">
    <p class='ocr_par' dir='ltr' id='par_1_75' title="bbox 934 1003 1729 1035">
     <span class='ocr_line' id='line_1_75' title="bbox 934 1003 1729 1035; baseline 0.004 -5"><span class='ocrx_word' id='word_1_555' title='bbox 934 1008 997 1031; x_wconf 90' lang='lat' dir='ltr'><strong>ante</strong></span> <span class='ocrx_word' id='word_1_556' title='bbox 1009 1004 1067 1031; x_wconf 66' lang='lat' dir='ltr'><strong>haec</strong></span> <span class='ocrx_word' id='word_1_557' title='bbox 1089 1005 1122 1031; x_wconf 87' lang='lat' dir='ltr'><strong>ad</strong></span> <span class='ocrx_word' id='word_1_558' title='bbox 1141 1003 1271 1031; x_wconf 83' lang='lat' dir='ltr'><strong>Garmum</strong></span> <span class='ocrx_word' id='word_1_559' title='bbox 1289 1005 1323 1032; x_wconf 89' lang='lat' dir='ltr'><strong>ab</strong></span> <span class='ocrx_word' id='word_1_560' title='bbox 1342 1006 1483 1034; x_wconf 88' lang='lat' dir='ltr'><strong>aurifabro</strong></span> <span class='ocrx_word' id='word_1_561' title='bbox 1507 1007 1596 1034; x_wconf 69' lang='lat' dir='ltr'><strong>missae</strong></span> <span class='ocrx_word' id='word_1_562' title='bbox 1620 1006 1729 1035; x_wconf 75' lang='lat' dir='ltr'><strong>fuerant</strong></span> 
     </span>
    </p>
   </div>
   <div class='ocr_carea' id='block_1_76' title="bbox 934 1050 1730 1086">
    <p class='ocr_par' dir='ltr' id='par_1_76' title="bbox 934 1050 1730 1086">
     <span class='ocr_line' id='line_1_76' title="bbox 934 1050 1730 1086; baseline 0.004 -9"><span class='ocrx_word' id='word_1_563' title='bbox 934 1050 969 1077; x_wconf 90' lang='lat' dir='ltr'><strong>de</strong></span> <span class='ocrx_word' id='word_1_564' title='bbox 991 1055 1098 1085; x_wconf 90' lang='lat' dir='ltr'><strong>reperta</strong></span> <span class='ocrx_word' id='word_1_565' title='bbox 1124 1051 1256 1078; x_wconf 81' lang='lat' dir='ltr'><strong>Sinonide</strong></span> <span class='ocrx_word' id='word_1_566' title='bbox 1271 1059 1278 1078; x_wconf 91' lang='lat'>:</span> <span class='ocrx_word' id='word_1_567' title='bbox 1293 1051 1427 1086; x_wconf 86' lang='lat' dir='ltr'><strong>fidemque</strong></span> <span class='ocrx_word' id='word_1_568' title='bbox 1448 1052 1561 1086; x_wconf 77' lang='lat' dir='ltr'><strong>fecerat,</strong></span> <span class='ocrx_word' id='word_1_569' title='bbox 1585 1060 1646 1081; x_wconf 90' lang='lat' dir='ltr'><strong>cum</strong></span> <span class='ocrx_word' id='word_1_570' title='bbox 1673 1058 1730 1080; x_wconf 75' lang='grc' dir='ltr'>ιον-</span> 
     </span>
    </p>
   </div>
   <div class='ocr_carea' id='block_1_77' title="bbox 934 1095 1730 1134">
    <p class='ocr_par' dir='ltr' id='par_1_77' title="bbox 934 1095 1730 1134">
     <span class='ocr_line' id='line_1_77' title="bbox 934 1095 1730 1134; baseline 0.005 -12"><span class='ocrx_word' id='word_1_571' title='bbox 934 1103 1002 1130; x_wconf 90' lang='lat' dir='ltr'><strong>ques</strong></span> <span class='ocrx_word' id='word_1_572' title='bbox 1013 1101 1113 1130; x_wconf 86' lang='lat' dir='ltr'><strong>empta,</strong></span> <span class='ocrx_word' id='word_1_573' title='bbox 1130 1102 1212 1132; x_wconf 90' lang='lat' dir='ltr'><strong>atque</strong></span> <span class='ocrx_word' id='word_1_574' title='bbox 1230 1095 1264 1123; x_wconf 87' lang='lat' dir='ltr'><strong>ad</strong></span> <span class='ocrx_word' id='word_1_575' title='bbox 1284 1104 1344 1123; x_wconf 89' lang='lat' dir='ltr'><strong>cum</strong></span> <span class='ocrx_word' id='word_1_576' title='bbox 1366 1098 1459 1131; x_wconf 90' lang='lat' dir='ltr'><strong>missa,</strong></span> <span class='ocrx_word' id='word_1_577' title='bbox 1483 1103 1539 1125; x_wconf 91' lang='lat' dir='ltr'><strong>tum</strong></span> <span class='ocrx_word' id='word_1_578' title='bbox 1555 1103 1653 1126; x_wconf 67' lang='lat' dir='ltr'><strong>caetera</strong></span> <span class='ocrx_word' id='word_1_579' title='bbox 1669 1107 1730 1134; x_wconf 70' lang='lat' dir='ltr'><strong>quas</strong></span> 
     </span>
    </p>
   </div>
   <div class='ocr_carea' id='block_1_78' title="bbox 934 1142 1729 1179">
    <p class='ocr_par' dir='ltr' id='par_1_78' title="bbox 934 1142 1729 1179">
     <span class='ocr_line' id='line_1_78' title="bbox 934 1142 1729 1179; baseline 0.005 -10"><span class='ocrx_word' id='word_1_580' title='bbox 934 1142 969 1170; x_wconf 87' lang='lat' dir='ltr'><strong>de</strong></span> <span class='ocrx_word' id='word_1_581' title='bbox 985 1142 1080 1169; x_wconf 81' lang='lat' dir='ltr'><strong>rustici</strong></span> <span class='ocrx_word' id='word_1_582' title='bbox 1099 1142 1144 1170; x_wconf 89' lang='lat' dir='ltr'><strong>ille</strong></span> <span class='ocrx_word' id='word_1_583' title='bbox 1160 1143 1215 1170; x_wconf 85' lang='lat' dir='ltr'><strong>filia</strong></span> <span class='ocrx_word' id='word_1_584' title='bbox 1232 1143 1395 1178; x_wconf 87' lang='lat' dir='ltr'><strong>suspicando</strong></span> <span class='ocrx_word' id='word_1_585' title='bbox 1414 1144 1560 1179; x_wconf 72' lang='lat' dir='ltr'><strong>cogitarat.</strong></span> <span class='ocrx_word' id='word_1_586' title='bbox 1580 1144 1729 1174; x_wconf 81' lang='lat' dir='ltr'><strong>Rhodanes</strong></span> 
     </span>
    </p>
   </div>
   <div class='ocr_carea' id='block_1_79' title="bbox 936 1187 1728 1224">
    <p class='ocr_par' dir='ltr' id='par_1_79' title="bbox 936 1187 1728 1224">
     <span class='ocr_line' id='line_1_79' title="bbox 936 1187 1728 1224; baseline 0.005 -9"><span class='ocrx_word' id='word_1_587' title='bbox 936 1188 990 1220; x_wconf 87' lang='lat' dir='ltr'><strong>hic,</strong></span> <span class='ocrx_word' id='word_1_588' title='bbox 1017 1188 1081 1216; x_wconf 90' lang='lat' dir='ltr'><strong>dum</strong></span> <span class='ocrx_word' id='word_1_589' title='bbox 1107 1187 1169 1223; x_wconf 77' lang='lat' dir='ltr'><strong>fuga</strong></span> <span class='ocrx_word' id='word_1_590' title='bbox 1191 1188 1244 1216; x_wconf 86' lang='lat' dir='ltr'><strong>sibi</strong></span> <span class='ocrx_word' id='word_1_591' title='bbox 1266 1190 1442 1218; x_wconf 87' lang='lat' dir='ltr'><strong>consnlturus</strong></span> <span class='ocrx_word' id='word_1_592' title='bbox 1458 1190 1588 1224; x_wconf 84' lang='lat' dir='ltr'><strong>discedit,</strong></span> <span class='ocrx_word' id='word_1_593' title='bbox 1605 1192 1728 1220; x_wconf 88' lang='lat' dir='ltr'><strong>osculum</strong></span> 
     </span>
    </p>
   </div>
   <div class='ocr_carea' id='block_1_80' title="bbox 935 1232 1730 1270">
    <p class='ocr_par' dir='ltr' id='par_1_80' title="bbox 935 1232 1730 1270">
     <span class='ocr_line' id='line_1_80' title="bbox 935 1232 1730 1270; baseline 0.003 -10"><span class='ocrx_word' id='word_1_594' title='bbox 935 1234 1029 1261; x_wconf 87' lang='lat' dir='ltr'><strong>rustici</strong></span> <span class='ocrx_word' id='word_1_595' title='bbox 1043 1233 1104 1261; x_wconf 70' lang='lat' dir='ltr'><strong>filiae</strong></span> <span class='ocrx_word' id='word_1_596' title='bbox 1111 1232 1201 1260; x_wconf 75' lang='lat' dir='ltr'><strong>offert.</strong></span> <span class='ocrx_word' id='word_1_597' title='bbox 1212 1233 1395 1267; x_wconf 85' lang='lat' dir='ltr'><strong>Quamobrem</strong></span> <span class='ocrx_word' id='word_1_598' title='bbox 1410 1235 1450 1262; x_wconf 87' lang='lat' dir='ltr'><strong>ira</strong></span> <span class='ocrx_word' id='word_1_599' title='bbox 1458 1234 1569 1262; x_wconf 88' lang='lat' dir='ltr'><strong>Sinonis</strong></span> <span class='ocrx_word' id='word_1_600' title='bbox 1578 1235 1730 1270; x_wconf 81' lang='lat' dir='ltr'><strong>incanduit,</strong></span> 
     </span>
    </p>
   </div>
   <div class='ocr_carea' id='block_1_81' title="bbox 935 1279 1730 1316">
    <p class='ocr_par' dir='ltr' id='par_1_81' title="bbox 935 1279 1730 1316">
     <span class='ocr_line' id='line_1_81' title="bbox 935 1279 1730 1316; baseline 0.004 -9"><span class='ocrx_word' id='word_1_601' title='bbox 935 1279 999 1307; x_wconf 93' lang='lat' dir='ltr'><strong>dum</strong></span> <span class='ocrx_word' id='word_1_602' title='bbox 1012 1280 1038 1307; x_wconf 91' lang='lat' dir='ltr'><strong>in</strong></span> <span class='ocrx_word' id='word_1_603' title='bbox 1052 1281 1233 1315; x_wconf 86' lang='lat' dir='ltr'><strong>suspicionem</strong></span> <span class='ocrx_word' id='word_1_604' title='bbox 1245 1281 1362 1316; x_wconf 90' lang='lat' dir='ltr'><strong>primum</strong></span> <span class='ocrx_word' id='word_1_605' title='bbox 1377 1282 1451 1309; x_wconf 85' lang='lat' dir='ltr'><strong>venit</strong></span> <span class='ocrx_word' id='word_1_606' title='bbox 1465 1282 1545 1315; x_wconf 87' lang='lat' dir='ltr'><strong>basii,</strong></span> <span class='ocrx_word' id='word_1_607' title='bbox 1560 1290 1621 1316; x_wconf 67' lang='lat' dir='ltr'><strong>qua:</strong></span> <span class='ocrx_word' id='word_1_608' title='bbox 1634 1283 1730 1310; x_wconf 78' lang='lat' dir='ltr'><strong>deinde</strong></span> 
     </span>
    </p>
   </div>
   <div class='ocr_carea' id='block_1_82' title="bbox 935 1327 1730 1362">
    <p class='ocr_par' dir='ltr' id='par_1_82' title="bbox 935 1327 1730 1362">
     <span class='ocr_line' id='line_1_82' title="bbox 935 1327 1730 1362; baseline 0.003 -8"><span class='ocrx_word' id='word_1_609' title='bbox 935 1328 1058 1360; x_wconf 81' lang='lat' dir='ltr'><strong>suspicio</strong></span> <span class='ocrx_word' id='word_1_610' title='bbox 1084 1327 1207 1362; x_wconf 84' lang='lat' dir='ltr'><strong>(quando</strong></span> <span class='ocrx_word' id='word_1_611' title='bbox 1231 1335 1262 1355; x_wconf 86' lang='lat' dir='ltr'><strong>ex</strong></span> <span class='ocrx_word' id='word_1_612' title='bbox 1278 1327 1418 1355; x_wconf 85' lang='lat' dir='ltr'><strong>Rhodanis</strong></span> <span class='ocrx_word' id='word_1_613' title='bbox 1444 1328 1523 1356; x_wconf 82' lang='lat' dir='ltr'><strong>labiis</strong></span> <span class='ocrx_word' id='word_1_614' title='bbox 1538 1329 1652 1357; x_wconf 87' lang='lat' dir='ltr'><strong>detersit</strong></span> <span class='ocrx_word' id='word_1_615' title='bbox 1665 1337 1730 1357; x_wconf 84' lang='lat' dir='ltr'><strong>san-</strong></span> 
     </span>
    </p>
   </div>
   <div class='ocr_carea' id='block_1_83' title="bbox 936 1373 1731 1410">
    <p class='ocr_par' dir='ltr' id='par_1_83' title="bbox 936 1373 1731 1410">
     <span class='ocr_line' id='line_1_83' title="bbox 936 1373 1731 1410; baseline 0.005 -12"><span class='ocrx_word' id='word_1_616' title='bbox 936 1373 1056 1407; x_wconf 74' lang='lat' dir='ltr'><strong>guinem,</strong></span> <span class='ocrx_word' id='word_1_617' title='bbox 1068 1374 1113 1407; x_wconf 90' lang='lat' dir='ltr'><strong>qui</strong></span> <span class='ocrx_word' id='word_1_618' title='bbox 1129 1373 1245 1408; x_wconf 86' lang='lat' dir='ltr'><strong>puellam</strong></span> <span class='ocrx_word' id='word_1_619' title='bbox 1264 1374 1411 1401; x_wconf 85' lang='lat' dir='ltr'><strong>osculando</strong></span> <span class='ocrx_word' id='word_1_620' title='bbox 1421 1374 1445 1401; x_wconf 87' lang='lat' dir='ltr'><strong>ei</strong></span> <span class='ocrx_word' id='word_1_621' title='bbox 1461 1374 1627 1410; x_wconf 67' lang='lat' dir='ltr'><strong>adhaascrat)</strong></span> <span class='ocrx_word' id='word_1_622' title='bbox 1644 1376 1731 1410; x_wconf 71' lang='lat' dir='ltr'><strong>magis</strong></span> 
     </span>
    </p>
   </div>
   <div class='ocr_carea' id='block_1_84' title="bbox 936 1418 1732 1448">
    <p class='ocr_par' dir='ltr' id='par_1_84' title="bbox 936 1418 1732 1448">
     <span class='ocr_line' id='line_1_84' title="bbox 936 1418 1732 1448; baseline 0.003 -3"><span class='ocrx_word' id='word_1_623' title='bbox 936 1418 1020 1446; x_wconf 89' lang='lat' dir='ltr'><strong>etiam</strong></span> <span class='ocrx_word' id='word_1_624' title='bbox 1037 1423 1081 1445; x_wconf 86' lang='lat' dir='ltr'><strong>est</strong></span> <span class='ocrx_word' id='word_1_625' title='bbox 1102 1419 1274 1446; x_wconf 83' lang='lat' dir='ltr'><strong>confirmata.</strong></span> <span class='ocrx_word' id='word_1_626' title='bbox 1308 1419 1376 1447; x_wconf 90' lang='lat' dir='ltr'><strong>Hinc</strong></span> <span class='ocrx_word' id='word_1_627' title='bbox 1402 1420 1559 1448; x_wconf 87' lang='lat' dir='ltr'><strong>interimere</strong></span> <span class='ocrx_word' id='word_1_628' title='bbox 1580 1421 1732 1448; x_wconf 80' lang='lat' dir='ltr'><strong>vultrusti-</strong></span> 
     </span>
    </p>
   </div>
   <div class='ocr_carea' id='block_1_85' title="bbox 937 1464 1730 1500">
    <p class='ocr_par' dir='ltr' id='par_1_85' title="bbox 937 1464 1730 1500">
     <span class='ocr_line' id='line_1_85' title="bbox 937 1464 1730 1500; baseline 0.003 -8"><span class='ocrx_word' id='word_1_629' title='bbox 937 1471 996 1492; x_wconf 86' lang='lat' dir='ltr'><strong>cam</strong></span> <span class='ocrx_word' id='word_1_630' title='bbox 1021 1464 1137 1499; x_wconf 83' lang='lat' dir='ltr'><strong>puellam</strong></span> <span class='ocrx_word' id='word_1_631' title='bbox 1156 1464 1280 1497; x_wconf 85' lang='lat' dir='ltr'><strong>Sinonis,</strong></span> <span class='ocrx_word' id='word_1_632' title='bbox 1308 1471 1435 1500; x_wconf 87' lang='lat' dir='ltr'><strong>retroque</strong></span> <span class='ocrx_word' id='word_1_633' title='bbox 1447 1465 1480 1493; x_wconf 90' lang='lat' dir='ltr'><strong>ad</strong></span> <span class='ocrx_word' id='word_1_634' title='bbox 1499 1466 1572 1493; x_wconf 88' lang='lat' dir='ltr'><strong>illam</strong></span> <span class='ocrx_word' id='word_1_635' title='bbox 1585 1474 1645 1494; x_wconf 88' lang='lat' dir='ltr'><strong>sese</strong></span> <span class='ocrx_word' id='word_1_636' title='bbox 1662 1474 1730 1494; x_wconf 84' lang='lat' dir='ltr'><strong>con-</strong></span> 
     </span>
    </p>
   </div>
   <div class='ocr_carea' id='block_1_86' title="bbox 938 1509 1728 1545">
    <p class='ocr_par' dir='ltr' id='par_1_86' title="bbox 938 1509 1728 1545">
     <span class='ocr_line' id='line_1_86' title="bbox 938 1509 1728 1545; baseline 0.003 -9"><span class='ocrx_word' id='word_1_637' title='bbox 938 1509 1010 1543; x_wconf 88' lang='lat' dir='ltr'><strong>tulit,</strong></span> <span class='ocrx_word' id='word_1_638' title='bbox 1027 1510 1126 1536; x_wconf 86' lang='lat' dir='ltr'><strong>furenti</strong></span> <span class='ocrx_word' id='word_1_639' title='bbox 1141 1510 1249 1538; x_wconf 88' lang='lat' dir='ltr'><strong>similis.</strong></span> <span class='ocrx_word' id='word_1_640' title='bbox 1276 1510 1434 1544; x_wconf 72' lang='lat' dir='ltr'><strong>Sormchus,</strong></span> <span class='ocrx_word' id='word_1_641' title='bbox 1464 1511 1527 1545; x_wconf 88' lang='lat' dir='ltr'><strong>quia</strong></span> <span class='ocrx_word' id='word_1_642' title='bbox 1551 1511 1728 1539; x_wconf 78' lang='lat' dir='ltr'><strong>furibundum</strong></span> 
     </span>
    </p>
   </div>
   <div class='ocr_carea' id='block_1_87' title="bbox 938 1555 1728 1593">
    <p class='ocr_par' dir='ltr' id='par_1_87' title="bbox 938 1555 1728 1593">
     <span class='ocr_line' id='line_1_87' title="bbox 938 1555 1728 1593; baseline 0.004 -11"><span class='ocrx_word' id='word_1_643' title='bbox 938 1555 997 1590; x_wconf 84' lang='lat' dir='ltr'><strong>ejus</strong></span> <span class='ocrx_word' id='word_1_644' title='bbox 1026 1555 1154 1590; x_wconf 88' lang='lat' dir='ltr'><strong>impetum</strong></span> <span class='ocrx_word' id='word_1_645' title='bbox 1180 1555 1318 1583; x_wconf 73' lang='lat' dir='ltr'><strong>refrenare</strong></span> <span class='ocrx_word' id='word_1_646' title='bbox 1345 1564 1397 1584; x_wconf 90' lang='lat' dir='ltr'><strong>non</strong></span> <span class='ocrx_word' id='word_1_647' title='bbox 1427 1563 1530 1592; x_wconf 85' lang='lat' dir='ltr'><strong>posset,</strong></span> <span class='ocrx_word' id='word_1_648' title='bbox 1558 1558 1728 1593; x_wconf 83' lang='lat' dir='ltr'><strong>insequitur;</strong></span> 
     </span>
    </p>
   </div>
   <div class='ocr_carea' id='block_1_88' title="bbox 938 1601 1728 1638">
    <p class='ocr_par' dir='ltr' id='par_1_88' title="bbox 938 1601 1728 1638">
     <span class='ocr_line' id='line_1_88' title="bbox 938 1601 1728 1638; baseline 0.005 -11"><span class='ocrx_word' id='word_1_649' title='bbox 938 1601 1143 1636; x_wconf 85' lang='lat' dir='ltr'><strong>succeduntque</strong></span> <span class='ocrx_word' id='word_1_650' title='bbox 1174 1602 1202 1629; x_wconf 92' lang='lat' dir='ltr'><strong>in</strong></span> <span class='ocrx_word' id='word_1_651' title='bbox 1227 1603 1336 1629; x_wconf 91' lang='lat' dir='ltr'><strong>domum</strong></span> <span class='ocrx_word' id='word_1_652' title='bbox 1363 1603 1453 1630; x_wconf 85' lang='lat' dir='ltr'><strong>divitis</strong></span> <span class='ocrx_word' id='word_1_653' title='bbox 1472 1604 1581 1638; x_wconf 89' lang='lat' dir='ltr'><strong>quidem</strong></span> <span class='ocrx_word' id='word_1_654' title='bbox 1599 1604 1728 1635; x_wconf 75' lang='lat' dir='ltr'><strong>hominis.</strong></span> 
     </span>
    </p>
   </div>
   <div class='ocr_carea' id='block_1_89' title="bbox 937 1648 1729 1684">
    <p class='ocr_par' dir='ltr' id='par_1_89' title="bbox 937 1648 1729 1684">
     <span class='ocr_line' id='line_1_89' title="bbox 937 1648 1729 1684; baseline 0.003 -9"><span class='ocrx_word' id='word_1_655' title='bbox 937 1648 985 1675; x_wconf 83' lang='lat' dir='ltr'><strong>sed</strong></span> <span class='ocrx_word' id='word_1_656' title='bbox 1001 1648 1112 1682; x_wconf 81' lang='lat' dir='ltr'><strong>perditis</strong></span> <span class='ocrx_word' id='word_1_657' title='bbox 1127 1649 1258 1683; x_wconf 79' lang='lat' dir='ltr'><strong>moribus,</strong></span> <span class='ocrx_word' id='word_1_658' title='bbox 1274 1650 1316 1676; x_wconf 76' lang='lat' dir='ltr'><strong>cui</strong></span> <span class='ocrx_word' id='word_1_659' title='bbox 1334 1649 1436 1684; x_wconf 82' lang='lat' dir='ltr'><strong>Setapo</strong></span> <span class='ocrx_word' id='word_1_660' title='bbox 1452 1658 1561 1677; x_wconf 89' lang='lat' dir='ltr'><strong>nomen.</strong></span> <span class='ocrx_word' id='word_1_661' title='bbox 1584 1649 1634 1678; x_wconf 81' lang='lat' dir='ltr'><strong>Hic</strong></span> <span class='ocrx_word' id='word_1_662' title='bbox 1646 1651 1729 1677; x_wconf 85' lang='lat' dir='ltr'><strong>Sino-</strong></span> 
     </span>
    </p>
   </div>
   <div class='ocr_carea' id='block_1_90' title="bbox 939 1694 1729 1730">
    <p class='ocr_par' dir='ltr' id='par_1_90' title="bbox 939 1694 1729 1730">
     <span class='ocr_line' id='line_1_90' title="bbox 939 1694 1729 1730; baseline 0.001 -10"><span class='ocrx_word' id='word_1_663' title='bbox 939 1694 1009 1721; x_wconf 85' lang='lat' dir='ltr'><strong>nidis</strong></span> <span class='ocrx_word' id='word_1_664' title='bbox 1026 1701 1121 1722; x_wconf 86' lang='lat' dir='ltr'><strong>amore</strong></span> <span class='ocrx_word' id='word_1_665' title='bbox 1134 1700 1239 1730; x_wconf 87' lang='lat' dir='ltr'><strong>captus,</strong></span> <span class='ocrx_word' id='word_1_666' title='bbox 1266 1695 1353 1729; x_wconf 74' lang='lat' dir='ltr'><strong>pergit</strong></span> <span class='ocrx_word' id='word_1_667' title='bbox 1372 1702 1432 1723; x_wconf 81' lang='lat' dir='ltr'><strong>eam</strong></span> <span class='ocrx_word' id='word_1_668' title='bbox 1449 1695 1610 1729; x_wconf 84' lang='lat' dir='ltr'><strong>sollicitare,</strong></span> <span class='ocrx_word' id='word_1_669' title='bbox 1628 1701 1655 1724; x_wconf 89' lang='lat' dir='ltr'><strong>et</strong></span> <span class='ocrx_word' id='word_1_670' title='bbox 1671 1696 1729 1729; x_wconf 71' lang='lat' dir='ltr'><strong>illa,</strong></span> 
     </span>
    </p>
   </div>
   <div class='ocr_carea' id='block_1_91' title="bbox 939 1742 1728 1778">
    <p class='ocr_par' dir='ltr' id='par_1_91' title="bbox 939 1742 1728 1778">
     <span class='ocr_line' id='line_1_91' title="bbox 939 1742 1728 1778; baseline 0 -9"><span class='ocrx_word' id='word_1_671' title='bbox 939 1742 1081 1769; x_wconf 88' lang='lat' dir='ltr'><strong>redatnare</strong></span> <span class='ocrx_word' id='word_1_672' title='bbox 1096 1750 1126 1769; x_wconf 86' lang='lat' dir='ltr'><strong>se</strong></span> <span class='ocrx_word' id='word_1_673' title='bbox 1139 1742 1254 1777; x_wconf 77' lang='lat' dir='ltr'><strong>fingens,</strong></span> <span class='ocrx_word' id='word_1_674' title='bbox 1272 1743 1377 1770; x_wconf 91' lang='lat' dir='ltr'><strong>ebrium</strong></span> <span class='ocrx_word' id='word_1_675' title='bbox 1387 1742 1519 1778; x_wconf 87' lang='lat' dir='ltr'><strong>Setapum</strong></span> <span class='ocrx_word' id='word_1_676' title='bbox 1542 1749 1637 1775; x_wconf 86' lang='lat' dir='ltr'><strong>noctu,</strong></span> <span class='ocrx_word' id='word_1_677' title='bbox 1661 1743 1728 1770; x_wconf 84' lang='lat' dir='ltr'><strong>etin</strong></span> 
     </span>
    </p>
   </div>
   <div class='ocr_carea' id='block_1_92' title="bbox 938 1788 1729 1823">
    <p class='ocr_par' dir='ltr' id='par_1_92' title="bbox 938 1788 1729 1823">
     <span class='ocr_line' id='line_1_92' title="bbox 938 1788 1729 1823; baseline 0 -8"><span class='ocrx_word' id='word_1_678' title='bbox 938 1789 1040 1816; x_wconf 84' lang='lat' dir='ltr'><strong>amoris</strong></span> <span class='ocrx_word' id='word_1_679' title='bbox 1062 1789 1150 1821; x_wconf 89' lang='lat' dir='ltr'><strong>initio,</strong></span> <span class='ocrx_word' id='word_1_680' title='bbox 1172 1788 1245 1816; x_wconf 84' lang='lat' dir='ltr'><strong>ferro</strong></span> <span class='ocrx_word' id='word_1_681' title='bbox 1267 1789 1392 1823; x_wconf 83' lang='lat' dir='ltr'><strong>conﬁcit;</strong></span> <span class='ocrx_word' id='word_1_682' title='bbox 1417 1789 1528 1817; x_wconf 87' lang='lat' dir='ltr'><strong>domum</strong></span> <span class='ocrx_word' id='word_1_683' title='bbox 1554 1789 1652 1817; x_wconf 78' lang='lat' dir='ltr'><strong>deinde</strong></span> <span class='ocrx_word' id='word_1_684' title='bbox 1676 1789 1729 1816; x_wconf 75' lang='lat' dir='ltr'><strong>sibi</strong></span> 
     </span>
    </p>
   </div>
   <div class='ocr_carea' id='block_1_93' title="bbox 937 1835 1728 1872">
    <p class='ocr_par' dir='ltr' id='par_1_93' title="bbox 937 1835 1728 1872">
     <span class='ocr_line' id='line_1_93' title="bbox 937 1835 1728 1872; baseline -0.001 -9"><span class='ocrx_word' id='word_1_685' title='bbox 937 1836 1038 1870; x_wconf 86' lang='lat' dir='ltr'><strong>aperiri</strong></span> <span class='ocrx_word' id='word_1_686' title='bbox 1051 1836 1095 1863; x_wconf 89' lang='lat' dir='ltr'><strong>illa</strong></span> <span class='ocrx_word' id='word_1_687' title='bbox 1102 1835 1190 1870; x_wconf 83' lang='lat' dir='ltr'><strong>jubet,</strong></span> <span class='ocrx_word' id='word_1_688' title='bbox 1214 1841 1242 1863; x_wconf 88' lang='lat' dir='ltr'><strong>et</strong></span> <span class='ocrx_word' id='word_1_689' title='bbox 1262 1837 1299 1864; x_wconf 87' lang='lat' dir='ltr'><strong>rei</strong></span> <span class='ocrx_word' id='word_1_690' title='bbox 1325 1841 1408 1872; x_wconf 74' lang='lat' dir='ltr'><strong>gesta:</strong></span> <span class='ocrx_word' id='word_1_691' title='bbox 1428 1836 1552 1871; x_wconf 78' lang='lat' dir='ltr'><strong>ignarum</strong></span> <span class='ocrx_word' id='word_1_692' title='bbox 1570 1835 1728 1863; x_wconf 73' lang='lat' dir='ltr'><strong>Sora-chmn</strong></span> 
     </span>
    </p>
   </div>
   <div class='ocr_carea' id='block_1_94' title="bbox 938 1881 1730 1917">
    <p class='ocr_par' dir='ltr' id='par_1_94' title="bbox 938 1881 1730 1917">
     <span class='ocr_line' id='line_1_94' title="bbox 938 1881 1730 1917; baseline 0 -9"><span class='ocrx_word' id='word_1_693' title='bbox 938 1882 974 1909; x_wconf 88' lang='lat' dir='ltr'><strong>ibi</strong></span> <span class='ocrx_word' id='word_1_694' title='bbox 995 1883 1162 1917; x_wconf 89' lang='lat' dir='ltr'><strong>relinquens,</strong></span> <span class='ocrx_word' id='word_1_695' title='bbox 1191 1881 1224 1909; x_wconf 83' lang='lat' dir='ltr'><strong>ad</strong></span> <span class='ocrx_word' id='word_1_696' title='bbox 1242 1882 1334 1910; x_wconf 84' lang='lat' dir='ltr'><strong>rustici</strong></span> <span class='ocrx_word' id='word_1_697' title='bbox 1358 1882 1441 1911; x_wconf 86' lang='lat' dir='ltr'><strong>filiam</strong></span> <span class='ocrx_word' id='word_1_698' title='bbox 1471 1887 1609 1917; x_wconf 87' lang='lat' dir='ltr'><strong>properat.</strong></span> <span class='ocrx_word' id='word_1_699' title='bbox 1629 1881 1730 1909; x_wconf 83' lang='lat' dir='ltr'><strong>Verum</strong></span> 
     </span>
    </p>
   </div>
   <div class='ocr_carea' id='block_1_95' title="bbox 937 1927 1731 1963">
    <p class='ocr_par' dir='ltr' id='par_1_95' title="bbox 937 1927 1731 1963">
     <span class='ocr_line' id='line_1_95' title="bbox 937 1927 1731 1963; baseline -0.003 -7"><span class='ocrx_word' id='word_1_700' title='bbox 937 1930 1048 1963; x_wconf 73' lang='lat' dir='ltr'><strong>cognito</strong></span> <span class='ocrx_word' id='word_1_701' title='bbox 1062 1928 1208 1956; x_wconf 69' lang='lat' dir='ltr'><strong>Soraachus</strong></span> <span class='ocrx_word' id='word_1_702' title='bbox 1225 1927 1283 1962; x_wconf 80' lang='lat' dir='ltr'><strong>ejus</strong></span> <span class='ocrx_word' id='word_1_703' title='bbox 1294 1929 1428 1962; x_wconf 86' lang='lat' dir='ltr'><strong>discessu,</strong></span> <span class='ocrx_word' id='word_1_704' title='bbox 1443 1935 1512 1963; x_wconf 89' lang='lat' dir='ltr'><strong>pone</strong></span> <span class='ocrx_word' id='word_1_705' title='bbox 1526 1928 1660 1963; x_wconf 85' lang='lat' dir='ltr'><strong>sequitur,</strong></span> <span class='ocrx_word' id='word_1_706' title='bbox 1672 1952 1673 1955; x_wconf 45' lang='grc' dir='ltr'><strong>η</strong></span> <span class='ocrx_word' id='word_1_707' title='bbox 1687 1935 1731 1954; x_wconf 87' lang='lat' dir='ltr'><strong>co-</strong></span> 
     </span>
    </p>
   </div>
   <div class='ocr_carea' id='block_1_96' title="bbox 938 1973 1731 2009">
    <p class='ocr_par' dir='ltr' id='par_1_96' title="bbox 938 1973 1731 2009">
     <span class='ocr_line' id='line_1_96' title="bbox 938 1973 1731 2009; baseline -0.003 -7"><span class='ocrx_word' id='word_1_708' title='bbox 938 1975 1072 2008; x_wconf 83' lang='lat' dir='ltr'><strong>mitesque</strong></span> <span class='ocrx_word' id='word_1_709' title='bbox 1088 1981 1179 2002; x_wconf 83' lang='lat' dir='ltr'><strong>secum</strong></span> <span class='ocrx_word' id='word_1_710' title='bbox 1195 1974 1271 2001; x_wconf 86' lang='lat' dir='ltr'><strong>ducit</strong></span> <span class='ocrx_word' id='word_1_711' title='bbox 1285 1974 1319 2002; x_wconf 89' lang='lat' dir='ltr'><strong>de</strong></span> <span class='ocrx_word' id='word_1_712' title='bbox 1331 1974 1426 2009; x_wconf 82' lang='lat' dir='ltr'><strong>Setapi</strong></span> <span class='ocrx_word' id='word_1_713' title='bbox 1441 1973 1528 2002; x_wconf 84' lang='lat' dir='ltr'><strong>servis</strong></span> <span class='ocrx_word' id='word_1_714' title='bbox 1537 1974 1652 2009; x_wconf 78' lang='lat' dir='ltr'><strong>aliquot,</strong></span> <span class='ocrx_word' id='word_1_715' title='bbox 1662 1981 1731 2007; x_wconf 84' lang='lat' dir='ltr'><strong>quos</strong></span> 
     </span>
    </p>
   </div>
   <div class='ocr_carea' id='block_1_97' title="bbox 937 2019 1732 2056">
    <p class='ocr_par' dir='ltr' id='par_1_97' title="bbox 937 2019 1732 2056">
     <span class='ocr_line' id='line_1_97' title="bbox 937 2019 1732 2056; baseline -0.003 -8"><span class='ocrx_word' id='word_1_716' title='bbox 937 2027 966 2049; x_wconf 88' lang='lat' dir='ltr'><strong>nt</strong></span> <span class='ocrx_word' id='word_1_717' title='bbox 985 2022 1111 2056; x_wconf 70' lang='lat' dir='ltr'><strong>agricola:</strong></span> <span class='ocrx_word' id='word_1_718' title='bbox 1129 2021 1190 2048; x_wconf 68' lang='lat' dir='ltr'><strong>filia:</strong></span> <span class='ocrx_word' id='word_1_719' title='bbox 1204 2022 1305 2048; x_wconf 72' lang='lat' dir='ltr'><strong>cmdem</strong></span> <span class='ocrx_word' id='word_1_720' title='bbox 1333 2020 1501 2056; x_wconf 86' lang='lat' dir='ltr'><strong>prohiberet,</strong></span> <span class='ocrx_word' id='word_1_721' title='bbox 1528 2019 1654 2048; x_wconf 80' lang='lat' dir='ltr'><strong>mercede</strong></span> <span class='ocrx_word' id='word_1_722' title='bbox 1667 2027 1732 2048; x_wconf 87' lang='lat' dir='ltr'><strong>con-</strong></span> 
     </span>
    </p>
   </div>
   <div class='ocr_carea' id='block_1_98' title="bbox 938 2067 1732 2103">
    <p class='ocr_par' dir='ltr' id='par_1_98' title="bbox 938 2067 1732 2103">
     <span class='ocr_line' id='line_1_98' title="bbox 938 2067 1732 2103; baseline -0.004 -6"><span class='ocrx_word' id='word_1_723' title='bbox 938 2071 1066 2097; x_wconf 76' lang='lat' dir='ltr'><strong>duxerat.</strong></span> <span class='ocrx_word' id='word_1_724' title='bbox 1096 2071 1247 2096; x_wconf 87' lang='lat' dir='ltr'><strong>Assecntus</strong></span> <span class='ocrx_word' id='word_1_725' title='bbox 1268 2068 1351 2103; x_wconf 71' lang='lat' dir='ltr'><strong>igitur</strong></span> <span class='ocrx_word' id='word_1_726' title='bbox 1373 2075 1434 2095; x_wconf 87' lang='lat' dir='ltr'><strong>eam</strong></span> <span class='ocrx_word' id='word_1_727' title='bbox 1460 2072 1590 2102; x_wconf 89' lang='lat' dir='ltr'><strong>carpento</strong></span> <span class='ocrx_word' id='word_1_728' title='bbox 1616 2067 1732 2102; x_wconf 90' lang='lat' dir='ltr'><strong>imponit</strong></span> 
     </span>
    </p>
   </div>
   <div class='ocr_carea' id='block_1_99' title="bbox 936 2105 1732 2152">
    <p class='ocr_par' dir='ltr' id='par_1_99' title="bbox 936 2105 1732 2152">
     <span class='ocr_line' id='line_1_99' title="bbox 936 2105 1732 2152; baseline -0.005 -9"><span class='ocrx_word' id='word_1_729' title='bbox 936 2115 1010 2152; x_wconf 87' lang='lat' dir='ltr'><strong>(nam</strong></span> <span class='ocrx_word' id='word_1_730' title='bbox 1027 2120 1054 2142; x_wconf 92' lang='lat' dir='ltr'><strong>et</strong></span> <span class='ocrx_word' id='word_1_731' title='bbox 1069 2115 1120 2143; x_wconf 92' lang='lat' dir='ltr'><strong>hoc</strong></span> <span class='ocrx_word' id='word_1_732' title='bbox 1137 2105 1188 2142; x_wconf 78' lang='lat' dir='ltr'><strong>sibi</strong></span> <span class='ocrx_word' id='word_1_733' title='bbox 1203 2114 1358 2150; x_wconf 83' lang='lat' dir='ltr'><strong>paraverat)</strong></span> <span class='ocrx_word' id='word_1_734' title='bbox 1374 2113 1458 2149; x_wconf 77' lang='lat' dir='ltr'><strong>77a,</strong></span> <span class='ocrx_word' id='word_1_735' title='bbox 1481 2121 1514 2140; x_wconf 81' lang='lat' dir='ltr'><strong>ac</strong></span> <span class='ocrx_word' id='word_1_736' title='bbox 1530 2118 1604 2140; x_wconf 86' lang='lat' dir='ltr'><strong>retro</strong></span> <span class='ocrx_word' id='word_1_737' title='bbox 1616 2113 1732 2141; x_wconf 81' lang='lat' dir='ltr'><strong>reverti-</strong></span> 
     </span>
    </p>
   </div>
   <div class='ocr_carea' id='block_1_100' title="bbox 938 2159 1731 2194">
    <p class='ocr_par' dir='ltr' id='par_1_100' title="bbox 938 2159 1731 2194">
     <span class='ocr_line' id='line_1_100' title="bbox 938 2159 1731 2194; baseline -0.004 -5"><span class='ocrx_word' id='word_1_738' title='bbox 938 2168 992 2189; x_wconf 93' lang='lat' dir='ltr'><strong>tur.</strong></span> <span class='ocrx_word' id='word_1_739' title='bbox 1021 2161 1209 2189; x_wconf 83' lang='lat' dir='ltr'><strong>Redeuntibus</strong></span> <span class='ocrx_word' id='word_1_740' title='bbox 1223 2167 1313 2188; x_wconf 88' lang='lat' dir='ltr'><strong>autem</strong></span> <span class='ocrx_word' id='word_1_741' title='bbox 1334 2160 1399 2192; x_wconf 87' lang='lat' dir='ltr'><strong>illis,</strong></span> <span class='ocrx_word' id='word_1_742' title='bbox 1423 2159 1515 2187; x_wconf 67' lang='lat' dir='ltr'><strong>caeteri</strong></span> <span class='ocrx_word' id='word_1_743' title='bbox 1539 2159 1610 2187; x_wconf 84' lang='lat' dir='ltr'><strong>servi</strong></span> <span class='ocrx_word' id='word_1_744' title='bbox 1625 2159 1731 2194; x_wconf 81' lang='lat' dir='ltr'><strong>Setapi,</strong></span> 
     </span>
    </p>
   </div>
   <div class='ocr_carea' id='block_1_101' title="bbox 901 2203 1731 2251">
    <p class='ocr_par' dir='ltr' id='par_1_101' title="bbox 901 2203 1731 2251">
     <span class='ocr_line' id='line_1_101' title="bbox 901 2203 1731 2251; baseline -0.006 -15"><span class='ocrx_word' id='word_1_745' title='bbox 901 2220 925 2251; x_wconf 74' lang='grc' dir='ltr'><strong>ο</strong></span> <span class='ocrx_word' id='word_1_746' title='bbox 939 2209 984 2243; x_wconf 91' lang='lat' dir='ltr'><strong>qui</strong></span> <span class='ocrx_word' id='word_1_747' title='bbox 1006 2208 1062 2243; x_wconf 80' lang='lat' dir='ltr'><strong>jam</strong></span> <span class='ocrx_word' id='word_1_748' title='bbox 1088 2206 1259 2235; x_wconf 82' lang='lat' dir='ltr'><strong>interfectum</strong></span> <span class='ocrx_word' id='word_1_749' title='bbox 1284 2205 1380 2233; x_wconf 89' lang='lat' dir='ltr'><strong>herum</strong></span> <span class='ocrx_word' id='word_1_750' title='bbox 1395 2204 1642 2240; x_wconf 76' lang='lat' dir='ltr'><strong>deprehenderent,</strong></span> <span class='ocrx_word' id='word_1_751' title='bbox 1664 2203 1731 2232; x_wconf 88' lang='lat' dir='ltr'><strong>furi-</strong></span> 
     </span>
    </p>
   </div>
   <div class='ocr_carea' id='block_1_102' title="bbox 938 2250 1731 2288">
    <p class='ocr_par' dir='ltr' id='par_1_102' title="bbox 938 2250 1731 2288">
     <span class='ocr_line' id='line_1_102' title="bbox 938 2250 1731 2288; baseline -0.006 -6"><span class='ocrx_word' id='word_1_752' title='bbox 938 2255 1023 2282; x_wconf 87' lang='lat' dir='ltr'><strong>bundi</strong></span> <span class='ocrx_word' id='word_1_753' title='bbox 1038 2258 1196 2285; x_wconf 87' lang='lat' dir='ltr'><strong>accurrunt,</strong></span> <span class='ocrx_word' id='word_1_754' title='bbox 1219 2257 1381 2288; x_wconf 87' lang='lat' dir='ltr'><strong>captamque</strong></span> <span class='ocrx_word' id='word_1_755' title='bbox 1397 2251 1540 2284; x_wconf 81' lang='lat' dir='ltr'><strong>Sinonida,</strong></span> <span class='ocrx_word' id='word_1_756' title='bbox 1570 2256 1598 2278; x_wconf 91' lang='lat' dir='ltr'><strong>et</strong></span> <span class='ocrx_word' id='word_1_757' title='bbox 1614 2250 1731 2278; x_wconf 87' lang='lat' dir='ltr'><strong>vinculis</strong></span> 
     </span>
    </p>
   </div>
   <div class='ocr_carea' id='block_1_103' title="bbox 937 2297 1730 2335">
    <p class='ocr_par' dir='ltr' id='par_1_103' title="bbox 937 2297 1730 2335">
     <span class='ocr_line' id='line_1_103' title="bbox 937 2297 1730 2335; baseline -0.005 -7"><span class='ocrx_word' id='word_1_758' title='bbox 937 2300 1110 2335; x_wconf 76' lang='lat' dir='ltr'><strong>colligatam,</strong></span> <span class='ocrx_word' id='word_1_759' title='bbox 1143 2299 1178 2327; x_wconf 91' lang='lat' dir='ltr'><strong>ad</strong></span> <span class='ocrx_word' id='word_1_760' title='bbox 1203 2297 1335 2327; x_wconf 84' lang='lat' dir='ltr'><strong>Garmum</strong></span> <span class='ocrx_word' id='word_1_761' title='bbox 1365 2298 1449 2325; x_wconf 87' lang='lat' dir='ltr'><strong>veluti</strong></span> <span class='ocrx_word' id='word_1_762' title='bbox 1483 2297 1620 2325; x_wconf 85' lang='lat' dir='ltr'><strong>homicidii</strong></span> <span class='ocrx_word' id='word_1_763' title='bbox 1643 2305 1730 2328; x_wconf 84' lang='lat' dir='ltr'><strong>reatu,</strong></span> 
     </span>
    </p>
   </div>
   <div class='ocr_carea' id='block_1_104' title="bbox 936 2342 1732 2382">
    <p class='ocr_par' dir='ltr' id='par_1_104' title="bbox 936 2342 1732 2382">
     <span class='ocr_line' id='line_1_104' title="bbox 936 2342 1732 2382; baseline -0.005 -9"><span class='ocrx_word' id='word_1_764' title='bbox 936 2352 1086 2382; x_wconf 60' lang='lat' dir='ltr'><strong>poenasque</strong></span> <span class='ocrx_word' id='word_1_765' title='bbox 1100 2345 1224 2372; x_wconf 89' lang='lat' dir='ltr'><strong>daturam</strong></span> <span class='ocrx_word' id='word_1_766' title='bbox 1239 2344 1352 2371; x_wconf 89' lang='lat' dir='ltr'><strong>ducunt.</strong></span> <span class='ocrx_word' id='word_1_767' title='bbox 1373 2343 1518 2370; x_wconf 69' lang='lat' dir='ltr'><strong>Soraechus</strong></span> <span class='ocrx_word' id='word_1_768' title='bbox 1526 2350 1601 2378; x_wconf 77' lang='lat' dir='ltr'><strong>ergo,</strong></span> <span class='ocrx_word' id='word_1_769' title='bbox 1620 2342 1732 2377; x_wconf 88' lang='lat' dir='ltr'><strong>pulvere</strong></span> 
     </span>
    </p>
   </div>
   <div class='ocr_carea' id='block_1_105' title="bbox 937 2388 1730 2426">
    <p class='ocr_par' dir='ltr' id='par_1_105' title="bbox 937 2388 1730 2426">
     <span class='ocr_line' id='line_1_105' title="bbox 937 2388 1730 2426; baseline -0.006 -7"><span class='ocrx_word' id='word_1_770' title='bbox 937 2399 1065 2426; x_wconf 83' lang='lat' dir='ltr'><strong>aspersus</strong></span> <span class='ocrx_word' id='word_1_771' title='bbox 1080 2395 1206 2425; x_wconf 79' lang='lat' dir='ltr'><strong>caput,et</strong></span> <span class='ocrx_word' id='word_1_772' title='bbox 1217 2389 1275 2425; x_wconf 83' lang='lat'><strong>(65)</strong></span> <span class='ocrx_word' id='word_1_773' title='bbox 1287 2389 1403 2416; x_wconf 68' lang='lat' dir='ltr'><strong>Persica:</strong></span> <span class='ocrx_word' id='word_1_774' title='bbox 1418 2388 1555 2416; x_wconf 86' lang='lat' dir='ltr'><strong>involutus</strong></span> <span class='ocrx_word' id='word_1_775' title='bbox 1572 2388 1681 2422; x_wconf 68' lang='lat' dir='ltr'><strong>tunicae,</strong></span> <span class='ocrx_word' id='word_1_776' title='bbox 1696 2388 1730 2415; x_wconf 82' lang='lat' dir='ltr'><strong>ad</strong></span> 
     </span>
    </p>
   </div>
   <div class='ocr_carea' id='block_1_106' title="bbox 939 2434 1733 2468">
    <p class='ocr_par' dir='ltr' id='par_1_106' title="bbox 939 2434 1733 2468">
     <span class='ocr_line' id='line_1_106' title="bbox 939 2434 1733 2468; baseline -0.005 -4"><span class='ocrx_word' id='word_1_777' title='bbox 939 2436 1099 2464; x_wconf 73' lang='lat' dir='ltr'><strong>Rhodanum</strong></span> <span class='ocrx_word' id='word_1_778' title='bbox 1113 2435 1292 2463; x_wconf 87' lang='lat' dir='ltr'><strong>infortunium</strong></span> <span class='ocrx_word' id='word_1_779' title='bbox 1309 2434 1403 2462; x_wconf 80' lang='lat' dir='ltr'><strong>refert.</strong></span> <span class='ocrx_word' id='word_1_780' title='bbox 1419 2434 1461 2462; x_wconf 83' lang='lat' dir='ltr'><strong>Ad</strong></span> <span class='ocrx_word' id='word_1_781' title='bbox 1484 2442 1544 2468; x_wconf 68' lang='lat' dir='ltr'><strong>quae</strong></span> <span class='ocrx_word' id='word_1_782' title='bbox 1557 2439 1634 2461; x_wconf 87' lang='lat' dir='ltr'><strong>certe</strong></span> <span class='ocrx_word' id='word_1_783' title='bbox 1650 2434 1733 2461; x_wconf 64' lang='lat' dir='ltr'><strong>libo-</strong></span> 
     </span>
    </p>
   </div>
   <div class='ocr_carea' id='block_1_107' title="bbox 939 2475 1734 2513">
    <p class='ocr_par' dir='ltr' id='par_1_107' title="bbox 939 2475 1734 2513">
     <span class='ocr_line' id='line_1_107' title="bbox 939 2475 1734 2513; baseline -0.005 -3"><span class='ocrx_word' id='word_1_784' title='bbox 939 2475 1025 2510; x_wconf 80' lang='lat' dir='ltr'><strong>daues</strong></span> <span class='ocrx_word' id='word_1_785' title='bbox 1042 2489 1136 2509; x_wconf 80' lang='lat' dir='ltr'><strong>necent</strong></span> <span class='ocrx_word' id='word_1_786' title='bbox 1151 2481 1203 2508; x_wconf 87' lang='lat' dir='ltr'><strong>sibi</strong></span> <span class='ocrx_word' id='word_1_787' title='bbox 1222 2481 1412 2513; x_wconf 86' lang='lat' dir='ltr'><strong>conscivisset,</strong></span> <span class='ocrx_word' id='word_1_788' title='bbox 1439 2480 1465 2507; x_wconf 90' lang='lat' dir='ltr'><strong>ni</strong></span> <span class='ocrx_word' id='word_1_789' title='bbox 1483 2480 1628 2508; x_wconf 71' lang='lat' dir='ltr'><strong>Soraachus</strong></span> <span class='ocrx_word' id='word_1_790' title='bbox 1647 2480 1734 2508; x_wconf 84' lang='lat' dir='ltr'><strong>obsti-</strong></span> 
     </span>
    </p>
   </div>
   <div class='ocr_carea' id='block_1_108' title="bbox 940 2526 1733 2563">
    <p class='ocr_par' dir='ltr' id='par_1_108' title="bbox 940 2526 1733 2563">
     <span class='ocr_line' id='line_1_108' title="bbox 940 2526 1733 2563; baseline -0.004 -6"><span class='ocrx_word' id='word_1_791' title='bbox 940 2528 1159 2561; x_wconf 83' lang='lat' dir='ltr'><strong>tisset,Garmus</strong></span> <span class='ocrx_word' id='word_1_792' title='bbox 1180 2528 1302 2559; x_wconf 88' lang='lat' dir='ltr'><strong>interim,</strong></span> <span class='ocrx_word' id='word_1_793' title='bbox 1333 2526 1451 2563; x_wconf 84' lang='lat' dir='ltr'><strong>acceptis</strong></span> <span class='ocrx_word' id='word_1_794' title='bbox 1471 2527 1550 2555; x_wconf 59' lang='lat' dir='ltr'><strong>Saca</strong></span> <span class='ocrx_word' id='word_1_795' title='bbox 1574 2526 1671 2555; x_wconf 85' lang='lat' dir='ltr'><strong>litteris</strong></span> <span class='ocrx_word' id='word_1_796' title='bbox 1699 2527 1733 2554; x_wconf 82' lang='lat' dir='ltr'><strong>de</strong></span> 
     </span>
    </p>
   </div>
   <div class='ocr_carea' id='block_1_109' title="bbox 939 2572 1732 2610">
    <p class='ocr_par' dir='ltr' id='par_1_109' title="bbox 939 2572 1732 2610">
     <span class='ocr_line' id='line_1_109' title="bbox 939 2572 1732 2610; baseline -0.008 -6"><span class='ocrx_word' id='word_1_797' title='bbox 939 2579 1019 2610; x_wconf 87' lang='lat' dir='ltr'><strong>capto</strong></span> <span class='ocrx_word' id='word_1_798' title='bbox 1030 2574 1172 2606; x_wconf 77' lang='lat' dir='ltr'><strong>Rhodaue,</strong></span> <span class='ocrx_word' id='word_1_799' title='bbox 1195 2578 1222 2601; x_wconf 90' lang='lat' dir='ltr'><strong>et</strong></span> <span class='ocrx_word' id='word_1_800' title='bbox 1231 2574 1266 2601; x_wconf 87' lang='lat' dir='ltr'><strong>ab</strong></span> <span class='ocrx_word' id='word_1_801' title='bbox 1277 2573 1417 2601; x_wconf 85' lang='lat' dir='ltr'><strong>aurifabro</strong></span> <span class='ocrx_word' id='word_1_802' title='bbox 1428 2572 1462 2600; x_wconf 91' lang='lat' dir='ltr'><strong>de</strong></span> <span class='ocrx_word' id='word_1_803' title='bbox 1471 2572 1602 2601; x_wconf 88' lang='lat' dir='ltr'><strong>Sinonide</strong></span> <span class='ocrx_word' id='word_1_804' title='bbox 1615 2578 1732 2604; x_wconf 80' lang='lat' dir='ltr'><strong>retenta,</strong></span> 
     </span>
    </p>
   </div>
   <div class='ocr_carea' id='block_1_110' title="bbox 747 2643 1086 2675">
    <p class='ocr_par' dir='ltr' id='par_1_110' title="bbox 747 2643 1086 2675">
     <span class='ocr_line' id='line_1_110' title="bbox 747 2643 1086 2675; baseline -0.009 -1"><span class='ocrx_word' id='word_1_805' title='bbox 747 2646 865 2675; x_wconf 78' lang='lat' dir='ltr'><strong>VARle</strong></span> <span class='ocrx_word' id='word_1_806' title='bbox 882 2643 1086 2674; x_wconf 80' lang='lat' dir='ltr'><strong>LECTIONES.</strong></span> 
     </span>
    </p>
   </div>
   <div class='ocr_carea' id='block_1_111' title="bbox 126 2707 803 2743">
    <p class='ocr_par' dir='ltr' id='par_1_111' title="bbox 126 2707 803 2743">
     <span class='ocr_line' id='line_1_111' title="bbox 126 2707 803 2743; baseline 0 -8"><span class='ocrx_word' id='word_1_807' title='bbox 126 2709 149 2725; x_wconf 87' lang='lat'>&quot;</span> <span class='ocrx_word' id='word_1_808' title='bbox 164 2709 257 2736; x_wconf 76' lang='grc' dir='ltr'>λαὸὼν</span> <span class='ocrx_word' id='word_1_809' title='bbox 280 2709 299 2735; x_wconf 82' lang='grc' dir='ltr'>Α</span> <span class='ocrx_word' id='word_1_810' title='bbox 317 2717 325 2736; x_wconf 89' lang='lat'><strong>:</strong></span> <span class='ocrx_word' id='word_1_811' title='bbox 341 2708 444 2735; x_wconf 82' lang='grc' dir='ltr'>ἀνελὼν</span> <span class='ocrx_word' id='word_1_812' title='bbox 464 2717 495 2741; x_wconf 86' lang='grc' dir='ltr'>ς.</span> <span class='ocrx_word' id='word_1_813' title='bbox 533 2708 557 2724; x_wconf 80' lang='grc'><strong>’⁸</strong></span> <span class='ocrx_word' id='word_1_814' title='bbox 581 2707 755 2743; x_wconf 81' lang='grc' dir='ltr'>καλουμένης</span> <span class='ocrx_word' id='word_1_815' title='bbox 772 2717 803 2740; x_wconf 85' lang='grc' dir='ltr'>ς.</span> 
     </span>
    </p>
   </div>
   <div class='ocr_carea' id='block_1_112' title="bbox 842 2703 1732 2740">
    <p class='ocr_par' dir='ltr' id='par_1_112' title="bbox 842 2703 1732 2740">
     <span class='ocr_line' id='line_1_112' title="bbox 842 2703 1732 2740; baseline -0.006 -6"><span class='ocrx_word' id='word_1_816' title='bbox 842 2708 864 2723; x_wconf 77' lang='grc'><strong>’⁷</strong></span> <span class='ocrx_word' id='word_1_817' title='bbox 879 2707 908 2734; x_wconf 80' lang='grc' dir='ltr'>αἱ</span> <span class='ocrx_word' id='word_1_818' title='bbox 937 2703 1081 2740; x_wconf 71' lang='grc' dir='ltr'>ἐκθεσμοι]</span> <span class='ocrx_word' id='word_1_819' title='bbox 1096 2703 1147 2740; x_wconf 81' lang='grc' dir='ltr'><strong>τὰς</strong></span> <span class='ocrx_word' id='word_1_820' title='bbox 1171 2703 1324 2740; x_wconf 61' lang='grc' dir='ltr'>ὲκίξέσμους</span> <span class='ocrx_word' id='word_1_821' title='bbox 1419 2703 1551 2740; x_wconf 19' lang='lat' dir='ltr'><strong>&quot;renutat&quot;:</strong></span> <span class='ocrx_word' id='word_1_822' title='bbox 1563 2703 1732 2740; x_wconf 84' lang='grc' dir='ltr'>διαχειρισα-</span> 
     </span>
    </p>
   </div>
   <div class='ocr_carea' id='block_1_113' title="bbox 91 2738 1678 2780">
    <p class='ocr_par' dir='ltr' id='par_1_113' title="bbox 91 2738 1678 2780">
     <span class='ocr_line' id='line_1_113' title="bbox 91 2738 1678 2780; baseline -0.001 -9"><span class='ocrx_word' id='word_1_823' title='bbox 91 2744 175 2779; x_wconf 76' lang='grc' dir='ltr'>μένου</span> <span class='ocrx_word' id='word_1_824' title='bbox 193 2753 224 2776; x_wconf 88' lang='grc' dir='ltr'>ς.</span> <span class='ocrx_word' id='word_1_825' title='bbox 262 2745 285 2761; x_wconf 77' lang='grc'><em>³⁸</em></span> <span class='ocrx_word' id='word_1_826' title='bbox 311 2745 379 2780; x_wconf 79' lang='grc' dir='ltr'>πρὸς</span> <span class='ocrx_word' id='word_1_827' title='bbox 395 2738 501 2776; x_wconf 65' lang='grc' dir='ltr'>τούτοις</span> <span class='ocrx_word' id='word_1_828' title='bbox 528 2745 561 2770; x_wconf 81' lang='grc' dir='ltr'><strong>Α.</strong></span> <span class='ocrx_word' id='word_1_829' title='bbox 601 2744 609 2759; x_wconf 85' lang='grc'>¹</span> <span class='ocrx_word' id='word_1_830' title='bbox 628 2738 720 2770; x_wconf 78' lang='grc' dir='ltr'>πίστιν</span> <span class='ocrx_word' id='word_1_831' title='bbox 733 2738 791 2770; x_wconf 63' lang='grc' dir='ltr'>’καὶ</span> <span class='ocrx_word' id='word_1_832' title='bbox 805 2750 921 2770; x_wconf 86' lang='grc' dir='ltr'>καταστ.</span> <span class='ocrx_word' id='word_1_833' title='bbox 940 2750 971 2774; x_wconf 83' lang='grc' dir='ltr'>ς.</span> <span class='ocrx_word' id='word_1_834' title='bbox 1008 2738 1268 2775; x_wconf 72' lang='grc' dir='ltr'>¹’περιεῤῥιμμένος</span> <span class='ocrx_word' id='word_1_835' title='bbox 1282 2747 1313 2771; x_wconf 80' lang='grc' dir='ltr'><strong>ς·</strong></span> <span class='ocrx_word' id='word_1_836' title='bbox 1351 2739 1362 2754; x_wconf 92' lang='grc'><strong><em>⁸</em></strong></span> <span class='ocrx_word' id='word_1_837' title='bbox 1380 2739 1455 2774; x_wconf 76' lang='grc' dir='ltr'>ὁρμᾷ</span> <span class='ocrx_word' id='word_1_838' title='bbox 1467 2739 1490 2765; x_wconf 85' lang='grc' dir='ltr'>Α</span> <span class='ocrx_word' id='word_1_839' title='bbox 1506 2748 1513 2766; x_wconf 71' lang='grc' dir='ltr'><strong>ι</strong></span> <span class='ocrx_word' id='word_1_840' title='bbox 1531 2739 1619 2774; x_wconf 79' lang='grc' dir='ltr'>τολμᾷ</span> <span class='ocrx_word' id='word_1_841' title='bbox 1647 2738 1678 2770; x_wconf 62' lang='grc' dir='ltr'><strong>(ὲ-</strong></span> 
     </span>
    </p>
   </div>
   <div class='ocr_carea' id='block_1_114' title="bbox 869 2795 988 2824">
    <p class='ocr_par' dir='ltr' id='par_1_114' title="bbox 869 2795 988 2824">
     <span class='ocr_line' id='line_1_114' title="bbox 869 2795 988 2824; baseline 0 0"><span class='ocrx_word' id='word_1_842' title='bbox 869 2795 988 2824; x_wconf 63' lang='lat' dir='ltr'><strong>NOTAE.</strong></span> 
     </span>
    </p>
   </div>
   <div class='ocr_carea' id='block_1_115' title="bbox 128 2854 1697 2898">
    <p class='ocr_par' dir='ltr' id='par_1_115' title="bbox 128 2854 1697 2898">
     <span class='ocr_line' id='line_1_115' title="bbox 128 2854 1697 2898; baseline -0.006 -9"><span class='ocrx_word' id='word_1_843' title='bbox 128 2862 186 2897; x_wconf 76' lang='lat'><strong>(65)</strong></span> <span class='ocrx_word' id='word_1_844' title='bbox 200 2862 246 2889; x_wconf 64' lang='grc' dir='ltr'>τὸν</span> <span class='ocrx_word' id='word_1_845' title='bbox 263 2860 362 2889; x_wconf 76' lang='grc' dir='ltr'>κανδὺν</span> <span class='ocrx_word' id='word_1_846' title='bbox 376 2861 607 2898; x_wconf 72' lang='grc' dir='ltr'>περωρῤιμμένος</span> <span class='ocrx_word' id='word_1_847' title='bbox 621 2859 690 2888; x_wconf 81' lang='lat' dir='ltr'><strong>Vide</strong></span> <span class='ocrx_word' id='word_1_848' title='bbox 706 2859 823 2892; x_wconf 84' lang='lat' dir='ltr'><strong>Polluc.,</strong></span> <span class='ocrx_word' id='word_1_849' title='bbox 839 2856 917 2894; x_wconf 75' lang='lat' dir='ltr'><strong>Bayf.</strong></span> <span class='ocrx_word' id='word_1_850' title='bbox 938 2860 966 2886; x_wconf 89' lang='lat' dir='ltr'><strong>et</strong></span> <span class='ocrx_word' id='word_1_851' title='bbox 976 2861 1040 2885; x_wconf 86' lang='lat' dir='ltr'><strong>ante</strong></span> <span class='ocrx_word' id='word_1_852' title='bbox 1051 2856 1118 2886; x_wconf 74' lang='lat' dir='ltr'><strong>alios</strong></span> <span class='ocrx_word' id='word_1_853' title='bbox 1133 2856 1248 2886; x_wconf 83' lang='lat' dir='ltr'><strong>doetiss.</strong></span> <span class='ocrx_word' id='word_1_854' title='bbox 1261 2855 1383 2885; x_wconf 84' lang='lat' dir='ltr'><strong>Brisson.</strong></span> <span class='ocrx_word' id='word_1_855' title='bbox 1403 2854 1570 2882; x_wconf 77' lang='lat' dir='ltr'><strong>Persicorum</strong></span> <span class='ocrx_word' id='word_1_856' title='bbox 1584 2860 1592 2881; x_wconf 86' lang='grc' dir='ltr'><strong>ι</strong></span> <span class='ocrx_word' id='word_1_857' title='bbox 1612 2857 1640 2880; x_wconf 87' lang='lat' dir='ltr'><strong>et</strong></span> <span class='ocrx_word' id='word_1_858' title='bbox 1655 2859 1697 2880; x_wconf 89' lang='lat' dir='ltr'><strong>tn.</strong></span> 
     </span>
    </p>
   </div>
  </div>
