1938 3091
202 122 257 157 335

782 120 915 151 PHOTlI
927 120 1179 151 PATRIAIICHIE
1193 122 1249 154 ΟΡ.

1795 122 1850 154 336

203 178 304 216 gaudio
332 176 457 213 perfusus
494 175 527 203 ad
556 175 765 204 sacrificandum
799 177 852 204 diis
880 177 996 210 accedit,

1051 177 1174 204 ὲκώλυεδ
1196 177 1337 213 Σόραιχος.
1357 177 1388 204 '0
1408 177 1454 204 δὲ³
1478 176 1588 213 Γάρμος
1604 177 1681 205 Σάκα
1701 177 1852 213 δεξάμενος

205 224 367 260 rruptiasque
379 227 467 259 parat.
487 222 625 249 Praeconi»;
652 222 716 250 item
741 229 808 253 voce
835 223 935 258 ubique
957 224 1003 251 dc-

204 270 325 299 nuutiari
338 270 425 305 jubet,
446 274 475 295 ut
491 268 574 296 vincti
589 276 686 296 omnes
702 268 846 298 solvantur
859 274 943 305 atque
958 270 1001 297 di-

204 316 357 344 mittantur.
379 314 417 342 Ita
436 314 557 347 Sinonis,
574 322 634 349 qua:
647 322 662 341 a
680 314 772 350 Setapi
784 323 882 344 servus
898 317 924 343 in
944 316 1002 343 vin-

205 361 266 389 cula
280 362 441 394 ducebatur,
471 361 580 396 publico
604 362 715 390 decreto
736 361 836 395 soluta,
859 369 891 390 ac
920 369 1002 389 unssa

206 407 277 435 facta
299 411 352 435 est.
377 406 490 434 Damam
514 412 647 442 prazterea
674 407 763 436 occidi
776 406 894 438 Garmus
910 407 1000 443 jubet,

206 453 377 488 traditurque
393 453 429 480 illi
446 453 496 488 ipsi
515 453 648 486 carnifici,
671 461 752 488 quem
772 455 887 492 ipsemet
911 462 945 482 ex
958 461 1003 482 sa-

204 499 317 528 cerdote
341 499 497 527 carnificem
520 499 633 528 fecerat.
658 499 856 535 indignabatur
885 501 1000 533 etenim,

205 544 277 580 quod
294 546 365 578 apud
387 545 454 571 alios
474 543 631 576 lthodanes,
660 550 686 571 ut
704 544 874 579 putabat,ac
890 543 1001 572 Sinonis

205 591 347 619 constricti
381 595 548 618 tenerentur.
579 589 669 618 Dama:
693 590 815 620 succedit
836 590 922 617 frater
941 589 1001 624 ejus

207 637 345 664 Monasns.

236 768 361 796 Narratio
369 768 633 796 deindeinstituitnr
645 769 677 796 de
695 768 825 796 Berenice
839 768 896 804 (66)
914 768 1000 804 Egy-

207 816 324 849 ptiorum
352 815 423 849 regis
453 815 518 848 lilia,
547 815 634 850 deque
652 815 764 843 irumani
780 815 839 851 ejus
851 822 878 842 et
891 816 1001 843 infando

1055 224 1174 260 γράμμα
1188 224 1284 260 ὅτιπερ
1292 224 1422 259 Ῥοδάνης
1435 225 1626 260 συνείληπται,
1639 226 1687 252 καὶ
1698 226 1775 261 παρὰ
1783 226 1794 242 ⁸
1803 226 1852 252 τοῦ

1055 271 1204 306 χρυσοχόου
1218 271 1261 298 ὅτι
1275 270 1387 302 Σινωνὶς
1404 270 1611 306 έχεται,ἔχαιρέ
1621 279 1651 298 τε
1667 271 1715 298 καὶ
1729 271 1791 298 Εθυε
1804 272 1854 298 καὶ

1053 318 1116 349 τοὺς
1134 318 1240 352 γάμους
1255 316 1401 352 ἡτοίμαζε,
1417 316 1465 343 καὶ
1480 317 1616 352 κήρυγμα
1642 316 1754 352 ἥπλωτο
1780 327 1854 344 πανο

1053 363 1136 398 ταχοῦ
1152 364 1256 396 πάντας
1275 363 1416 398 δεσμώτας
1441 363 1556 393 λύεσθαι
1571 365 1620 392 καὶ
1635 363 1781 398 ἀφίεσθαι·
1803 364 1854 391 καὶ

1053 409 1167 442 Σινωνὶς
1183 410 1238 440 ὑπὸ
1250 409 1305 440 τῶν
1321 410 1449 444 Σητάπου
1466 409 1642 446 θεραπόντων
1654 410 1765 445 δέσμιος
1784 410 1854 443 ἀγοο

1055 456 1125 492 μένη
1141 455 1180 492 τῷ
1197 455 1280 491 κοινῷ
1292 455 1341 483 τοῦ
1357 455 1539 494 κηρύγματος
1558 455 1653 482 λύεται
1667 456 1715 482 καὶ
1726 455 1851 489 ἀφίεται.

1054 504 1150 538 Δάμαν
1161 503 1190 530 δὲ
1205 502 1314 530 κελεύει
1331 503 1442 539 Γάρμος
1458 502 1648 538 παραδοθῆναι
1663 502 1784 538 Θανάτῳ,
1802 503 1853 528 καὶ

1054 549 1231 585 παραδίδοται
1246 548 1338 584 δημίῳ
1353 548 1383 575 ὃν
1397 549 1480 580 αὐτὸς
1495 548 1550 575 ἀπὸ
1573 549 1669 583 ἱερέως
1685 549 1725 580 εὶς
1740 548 1788 574 τὸν
1806 548 1854 583 δή·

1061 604 1124 631 μιον
1140 595 1327 631 μετέστησεν·
1352 595 1528 630 ἐδυσχέραινε
1548 595 1578 622 δὲ
1597 594 1636 630 τῷ
1652 595 1732 630 Δάμα
1749 595 1764 621 ὁ
1778 595 1851 630 Γάρ-

1057 651 1119 678 μος,
1143 642 1185 669 ὅτι
1199 642 1264 678 παρ’
1279 641 1372 673 ἄλλοις
1395 641 1535 678 Ῥοδάνης,
1549 641 1587 673 ὤς
1602 641 1723 676 ἐνόμιζε,
1741 641 1789 667 καὶ
1804 641 1852 667 Σι-

1053 687 1135 721 νωνὶς
1161 687 1375 722 συνεσχέθησαν.
1392 687 1522 722 Διάδοχος
1538 687 1569 715 δὲ
1593 687 1673 722 Δάμα
1698 687 1713 713 ὸ
1733 686 1853 721 ἀδελφὸς

1052 734 1218 761 καθίσταται
1232 733 1369 765 Μόνασος.

1088 779 1220 815 Διάληψις
1237 779 1302 815 περὶ
1318 778 1481 814 Βερενίκης,
1508 779 1571 814 ἥτις
1593 777 1628 815 ἦν
1649 778 1776 814 Θυγάτηρ
1802 778 1854 806 τοῦ

1054 825 1186 862 βασιλέως
1202 825 1370 860 Αἰγυπτίων,
1382 825 1430 852 καὶ
1444 825 1501 852 τῶν
1514 824 1622 860 ἀγρίων
1637 825 1721 860 αὐτῆς
1741 824 1791 851 καὶ
1806 826 1856 852 ὲκ-

207 869 311 894 amore,
329 867 413 896 utque
425 861 459 889 ad
477 862 556 897 hujus
569 861 766 896 Mesopotamia
787 861 951 897 colloquium
969 869 998 889 ac

1052 871 1162 908 θέσμων
1182 871 1309 907 ἐρώτωνο
1336 872 1383 898 καὶ
1396 871 1470 904 ὅπως
1496 872 1716 907 Μεσοποταμίᾳ⁷
1735 872 1855 905 συνεγέ-

207 905 422 934 familiaritatem
448 907 614 941 pervenerit.
637 906 722 940 Capta
746 907 839 941 itaque
860 911 922 941 post
943 907 1000 934 haec

207 952 401 988 Mesopotamia
422 961 437 980 a
453 952 533 985 Saca,
551 961 614 980 cum
632 953 718 980 fratre
737 961 787 980 suo
809 953 950 988 Euphrate
965 953 998 980 ad

206 999 336 1026 Gartnum
360 999 522 1032 adducitur,
541 999 599 1034 qui,
622 998 723 1026 litteris
743 998 877 1026 aurifabri
899 1000 1000 1026 certior

206 1046 294 1074 factus
320 1046 458 1082 aufugisse
481 1046 632 1086 Sinonida,
656 1053 684 1073 et
707 1047 783 1073 illum
809 1045 946 1079 interfici,
973 1051 1000 1073 et

205 1100 300 1120 omnes
315 1093 348 1120 ad
372 1093 442 1120 hanc
467 1094 693 1126 custodiendam,
716 1098 797 1128 atque
811 1093 998 1122 adducendam

206 1138 316 1166 lictores
330 1138 442 1169 missos,
456 1146 508 1165 una
521 1146 582 1165 cum
596 1139 725 1165 uxoribus
738 1146 770 1167 ac
790 1138 893 1170 liberis,
909 1136 999 1166 defodi

206 1183 380 1218 vivosjnbet.
397 1183 481 1211 Canis
496 1184 605 1216 interim
622 1182 773 1215 Rhodanis,
787 1182 932 1218 Hyrcanus
949 1191 999 1218 ap-

205 1227 334 1264 pellatus,
351 1229 466 1263 repertis
479 1229 505 1255 in
521 1228 705 1256 abominanda
723 1229 770 1256 illo
785 1230 937 1257 diversorio
949 1223 1000 1255 mi-

206 1282 276 1303 εει-ιο
289 1274 402 1310 puellae,
416 1282 448 1301 ac
469 1275 574 1310 perdite
589 1275 706 1302 amantis
728 1275 798 1302 illius
812 1280 894 1310 atque
908 1276 998 1302 sicarii

205 1321 278 1349 servi
288 1321 459 1356 corporibus,
478 1321 550 1348 hunc
570 1321 687 1356 primum
701 1321 824 1355 devorat,
843 1329 904 1349 mox
917 1323 998 1348 etiam

206 1367 336 1403 paulatim
354 1367 450 1403 puella:
471 1368 575 1396 viscera
595 1369 740 1396 mandebat
753 1389 761 1402 ,
775 1376 836 1397 cntn
852 1374 928 1404 pater
943 1369 1000 1403 ipse

205 1413 346 1442 Sinonidis
372 1415 406 1441 ad
429 1422 490 1442 eum
508 1422 617 1449 quoque
637 1415 725 1442 locum
745 1415 872 1446 accessit.
899 1416 999 1450 Λευίιο

205 1460 289 1496 igitur
304 1460 443 1488 lthodanis
456 1467 524 1488 cane
535 1479 542 1492 ,
564 1466 592 1487 et
614 1461 730 1496 puellam
755 1469 892 1489 semesam
909 1461 999 1488 anim-

206 1507 363 1540 advertens,
382 1514 478 1534 canem
495 1507 573 1542 quasi
591 1506 721 1537 Sinonida
733 1508 839 1535 ulturus
854 1509 996 1540 mactavit,

204 1559 289 1587 seque.
303 1538 360 1586 ipse
376 1553 472 1587 laqueo
486 1538 642 1587 suspendit,
664 1553 796 1580 tumulato
807 1557 896 1580 tamen
911 1538 998 1589 prius,
1014 1538 1036 1574 θ

204 1598 412 1633 compositoque
434 1598 540 1633 reliquo
564 1599 660 1633 puellae
676 1606 809 1633 corpore,
829 1599 961 1633 inscripto
984 1607 1000 1627 e

205 1644 281 1673 cauis
293 1644 428 1680 sanguine
458 1644 547 1677 titulo,
562 1644 614 1672 Hic
633 1646 683 1672 sita
699 1651 736 1672 est
750 1645 862 1679 pulchra
879 1644 998 1673 Sinonis.

204 1691 387 1718 Accesserunt
402 1691 456 1718 huc
466 1690 539 1718 forte
552 1691 697 1718 Sorazchus
713 1697 740 1718 et
752 1691 907 1722 lthodaues,
927 1692 1000 1719 viso-

203 1743 257 1771 que
273 1736 307 1762 ad
328 1737 462 1763 tumulant
487 1736 661 1764 interfectum
681 1745 794 1770 canent,
815 1743 842 1764 et
857 1737 999 1765 Sinonidis

204 1787 351 1816 parentem.
370 1781 467 1816 laqueo
487 1789 669 1817 suspensum;
695 1783 766 1810 lecto
792 1784 888 1810 adlrmc
907 1783 998 1817 sepul-

204 1829 244 1855 cri
266 1828 344 1854 titulo
359 1847 367 1860 ,
384 1827 532 1866 Rhodaues
549 1828 660 1864 quidem
679 1829 798 1864 primum
831 1830 929 1857 vulnus
947 1830 997 1857 sibi

205 1873 320 1906 inflixit.
347 1882 451 1909 suoque
487 1875 558 1910 77b
590 1876 723 1910 sanguine
749 1876 889 1904 Sinonidis
919 1877 999 1904 titulo

205 1921 331 1955 ascripsit
350 1929 357 1948 :
390 1920 423 1948 Et
441 1920 582 1948 Rhodam:
598 1922 725 1956 pulcher;
743 1921 889 1950 Sortcchus
902 1923 999 1958 laqueo

204 1972 286 2001 caput
301 1967 426 1994 inseruit.
447 1968 514 1995 Dum
527 1974 619 1996 autem
639 1969 763 1996 ultimum
778 1970 923 1997 lthodanes
940 1970 999 1996 vul-

205 2020 256 2040 nus
282 2013 383 2041 inferre
400 2015 453 2041 sibi
477 2021 574 2049 parat,
597 2022 662 2042 ecce
684 2015 722 2043 ibi
743 2016 873 2052 agricolae
886 2016 940 2043 ﬁlia
957 2017 998 2043 iu-

204 2059 278 2093 geuti
292 2059 413 2087 clamore
431 2062 552 2088 accurrit
566 2071 573 2088 :
591 2061 650 2089 Non
661 2067 714 2094 est.
742 2063 880 2098 inquiens,
894 2071 910 2090 ο
921 2062 996 2090 Rho-

204 2105 295 2137 daue,
316 2105 428 2133 Sinonis
443 2113 503 2140 qua:
524 2107 569 2134 hic
589 2107 673 2140 jacet.
697 2106 753 2134 Nec
774 2115 849 2135 mora
869 2107 996 2142 laqueum

205 2153 327 2181 Sortechi
358 2154 487 2182 discindit
506 2175 514 2188 ,
551 2154 732 2189 Rhodanique
758 2153 877 2190 gladium
902 2155 995 2190 eripit.

1051 927 1122 945 νετο.
1140 918 1197 946 Καὶ
1210 918 1248 952 ὡς
1267 918 1380 953 ὕστερον
1392 918 1445 944 ὑπὸ
1462 917 1538 945 Σάκα
1553 918 1709 954 συνελήφθη
1723 918 1856 945 Μεσοπο-

1050 963 1150 999 ταμία,
1169 963 1218 990 καὶ
1236 963 1304 998 πρὸς
1328 963 1439 997 Γάρμον
1461 963 1522 998 ἃμα
1543 962 1582 998 τῷ
1596 962 1704 998 ἀδελφῷ
1719 963 1855 998 Εὐφράτῃ

1051 1010 1199 1044 ἀπάγεται.
1217 1009 1338 1045 Γράμμα
1350 1008 1499 1044 δεξάμενος
1514 1009 1623 1044 Γάρμος
1634 1009 1711 1044 παρὰ
1724 1008 1771 1036 τοῦ
1784 1017 1856 1044 χρυ-

1052 1055 1148 1091 σοχόου
1159 1055 1196 1087 ὡς
1209 1055 1322 1086 Σινωνὶς
1333 1055 1513 1089 διαπέφευγε,
1524 1055 1693 1089 προστάσσει
1704 1055 1811 1081 ἐκεῖνόν
1821 1063 1854 1081 τε

1051 1100 1231 1136 ἀναιρεθῆναι
1246 1101 1294 1128 καὶ
1311 1101 1375 1131 τοὺς
1389 1100 1436 1126 ἐπὶ
1452 1100 1561 1135 φυλακῇ
1574 1100 1677 1135 ταύτης
1693 1101 1740 1127 καὶ
1752 1101 1853 1135 ἀγωγῇ

1052 1146 1200 1178 σταλέντας
1233 1147 1330 1179 αὐταῖς
1348 1145 1458 1180 γυναιξὶ
1476 1146 1525 1173 καὶ
1538 1146 1646 1177 τέκνοις
1665 1145 1769 1178 ζῶντας
1783 1154 1854 1172 κατ-

1051 1192 1211 1230 ορυχθῆναι.
1231 1192 1365 1228 Ὑρκανὸς
1381 1192 1455 1220 κύων
1468 1193 1483 1219 ὁ
1497 1191 1544 1218 τοῦ
1554 1192 1704 1224 Ὶόδάνους,
1718 1191 1809 1226 εὑρὼν
1821 1193 1853 1218 ὲν

1050 1238 1148 1274 δκείνῳ
1172 1239 1211 1274 τῷ
1234 1239 1413 1274 ἀποτροπαίῳ
1427 1238 1596 1272 καταγωγίῳ
1610 1238 1644 1264 τὰ
1668 1238 1784 1273 σώματα
1799 1238 1853 1273 τῆς

1050 1294 1080 1312 τε
1107 1285 1259 1320 δυστυχοῦς
1278 1285 1365 1320 κόρης
1390 1286 1438 1311 καὶ
1454 1284 1502 1311 τοῦ
1522 1284 1696 1319 παλαμναίου
1721 1285 1767 1310 καὶ
1782 1284 1852 1310 δυσ-

1051 1332 1152 1368 έρωτος
1159 1331 1265 1364 δούλου,
1279 1331 1418 1365 κατέφαγε
1425 1330 1533 1366 πρῶτον
1541 1331 1571 1357 τὸ
1585 1331 1632 1357 τοῦ
1639 1330 1744 1362 δούλου,
1752 1330 1853 1357 ἔπειτα

1050 1377 1123 1405 κατὰ
1137 1378 1236 1414 μικρδν
1252 1377 1300 1404 καὶ
1314 1378 1364 1412 τῆς
1378 1377 1463 1413 κόρης
1474 1385 1481 1392 '
1496 1377 1544 1404 καὶ
1562 1377 1707 1411 ἐφίσταται
1721 1376 1760 1412 τῷ
1772 1376 1853 1412 τόπῳ

1049 1426 1064 1452 ὁ
1082 1424 1132 1459 τῆς
1149 1424 1292 1456 Σινωνίδος
1309 1423 1412 1459 πατὴρ,
1436 1424 1485 1450 καὶ
1500 1422 1563 1459 [156
1580 1422 1634 1458 IL]
1647 1423 1693 1449 τὸν
1716 1423 1785 1449 κύνα
1811 1423 1852 1455 ὡς

1053 1470 1096 1506 εἴη
1119 1470 1261 1501 Ῥοδάνους
1277 1469 1355 1501 εἰδὼς
1369 1470 1417 1496 καὶ
1429 1469 1480 1505 τὴν
1495 1469 1581 1505 κόρην
1593 1469 1752 1504 ἡμίϐρωτον
1771 1469 1850 1502 tam,

1053 1518 1149 1551 σφάζει
1168 1518 1217 1552 μὲν
1229 1516 1267 1549 ὡς
1282 1517 1329 1544 ἐπὶ
1343 1516 1465 1543 Σινωνίδι
1479 1515 1525 1543 τὸν
1539 1515 1620 1549 κύνα,
1636 1517 1742 1552 ἀναρτᾷ
1756 1516 1785 1543 δὲ
1799 1518 1852 1543 καὶ

1052 1564 1149 1595 ἑαυτὸν
1164 1563 1266 1599 βρόχῳ,
1293 1561 1458 1598 καταχώσας
1476 1562 1508 1590 τὸ
1532 1562 1679 1590 ὑπόλοιπον
1696 1563 1745 1598 τῆς
1761 1563 1852 1599 κόρης

1051 1610 1132 1644 σῶμα
1149 1609 1196 1636 καὶ
1210 1609 1366 1644 ἐπιγράψας
1378 1609 1476 1644 αἵματι
1488 1608 1536 1636 τοῦ
1549 1609 1641 1642 κυνός.
1663 1608 1782 1636 Ἐνθάὃε
1796 1618 1852 1639 κιε-

1050 1656 1183 1688 ῖάκειται
1203 1657 1331 1689 Σινωνὶς
1352 1657 1371 1690 ἠ
1385 1655 1476 1691 καλή.
1493 1656 1696 1691 Παραγίνονται
1712 1655 1752 1691 τῷ
1771 1656 1852 1691 τόπῳ

1051 1702 1182 1738 Σόραιχος
1199 1702 1247 1728 καὶ
1265 1701 1404 1737 Ῥοδάνης,
1423 1702 1470 1728 καὶ
1483 1701 1529 1729 τόν
1542 1710 1572 1728 τε
1587 1701 1657 1728 κύνα
1670 1702 1851 1737 ἐσφαγμένου

1049 1748 1088 1785 τῷ
1098 1748 1176 1784 τάφῳ
1191 1747 1291 1780 ἰδόντες
1300 1747 1366 1784 [248
1375 1746 1421 1782 IL]
1434 1747 1479 1774 τόν
1489 1756 1519 1774 τε
1528 1748 1636 1784 πατέρα
1645 1748 1694 1784 τῆς
1704 1748 1852 1780 Σινωνίδος

1049 1794 1242 1831 ἀνηρτημένον
1253 1794 1282 1821 τό
1295 1803 1325 1820 τε
1338 1793 1386 1820 τοῦ
1397 1794 1484 1828 τάφου
1495 1794 1673 1830 ἐπίγραμμα,
1689 1795 1703 1821 6
1715 1794 1766 1830 μὲν
1785 1793 1849 1822 Ῥο-

1049 1841 1132 1876 eam;
1141 1840 1252 1876 πρώτην
1266 1840 1374 1876 πληγὴν
1383 1840 1474 1876 ἑαυτῷ
1484 1840 1642 1875 ἐπενεγκὼν
1651 1841 1827 1876 προσέγραψε
1836 1842 1848 1858 ⁸

1049 1887 1089 1924 τῷ
1108 1887 1165 1923 ίδίῳ
1177 1887 1275 1922 αἵματι
1291 1888 1339 1914 ἐπὶ
1350 1887 1389 1922 τῷ
1410 1887 1461 1922 τῆς
1471 1887 1613 1920 Σινωνίδος
1634 1888 1847 1923 ἐπιγράμματι.

1051 1933 1106 1964 Kal
1129 1933 1272 1967 Ῥοδάν-ης
1286 1935 1302 1960 d
1318 1933 1423 1966 καλός·
1435 1933 1449 1958 ὸ
1457 1932 1485 1959 δὲ
1496 1933 1629 1968 Σόραιχος
1639 1933 1730 1969 βρόχῳ
1748 1934 1849 1960 ἑαυτὸν

1050 1980 1177 2018 ἐξῆπτεν.
1208 1975 1289 2013 Ἐνῷ
1312 1979 1341 2007 δὲ
1363 1980 1412 2006 καὶ
1437 1979 1486 2015 τὴν
1507 1980 1669 2006 τελευταίαν
1695 1979 1805 2014 πληγὴν
1833 1981 1850 2006 ό

1054 2026 1182 2060 Ῥοδάνης
1203 2025 1317 2060 ἐπάγειν
1339 2025 1454 2060 ηρχετο,
1475 2025 1493 2061 ἡ
1508 2025 1556 2052 τοῦ
1572 2024 1699 2060 γεωργοῦ
1721 2025 1851 2061 θυγάτηρ

1049 2073 1186 2099 ἐπιστᾶσα
1201 2071 1273 2108 μέγα
1290 2071 1366 2098 ὲὸόα’
1381 2072 1440 2098 Οὐκ
1464 2071 1523 2098 ἔστι
1539 2072 1664 2103 Σινωνὶς,
1679 2068 1702 2099 ὧ
1721 2072 1848 2107 Ῥοδάνη,

1048 2119 1066 2154 ἡ
1091 2118 1218 2154 κειμένη.
1245 2117 1301 2145 Καὶ
1323 2117 1466 2154 δραμοῦσα
1491 2118 1587 2145 κόπτει
1622 2127 1652 2145 τε
1676 2119 1722 2146 τδν
1747 2118 1848 2154 βρόχον

1048 2164 1181 2200 Σοραίχου
1208 2164 1255 2191 καὶ
1271 2163 1302 2190 τὸ
1321 2163 1399 2198 ξίφος
1419 2165 1580 2200 ἀφαιρεῖται
1611 2164 1769 2197 Ῥοδάνους,
1798 2166 1850 2193 καὶ

205 2199 274 2228 Hinc
296 2201 445 2236 narrando,
459 2209 519 2236 quae
530 2201 635 2229 infelici
649 2200 749 2237 puellae
760 2202 943 2235 accidissent,
968 2206 996 2228 et

1051 2199 1242 2246 πείθεινμόλις,
1263 2210 1454 2246 διηγησαμένη
1469 2210 1504 2237 τά
1517 2219 1548 2237 τε
1562 2210 1630 2246 περὶ
1652 2210 1703 2246 τὴν
1725 2211 1854 2246 δυστυχῆ.

204 2247 238 2274 de
250 2253 319 2274 auro
328 2247 449 2280 defosso,
462 2247 496 2275 ad
512 2248 584 2282 quod
593 2247 651 2282 ipsa
661 2248 848 2282 recipiendum
864 2249 994 2280 venisset,

203 2294 249 2321 vix
267 2295 375 2321 tandem
391 2294 544 2328 persuadet.
565 2294 677 2322 Sinonis
691 2296 806 2328 interea,
820 2295 936 2322 vinculis
947 2303 997 2323 ex-

204 2339 311 2374 pedita,
330 2340 440 2366 domum
454 2339 522 2375 fugit
541 2339 677 2374 agricola},
696 2339 787 2369 furore
803 2342 952 2369 etiamnum
970 2342 996 2374 iu

203 2385 263 2419 ejus
280 2385 361 2411 filiam
376 2385 476 2420 agitata
491 2393 499 2418 ;
520 2392 574 2420 qua
590 2393 642 2413 non
663 2392 770 2420 reperta
785 2406 792 2418 ,
808 2392 947 2422 parentem
964 2389 997 2416 de

203 2439 235 2458 ea
258 2436 460 2466 percunctatur.
481 2432 528 2459 llle
544 2433 616 2460 viam
636 2439 770 2461 monstrat
789 2434 858 2469 (67),
875 2441 903 2462 et
921 2435 995 2462 inse-

203 2477 295 2512 quitur
312 2477 369 2512 ipsa
392 2478 490 2506 stricto
514 2479 615 2512 gladio.
638 2479 673 2507 Ut
694 2488 760 2508 vero
777 2481 810 2507 ad
833 2480 994 2508 ltltodanem

204 2529 371 2558 prostratum
386 2525 520 2559 pervenit,
539 2525 667 2560 illamque
678 2524 785 2562 [rustici
799 2525 891 2553 liliam‘
907 2527 994 2554 solam

202 2570 384 2604 assidentem,
400 2576 428 2599 et
444 2572 565 2606 pectoris
586 2572 683 2600 vulnus
697 2572 916 2608 refrigerantem,
930 2573 994 2610 (So-

1046 2256 1132 2293 κόρην
1153 2256 1202 2284 καὶ
1218 2257 1285 2293 περὶ
1301 2257 1350 2283 τοῦ
1365 2257 1482 2292 χρυσίου
1502 2256 1551 2283 τοῦ
1569 2257 1823 2292 κατορωρυγμένου
1835 2277 1845 2288 ,

1046 2302 1095 2334 καὶ
1109 2303 1147 2334 ὡς
1161 2303 1209 2329 ὲπὶ
1229 2302 1269 2339 τῷ
1287 2302 1435 2339 ἁναλαόεἰν
1449 2302 1529 2330 τοῦτο
1548 2303 1622 2338 ἥκοι.
1642 2303 1675 2330 'H
1689 2303 1717 2330 δὲ
1733 2303 1848 2335 Σινωνὶς

1046 2347 1217 2375 ἀπολυθεῖσα
1238 2347 1293 2374 τῶν
1315 2347 1424 2384 δεσμῶν
1448 2348 1496 2374 ἐπὶ
1509 2349 1568 2383 τὴν·
1581 2348 1673 2375 οἰκίαν
1690 2348 1761 2384 ἔφθη
1772 2350 1782 2364 ³
1796 2349 1846 2375 τοῦ

1046 2393 1184 2430 γεωργοῦ,
1196 2393 1237 2421 ἐτι
1249 2393 1321 2420 κατὰ
1335 2395 1384 2429 τῆς
1403 2393 1490 2430 κόρης
1507 2394 1717 2430 ὲπιμαινομένη.
1736 2395 1782 2429 Μὴ
1797 2397 1846 2422 εύ-

1049 2439 1134 2476 ροῦσα
1151 2440 1178 2467 δὲ
1193 2440 1280 2478 αὐτὴν
1300 2439 1432 2477 ἐπηρώτα
1446 2439 1493 2466 τὸν
1510 2440 1636 2476 πατέρα’
1650 2442 1664 2468 ό
1676 2440 1765 2477 δὲτὴν
1784 2442 1846 2469 ὁδὸν

1048 2486 1162 2521 ἔφραζε,
1180 2487 1228 2513 καὶ
1245 2486 1316 2523 αὐτὴ
1332 2486 1445 2514 ἐδίωκεν
1461 2486 1560 2519 ὀπίσω,
1574 2487 1744 2522 γυμνώσασα
1761 2488 1792 2514 τὸ
1806 2488 1846 2521 ξί-

1048 2541 1109 2566 φος.
1127 2533 1171 2565 Ὠς
1186 2533 1215 2560 δὲ
1230 2533 1381 2560 κατέλαϐεν
1397 2533 1564 2571 ἐρριμμένον
1578 2533 1628 2568 μὲν
1636 2533 1682 2560 τὸν
1703 2534 1846 2569 Ῥοδάνην,

1047 2578 1156 2613 ἐκείνην
1174 2579 1204 2606 δὲ
1223 2580 1308 2616 μόνην
1331 2579 1602 2617 παρακαθημένην³⁰
1619 2579 1666 2607 καὶ
1681 2580 1713 2606 τὺ
1731 2579 1846 2616 τραῦμα

840 2642 963 2671 VARUS
981 2643 1188 2674 LECTIONES.

240 2690 250 2705 ⁸
263 2689 385 2716 ἐκώλυσε
399 2699 430 2722 ς.
469 2690 480 2705 ³
492 2691 506 2716 ὸ
519 2690 547 2717 δὲ
563 2698 619 2717 οιιι.
655 2691 687 2717 Α.
728 2691 738 2707 ⁸
753 2691 831 2726 παρὰ
845 2692 866 2718 Α
895 2702 902 2720 :

933 2694 996 2728 περὶ
1029 2703 1059 2726 ς,

1101 2697 1231 2733 τημεσοπ.
1263 2705 1293 2722 τε
1320 2697 1475 2731 συνεγίνετο
1497 2697 1529 2725 Δ.
1587 2698 1598 2713 ⁵
1619 2697 1797 2733 προσέγραψε
1807 2706 1839 2732 ς.

201 2726 211 2741 ⁸
227 2725 307 2760 ἅφθη.
324 2727 343 2752 Α
359 2735 364 2752 :
379 2726 464 2759 ἔφυγε
485 2734 515 2757 ς.
556 2726 579 2741 ¹⁰
604 2725 841 2762 παρακαθημένην
862 2729 883 2754 Α
901 2737 908 2755 :
925 2725 1179 2766 παραμυθουμένην
1197 2740 1227 2763 ς.

977 2775 1084 2804 l\0'l’/E

239 2819 292 2856 dio)
315 2818 356 2856 0h
369 2819 516 2856 Berenicen
532 2819 616 2856 illam,
629 2821 808 2856 comargratia
825 2827 961 2850 cantatam
978 2831 992 2850 a

199 2853 371 2882 Callimacho
390 2859 471 2890 atque
489 2855 605 2888 Catullo,
625 2853 788 2885 videturltic
807 2865 904 2885 nomen
922 2858 988 2886 illud

1049 2829 1230 2858 assumptum.

1080 2859 1136 2895 (ϋῖ)
1152 2860 1205 2889 Pro
1220 2859 1340 2896 ἔφρειξε,
1357 2868 1459 2895 repono
1475 2860 1588 2896 ἔφραζε.
