1938 3091
231 168 284 200 317

228 271 357 298 continuo
367 277 467 296 morem
481 269 598 301 sustulit,
610 277 664 304 quo
677 270 832 297 caelibatum
846 269 971 304 professi,
983 270 1025 296 di-

229 317 299 344 versi
316 315 474 350 sexus(87)
492 315 700 344 contubernales
721 317 790 351 apud
809 324 838 344 se
855 316 972 344 alebant.
994 316 1024 343 In

229 364 342 397 iniustos
355 362 417 389 item
429 381 436 394 ,
452 362 594 396 vcntrique
607 370 638 389 ac
657 361 760 389 libidini
777 362 884 389 deditos
909 382 916 394 .
936 362 1025 396 longis

229 411 351 439 invectus
373 413 415 436 est
428 409 611 436 orationibus.
628 409 692 435 Erat
709 409 802 436 adltzec
822 416 969 443 pauperum
986 408 1023 436 ita

227 456 363 484 studiosus
372 475 380 486 .
391 459 419 482 ut
431 455 494 482 hinc
508 463 520 481 a
530 454 664 490 plerisque
677 455 909 490 Eleemosynarius
921 462 1024 491 cogno-

228 502 347 528 minatus
367 501 413 529 sit.
427 501 489 528 Uno
503 501 591 528 dicam
608 501 707 533 verbo,
723 505 748 527 et
767 501 893 529 virtutem
914 508 1021 529 omnem

228 547 359 579 docebat.
374 551 399 574 et
411 546 445 573 ab
458 546 531 574 omni
546 547 612 574 vitio
627 546 792 574 dcterrebat.
805 546 877 574 Misit
890 551 981 574 autem
997 551 1026 574 et

228 594 254 620 in
275 593 444 621 thniciam
459 593 616 626 monachos,
633 593 679 627 qui
699 593 860 621 idololatria
872 593 926 621 illic
943 593 1025 620 etiam

227 646 293 665 num
308 638 413 665 deditos
426 637 460 664 ab
474 644 568 664 errore
583 637 609 664 in
624 639 694 664 viam
713 638 855 666 reduceret
869 645 877 665 :
891 638 963 673 80b
978 645 1026 672 per

226 692 295 717 quos
311 684 375 711 item
389 683 561 718 imperatoris
574 683 679 717 legibus
693 689 828 715 armatos,
844 683 977 711 idolorum
987 683 1026 710 fa-

227 738 262 756 nzt
279 729 422 760 subvertit,
437 726 622 756 stibversionis
635 729 790 763 sumptibus
804 730 855 764 piis
869 729 972 765 aliquot
984 729 1025 757 fe-

229 775 310 802 minis
326 774 568 809 suppeditantibus.
578 774 706 802 Celticam
718 774 774 810 (88)
783 775 874 802 adhaec
885 774 1023 811 [militum]

229 821 334 847 turbam
347 820 504 847 Arianismo
514 820 641 847 infectam
650 841 658 852 .
669 821 803 848 ordinatis
810 822 854 856 qui
865 821 923 855 ejus
935 822 1024 856 gentis

230 867 346 900 linguam
361 866 491 893 callerent
507 866 694 893 sacerdotibus
707 886 714 898 ,
730 867 947 894 orthodoxorum
959 875 1023 901 gre-

228 913 282 939 ntio
291 911 419 938 restituit.
432 911 471 938 Ad
487 911 583 939 lstrutn
594 912 705 946 insttper
719 912 812 945 misit,
829 913 874 948 qui
889 911 1024 940 Noniadas
1040 901 1061 929 Β

228 958 263 985 ibi
282 957 397 994 Scythas
412 958 444 984 ad
464 957 628 986 Christiana:
650 958 710 986 lldei
737 959 878 986 veritatem
900 958 1025 986 volentes

227 1003 408 1030 adduxerunt.
429 1003 573 1030 Marcionis
593 1008 724 1038 praeterea
752 1004 877 1032 haeresim
897 1004 957 1040 (89)
973 1024 980 1035 .
998 1004 1025 1031 in

227 1048 338 1076 Oriente
349 1053 405 1074 tum
418 1047 623 1082 repullulantem
633 1068 640 1080 ,
655 1047 776 1075 funditus
788 1048 958 1083 exstirpavit.
971 1046 1027 1075 No-

226 1100 338 1122 cturnos
349 1093 512 1128 psalmorum
530 1094 646 1129 hymnos
658 1094 744 1122 auxit.
754 1094 834 1122 Solus
849 1101 916 1122 vero
935 1095 1026 1122 cibum

226 1149 324 1176 capere
336 1140 456 1173 solebat,
475 1139 530 1175 (90
547 1141 557 1175 )
578 1145 633 1167 tum
661 1142 732 1175 quod
748 1141 810 1167 vino
819 1141 853 1168 ob
867 1140 965 1175 capitis
980 1147 1028 1167 ca-

227 1186 313 1214 lorem
324 1193 435 1220 prorsus
451 1185 601 1213 abstineret
614 1186 676 1220 (nisi
690 1186 717 1213 id
733 1186 803 1213 forte
812 1191 906 1213 aestate
922 1190 1026 1212 tantum

227 1240 287 1259 cum
296 1239 434 1259 rosaceutn
444 1231 502 1268 [91]
512 1232 638 1266 biberet),
650 1238 705 1259 tum
713 1233 794 1260 etiam
806 1233 878 1267 quod
890 1240 962 1268 πετο
972 1237 1028 1260 sto-

227 1279 324 1306 macho
336 1283 417 1310 esset,
431 1283 460 1304 ttt
475 1285 506 1306 ea
519 1277 576 1304 fere
592 1285 652 1313 qua:
667 1279 718 1312 ipsi
735 1279 954 1314 apponebantur.
969 1286 1022 1306 non

226 1324 339 1356 ederet,
356 1324 402 1350 sed
420 1324 473 1350 alia
491 1331 538 1358 pro
554 1323 596 1351 his
616 1329 754 1359 appeteret
770 1333 778 1352 :
794 1325 874 1351 tertio
900 1324 1027 1358 denique!

227 1369 299 1404 quod
315 1369 475 1404 frequenter
490 1370 606 1405 negotiis
621 1377 733 1403 vacans,
756 1370 858 1406 absque
872 1371 933 1398 cibo
957 1372 1028 1398 dietn

227 1415 400 1450 transigeret.
416 1414 494 1442 Clero
517 1420 607 1442 autem
634 1415 737 1451 rigidus
754 1416 835 1444 nimis
850 1422 930 1452 atque
949 1421 1030 1452 asper

227 1461 379 1489 videbatur.
396 1461 428 1488 Et
441 1461 573 1496 Serapion
591 1461 660 1497 (92)
672 1461 731 1496 ejus
750 1462 880 1491 diacottus
892 1464 1030 1499 ingentem

228 1507 265 1535 illi
274 1507 399 1534 invidiam
408 1507 603 1535 conﬂavit.Etsi
611 1508 709 1536 mttltos
718 1509 798 1536 etiam
808 1509 874 1537 alias
882 1510 916 1536 ob
926 1517 1024 1538 causas

226 1558 345 1587 Joannes
354 1553 388 1581 ab
396 1553 517 1581 Ecclesia
529 1555 668 1590 relegavit.
681 1554 854 1583 Conﬂictatus
869 1555 967 1583 deinde
974 1556 1023 1584 Se-

227 1600 321 1635 rapion
332 1601 412 1628 etiam
426 1608 486 1627 cum
505 1600 653 1628 Severiano
661 1601 823 1629 Gabalorum
832 1603 970 1637 episcopo,
985 1603 1027 1630 in-

226 1646 378 1680 genshujus
385 1647 512 1674 excitavit
524 1646 550 1673 in
559 1646 688 1674 Joannem
700 1647 801 1680 odium,
811 1648 881 1682 quod
892 1648 924 1675 ad
936 1653 1028 1676 extre-

228 1700 300 1718 mum
311 1700 395 1727 usque
401 1693 525 1727 spiritum
534 1693 805 1721 retinuit.Amabatur
813 1699 902 1721 tantett
910 1693 1029 1722 Joannes

226 1737 355 1772 singulari
373 1738 484 1766 studioa
496 1738 593 1772 populo
607 1760 615 1772 ,
627 1739 661 1766 ob
670 1739 779 1766 crebras
807 1739 834 1766 in
849 1739 949 1774 templo
963 1747 1028 1768 con.

227 1781 338 1809 riones:
355 1787 383 1808 ut
398 1782 455 1816 ipse
475 1781 595 1809 vicissim
613 1782 699 1810 sancti
713 1782 788 1810 Pauli
811 1783 940 1818 epistolas
952 1784 1029 1811 valde

226 1828 388 1861 adamabat,
405 1835 472 1863 quas
484 1834 511 1855 et
522 1829 688 1864 explanavit;
705 1829 833 1863 visusque
847 1835 888 1857 est
901 1838 915 1856 a
931 1829 1028 1858 Proclo

229 1872 306 1908 (95)
322 1873 407 1900 tribus
437 1875 566 1901 continuo
593 1874 717 1902 noctibus
753 1874 853 1903 Paulus
877 1876 1025 1910 apostolus,

229 1926 339 1946 suarum
362 1919 398 1946 illi
413 1928 560 1955 suggerens
573 1921 747 1954 epistolarunt
764 1922 1024 1957 interpretationem.

259 1963 376 1992 Oll'endit
398 1966 508 2001 insuper
516 1966 665 2001 Augustam
674 1966 793 1995 Joannes
806 1973 917 2002 propter
930 1968 1024 1996 Theu-

225 2009 594 2047 dericltum(94)patricium.
612 2012 652 2039 Ab
669 2013 759 2047 iniqua
782 2014 853 2041 enittt
871 2014 1023 2045 exactione,

227 2063 307 2088 quam
317 2055 436 2091 Augusta
452 2057 590 2091 exigebat,
601 2066 661 2084 cum
674 2066 746 2093 aegre
760 2058 1019 2087 hontinemliberas-

225 2105 285 2133 sat,
307 2100 403 2136 illeque
427 2108 487 2136 post
517 2103 675 2130 facultatum
690 2104 835 2131 maximam
850 2111 967 2140 partem,
996 2110 1024 2133 ut

227 2145 374 2180 gratuitum
391 2147 444 2175 Deo
460 2151 571 2181 donum,
599 2149 729 2176 Ecclesia:
759 2151 920 2184 pauperibus
946 2152 1024 2179 attri-

231 2191 343 2225 buisset,
369 2192 397 2220 in
410 2193 478 2220 iram
491 2194 554 2222 hinc
569 2194 690 2222 Eudoxia
709 2195 893 2231 invidiamque
911 2197 1021 2225 incensa

818 168 951 200 PHOTII
971 169 1223 200 PATRIARCILE
1242 171 1296 200 CP.

267 224 380 260 Magnus
396 224 485 258 itaque
496 224 550 258 jam
562 223 702 251 ordinatus
721 224 931 260 Chrysostomus
946 225 1020 252 illum
1036 230 1062 254 Α

1810 170 1864 203 318

1113 225 1174 252 Ὀτι
1196 227 1211 253 ὁ
1229 225 1316 260 μέγας
1327 225 1520 262 Χρυσόστομος
1536 225 1695 262 παραυτίκα
1709 226 1772 259 τοὺς
1787 227 1864 264 ἔχον-

1076 280 1126 303 τας
1141 272 1334 304 συνεισάκτους
1348 271 1396 299 τοῦ
1417 272 1495 304 ἔθους
1510 272 1634 307 ἐξέκοψε,
1654 273 1702 300 καὶ
1721 274 1791 300 κατά
1808 274 1865 302 τῶν

1076 318 1178 345 ἀδίκων
1198 319 1245 346 καὶ
1273 319 1489 356 γαστριμάργων
1513 319 1561 346 καὶ
1589 319 1738 355 φιληδόνων
1766 319 1865 354 λόγους

1078 365 1201 399 μακροὺς
1217 365 1382 392 κατέτεινεν.
1394 363 1449 392 Ἦν
1465 365 1494 392 δὲ
1509 366 1556 392 καὶ
1568 365 1693 400 ἐλεήμων
1705 365 1818 401 σφόδρα,
1835 365 1865 399 ἐξ

1076 404 1106 434 οὖ
1134 408 1211 444 παρὰ
1247 408 1355 440 πολλοῖς
1383 410 1397 435 ό
1427 409 1477 444 τῆς
1508 409 1694 445 ὲλεημοσύνης
1724 409 1865 446 ἐπεκλήθη

1083 453 1221 488 Ἰωάννης.
1238 454 1293 481 Καὶ
1312 454 1406 486 ἁπλῶς
1429 455 1520 482 πᾶσαν
1545 455 1594 489 μὲν
1609 454 1710 489 ἀρετὴν
1729 455 1865 488 ἐδίδασκε,

1077 501 1168 536 πάσης
1185 501 1214 528 δὲ
1232 501 1331 533 κακίας
1347 494 1512 536 ἀπέτρεπεν.
1536 500 1690 528 Ἀπέστειλε
1710 501 1740 528 δὲ
1757 501 1806 528 καὶ
1825 502 1867 532 είς

1075 546 1203 582 Φοινίκην
1218 548 1353 582 μοναχοὺς
1370 547 1412 582 ἐφ’
1424 543 1446 581 ᾧ
1465 547 1530 579 τοὺς
1544 547 1584 573 ἔτι
1605 548 1638 582 τῇ
1657 547 1869 583 είδωλολατρετᾳ

1076 592 1277 628 κατεχομένους
1298 593 1452 625 ἀπαλλάξαι
1473 593 1523 628 τῆς
1539 592 1663 628 πλάνης·
1682 592 1729 624 οὓς
1748 593 1798 619 καὶ
1820 593 1868 619 νό-

1077 645 1138 672 μοις
1159 637 1274 669 ὁπλίσας
1299 637 1450 673 βασιλικοῖς
1475 637 1538 669 τοὺς
1562 638 1644 668 ναοὺς
1667 637 1723 663 τῶν
1748 636 1869 663 εἰδώλων

1076 683 1257 718 κατέστρεφε,
1275 684 1330 710 τῶν
1346 683 1535 717 ἀναλωμάτων
1553 683 1607 710 τῶν
1621 683 1667 709 ἐπὶ
1686 683 1868 718 καταστροφῇ

1076 729 1108 755 ἐκ
1120 729 1175 755 τῶν
1195 729 1319 756 εὺλαῦῶν
1340 729 1478 763 γυναικῶν
1508 728 1715 764 παρεχομένων.
1741 728 1797 755 Kal.
1818 727 1869 754 τὸν

1076 775 1209 802 Κελτικὸν
1223 775 1252 802 δὲ
1274 772 1368 810 ὅμιλον
1384 774 1582 812 ἀρειανίζοντα.
1603 772 1795 809 ὁμογλώσσους
1808 781 1871 808 χει-

1078 822 1235 857 ροτονήσας,
1261 821 1444 856 μετέστρεψεν
1461 821 1483 837 ⁸⁸
1498 821 1538 852 είς
1558 820 1608 856 τὴν
1629 819 1794 856 όρθοδοξίαν.
1809 819 1871 846 Καὶ

1076 867 1124 893 ἐπὶ
1143 866 1190 893 τὸν
1213 867 1320 902 Ἴστρον
1335 866 1447 902 πέμψας
1471 867 1535 898 τοὺς
1550 866 1670 901 νομάδας
1685 865 1793 898 Σκύθας
1820 865 1870 891 ἐπὶ

1075 912 1122 939 τὸν
1137 912 1198 948 [HI
1217 911 1263 948 [1.]
1277 912 1494 949 Χριστιανισμδν
1510 912 1623 942 ἑκόντας
1637 911 1791 938 είλκύσατο.
1810 911 1871 938 Καὶ

1074 959 1124 994 τὴν
1133 959 1296 994 Μαρκίωνος
1304 959 1410 995 αἵρεσιν
1422 959 1492 986 κατὰ
1504 959 1553 994 τὴν
1564 958 1712 993 Ἀνατολὴν
1725 958 1870 992 φυομένην

1076 1003 1198 1038 ὲξένεμε.
1219 1004 1273 1030 Καὶ
1289 1003 1339 1035 τὰς
1350 1003 1512 1039 νυκτερινὰς
1531 1002 1690 1038 ψαλμῳδίας
1714 1001 1869 1038 ἐπηύξησε.

1076 1050 1165 1081 Μόνος
1180 1050 1208 1076 δὲ
1224 1049 1329 1085 ἢσθιεν.
1347 1049 1389 1076 ὃτι
1410 1058 1439 1076 τε
1460 1048 1532 1076 οἶνον
1546 1048 1591 1076 διὰ
1607 1048 1657 1084 τὴν
1680 1048 1729 1083 τῆς
1743 1047 1872 1081 κεφαλῆς

1078 1095 1183 1130 Θέρμην
1196 1095 1246 1121 οὐκ
1259 1094 1360 1127 ἔπινεν,
1373 1096 1397 1122 εί
1419 1095 1456 1130 μή
1477 1103 1529 1121 που
1545 1095 1574 1121 ὲν
1587 1094 1626 1129 τῷ
1643 1094 1716 1130 θέρει
1730 1093 1776 1120 τὸν
1786 1093 1811 1109 ⁸⁹
1824 1092 1872 1120 διὰ

1079 1142 1156 1178 ῥόδου
1167 1141 1201 1173 ⁸⁸.
1214 1142 1263 1168 καὶ
1273 1142 1313 1168 ὅτι
1329 1141 1474 1173 κακόσιτος
1484 1141 1521 1168 ὣν
1536 1141 1586 1168 οὐκ
1597 1140 1697 1176 ἐχρῆτο
1707 1141 1764 1171 τοῖς
1779 1148 1872 1174 παρα-

1078 1188 1217 1222 κειμένοις
1246 1187 1321 1223 αὑτῷ
1348 1187 1495 1219 πολλάκις,
1524 1186 1582 1213 ἀλλ’
1598 1185 1656 1213 ἀντ’
1680 1185 1771 1212 αὐτῶν
1799 1185 1871 1212 ἄλλα

1078 1233 1218 1268 ἐπεζήτει,
1239 1233 1286 1260 καὶ
1306 1233 1397 1268 τρίτον
1408 1233 1448 1259 ὅτι
1467 1232 1599 1264 πολλάκις
1620 1233 1759 1268 σχολάζων
1774 1233 1872 1264 ἄσιτος

1078 1280 1112 1307 δι’
1130 1281 1239 1315 ἡμέρας
1264 1280 1372 1316 ἔμενεν.
1389 1280 1492 1307 Ἐδόκει
1514 1279 1542 1306 δὲ
1569 1279 1609 1314 τῷ
1635 1279 1730 1314 κλήρῳ
1751 1279 1873 1314 μάλιστα

1080 1326 1198 1362 σκληρὸς
1219 1325 1290 1353 εἶναι
1312 1326 1359 1353 καὶ
1372 1326 1486 1361 τραχύς.
1503 1326 1558 1353 Καὶ
1573 1325 1715 1360 Σεραπίων
1729 1325 1758 1352 δὲ
1779 1325 1794 1352 ό
1810 1325 1872 1352 διά-

1079 1381 1157 1403 κονος
1180 1372 1264 1399 αὑτοῦ
1291 1372 1391 1398 πολλοῦ
1418 1372 1514 1407 μίσους
1538 1371 1613 1406 αὐτῷ
1639 1371 1752 1405 γέγονεν
1771 1370 1872 1402 αἴτιος.

1080 1418 1201 1450 Πολλοὺς
1214 1417 1243 1445 δὲ
1260 1419 1308 1444 καὶ
1321 1419 1335 1444 ὁ
1347 1418 1369 1434 ⁵⁸
1383 1417 1513 1451 Ἰωάννης
1523 1417 1620 1448 ἄλλους
1635 1417 1668 1443 δι’
1683 1416 1767 1447 ἄλλας
1779 1415 1874 1447 αἰτίας

1081 1464 1130 1500 τῆς
1141 1463 1309 1499 Ἐκκλησίας
1329 1463 1453 1496 ἐξέὸαλε.
1467 1462 1638 1499 Προσκρούει
1651 1462 1679 1488 δὲ
1694 1461 1840 1497 Σεραπίων
1850 1461 1875 1476 ⁸³

1081 1511 1129 1538 καὶ
1152 1509 1312 1546 Σεὸηριανῷ
1336 1510 1375 1545 τῷ
1391 1509 1532 1542 Γαῦάλων,
1552 1509 1600 1536 καὶ
1619 1509 1740 1536 τίκτεται
1762 1507 1876 1543 μεγάλη

1043 1580 1065 1609 c
1083 1555 1164 1582 αὐτοῦ
1177 1555 1246 1591 πρὸς
1255 1555 1303 1581 τὸν
1319 1555 1448 1590 Ἰωάννην
1462 1554 1558 1590 ἔχθρα,
1573 1554 1607 1590 ἢν
1622 1553 1669 1581 καὶ
1685 1553 1766 1588 μέχρι
1778 1553 1876 1609 τέλρυς

1082 1601 1236 1636 συνετήρει.
1258 1600 1288 1627 '0
1302 1600 1331 1626 δὲ
1347 1600 1412 1632 λαὸς
1434 1600 1479 1626 διὰ
1491 1600 1554 1630 τοὺς
1569 1601 1598 1626 ἐν
1619 1601 1652 1634 τῇ
1676 1598 1813 1634 ἐκκλησίᾳ
1826 1597 1875 1624 λό-

1080 1655 1146 1682 γους
1161 1646 1264 1682 σφόδρα
1286 1646 1384 1681 ἠγάπα
1397 1646 1444 1673 τὸν
1461 1646 1602 1680 Ἰωάννην.
1623 1645 1734 1678 Ἠγάπα
1751 1644 1781 1671 δὲ
1795 1640 1876 1675 οὗτος

1079 1693 1129 1724 τὰς
1146 1692 1194 1719 τοῦ
1218 1693 1298 1727 ἁγίου
1324 1692 1433 1719 Παὺλου
1447 1691 1593 1723 ἐπιστολάς
1617 1691 1689 1723 λίαν,
1709 1690 1757 1717 καὶ
1777 1690 1875 1725 ἡρμή-

1079 1747 1157 1766 νευεν
1188 1738 1292 1769 αὑτάς·
1320 1737 1501 1773 ἐμφανίζεται
1526 1737 1556 1764 δὲ
1577 1737 1694 1773 Πρόκλῳ
1723 1736 1771 1762 ἐπὶ
1795 1736 1875 1770 τρεῖς

1080 1784 1145 1821 [257
1163 1783 1210 1821 R.]
1227 1783 1328 1814 νύκτας
1347 1783 1533 1819 ὲμπνεόμενος
1544 1784 1558 1810 ὀ
1573 1783 1660 1818 μέγας
1676 1781 1804 1816 Ἰωάννης
1819 1780 1875 1808 ὑπὸ

1077 1831 1125 1858 τοῦ
1147 1830 1310 1858 ’Λποστόλου
1327 1830 1350 1846 ⁸³
1368 1830 1409 1862 εἰς
1425 1829 1475 1866 τὴν
1494 1829 1549 1857 τῶν
1571 1828 1724 1856 ἐπιστολῶν
1752 1826 1875 1855 uti-coit“

1078 1876 1239 1913 ἑρμηνείαν.

1113 1923 1175 1949 Ὀτι
1188 1922 1355 1958 προσκρούει
1371 1922 1405 1957 τῇ
1419 1921 1542 1948 Βασιλίδι
1555 1920 1601 1948 διὰ
1614 1921 1812 1957 Θιοδώριχον⁶³
1825 1922 1875 1949 τὸν

1077 1968 1234 2003 πατρίκιον.
1251 1968 1308 2002 Τῆς
1323 1967 1374 2002 μὲν
1389 1967 1444 2003 γὰρ
1464 1967 1621 2002 παραλόγου
1639 1967 1822 2003 εἰσπράξεως,
1837 1968 1875 2003 ἢν

1076 2014 1166 2041 ἐποίει
1185 2015 1202 2048 ή
1216 2013 1335 2049 βασιλὶς,
1352 2013 1429 2048 μόλις
1449 2013 1620 2040 ἀπαλλάσσει
1635 2013 1682 2039 τὸν
1696 2013 1797 2048 ἄνδρα·
1814 2014 1829 2040 ό
1843 2014 1874 2041 δὲ

1074 2060 1165 2087 δίδωσι
1180 2060 1219 2095 τῷ
1231 2060 1281 2096 τῆς
1294 2059 1458 2094 Ἐκκλησίας
1468 2059 1594 2094 πτωχείῳ
1606 2059 1818 2095 εὐχαριστήριον
1831 2060 1874 2095 τῷ

1074 2106 1134 2141 Θεῷ
1144 2106 1174 2133 τὸ
1188 2106 1256 2133 πολὺ
1273 2105 1356 2142 μέρος
1368 2105 1450 2132 αὑτοῦ
1466 2105 1515 2140 τῆς
1529 2105 1685 2141 ὑπάρξεως,
1701 2105 1746 2140 ὑφ’
1756 2102 1788 2133 οὗ
1800 2106 1873 2141 πρὸς

1074 2152 1173 2179 κακίαν
1194 2152 1241 2179 καὶ
1264 2151 1391 2188 διασολὴν
1410 2151 1597 2186 ἀναφλέγεται
1618 2152 1635 2187 ή
1657 2151 1783 2184 Εὺδοξία.
1806 2151 1873 2179 Ὅτι

1074 2198 1225 2234 Εὑτρόπιος
1236 2197 1318 2233 νόμον
1334 2198 1439 2232 είσάγει
1454 2197 1518 2229 τοὺς
1531 2189 1692 2233 πρόσφυγαξ
1708 2198 1758 2233 τῆς
1768 2198 1874 2233 ἐκκλη-

230 2241 282 2265 est.
303 2237 447 2274 Eutropius
462 2240 520 2276 (95)
535 2240 620 2276 legem
637 2241 777 2270 ferendam
793 2248 912 2274 curarat.
934 2251 968 2271 ne
987 2245 1020 2271 ad

1079 2246 1136 2276 σίας
1156 2244 1194 2280 μὴ
1212 2245 1359 2279 τυγχάνειν
1377 2243 1427 2271 τοῦ
1439 2244 1491 2280 τῆς
1511 2244 1626 2276 ἀσυλίας
1640 2245 1802 2280 προνομίου,
1821 2245 1874 2272 καὶ

873 2297 991 2325 νΑΒΙᾸΞ
1011 2299 1216 2327 LECTIONES.

259 2351 283 2367 ⁸⁸
303 2351 532 2392 κατέατρεςιεγις.
618 2353 665 2392 τον
683 2361 723 2392 pr.
800 2353 831 2392 τὸ
845 2363 875 2386 ς.

226 2393 286 2414 cum
300 2387 322 2413 A
333 2387 412 2414 omisi
426 2387 544 2414 Παύλου.
582 2388 605 2404 ⁸⁵
622 2387 705 2415 αὑτοῦ
719 2389 781 2417 add.
798 2390 831 2416 A.

928 2355 951 2370 ⁸⁸
965 2356 1048 2389 ῥόδων
1057 2365 1087 2388 ς.

872 2390 894 2406 ⁸⁸
911 2390 1074 2426 Θευδέριχον
1085 2399 1156 2418 corr.
1172 2391 1204 2418 Λ.

1127 2356 1147 2371 ⁶¹
1164 2356 1178 2382 ὁ
1192 2363 1246 2383 om.
1262 2355 1294 2382 A.
1334 2356 1357 2371 "
1368 2356 1514 2391 Σαραπίων
1527 2355 1561 2382 Α.
1600 2354 1623 2370 ⁶³
1633 2359 1694 2390 post
1712 2354 1870 2382 ἀποστόλου

982 2446 1099 2474 NOTAE.

263 2498 335 2537 ($7)
350 2499 554 2537 συνεισάκτους,
567 2500 628 2537 sive
645 2501 880 2535 subintroductas,
909 2507 937 2530 et
955 2503 1025 2537 ἀγά-

223 2533 314 2576 ετητάς
329 2535 470 2567 vocabant,
485 2535 517 2561 de
527 2536 626 2575 quibus
641 2537 671 2563 D.
689 2537 787 2564 Barott.
798 2544 816 2578 ι.
826 2537 862 2578 Υ,
874 2533 944 2566 ἰιιιιι.
956 2533 1022 2566 Chr.

223 2569 322 2600 ott8,et
335 2568 364 2595 Β.
379 2568 459 2601 Greg.
469 2569 610 2601 NuzntnL,
619 2570 709 2599 Carm.
721 2572 756 2599 ad
774 2571 875 2601 Vtram.
889 2581 960 2601 vers.
973 2574 1022 2601 96:

223 2577 322 2600 stimet
335 2577 364 2595 υ.
379 2577 459 2603 ureg.
469 2577 709 2603 n:tztatnz.,t.arm.
721 2577 755 2599 ad
776 2577 875 2608 Vtrgin.
889 2581 960 2601 vers.
973 2577 1022 2607 96;

223 2604 381 2645 {incipitque
407 2604 583 2645 ὀψίᾳ-νοτε.
600 2606 643 2635 15,
658 2607 750 2642 Ejusd.
775 2607 841 2635 item
867 2608 1022 2635 Comment.

223 2639 331 2666 Dicetas
343 2639 368 2666 itt
385 2645 454 2667 orat.
474 2640 519 2667 45.

260 2674 333 2714 (εξ)
349 2673 658 2714 $cgthiam1‘heodoret.
674 2682 700 2704 et
712 2677 822 2713 Niceph.
832 2678 930 2714 cap.2,
942 2679 1022 2707 item-

224 2716 276 2743 que
287 2709 409 2737 Cassiod.

259 2744 312 2781 (se
325 2744 336 2781 )
354 2744 430 2781 apud
449 2744 589 2772 Osrawnos
603 2745 716 2781 Niccph.

261 2779 334 2816 (790_)
348 2779 488 2816 Quojero
499 2780 611 2816 consilio
628 2782 652 2806 id
671 2779 715 2808 ille
726 2782 835 2816 fecerit,
850 2792 929 2810 nemo
943 2784 1017 2811 clare

223 2814 398 2876 tlixﬁi‘tfnqluit
408 2814 517 2849 Niceph.
528 2814 622 2844 Plures
635 2817 754 2845 rationes
763 2814 903 2854 vitle‘apud
914 2819 1015 2846 Pallad.

223 2858 238 2876 c
291 2857 305 2876 e
320 2857 353 2876 an
364 2857 398 2876 tr.

223 2855 250 2877 ct
265 2854 398 2883 llletaphr.

261 2885 376 2920 (91)διὰ
394 2885 491 2919 ῥόδων,
506 2886 576 2920 quod
588 2886 694 2922 ροδίτην
711 2889 815 2916 vocavit
827 2888 917 2916 Diosc.
933 2890 1013 2922 Iib.v,

1112 2505 1168 2540 (9i)
1182 2505 1219 2532 De
1231 2503 1402 2539 quoNiceph.
1411 2504 1539 2540 cap.9,et
1548 2503 1670 2532 Cassiod.
1679 2505 1740 2532 init.
1756 2505 1827 2535 Vita:
1837 2508 1871 2537 Β.

1076 2539 1218 2577 Chrysost.
1227 2540 1312 2573 Quem
1320 2540 1401 2567 etiam
1407 2539 1534 2577 acerbius
1543 2540 1649 2577 incusat
1656 2540 1709 2577 Leo
1719 2541 1784 2577 itnp.
1794 2549 1870 2572 orat.

1076 2575 1102 2612 in
1116 2573 1145 2602 ις’.
1161 2575 1304 2612 Chrysost.
1314 2582 1395 2609 quant
1407 2573 1486 2607 hujus
1493 2574 1600 2612 G_eorgi_i
1617 2575 1729 2612 vestigia
1745 2573 1872 2612 proxime

1075 2609 1262 2644 insectandos,
1289 2613 1391 2636 tantum
1410 2617 1461 2636 ttou
1487 2609 1522 2636 ad
1538 2609 1650 2637 verbum
1678 2609 1872 2641 h'inc'vldetur

1073 2645 1288 2673 transcripsisse.

1108 2681 1166 2716 (95)
1186 2679 1325 2716 Chrysost.
1339 2679 1382 2706 hic
1398 2679 1514 2716 primum
1529 2679 1628 2712 scriba,
1650 2687 1681 2707 ac
1695 2681 1786 2716 multo
1808 2688 1871 2716 post

1071 2715 1193 2750 tempore
1209 2715 1407 2778 iitécpiscopatu
1427 2715 1508 2741 etiam
1526 2722 1677 2743 successor.
1689 2715 1868 2752 Niceph.'lib.

1071 2759 1127 2778 ιιν.
1144 2759 1202 2778 (11111.
1252 2770 1259 2778 ι

1071 2759 1127 2780 XIV.
1144 2759 1202 2780 αλιι).
1213 2759 1259 2778 QG.

1107 2760 1442 2822 ίέὶιῗίηὶείῒεῗάριιῑευιηίιί.
1470 2787 1532 2814 vide
1551 2785 1701 2821 Melaphur.
1735 2786 1780 2814 hic
1806 2791 1869 2822 post

1072 2821 1337 2855 causamAntonini,
1355 2821 1455 2848 Pallad.
1462 2842 1469 2855 ,
1484 2828 1537 2850 etc.

1108 2855 1164 2892 (95)
1185 2854 1295 2891 Niceph.
1313 2857 1369 2883 hatc
1385 2856 1477 2890 τοῖοι-1,
1490 2865 1549 2890 cap.
1564 2857 1589 2884 4.
