1938 3091
201 186 252 220 351

784 189 917 221 ΡΠΟΤΙῙ
931 184 1185 220 PATRIARCIUE
1204 191 1259 222 (ΣΡ,

1788 188 1841 221 352

203 253 285 282 atque
297 254 345 282 per
358 246 465 275 dicendi
488 247 602 282 gratiam
620 254 676 274 rem
693 247 802 275 auxisse
819 247 996 280 l‘amiliarem,

1061 256 1124 275 ιατα
1133 247 1179 275 διὰ
1195 248 1244 283 τὴν
1257 247 1403 283 ῥητορείαν
1417 246 1500 274 αὐτοῦ
1516 246 1715 282 συλλεξάμενον
1728 248 1779 274 καὶ
1788 249 1841 274 αὒ-

202 292 298 320 codem
321 297 349 320 et
374 293 430 327 ipse
443 293 569 321 accessit.
592 293 660 320 lluir.
681 292 892 327 igiturJoannes
905 293 995 328 Ephe-

204 348 264 366 sum
286 340 472 374 proﬁciscens,
499 346 574 371 suas.
593 340 657 366 dum
676 339 794 372 abesset,
823 339 936 367 docendi
969 339 996 366 in

204 384 325 413 Ecclesia
344 385 418 413 vices
433 386 644 414 commendavit.
669 386 738 414 Hinc
754 393 821 422 ergo
836 386 996 420 imperatori

205 431 371 459 Severianus
387 431 572 466 omnibusque
586 432 654 460 adeo
669 433 798 461 innotuit.

238 478 261 505 A
272 477 420 513 Callitropa
431 478 480 514 (5),
491 479 664 513 prouaueleri
679 480 820 514 cujusdam
836 481 928 513 vidua,
943 482 998 510 ini-

203 531 264 559 quat
291 524 471 559 exigebantur
481 524 582 553 multae.
592 524 736 553 Paulacius
751 533 814 553 vero
825 526 897 562 διὸ
913 527 996 556 Alex-

205 570 308 597 andria:
322 570 479 603 Augustalis
504 570 546 598 his
578 571 775 606 exprimendis,
797 580 856 607 quae
872 581 998 602 nummo-

206 625 266 644 rum
281 617 492 652 quiugeutorum
510 624 644 644 summam
655 617 849 651 conﬁciebant,
870 619 998 646 miseram

207 664 364 692 exercebat.
379 663 507 699 Confugit
518 664 576 692 haec
590 664 622 691 ad
635 664 796 699 Augustam,
809 671 869 700 quae
881 673 896 693 a
905 665 1001 693 Paula-

207 712 249 739 cio
266 712 325 738 auri
343 711 425 738 libras
436 715 544 738 centum
559 711 649 738 multae
664 711 773 738 nomine
784 712 894 747 exegit:
909 720 925 740 e
939 712 1001 748 qui-

208 758 259 786 ltus
291 762 381 785 tamen
406 758 507 785 misere
533 757 596 785 huic
620 757 727 785 amicta!
758 758 927 786 mulierculae
954 766 1001 786 sex

210 807 313 830 tantum
342 807 369 829 et
396 803 506 837 triginta
529 803 632 830 nummi
653 809 805 832 cesserunt.
841 804 889 832 Illa
918 804 1003 840 igitur

209 849 284 876 velut
295 849 320 877 in
339 856 509 876 communem
525 853 688 881 tempestate
699 849 865 884 jactatorum
882 855 1001 885 portum,

209 894 243 920 ad
267 902 393 928 magnum
418 902 448 922 se
463 895 565 929 recepit
578 893 711 923 Joannem
729 903 737 922 :
756 895 803 930 qui
822 903 884 923 mox
912 896 1002 924 dicam

209 939 336 968 Paulacio
354 940 465 975 scripsit
485 941 519 968 de
535 941 691 976 quingentis
712 941 800 969 vidua:
827 941 918 970 aureis
942 949 1003 976 per-

210 986 358 1014 solvendis.
397 986 520 1014 Eudoxia
542 987 605 1014 hinc
621 987 791 1020 jsimultatem
816 995 878 1015 eum
900 987 1005 1016 Joanne

211 1033 341 1067 suscepit,
366 1032 481 1060 liberum
502 1033 601 1060 dimitti
619 1032 776 1060 Paulacium
789 1038 934 1069 satagens;
956 1041 1006 1062 ne—

211 1086 264 1113 que
279 1083 368 1106 tamen
395 1078 419 1106 ei
447 1086 507 1106 mos
532 1079 646 1114 geritur,
672 1079 718 1106 sed
737 1079 809 1115 justa
827 1080 1006 1109 nihilominue

211 1124 352 1158 postulans
364 1123 456 1159 justus
466 1125 575 1160 pracsul,
592 1126 664 1160 quod
678 1133 726 1160 per
738 1125 814 1153 nefns
826 1125 871 1154 ille
886 1127 1006 1155 retinue»

212 1175 263 1203 rat,
281 1170 378 1206 injuria
403 1171 506 1199 aliccta:
523 1171 628 1199 mulieri
653 1173 783 1200 restituit.
809 1171 869 1206 Qua
888 1173 915 1200 in
937 1181 966 1201 re
978 1177 1007 1201 et

213 1215 372 1242 miraculum
386 1215 494 1242 accidit.
517 1215 667 1243 Extrahere
681 1217 753 1244 enini
768 1217 926 1244 Paulacium
941 1218 1005 1245 dum

213 1261 301 1287 studet
318 1259 450 1292 Eudoxio,
468 1259 510 1286 vel
526 1260 610 1288 invito
621 1259 736 1293 Joanne,
758 1269 822 1289 ecce
837 1262 884 1290 tibi
901 1262 1006 1290 hastam

214 1305 306 1332 fet-cus
328 1305 442 1339 angelus
472 1306 609 1340 apparuit,
635 1307 679 1341 qui
707 1307 804 1334 missos
831 1308 864 1335 ab
884 1309 1006 1343 Augusta

215 1348 347 1376 satellites
372 1353 479 1376 terrore
504 1349 656 1384 percellens
679 1350 730 1385 (4),
764 1358 797 1378 ne
817 1352 944 1378 mandata
969 1351 1007 1379 illi

215 1400 456 1433 persequerentur,
486 1395 584 1424 ell‘ecit.
603 1395 643 1423 Ex
666 1397 708 1424 his
730 1405 795 1432 ergo
814 1403 894 1432 atque
911 1398 1009 1425 simili-

216 1443 265 1470 lms
280 1441 291 1479 [
304 1443 441 1477 pratularis
455 1443 526 1470 beati
543 1441 657 1470 Joannis
674 1443 866 1480 facinoribus]
891 1444 1009 1472 Aeacius

216 1487 364 1521 licrrhmaa,
388 1484 569 1524 Theophilus,
598 1489 758 1521 Antiochus,
789 1495 816 1515 et
832 1488 1008 1524 Severianus,

1047 294 1093 326 τὸς
1120 293 1313 330 παραγίνεται,
1339 293 1477 322 διδάσκειν
1501 293 1530 320 δὲ
1553 293 1636 320 αὐτὸν
1651 293 1780 329 ἀπαίρων
1802 295 1843 326 εἰς

1049 340 1166 375 Ἔφεσον
1184 340 1199 366 ὁ
1222 340 1309 375 μέγας
1330 339 1456 375 Ἰωάννης
1482 340 1540 366 ἀντ’
1562 339 1646 366 αὐτοῦ
1662 340 1705 366 ἐπ’
1723 340 1844 375 Ἐκκλη-

1049 385 1111 418 σίας
1122 386 1146 402 ⁷³
1174 386 1330 422 ἐπιτρέπει,
1353 386 1384 419 ἐξ
1404 383 1436 413 οὗ
1456 386 1505 413 καὶ
1525 385 1565 422 τῷ
1585 385 1693 422 βασιλεῖ
1709 387 1757 413 καὶ
1776 387 1845 413 πᾶσι

1049 431 1189 467 γνώριμος
1203 432 1319 466 γίνεται.

1086 478 1150 505 ’Ότι
1169 478 1346 514 Καλλιτρόπη
1368 479 1386 513 ὴ
1403 478 1476 514 χήρα
1497 478 1566 513 γυνή
1585 486 1658 510 τινος
1670 478 1849 514 προναυκλή-

1053 532 1099 559 ρου
1123 523 1226 560 ζημίας
1260 524 1456 559 εἰσπράττεται
1480 524 1665 560 παραλόγους.
1689 524 1849 556 Παυλάκιος

1051 569 1074 596 δ’
1087 567 1122 605 ἦν
1143 570 1158 596 ὁ
1172 570 1223 605 τῆς
1249 570 1455 606 Ἀλεξανδρείας
1473 571 1669 605 αὺγουστάλιος
1685 571 1701 597 ὁ
1718 572 1780 603 ταῖς
1796 571 1849 606 ζη-

1054 615 1130 650 μίαις
1145 615 1280 651 ἐκτρίϐων
1297 615 1329 643 τὸ
1340 615 1462 651 γύναιον,
1479 615 1520 648 είς
1543 617 1709 644 πεντακόσια
1722 616 1752 643 δὲ
1767 616 1849 651 νομί-

1052 669 1144 696 σματα
1162 661 1384 698 ὲκεφαλαιοῦτοή
1402 661 1499 698 ζημία.
1518 662 1574 689 Καὶ
1589 662 1759 698 καταφεύγει
1771 662 1848 698 αὕτη

1053 706 1123 742 πρὸς
1138 707 1189 744 τὴν
1214 707 1388 743 βασίλισσαν,
1417 708 1465 735 καὶ
1480 706 1637 736 ἀπαιτετται
1656 709 1671 735 ὀ
1691 708 1852 740 Παυλάχιος

1053 752 1167 789 χρυσίου
1180 753 1276 789 λίτρας
1294 753 1390 781 ἑκατόν
1403 760 1410 768 ·
1435 753 1466 781 τὸ
1477 753 1506 780 δὲ
1535 755 1779 790 ἐκτετρυχωμένον
1799 754 1852 790 γύ-

1053 798 1286 835 ναιον,λαμ6ἀνει
1312 799 1381 835 μόνα
1415 799 1461 832 λς’
1480 800 1650 835 νομίσματα.
1679 801 1852 836 Προπρέχιι

1053 845 1145 872 τοίνυν
1161 845 1200 881 τῷ
1224 845 1307 881 κοινῷ
1323 846 1378 872 τῶν
1401 846 1608 882 χειμαζομένων
1626 847 1727 883 λιμένι,
1741 848 1782 883 τῷ
1799 857 1854 884 με·

1055 891 1131 927 γάλῳ
1157 891 1281 929 Ἰωάννῃ.
1307 893 1422 927 ’Δγεται
1447 894 1513 927 παρ’
1541 893 1624 920 αὐτοῦ
1655 895 1669 921 ὁ
1694 894 1854 927 Παυλάκιος

1055 939 1256 975 ἀπαιτούμενος
1272 939 1306 967 τὰ
1328 940 1492 967 πεντακόσια
1513 940 1562 975 τῆς
1582 941 1670 976 χήρας
1681 941 1853 976 νομίσματα.

1056 983 1163 1012 Γίνεται
1179 985 1248 1021 πρὸς
1261 985 1343 1012 αὑτὸν
1364 986 1381 1021 ἡ
1399 985 1512 1019 Εὺδοξία
1530 986 1563 1013 δι’
1582 986 1699 1022 ἔχθρας,
1721 986 1854 1022 ἀνεθῆναι

1055 1031 1102 1059 τὸν
1133 1032 1286 1059 Παυλάκιον
1316 1031 1468 1060 σπεύδουσα
1489 1033 1538 1059 καί⁸
1569 1033 1620 1068 οὐχ
1645 1033 1854 1068 ὑπακουομένη.

1057 1077 1153 1113 Ὅμως
1175 1077 1332 1112 ἀπαιτήσας
1354 1077 1368 1104 ὁ
1388 1077 1493 1109 δίκαιος
1514 1077 1605 1104 δίδωσι
1623 1077 1653 1104 τὸ
1675 1077 1798 1112 ἀδίκημα
1817 1078 1854 1112 τῇ

1057 1123 1221 1158 ἠδικημένη.
1249 1123 1293 1149 Ἐν
1312 1119 1335 1157 ᾧ
1357 1122 1406 1149 καὶ
1425 1122 1519 1158 θαῦμα
1542 1123 1644 1157 γίνεται
1663 1131 1671 1138 ·
1692 1123 1855 1150 ἀποσπάσαι

1057 1170 1112 1206 γὰρ
1127 1170 1233 1205 πέμπει
1247 1170 1271 1185 ⁷⁸
1287 1170 1303 1205 ὴ
1319 1169 1433 1202 Εὐδοξία
1445 1170 1492 1196 τὸν
1508 1169 1665 1196 Παυλάκιον
1677 1169 1724 1195 καὶ
1738 1170 1857 1202 ἄκοντος

1058 1216 1194 1248 Ἰωάννου,
1211 1215 1327 1250 ἄγγελος
1337 1214 1366 1242 δὲ
1382 1214 1546 1250 λογχοφόρος
1562 1215 1658 1250 φανεὶς
1671 1215 1717 1242 καὶ
1729 1214 1855 1250 φοόήσας

1058 1263 1122 1295 τοὺς
1143 1264 1347 1296 ἀποσταλέντας
1370 1263 1532 1298 ἀπράκτους
1551 1262 1680 1296 ἐποίησεν
1697 1260 1731 1290 ⁷³.
1761 1262 1810 1289 Ἐκ
1824 1261 1856 1288 δὲ

1059 1309 1163 1336 τούτων
1176 1309 1222 1336 καὶ
1237 1307 1366 1336 τοιούτων
1388 1308 1518 1340 ’Δκάκιος
1531 1308 1545 1335 ὁ
1558 1308 1672 1343 Βεροίας
1689 1307 1713 1323 ⁷⁸
1724 1307 1771 1334 καὶ
1784 1307 1854 1334 Θεό-

1059 1355 1136 1390 φιλος
1151 1355 1199 1382 καὶ
1209 1355 1348 1390 Ἀντίοχος
1367 1355 1415 1381 καὶ
1437 1353 1604 1390 Σεϐηριανδς
1626 1353 1854 1388 συλλαμϐανομέ-

1060 1410 1109 1436 νης
1126 1399 1254 1433 Εὺδοξίας
1267 1401 1315 1427 καὶ
1328 1399 1592 1436 προκαταρχομὲνης
1604 1398 1803 1434 σκευωροῦσι⁷⁷
1820 1397 1858 1425 τὰ

1061 1446 1132 1473 κατὰ
1144 1447 1190 1473 τὸν
1214 1446 1352 1482 Ἰωάννην.
1370 1446 1476 1473 πολλῶν
1489 1446 1536 1474 καὶ
1549 1445 1637 1474 ἀλλων
1649 1445 1857 1480 συνεπομένων,

1062 1492 1110 1524 οὓς
1125 1492 1245 1527 ὲλέτχων
1267 1492 1375 1520 ἐλύπει.

215 1536 362 1571 adjuvaute
379 1537 496 1564 maxime
518 1542 600 1571 atque
627 1541 764 1569 prmeunte
792 1536 936 1572 Eudoxio,
969 1540 1094 1576 improba
1123 1541 1167 1567 illa
1198 1540 1224 1568 in
1255 1539 1388 1568 Joannem
1421 1539 1534 1567 consilia
1560 1538 1649 1567 moliri
1677 1544 1822 1575 coeperunt
1849 1549 1858 1568 :

217 1584 372 1611 subsecutis
398 1583 541 1611 confestim
565 1588 592 1611 et.
622 1583 683 1611 aliis
714 1583 817 1616 multis,
838 1585 936 1619 quibus
965 1587 1010 1615 ille
1029 1588 1086 1617 suis
1099 1587 1331 1622 increpationibus
1343 1586 1473 1614 molestus
1486 1586 1586 1613 fuerat.

252 1631 420 1666 Theophilus
432 1632 470 1667 (5)
490 1633 598 1659 Petrum
619 1632 792 1659 Alexandriae
814 1624 1007 1670 aroliipresby-
1021 1637 1043 1668 C

220 1684 306 1705 lt'l‘lllll
340 1679 390 1706 hoe
421 1679 529 1706 nomine
563 1679 718 1711 accusavit,
751 1680 822 1713 quod
853 1679 1011 1709 Manichma!

220 1724 325 1751 mulieri
344 1725 538 1752 eucharistiam
562 1725 729 1752 tradidisset.
751 1725 800 1754 llic
820 1734 885 1754 Vero
907 1735 955 1762 pro
969 1728 1012 1755 sui

220 1769 532 1804 defensioueaﬂerehat,
559 1776 586 1798 et
600 1778 759 1798 conversam
789 1771 862 1799 illam
890 1781 961 1804 esse.
986 1778 1014 1802 et

221 1816 327 1843 ummisi
354 1817 412 1851 ejus
422 1817 500 1852 jussu
513 1818 706 1851 mysteriorum
726 1818 886 1853 participem
900 1819 1012 1847 factam.

221 1862 279 1894 Qua
296 1863 321 1889 iu
345 1870 374 1890 re
392 1863 452 1890 lidei
477 1867 574 1890 testem
591 1864 709 1892 laudavit
724 1862 856 1890 lsidorum
875 1865 1015 1901 presbytec‘

223 1917 293 1942 rum,
320 1910 432 1937 advenis
461 1910 636 1937 Alexandriae
658 1911 822 1943 recipiendis
845 1910 1013 1945 praefectum.

223 1956 272 1983 llic
284 1956 328 1983 ille
343 1960 395 1988 est,
414 1963 495 1990 quem
514 1955 549 1983 ob
562 1956 691 1983 virtutem
708 1955 875 1989 Theophilus
890 1962 968 1984 antea
981 1958 1015 1984 ad

225 2002 370 2029 Damasum
397 2003 520 2033 miserat,
548 2002 650 2037 quique
670 2001 798 2029 Flaviano
812 2001 850 2036 (6)
867 2002 1016 2029 amicitiam

222 2048 307 2075 Roma
333 2049 551 2084 societatemque
575 2048 718 2081 attulerat,
744 2056 805 2076 cum
829 2049 884 2084 jam
919 2049 1018 2077 vicesi-

225 2102 296 2121 mum
316 2102 416 2121 anuuttt
432 2099 547 2129 utraque
562 2093 683 2122 Ecclesia
700 2094 734 2121 ab
754 2094 839 2122 altera
859 2094 1017 2122 dissideret.

225 2140 286 2174 llic,
299 2141 420 2175 inquam,
431 2139 705 2167 lsidorussecundum
716 2139 824 2166 l’etrum
832 2139 1018 2167 testimonitun

224 2187 304 2215 dixit.
331 2186 424 2220 Quare
437 2185 607 2219 Theophilus
632 2185 671 2211 ira
690 2185 832 2218 incensus,
849 2185 958 2212 Petrum
971 2193 1020 2213 ex-

226 2233 326 2267 templo
339 2232 457 2260 Ecclesia
473 2231 620 2263 submovit.
651 2231 678 2258 iu
704 2231 836 2258 lsidorum
861 2239 926 2259 vero
944 2231 1019 2258 illum

226 2279 414 2306 admirandum
428 2279 528 2310 virum,
551 2286 620 2313 quas
638 2277 812 2312 impudicitia:
823 2278 917 2312 plenas
933 2278 1020 2306 ﬁnxe-

228 2331 270 2353 rat
287 2325 403 2359 labulas,
419 2324 542 2359 protulit,
561 2329 589 2351 et
603 2331 717 2357 puerum
733 2329 920 2351 accusatorem
933 2325 1020 2359 pretio

227 2372 397 2400 subornavit.
428 2370 505 2404 Quod
535 2370 580 2398 ubi
611 2370 716 2397 facinus
743 2370 943 2404 deprehensum
966 2376 1019 2403 est,

229 2419 315 2453 magis
329 2418 411 2446 ctiatn
438 2416 579 2444 iracundia
597 2415 765 2451 TheOphilus
782 2415 930 2443 excattduit
945 2424 951 2443 ί
968 2417 1020 2444 etsi

1096 1636 1158 1663 Ὀτι
1169 1634 1299 1670 Θεόφιλος
1308 1634 1410 1670 Πέτρον
1420 1634 1466 1661 τὸν
1477 1631 1758 1669 πρωτοπρεσὸύτερον
1766 1632 1860 1667 Ἀλεξ-

1063 1682 1190 1718 ανδρείας
1206 1682 1236 1708 ὲν
1268 1681 1344 1716 αἰτίᾳ
1367 1681 1488 1707 ἐποιεῖτο
1505 1680 1543 1711 ὡς
1556 1679 1667 1714 γυναικὶ
1681 1679 1823 1715 Μανιχαίᾳ
1837 1679 1862 1696 ⁷⁸

1063 1729 1117 1755 τῶν
1133 1727 1292 1764 μυστηρίων
1311 1727 1461 1763 μεταδόντα
1472 1733 1481 1742 ⁸
1493 1725 1507 1753 ὸ
1522 1725 1550 1753 δὲ
1562 1726 1724 1760 ἀπελογεῖτο
1735 1725 1800 1762 [145
1812 1724 1862 1761 ll]

1065 1774 1114 1801 καὶ
1130 1773 1338 1809 μετατεθεῖσθαι
1357 1773 1443 1808 αὐτὴν
1466 1772 1515 1799 καὶ
1534 1773 1568 1808 τῇ
1593 1772 1701 1798 ἐκείνου
1723 1771 1863 1806 ἐπιτροπῇ

1064 1820 1119 1846 τῶν
1133 1819 1291 1855 μυστηρίων
1312 1819 1397 1854 αὐτὴν
1413 1818 1540 1851 ἀξιῶσαι,
1555 1818 1602 1845 καὶ
1621 1817 1731 1853 παρῆγε
1747 1816 1796 1844 τοῦ
1811 1817 1864 1847 9.6-

1066 1874 1116 1900 του
1139 1865 1267 1901 μάρτυρα
1291 1864 1426 1901 Ἰσίδωρον
1436 1864 1482 1891 τὸν
1495 1863 1680 1899 πρεσδῦτερον
1692 1862 1740 1889 καὶ
1756 1861 1865 1895 ξενοδόο

1066 1920 1113 1947 χον
1123 1911 1173 1946 τῆς
1187 1910 1404 1946 Ἀλεξανδρείας.
1429 1906 1515 1942 Οὗτός
1529 1911 1603 1936 ἐστιν
1615 1910 1629 1936 ὁ
1642 1908 1688 1936 διὰ
1707 1908 1758 1945 τὴν
1775 1907 1864 1936 αὑτοῦ

1066 1958 1168 1993 ἀρετὴν
1196 1957 1272 1994 παρά
1299 1956 1429 1991 Θεοφίλου
1461 1955 1558 1993 [πάλαι
1580 1955 1616 1992 ⁷⁵]
1645 1955 1714 1991 πρὸς
1734 1955 1868 1991 Δαμασὺν

1068 2004 1187 2037 σταλεὶς,
1217 2003 1265 2031 καὶ
1291 2003 1411 2039 κομίσας
1428 2002 1482 2030 ἀπὸ
1514 2002 1624 2037 Ῥώμης
1646 2001 1790 2036 Φλαὸιανῷ
1813 2001 1868 2037 τὴν

1068 2050 1205 2086 ἀποδοχὴν
1221 2051 1268 2077 καὶ
1283 2049 1333 2084 τὴν
1351 2049 1420 2084 πρὸς
1435 2048 1517 2075 αὑτὸν
1534 2049 1677 2075 κοινωνίαν
1690 2068 1698 2080 ,
1714 2047 1761 2074 ἐπὶ
1773 2047 1868 2074 ιτεσιν

1069 2096 1156 2123 εἴκοσι
1166 2096 1371 2132 διαφερομένων
1379 2095 1433 2122 τῶν
1447 2094 1493 2122 δύο
1511 2093 1682 2128 Ἐκκλησιῶν
1700 2093 1769 2130 πρὸς
1782 2093 1869 2128 ἀλλή-

1069 2142 1129 2173 λας.
1153 2143 1181 2169 ’0
1199 2143 1228 2169 δὲ
1256 2142 1391 2178 Ἰσίδωρος
1406 2141 1558 2177 ἐμαρτύρει
1585 2141 1696 2175 Πέτρῳ,
1716 2139 1764 2167 καὶ
1779 2139 1869 2176 ὠργί-

1071 2189 1132 2220 ζετο
1154 2189 1168 2215 ὁ
1182 2187 1322 2221 Θεόφιλος.
1350 2187 1406 2214 Καὶ
1421 2187 1467 2214 τὸν
1492 2187 1542 2222 μὲν
1565 2184 1668 2220 Πέτρον
1689 2185 1791 2212 αὐτίκα
1814 2185 1870 2220 τῆς

1077 2233 1240 2269 Ἐκκλησίας
1252 2233 1356 2265 διώκει,
1370 2233 1441 2260 κατά
1455 2231 1592 2267 Ίσιδώρου
1606 2231 1633 2258 δὲ
1648 2230 1695 2257 τοῦ
1710 2229 1870 2266 θαυμασίου

1072 2281 1175 2316 χάρτην
1192 2279 1338 2314 ἀσελγείας
1354 2278 1514 2315 συμπλάσας
1534 2278 1699 2314 προκομίζει
1717 2277 1766 2304 καὶ⁵
1782 2277 1871 2304 παῖδα

1073 2328 1227 2363 κατήγορον
1253 2326 1407 2362 μισθοῦται.
1424 2325 1479 2352 Καὶ
1497 2324 1546 2351 τοῦ
1566 2323 1706 2359 δράματος
1720 2322 1871 2358 ἐλεγχθέν-

1073 2379 1119 2405 τος
1136 2373 1177 2405 είς
1197 2373 1309 2399 πλείονα
1324 2371 1423 2398 κακίαν
1452 2370 1593 2398 ἑκκαίεται
1607 2371 1621 2397 ὁ
1636 2369 1776 2404 Θεόφιλος.
1800 2369 1873 2395 Συν-

1073 2420 1145 2455 ἧπτε
1152 2419 1175 2435 ⁸⁸
1189 2419 1217 2445 δὲ
1232 2417 1315 2445 αὑτοῦ
1327 2418 1357 2444 τὸ
1375 2417 1471 2450 πάθος,
1485 2417 1527 2444 ὃτι
1537 2415 1696 2451 χρήματα⁸¹
1710 2413 1801 2441 λαὸὼν
1818 2413 1872 2449 μέ-

230 2465 273 2491 illa
290 2471 398 2499 quoque
412 2463 464 2490 alia
489 2470 524 2490 ex
539 2470 619 2490 causa
643 2470 756 2489 accensa
778 2466 831 2489 est.
860 2461 931 2489 Mille
946 2463 1008 2490 enin

1075 2474 1120 2500 χρι
1144 2465 1239 2500 χιλίων
1257 2463 1434 2499 νομισμάτων
1456 2463 1575 2497 πτωχοῖς
1585 2461 1725 2495 διανεῖμαι
1742 2455 1873 2494 (Θεοδότη

231 2518 364 2543 nummus,
394 2518 464 2545 quos
496 2508 622 2543 inopibus
650 2508 853 2535 distribuendos
881 2507 1008 2536 Theodot:

1075 2511 1098 2536 δ’
1111 2508 1145 2546 ἦν
1157 2511 1174 2546 ἡ
1190 2509 1399 2545 παρασχομένη)
1414 2508 1486 2535 οὕτω
1502 2509 1548 2534 καὶ
1564 2507 1688 2542 εποίησε,
1703 2505 1786 2541 μηδὲν
1801 2505 1870 2531 τού-

231 2557 375 2591 tribuerat,
393 2557 513 2585 Isidorus
529 2561 672 2591 acceperat.
687 2559 714 2583 et
732 2554 922 2588 distribuerat,
952 2554 1008 2582 nihi

1076 2565 1130 2582 των
1151 2555 1273 2591 Θεοφίλῳ
1296 2554 1544 2591 προσαναθέμενος.
1571 2552 1670 2587 Φεύγει
1691 2549 1738 2579 οὖν
1751 2550 1798 2578 διὰ
1820 2550 1874 2586 τὴν

885 2610 1004 2639 VARle
1021 2610 1168 2639 LECTION
1173 2611 1225 2639 ES.

553 2671 575 2687 ⁷⁸
588 2671 692 2706 πέμπει
709 2671 745 2697 A:
770 2669 926 2706 cne§5€t_§.
957 2669 980 2684 "
994 2669 1080 2706 ἐποίει
1098 2679 1129 2703 ς.
1166 2670 1188 2685 ⁷⁸
1202 2669 1333 2706 Βερῥοίαε
1349 2678 1380 2701 ς.

468 2708 491 2724 τ’
507 2708 590 2736 πάλαι
604 2704 659 2733 oiu.
673 2707 706 2735 A.
717 2706 797 2732 habet
810 2705 841 2732 (ὲ.
879 2704 902 2719 ⁸⁸
920 2705 1091 2740 συνανῇπται
1107 2714 1137 2738 ς.

269 2673 291 2688 ⁷³
310 2672 474 2707 Ἐκκλησίαν
484 2681 513 2704 ς.

235 2708 382 2744 μανιχαίαν
396 2709 429 2735 A.

1430 2668 1454 2684 ⁷⁷
1466 2665 1632 2703 σκαιωροῦσι
1645 2675 1662 2698 ς

1714 2665 1738 2681 ⁷⁸
1752 2666 1874 2699 γυναῖκα

1176 2705 1198 2721 ³⁸
1214 2705 1256 2731 ὅτι
1273 2706 1320 2731 καὶ
1333 2705 1463 2740 χρήματα
1475 2712 1505 2736 ς.

1011 2764 1129 2794 ΝΟΤιΕ.

271 2816 309 2851 (5)
322 2815 376 2842 lloc
386 2815 494 2852 nomine
509 2798 822 2852 Tlteogttosti_vidu:t,.de
837 2812 945 2852 quahic
963 2812 1026 2845 ἰωῇ,
1085 2812 1267 2852 ΙινιιμΛιιλειιειι.
1286 2813 1314 2852 in
1338 2811 1400 2852 Vita
1415 2810 1447 2852 ΒΞ
1460 2810 1587 2845 CItrywst

237 2843 283 2878 sed
296 2843 390 2879 contra
415 2850 525 2877 Palladii
546 2853 572 2876 et
586 2843 722 2883 Metapltr.
743 2843 945 2879 auctorilatettt,
967 2843 1028 2875 cum
1120 2849 1158 2884 (5)
1177 2843 1275 2876 Narrat
1286 2849 1343 2876 lmc
1355 2846 1499 2884 Niet-phor.
1514 2843 1575 2880 cap.
1592 2844 1609 2872 9
1626 2849 1654 2871 ct
1666 2843 1710 2872 10.

239 2887 337 2921 quibus
351 2886 446 2912 Noster
459 2891 566 2918 quoque
578 2884 670 2910 sentit.

1122 2881 1161 2920 (δ’)
1180 2885 1353 2912 Antiocheuo
1364 2881 1535 2917 patriarchae.

277 2922 316 2956 (Ait
337 2921 408 2948 Duos
429 2922 602 2948 centuriones
613 2928 672 2947 cum
698 2919 754 2947 suis
774 2918 931 2947 cohortibus
955 2919 1030 2946 addit
