1938 3091
239 99 295 131 355

819 95 952 126 PHOTII
971 95 1227 126 PATRIARCHIE
1246 95 1299 126 (ΖΡ.

1827 98 1880 132 356

240 157 322 185 vidua
348 156 433 185 libere
460 155 543 184 multa
570 160 714 190 perurens,
729 152 797 180 adeo
817 152 884 180 nihil
913 151 1031 186 profecit,

1091 159 1151 186 χον.
1173 151 1203 177 ’0
1217 151 1245 177 δὲ
1262 149 1349 178 πολλά
1368 151 1630 187 παρρησιασάμενος
1655 151 1727 187 ὑπὲρ
1751 152 1803 188 τῆς
1829 155 1881 190 χή·

240 209 271 230 ut
292 203 376 230 etiam
388 203 537 237 Augustam
551 201 578 227 in
600 199 642 227 sui
668 199 760 225 odium
773 198 928 225 concitarit.
948 197 1038 230 Quare

242 250 398 276 mandatum
414 249 498 280 dedit,
509 254 538 275 ut
552 255 613 274 cum
632 245 702 273 festo
715 245 756 272 die
767 244 947 271 Exaltationis
960 243 1037 280 [san-

240 300 290 322 ctae
305 294 416 330 crucis],
437 295 522 329 quiin
552 293 686 321 decimum
715 296 841 326 quartum
868 290 1037 324 Septembris

242 341 346 372 incidit,
366 341 391 367 in
404 340 535 375 templum
550 339 642 374 iniqua
654 337 810 373 imperatrix
824 341 937 364 ventura
954 341 1036 370 esset,

242 392 327 421 portae
354 387 392 414 illi
419 378 622 414 clauderentur.
650 384 800 412 Conlicitur
817 382 941 418 praesulis
958 390 1036 410 man-

239 433 382 465 datum,et
396 433 500 468 pudore
516 432 632 465 sulIusa,
650 432 744 466 iraque
766 431 876 458 incensa
904 432 1035 465 Augusta,

240 479 350 505 domum
372 479 483 506 revertit
501 486 509 511 ;
526 478 680 512 exindeque
698 478 754 504 hate
772 477 859 504 sancti
876 477 927 504 viri
943 484 958 504 e
972 477 1037 505 sede

239 524 442 559 depulsionem,
462 525 602 558 exsilium,
615 524 722 559 aliaque
737 524 862 556 adversa,
878 530 939 557 qua:
963 523 1035 550 imii-

239 571 332 606 5natio
346 571 518 606 suggerebat,
533 571 681 598 machinari
711 570 803 605 cmpit.
828 569 864 597 At
886 577 949 597 vero
969 570 1034 597 dum

239 618 274 644 ad
307 618 436 651 templum
467 618 511 645 illa
539 624 683 652 progressa
713 616 787 644 fores
820 616 871 643 sibi
895 616 1036 643 obseratas

210 689 221 692 μ
241 663 368 696 offendit,
383 664 417 691 de
435 664 566 691 comitatu
581 663 640 697 ejus
657 662 765 698 quidam
781 661 900 697 gladium
917 663 944 689 in
959 662 1036 689 clau—

240 710 337 737 dentes
349 710 498 745 stringens,
512 717 620 736 manum
634 709 685 737 sibi
706 709 797 736 subito
817 709 959 736 exaruisse
970 715 1035 735 sen-

239 756 286 786 sit,
311 756 357 790 qui
384 761 471 783 tamen
490 760 551 791 post
571 756 659 783 sancti
681 755 732 783 viri
758 755 870 790 genibus
896 754 1033 787 accidens,

240 803 386 830 sanitatem
405 803 585 837 recuperavit.

1048 837 1070 866 B

277 891 390 927 ﬂagitiis
402 899 511 926 quoque
529 891 699 927 Epiphanius
725 891 776 927 (9),
792 899 873 927 quem
895 891 1033 927 Theophi-

243 938 285 965 lus
310 938 409 965 callide
435 940 576 972 deceptum
595 937 621 965 in
649 936 779 965 Joannem
802 939 941 970 incitarat,
960 938 1032 966 Con-

240 984 446 1019 stantinopolim
479 984 603 1016 veniens,
630 983 847 1013 ecclesiasticum
870 985 1032 1020 quibusdam

241 1032 298 1059 suis
314 1031 393 1059 l‘at-tis
407 1031 531 1058 ordinem
554 1031 686 1058 turbavit.
701 1030 849 1058 Diaconum
868 1038 985 1066 namque
1005 1031 1032 1059 in

241 1078 362 1114 Septimo
374 1078 425 1112 (sic
436 1077 593 1104 cnitnlocus
610 1076 703 1112 tetnpli
718 1076 812 1104 Sancti
822 1077 935 1105 Joannis
942 1077 1033 1112 appel-

240 1123 321 1158 latur)
330 1127 423 1150 contra
431 1129 563 1150 canonem
575 1122 727 1155 ordinarat,
735 1123 886 1157 deindequc
894 1123 953 1150 sine
961 1123 1033 1150 bona

240 1170 430 1206 Chrysostomi
452 1171 531 1198 venia
550 1178 605 1198 rem
626 1170 745 1198 divinam
764 1170 874 1202 fecerat,
889 1175 916 1198 et
936 1170 1032 1206 Orige-

241 1217 284 1244 nis
299 1217 400 1251 scripta
415 1215 449 1243 ab
476 1223 509 1243 eo
526 1215 651 1243 damnari
673 1216 833 1251 postularat.
862 1216 952 1244 ltel'ert
968 1224 1032 1244 vero

241 1264 315 1291 hunc
331 1263 448 1298 scriptor
459 1268 553 1290 noster
565 1262 650 1296 (quod
663 1267 691 1290 et
711 1262 738 1289 in
754 1262 898 1297 Epiphanii
916 1263 974 1291 Vita
993 1263 1032 1290 le-

240 1308 337 1343 gitur),
352 1308 463 1334 minime
480 1308 667 1340 consensisse,
685 1313 714 1334 ut
732 1309 893 1343 quibusdam
919 1309 1030 1344 placuit,

241 1352 268 1379 in
281 1351 469 1387 Chrysostomi
484 1352 686 1386 expulsionem,
714 1351 779 1380 licet
794 1354 827 1380 ab
842 1353 898 1388 ipsa
911 1355 1031 1388 Augusta

240 1405 274 1426 eo
296 1399 463 1433 adigeretur.
476 1397 599 1425 Meminit
626 1398 696 1425 idem
710 1399 744 1426 de
763 1400 945 1434 pronuntiatis
961 1401 1031 1427 invi-

241 1452 300 1472 cem
318 1444 457 1472 vaticiniis
467 1445 524 1480 (l0)
540 1453 547 1472 :
563 1444 663 1479 quibus
685 1445 891 1480 signiﬁcabatur
905 1453 1030 1474 neutrum

242 1491 364 1525 ipsorum
391 1490 512 1517 visurqu
538 1490 684 1526 aliquando
701 1493 828 1519 thronum
846 1500 935 1520 suum.
951 1493 1030 1521 Acci-
1044 1510 1068 1542 ο

239 1538 280 1565 dit
297 1542 440 1572 praeterea,
466 1537 622 1572 priusquam
648 1538 877 1567 condemnaretur
900 1538 1030 1574 Joannes,

240 1588 271 1610 ut
293 1585 402 1618 cognito
428 1583 562 1619 indignari
585 1585 635 1612 sibi
660 1585 820 1616 Eudoriam,
838 1585 906 1613 bene
923 1586 1030 1622 longam

240 1629 354 1657 haberet
368 1630 395 1657 in
425 1630 511 1657 malas
531 1630 648 1659 leininas
665 1632 829 1659 orationem.
858 1632 935 1660 Hanc
955 1634 1031 1668 plebs

240 1676 360 1709 rapiens,
370 1677 396 1703 in
410 1676 559 1710 Augustam
571 1678 775 1712 pronuntiatam
789 1679 1030 1713 interpretabatur.

238 1721 301 1750 Mox
313 1723 396 1758 igitur
413 1729 442 1750 ut
456 1723 623 1758 Theophilus
633 1724 894 1760 Constantinopolim
910 1727 1029 1758 advenit,

239 1774 375 1804 apparata:
389 1769 415 1796 in
445 1777 570 1804 magnam
587 1770 718 1798 athletam
734 1770 865 1799 Joannem
888 1773 1029 1800 machina-

239 1815 328 1842 tiones
343 1815 505 1850 procedunt.
528 1815 652 1850 Cumque
666 1818 770 1849 synodo
791 1824 929 1852 nunquam
944 1818 1030 1846 inter-

238 1860 345 1893 fuisset,
360 1861 527 1896 Theophilus
545 1868 635 1889 tamen
665 1871 726 1889 cum
752 1863 809 1891 suis
835 1865 972 1892 decretum
1003 1867 1028 1893 in

236 1916 298 1935 eum
319 1909 390 1941 tulit,
418 1909 519 1936 frustra
543 1909 706 1937 inclamante
721 1911 788 1944 ipso.
805 1918 838 1938 ac
865 1912 972 1945 publice
988 1917 1030 1941 te-

237 1953 385 1984 stiﬁcante.
397 1961 521 1989 paratum
537 1963 609 1989 esse,
626 1962 652 1983 et
670 1957 703 1983 ad
721 1957 851 1991 synodum
875 1958 982 1990 venire,
1002 1963 1030 1986 et

237 2000 270 2026 ad
287 2000 393 2035 objecta
411 2001 587 2035 respondere,
601 2002 682 2029 modo
707 2003 864 2030 manifestos
881 2004 965 2038 ipsius
981 2004 1029 2031 ho-

237 2050 293 2073 stes
308 2046 424 2073 concilio
439 2046 631 2074 subducerent.
651 2047 833 2075 Aderanttnm
847 2048 945 2077 Joanni
959 2057 1027 2084 qua-

237 2091 360 2126 draginta
390 2091 479 2118 adhuc
493 2091 627 2126 episcopi,
642 2093 774 2121 adversus
791 2093 1027 2130 Theophilumpa-

236 2137 287 2164 rati
306 2145 354 2172 pro
371 2137 430 2172 ipso
461 2144 581 2172 pugnare
596 2146 604 2164 :
620 2145 688 2171 quos
716 2138 761 2165 ille
774 2139 947 2174 quiritantes.
964 2147 1026 2167 cum

236 2182 363 2218 lacrymis
376 2182 538 2210 obtestando
551 2182 674 2215 sedabat,
691 2188 773 2217 atque
794 2184 955 2211 hortabatur
971 2185 1023 2212 Ec-
1041 2181 1064 2209 D

234 2228 333 2256 clcsias
355 2235 388 2255 ne
415 2228 611 2256 discinderent.
628 2228 699 2256 Sede
718 2229 755 2256 ita
787 2230 891 2264 pulsus,
910 2231 936 2257 in
958 2230 1024 2258 Bos-

235 2275 292 2309 pori
312 2274 411 2301 Hieron
441 2274 498 2309 (Η)
525 2275 676 2310 ablegatur.
696 2276 731 2302 At
749 2283 810 2303 cum
833 2277 930 2304 deinde
948 2268 1023 2304 terra

234 2321 364 2347 divinitus
384 2325 577 2348 concuteretur
589 2321 662 2356 83a
687 2321 744 2356 (1‘2)
760 2322 1023 2357 Constantinopolim

235 2366 332 2393 iterum
349 2366 497 2400 reducitur,
506 2367 620 2402 sedique
632 2368 783 2394 restituitur
803 2368 912 2396 invitus.
928 2368 1024 2397 Pasto-

1091 206 1139 233 ρας
1159 197 1236 224 οὐδὲν
1266 197 1376 232 ἤνυσεν,
1406 197 1476 225 ἀλλά
1504 199 1550 225 καὶ
1566 199 1634 234 πρὸς
1646 198 1747 234 ἔχθραν
1771 200 1882 236 ἐκίνησε

1089 245 1139 280 τὴν
1175 243 1309 279 βασιλίδα.
1338 245 1549 280 Προστάσσειδὲ
1564 247 1596 281 τῇ
1624 246 1717 281 ἡμέρᾳ
1741 246 1791 282 τῆς
1807 247 1882 280 ὑψώ-

1090 299 1160 321 σεως
1180 291 1478 326 (τεσσαρεσκαιδεκάτη
1499 291 1574 317 ἐστὶν
1599 291 1669 326 αὕτη
1705 292 1727 308 ⁸³
1759 292 1805 318 τοῦ
1833 293 1883 319 Σε-

1090 335 1244 372 πτεμϐρίου
1264 336 1372 371 μηνὸς),
1401 336 1510 363 ὲπειδάν
1559 337 1652 369 ἄδικος
1680 337 1785 372 βασιλὶς
1800 347 1883 375 προσ-

1088 382 1216 418 έρχεσθαι
1242 382 1328 419 μέλλῃ
1357 383 1391 418 τῇ
1412 382 1556 418 ἐκκλησίᾳ,
1584 383 1796 419 ἁποκλεισθῆναι
1819 385 1881 411 κατ’

1087 428 1174 462 αὐτῆς
1200 427 1250 458 τὰς
1281 427 1377 458 πύλας.
1403 427 1460 454 Καὶ
1488 426 1641 463 πληροῦται
1656 428 1686 455 τὸ
1704 429 1880 464 πρόσταγμα,

1086 472 1135 498 καὶ
1154 474 1374 508 κατῃσχυμμένη
1386 472 1433 498 καὶ
1444 473 1669 508 περιωργισμένη
1683 474 1882 509 ἀποπέμπεται

1086 519 1103 554 ἡ
1121 517 1226 553 βασιλίς
1246 526 1252 532 ·
1274 519 1321 545 καὶ
1336 518 1386 554 ήδη
1403 519 1419 553 ή
1436 518 1505 545 κατὰ
1534 518 1581 545 τοῦ
1609 519 1688 553 ἁγίου
1719 520 1882 555 καθαίρεσις

1087 566 1277 601 συνεκροτεῖτο
1303 565 1370 600 παρ’
1398 565 1485 600 αὐτῆς
1511 565 1558 592 καὶ
1576 566 1592 601 ἡ
1610 565 1714 601 ἑξορία,
1741 567 1788 593 καὶ
1810 567 1838 593 εἰ
1855 576 1881 594 τι

1086 611 1151 638 ἄλλο
1165 611 1251 638 δεινὸν
1262 611 1276 636 ὁ
1292 610 1378 646 θυμὸς
1394 611 1556 646 ἐπέτρεπεν.
1569 611 1634 637 Ὅτε
1653 611 1681 638 δὲ
1700 613 1733 647 τῇ
1747 611 1882 648 ἐκκλησίᾳ

1086 657 1236 693 προσιοῦσα
1262 658 1312 689 τάς
1332 657 1420 690 πύλας
1435 658 1496 685 κατ’
1520 659 1605 693 αὐτῆς
1618 658 1847 691 ἀποκλεισθείσας
1857 661 1880 676 ἰ

1087 703 1205 737 ἐδέξατο,
1221 703 1282 730 τότε
1299 712 1341 735 τις
1353 703 1408 730 τῶν
1421 704 1471 730 σὺν
1485 704 1554 739 αὐτῇ
1569 704 1645 739 ξίφος
1657 705 1727 732 κατά
1740 705 1796 732 τῶν
1810 706 1880 732 ἁπο-

1085 750 1233 777 κλειὸντων
1274 749 1407 782 ἐνέτεινε,
1451 750 1498 776 καὶ
1531 750 1667 785 ἐξηράνθη
1702 751 1752 785 τὴν
1787 752 1878 786 χεῖρα·

1086 797 1200 833 ῠστερον
1217 797 1246 824 δὲ
1268 795 1432 832 προσπεσὼν
1448 796 1487 833 τῷ
1507 796 1652 833 θαυμασίῳ
1671 797 1782 832 Ἰωάννῃ
1799 797 1880 833 ὑγιὴς

1084 844 1206 878 γέγονεν.

1119 890 1184 926 [264
1200 888 1248 925 11.]
1259 890 1319 917 Ὀτι
1335 889 1517 924 ὁἘπιφάνιος
1530 890 1545 916 ὁ
1558 889 1656 924 μέγας,
1673 889 1703 916 ὃν
1719 891 1733 917 ὁ
1749 890 1883 925 Θεόφιλος

1083 938 1153 964 κατὰ
1169 937 1293 965 Ἰωάννου
1323 937 1490 972 ἐξηπάτησε,
1512 937 1735 972 παραγενόμενος
1751 938 1780 964 ἐν
1798 938 1880 964 Κων-

1084 985 1303 1012 σταντινουπόλει
1317 984 1431 1017 ἀταξίας
1445 983 1558 1020 ἐποίησε
1567 992 1574 998 ·
1593 983 1718 1011 διάκονον
1730 985 1783 1020 γὰρ
1799 986 1830 1011 ὲν
1843 985 1883 1021 τῷ

1082 1031 1189 1067 ἑϐδόμῳ
1196 1031 1219 1047 ’³
1249 1031 1331 1067 (οὕτω
1354 1031 1478 1058 καλεῖται
1493 1031 1506 1057 ὁ
1521 1030 1613 1064 τόπος)
1635 1032 1667 1066 τῇ
1680 1031 1704 1047 ’δ
1718 1031 1766 1058 τοῦ
1800 1032 1881 1066 ἁγίου

1089 1079 1212 1106 Ἰωάννου
1227 1078 1361 1114 ἐκκλησίᾳ
1385 1078 1460 1113 παρὰ
1472 1078 1518 1104 τὸν
1542 1078 1643 1105 κανόνα
1676 1078 1882 1114 ἐχειροτόνησε,

1084 1125 1133 1153 καὶ
1147 1125 1232 1161 χωρὶς
1247 1126 1296 1160 τῆς
1305 1125 1328 1141 ’³
1343 1123 1390 1151 τοῦ
1404 1124 1601 1160 Χρυσοστόμου
1614 1123 1728 1160 γνώμης
1743 1124 1885 1161 ἐλειτούρ-

1083 1180 1136 1205 γει¹
1152 1173 1200 1198 καὶ
1214 1171 1343 1207 ἀπῄτει⁹⁶
1355 1171 1437 1197 αὐτὴν
1445 1170 1479 1197 τὰ
1493 1170 1648 1206 Ὦριγένους
1663 1171 1882 1206 ἀναθεματίσαι.

1082 1217 1151 1252 Φησὶ
1165 1216 1193 1243 δὲ
1202 1216 1284 1243 αὑτὸν
1300 1216 1315 1242 ὁ
1328 1215 1504 1251 συγγραφεὺς
1518 1214 1624 1250 (ὥσπερ
1635 1214 1705 1241 καὶὸ
1720 1215 1777 1249 βίος
1791 1215 1881 1241 αὑτοῦ

1083 1263 1180 1298 λέγει),
1193 1263 1230 1298 μὴ
1249 1260 1554 1296 συνευὼκῆσαι,καθὼ;
1565 1261 1670 1296 ἑτέροις
1687 1260 1760 1293 εδοξε
1775 1261 1881 1295 λέγειν,

1083 1310 1130 1336 ἐπὶ
1145 1311 1178 1344 τῇ
1196 1308 1242 1336 τοῦ
1275 1307 1472 1344 Χρυσοστόμου
1503 1307 1677 1343 καθαιρέσει,
1709 1308 1799 1335 καίτοι
1828 1308 1883 1341 τῆς

1083 1355 1218 1391 βασιλίδος
1232 1354 1443 1389 ἐκϐιαζομένης.
1461 1353 1635 1389 Μνημονεύει
1644 1353 1668 1380 δ’
1681 1351 1727 1380 οὖν
1740 1354 1817 1388 ὅμως
1831 1354 1883 1380 καὶ

1082 1398 1158 1433 οὗτος
1178 1401 1232 1428 τῶν
1258 1401 1412 1436 ἀμοιϐαίων
1442 1400 1569 1435 ἀλλήλοις
1591 1400 1776 1436 προφητειῶν,
1790 1402 1822 1427 ὲν
1835 1398 1883 1432 αἷς

1083 1446 1211 1482 ἐδηλοῦτο
1226 1447 1374 1483 μηδέτερον
1384 1446 1425 1473 ἔτι
1435 1447 1457 1462 θ’
1473 1446 1519 1472 τὸν
1528 1447 1630 1473 οἰκεῖον
1641 1445 1755 1481 ὄψεσθαι
1771 1446 1882 1482 θρόνον.

1084 1493 1140 1529 Πρὸ
1158 1493 1189 1529 δὴ
1203 1493 1253 1527 τῆς
1278 1492 1362 1520 αὑτοῦ
1384 1493 1534 1528 καταδίκης
1561 1492 1764 1528 πυνθανόμενος
1788 1493 1883 1529 ὀργᾷν

1082 1540 1132 1575 τὴν
1159 1539 1298 1572 Εὺδοξίαν,
1324 1539 1403 1573 λόγον
1425 1538 1595 1574 διεξέρχεται
1609 1539 1716 1574 μακρὸν
1741 1539 1815 1567 κατὰ
1830 1549 1884 1573 τυ-

1082 1585 1194 1617 ναικῶν,
1220 1584 1267 1611 καὶ⁴
1281 1584 1312 1610 τὸ
1324 1583 1427 1618 πλῆθος
1439 1583 1550 1619 ἥρπασε
1567 1583 1599 1610 τὸ
1624 1583 1707 1620 ῥηθὲν
1737 1584 1884 1620 ἐκλαμϐά-

1081 1638 1173 1661 νοντες
1189 1630 1228 1661 είς
1242 1629 1291 1665 τὴν
1311 1629 1445 1665 βασιλίδα.
1478 1629 1532 1656 Καὶ
1548 1629 1597 1656 τοῦ
1626 1629 1756 1664 Θεοφίλου
1787 1639 1883 1666 παρα-

1081 1676 1224 1711 γεγονότος
1245 1676 1374 1711 ἀρτύεται
1388 1676 1424 1703 τὰ
1439 1677 1510 1703 κατὰ
1523 1676 1571 1703 τοῦ
1601 1676 1720 1712 μεγάλου
1745 1677 1881 1712 ἀθλητοῦ.

1081 1723 1138 1750 Καὶ
1155 1722 1193 1758 μὴ
1208 1723 1444 1758 παρουσιάσαντος
1452 1722 1536 1750 αὑτοῦ
1548 1724 1582 1759 τῇ
1598 1723 1700 1759 συνόδῳ
1719 1724 1770 1758 τὴν
1786 1723 1882 1759 ψῆφον

1080 1770 1105 1797 oi
1122 1769 1186 1805 περὶ
1198 1769 1329 1804 Θεόφιλον
1339 1770 1471 1805 ἣνεγκάν,
1488 1770 1577 1797 καίτοι
1596 1770 1714 1805 βοῶντος
1728 1770 1813 1797 αὑτοῦ
1830 1771 1882 1798 καὶ

1080 1817 1332 1852 διαμαρτυρομένου
1349 1817 1458 1852 ἕτοιμον
1467 1817 1490 1833 ³⁸
1506 1815 1577 1844 εῖναι
1604 1818 1652 1844 καὶ
1667 1818 1881 1853 παραγενέσθαι

1080 1863 1129 1891 καὶ
1151 1864 1354 1897 ἀπολογεῖσθαι,
1371 1864 1395 1890 εί
1407 1865 1471 1895 τοὺς
1501 1865 1650 1900 προφανείς
1678 1864 1796 1899 ἐχθροὺς
1829 1864 1880 1891 τοῦ

1081 1909 1220 1945 συνεδρίου
1237 1909 1434 1945 hostiumst".
1456 1909 1580 1944 Συνῆσαν
1593 1909 1622 1936 δὲ
1639 1909 1713 1945 αὐτῷ
1735 1909 1880 1946 τεσσαρά-

1079 1964 1162 1983 κοντα
1184 1955 1329 1983 ἐπίσκοποι
1344 1955 1387 1982 οἶ¹
1405 1956 1521 1987 καὶτοῖς
1534 1956 1598 1992 περὶ
1609 1955 1739 1990 Θεόφιλον
1765 1956 1880 1990 ἀπεμά-

1079 2010 1158 2037 χοντο
1168 2010 1174 2016 ·
1191 2002 1205 2027 ὁ
1215 2001 1243 2028 δὲ
1256 2001 1368 2032 τούτους
1381 2002 1586 2037 ποτνιωμένους
1610 2001 1810 2037 παρεμυθεῖτο,
1830 2002 1880 2028 καὶ

1079 2047 1195 2083 παρῄνει
1219 2048 1268 2083 τῆς
1298 2047 1362 2083 [145
1384 2046 1430 2084 IL]
1454 2047 1620 2083 Ἐκκλησίας
1651 2048 1688 2082 μὴ
1721 2047 1877 2081 σχίζεσθαι.

1078 2094 1259 2131 Καθαιρεθεὶς
1282 2093 1311 2120 δὲ
1333 2093 1508 2128 ἐκπέμπεται
1533 2094 1574 2125 εἰς
1604 2093 1635 2120 τὸ
1655 2093 1703 2120 τοῦ
1730 2093 1875 2128 Boot-Iope:

1080 2140 1162 2176 ἱερόν.
1181 2140 1237 2166 Καὶ
1266 2139 1378 2175 σεισμοῦ
1405 2139 1537 2174 θεηλάτου
1554 2140 1703 2175 γενομένου
1731 2139 1814 2166 πάλιν
1827 2140 1876 2165 ἐπὶ

1077 2186 1126 2222 τὴν
1157 2185 1234 2212 πόλιν
1259 2186 1430 2220 κατάγεται,
1459 2186 1506 2212 καὶ
1532 2185 1607 2213 ἄκων
1631 2186 1671 2217 εἰς
1705 2185 1751 2212 τὸν
1777 2184 1876 2221 θρόνον

1077 2232 1225 2266 ἀνάγεται·
1249 2233 1280 2259 οὺ
1295 2232 1349 2267 γὰρ
1366 2232 1486 2267 ἔφασκεν
1502 2231 1605 2258 ἐθέλειν
1617 2231 1668 2266 τῆς
1685 2230 1878 2266 ποιμαντιιιῆς

1076 2278 1165 2314 ἀρχῆς
1193 2277 1365 2313 ἀπάρχεσθαι
1396 2278 1460 2312 πρὶν
1473 2277 1506 2304 ἂν
1519 2277 1560 2308 είς
1586 2277 1711 2309 ἐξέτασιν
1727 2276 1812 2303 αὑτοῦ
1825 2275 1878 2310 τὴν

1077 2325 1169 2353 ἄδικοι
1183 2324 1349 2360 προτεθῆναι
1374 2324 1476 2358 κρίσιν.
1500 2324 1557 2358 Τῆς
1573 2323 1601 2350 δὲ
1616 2323 1748 2356 Εὑδοξίας
1768 2323 1830 2358 μετ’
1843 2323 1876 2349 ὠ

1082 2373 1165 2399 πολὺν
1181 2371 1277 2408 χρόνον
1290 2370 1517 2406 ἁναφλεχθείσης,
1532 2371 1573 2398 ὅτι
1583 2370 1702 2406 ἐπετίμα
1714 2370 1785 2405 αὐτῇ
1803 2369 1878 2405 μετὰ

867 2438 987 2467 VARI/{*1
1010 2438 1214 2468 LECTIONES.

277 2498 299 2513 "
316 2498 384 2532 αὕτη
402 2506 457 2527 οιιι.
469 2499 501 2526 Δ.
538 2498 561 2516 "
577 2498 775 2530 ἀποκλειούσας
788 2499 821 2526 Α.

231 2570 294 2596 add.
312 2572 343 2596 Α.

873 2500 896 2515 II
912 2499 958 2515 ιυπ

277 2499 299 2513 ἰ
316 2499 384 2532 αὕτη
402 2506 457 2527 οιιι.
469 2499 501 2526 Δ.
538 2499 561 2516 ³⁸
577 2499 775 2530 ἀποκλειούσας
788 2499 821 2526 Α.
873 2500 896 2515 ⁸³
911 2499 1020 2535 ὲκδόμῳ
1033 2509 1063 2532 ς.
1081 2504 1142 2534 post
1170 2499 1241 2526 οὓτω
1264 2507 1325 2526 cum
1353 2499 1375 2526 Δ
1398 2499 1464 2526 omis

232 2541 292 2564 cna;
305 2542 336 2566 ς.
374 2534 398 2550 ’⁵
412 2536 462 2570 τῆς
480 2534 542 2561 add.
558 2534 591 2561 A.
628 2534 651 2550 "
668 2533 785 2570 κὰπῄτει
801 2543 832 2567 ς.
868 2534 892 2551 θ’
903 2534 943 2561 ἔτι
955 2534 991 2562 A:
1004 2535 1094 2562 αὐτῶν
1111 2543 1142 2567 ς.
1182 2534 1206 2551 ⁸⁸
1218 2534 1328 2569 ἑτοίμου
1341 2542 1413 2562 corr.
1430 2535 1464 2563 Α.

1081 2504 1142 2534 post
1170 2498 1241 2526 οὕτω
1264 2507 1325 2526 cum
1353 2499 1375 2526 Δ
1398 2498 1477 2526 omisi
1510 2498 1576 2533 γάρ.
1623 2498 1646 2514 ’⁸
1660 2498 1758 2530 τῆς-
1772 2497 1877 2533 ἔκκλη-

1081 2544 1094 2561 ν
1111 2543 1142 2566 ς.
1182 2534 1206 2551 ⁸⁸
1218 2534 1328 2566 ἑτοίμου
1341 2542 1413 2562 corr.
1430 2535 1464 2563 Α.
1516 2534 1540 2550 ⁹⁹
1554 2534 1718 2566 ὲκστήσουσι
1750 2542 1783 2566 ς.
1823 2535 1832 2549 ¹
1847 2534 1876 2561 οἳ

1633 2542 1718 2568 isonat
1750 2542 1783 2566 ς.
1824 2542 1876 2561 ιοι

1007 2626 1126 2655 ΝΟΤιιΕ.

274 2672 304 2709 9]
318 2673 431 2708 Niceph.
454 2673 497 2709 De
507 2672 665 2707 Epiuham'o,
680 2681 741 2708 cap.
753 2674 798 2702 15.

279 2707 410 2758 ID‘LQuat
429 2713 457 2736 et
482 2707 652 2736 Sozomenus
672 2707 868 2738 commemorat
881 2710 929 2738 lib.
956 2718 1018 2744 vnt,

226 2753 258 2772 ca
272 2755 289 2770 ι.
306 2745 349 2771 15.

263 2754 287 2814 |(1
297 2779 320 2815 l)
336 2779 420 2815 Ίερδν
431 2779 531 2815 στόμα,
547 2779 623 2813 quasi
641 2787 745 2806 sacrum
759 2789 787 2807 οι
802 2781 859 2808 sive
871 2782 975 2813 orlium,
990 2786 1021 2809 ιιι

225 2814 350 2843 Cassiod.
364 2814 457 2843 vertit.
481 2814 616 2850 Oppidum
631 2816 667 2849 ei,
683 2816 765 2843 statio
780 2817 888 2844 navium
907 2817 933 2844 in
949 2817 1018 2845 ostio

1073 2675 1151 2703 Ponti
1160 2674 1345 2708 Theodoreto,
1355 2674 1404 2702 lib.
1417 2682 1444 2705 v.
1455 2682 1516 2710 cap.
1527 2674 1562 2702 δι
1574 2678 1618 2707 ;et
1628 2673 1740 2710 Niceph.
1750 2682 1815 2709 cap.
1827 2677 1872 2704 16.

1073 2710 1150 2738 Unde
1165 2711 1316 2744 prolectus,
1345 2714 1374 2737 ul
1391 2709 1497 2737 Pallad.
1508 2711 1558 2744 ait,
1577 2718 1586 2734 ι
1598 2709 1701 2743 agellos
1713 2712 1746 2737 ad
1775 2710 1872 2746 Bithy-

1073 2746 1126 2773 nim
1139 2746 1294 2773 Praanetum
1312 2751 1439 2780 occupat.
1460 2755 1468 2767 -

1108 2781 1164 2816 (l2)
1183 2781 1216 2808 Et
1233 2781 1331 2818 cubil_is
1347 2789 1378 2818 ex
1394 2781 1690 2818 eoimperatoriiﬂpnrs
1706 2782 1871 2815 corruisset,

1073 2820 1104 2844 ut.
1115 2815 1166 2844 Vest
1183 2821 1279 2844 auctor
1299 2816 1353 2845 Leo
1366 2817 1462 2852 imper.
1479 2816 1506 2844 in
1528 2815 1589 2845 Vita
1605 2815 1743 2852 Chrysa".
