1938 3091
86 132 139 164 3m
646 132 912 163 BIBLIOTHECA.
933 144 968 149 —
981 132 1065 164 con.
1087 133 1175 165 XCVI
1679 140 1734 172 353

85 191 208 225 πολλῆς¹
227 190 388 227 παρῤησίας
412 190 455 217 διὰ
481 190 528 217 τὸν
556 190 716 226 ἀνδριάντα,
729 191 758 222 ὃς
771 190 850 224 πλησι

973 190 1004 217 lis
1020 192 1092 218 enim
1103 192 1272 225 praefectum
1288 200 1380 221 curam
1395 195 1518 231 recipere
1541 203 1569 224 se
1593 197 1662 225 velle
1685 208 1733 226 ne-

82 238 134 272 τῆς
147 237 300 272 ἐκκλησίας
314 237 384 273 αὐτῇ
395 237 567 273 ἀνεγὴγερτο
583 237 710 273 (θόρυσος
717 237 772 272 γὰρ
783 238 847 264 ὲκεῖ1

968 237 1034 271 that,
1047 238 1205 273 priusquam
1226 239 1349 275 iniquutu
1369 241 1433 269 illttd
1446 241 1590 277 judicium,
1611 247 1733 279 proposi-

83 285 169 316 πιολίις
201 286 235 321 τῇ
261 285 396 321 ἐκκλησίᾳ
426 285 572 319 ἐτίκτετο),
602 286 684 313 πάλιν
700 285 734 312 τὰ
753 287 848 313 κατὰιι

968 291 1003 309 tm
1038 290 1239 319 excussumque
1272 285 1352 313 foret.
1370 287 1492 314 Eudoxia
1524 294 1584 322 post
1613 298 1665 317 nou
1689 291 1733 318 diu

84 331 172 366 μέγαν
184 330 319 366 Ἰωάννην
335 330 547 362 συσκευάζεται.
569 331 598 356 Ὀ
614 330 645 357 δὲ
659 330 789 365 Θεόφιλος
800 330 849 358 ταύ

970 336 1032 356 rore
1048 337 1156 356 rursum
1168 330 1369 366 incensa,quod
1382 333 1492 361 liberius
1505 337 1648 368 perstricta
1667 337 1735 364 luis-

81 376 212 411 ἐρμαίῳ¹
229 377 263 412 τῇ
288 376 387 412 πράξει
419 375 588 412 περιτυχὼν,
613 376 695 407 αὐτὸς
723 377 772 412 μὲν
787 377 846 404 et:

966 381 989 406 tt.
1001 381 1115 411 propter
1129 382 1258 410 statuam,
1271 385 1331 412 qua:
1346 377 1425 413 juxta
1446 382 1576 415 templum
1589 383 1676 416 posita
1695 383 1731 410 illi

80 423 188 454 πόλεως
222 424 301 458 μῖσος
332 422 450 455 δεδιὼςδ
468 423 500 450 οὐ
527 423 731 459 παραγίνεται·
761 424 845 460 ἐμισή

968 427 1026 449 erat
1042 423 1169 458 (magnus
1178 423 1251 450 enim
1272 423 1337 450 inde
1352 424 1482 459 strepitum
1495 425 1521 452 in
1539 427 1640 461 templo
1663 427 1733 455 exvi-

78 470 133 505 γὰρ
151 469 227 502 λίαν,
241 470 283 496 ὅτι
297 469 368 505 μετὰ
379 469 430 505 τὴν
440 470 568 496 Ἰωάννου
586 471 748 506 καθαίρεσιν
767 471 814 498 καὶ
827 480 842 498 τ

968 468 1058 503 batur)
1065 489 1073 499 ,
1085 468 1183 495 iterum
1200 468 1226 495 in
1239 469 1347 496 beatum
1357 469 1495 497 hominem
1504 470 1646 498 calumnia:
1653 473 1732 499 ador-

79 517 212 551 μακροίς,
228 515 261 542 δι’
287 515 335 548 οὓς
363 516 461 551 ἐκείνῳ
488 515 683 548 ἐπεϐούλευεν,
704 516 844 552 ὲκοινώνη‹

956 519 1036 541 antur
1051 515 1118 550 (l3).
1143 514 1208 548 Quae
1227 522 1294 542 sane
1304 522 1358 547 res,
1369 516 1421 543 etsi
1435 523 1533 550 praeter
1550 526 1625 553 spem
1645 518 1721 546 Theo

77 563 126 588 καὶ.
153 562 210 588 τῶν
225 561 399 597 Ὠριγενείων
427 562 663 597 ἀναγνωσμάτων,
680 563 708 589 ὲν
721 561 762 595 οἷς
778 564 842 590 ὲκείν

963 560 1010 588 ιῑΙο
1025 561 1126 588 accidit
1137 562 1322 596 optatissima,
1339 562 1444 590 veritus
1466 567 1555 591 tamen
1572 564 1616 591 ille
1630 565 1728 592 civium

77 607 234 639 διέϐαλλεν,
259 608 310 634 οὐκ
325 607 466 642 ἀπείχετο.
499 608 536 634 οὐ
561 608 742 643 παραγίνεται
765 606 812 636 οὖν
838 609 842 634 t'

963 606 1037 638 Iiunt,
1050 606 1108 641 ipse
1133 607 1242 641 quidem
1262 614 1316 634 non
1348 608 1466 636 accessit
1483 607 1571 644 (valde
1586 610 1658 637 enim
1672 610 1728 644 jam

75 653 108 679 τὸ
129 654 223 688 μῖσος,
247 654 355 688 πέμπει
370 653 393 680 δ’
408 653 466 680 ἀντ’
488 652 582 686 αὐτοῦ,
607 653 670 688 μηδ’
681 654 722 685 είς
733 653 824 688 κρίσιν

964 653 1038 680 \‘isus
1051 660 1111 680 esse
1125 658 1257 688 cceperat,
1275 658 1331 681 tum
1347 655 1420 689 quod
1438 654 1516 688 pulso
1542 654 1657 688 Joanne,
1668 665 1728 683 cuin

75 700 173 727 καλεῖν
198 700 395 732 ἀποθεσπίζων
421 699 562 735 Ἰωάννην,
577 700 615 732 ὡς
631 700 702 735 μετὰ
717 700 766 736 τὴν
782 700 840 727 καθ‹

964 700 1032 734 mgis
1044 706 1134 727 tamen
1156 699 1300 732 fratribus,
1310 708 1360 735 per
1383 709 1452 736 quos
1466 701 1504 729 illi
1520 707 1600 730 antea
1617 702 1729 729 insidia-

77 756 154 782 ρει-ιν
184 747 363 782 τολμήσαντα
391 746 564 782 ίεράσασθαι,
593 747 644 782 τῆς
675 747 705 773 ἐν
727 747 842 782 ’Δντιοχε

969 751 1024 779 tur,
1040 747 1285 779 communicasset,
1303 751 1360 774 tum
1372 748 1445 782 quod
1457 748 1546 783 legere
1561 749 1620 783 ipse
1637 749 1729 783 Origo,-

75 793 188 820 συνόδου
201 792 242 828 τῷ
255 793 325 828 μετὰ
345 793 508 828 καθαίρεσιν
532 792 622 828 ἑαυτῷ
645 793 696 829 τὴν
726 794 840 828 ίερωσύν

961 799 973 819 s
988 791 1101 827 scripta.
1119 799 1173 827 quo
1186 793 1296 820 nomine
1305 792 1438 821 Joannem
1454 793 1661 827 criminabatur,
1674 803 1725 822 non

74 841 256 876 ἐκδικήσαντι
269 841 280 856 ³
296 839 358 866 οὐδὲ
372 839 455 866 τύπον
466 839 653 876 ὑπολιπούσης
667 840 827 875 ἀπολογίας.

961 837 1078 873 sineret)
1101 846 1154 865 non
1188 840 1315 871 accessit,
1337 839 1460 875 inquam,
1482 840 1537 868 odii
1563 845 1656 874 metu;
1680 843 1726 869 sed

73 887 101 913 δέ
119 895 154 920 γε
167 872 244 922 γπερὶ
261 885 392 921 Ἰωάννην
407 885 556 921 Ἀρειανῶν
576 872 670 921 ελεγον
684 872 818 913 εἷναι-καὶ
831 895 838 911 ι

961 891 982 910 ’0
993 891 1022 911 se
1040 884 1122 911 alium
1141 885 1279 916 sulunisit,
1302 886 1520 920 pronuntiatum,
1540 895 1574 915 ne
1603 888 1628 914 iu
1651 888 1726 922 judi-

73 933 179 959 κανόνα
201 933 250 959 καὶ
272 933 323 968 τὴν
356 931 475 965 σύνοδον,
506 932 554 959 ἐπὶ
578 934 697 969 συσκευῃ
719 933 838 959 Ἀθανασ

961 938 1003 957 um
1022 930 1131 965 quidem
1155 932 1307 959 vocandum
1326 931 1472 964 Joannem,
1485 938 1513 960 ut
1526 934 1573 968 qui
1593 939 1653 968 post
1671 935 1726 969 eje-

73 979 284 1014 ἐκτεθειμένου,
303 979 337 1014 ἢν
348 979 373 1006 oi
388 979 417 1005 ὲν
432 978 552 1014 Σαρδικῇ
570 979 748 1014 ἀπεφήναντο
764 979 837 1015 ἄκυρ

959 977 1050 1004 ionem
1066 984 1144 1004 sacra
1171 977 1247 1005 obire
1272 978 1364 1005 munia
1395 986 1449 1005 non
1473 978 1637 1012 dubitasset,
1662 988 1723 1007 cum

78 1025 245 1052 ’Δθανάσιον
270 1025 320 1052 οὐκ
343 1025 383 1056 είς
409 1024 559 1059 ἀπολογίαν
582 1024 675 1060 μόνον,
687 1024 757 1051 ἀλλὰ
775 1025 843 1051 καὶι

958 1022 1098 1050 ntiochena
1125 1024 1245 1058 synodus
1276 1029 1339 1058 post
1365 1024 1551 1058 expulsionetu
1579 1027 1723 1054 sacerdotii

72 1071 230 1107 ἱερωσύνην
247 1071 307 1107 ἅμα
321 1071 476 1106 Μαρκέλλῳ
490 1070 645 1106 δεξάμενοι.

958 1078 1027 1097 unus
1043 1070 1076 1097 ad
1094 1070 1166 1097 hunc
1179 1070 1301 1102 obeunti,
1320 1070 1423 1097 nullttm
1439 1070 1607 1100 defensionis
1634 1072 1721 1100 locum

71 1120 227 1154 reliquerit.
246 1119 287 1146 Ad
303 1126 363 1153 quae
379 1117 491 1146 Joannis
507 1119 635 1149 studiosi,
650 1117 817 1145 Arianorum
859 1117 934 1145 illum
961 1124 1024 1145 esse
1054 1124 1187 1145 cauonem
1217 1125 1434 1152 consessumque
1472 1119 1654 1155 excipiebant,
1689 1113 1723 1146 all

75 1166 195 1193 insidias
210 1166 344 1192 duntaxat
353 1164 504 1192 Athanasio
517 1164 664 1192 struendas
675 1170 875 1198 comparatum.
897 1163 968 1190 Hinc
985 1170 1045 1190 eam
1062 1163 1150 1197 ipsam
1166 1164 1299 1198 synodum
1324 1162 1419 1191 Patres
1451 1163 1624 1192 Sardicensis
1657 1174 1724 1193 cott-

74 1212 133 1238 cilii
147 1211 253 1238 rutilam
270 1218 333 1239 esse
349 1210 501 1242 censuisse,
513 1215 540 1237 et
558 1210 707 1237 Athanasio
725 1218 778 1237 nou
793 1211 880 1237 solum
900 1208 1063 1237 defendendi
1076 1209 1118 1236 sui
1134 1213 1297 1244 potestatem
1316 1208 1425 1243 fecisse,
1443 1217 1537 1237 verum
1563 1211 1645 1239 etiam
1676 1220 1722 1241 sa-

71 1259 231 1287 cerdotium
245 1267 298 1286 una
318 1266 379 1285 cum
399 1257 528 1286 Marcello
556 1257 749 1284 administrare
771 1257 939 1292 permisisse.

105 1306 255 1334 κωλύεται
279 1306 329 1341 μὲν
351 1303 398 1332 οὖν
425 1306 485 1332 τότε
503 1305 725 1340 ὁΧρυσόστομος
746 1304 870 1341 ἱερᾶσθαι

963 1302 1048 1338 Igitur
1064 1302 1221 1338 prohibent,
1238 1302 1450 1338 Chrysostomus
1464 1305 1552 1333 sacris
1569 1313 1603 1332 ne
1629 1313 1721 1341 opere.

69 1355 119 1382 καὶ
131 1354 203 1386 ὅλως
217 1354 287 1388 πρὸς
298 1353 348 1388 τὴν
361 1352 510 1388 ἐκκλησίαν
525 1351 726 1387 κατέρχεσθαι·
745 1352 761 1386 ή
777 1351 805 1378 δὲ
817 1360 832 1378 τ

954 1358 983 1382 η’,
1003 1357 1072 1377 neve
1089 1349 1201 1376 omnino
1213 1349 1247 1376 ad
1270 1349 1415 1377 ecclesiam
1432 1351 1533 1379 veniat.
1551 1351 1650 1380 Christi
1665 1357 1719 1380 tum

69 1399 197 1436 Χριστοῦ
225 1398 376 1425 Γενεθλίων
391 1398 474 1434 ἑορτὴ
487 1399 658 1433 ἐνειστήκει,
679 1397 746 1434 [ὶϐὅ
762 1396 809 1434 IL]
825 1407 834 1424 δ

954 1394 1062 1422 staliutn
1091 1394 1176 1421 festus
1202 1394 1261 1421 dies
1293 1394 1413 1422 instabat
1430 1394 1498 1430 (ﬂ),
1522 1396 1675 1432 mansitque
1687 1397 1719 1423 ad

69 1447 165 1482 ἔμεινε
185 1445 268 1481 μέχρι
281 1444 333 1479 τῆς
361 1444 442 1478 ἁγίας
466 1445 668 1480 Πεντηκοστῆς,
686 1445 734 1472 καὶ
745 1444 785 1471 ἑτι
801 1454 834 1481 πρ

955 1446 1028 1468 stum
1044 1439 1223 1467 Pentecostes
1237 1444 1264 1467 et
1274 1440 1331 1467 dies
1343 1441 1455 1475 insuper
1463 1441 1583 1476 quinque
1596 1449 1718 1474 cessans.

69 1492 188 1528 ἡμέρας
203 1491 286 1518 πέντε
303 1490 441 1526 σχολάζων
455 1491 503 1517 καὶ
531 1491 614 1526 μηδὲν
634 1491 704 1523 ὅλως
726 1491 834 1527 ὲκκλησι

952 1496 954 1514 ι
970 1488 1004 1515 ab
1018 1487 1092 1514 omni
1104 1486 1295 1515 ecclesiastico
1309 1487 1557 1516 ahstincnsoﬂicio.
1567 1488 1635 1516 Tum
1647 1490 1717 1516 enim

69 1538 167 1565 στικὸν
179 1537 427 1572 διαπραττόμενος.
443 1537 511 1563 Τότε
528 1536 556 1563 δὲ
570 1536 680 1569 τελείως
695 1538 742 1564 καὶ
756 1538 805 1573 τῆς
821 1538 834 1564 ὲ

954 1533 1035 1560 nnino
1051 1538 1078 1561 et
1092 1533 1210 1561 ecclesia
1222 1533 1318 1569 pulsus
1338 1539 1366 1562 et
1391 1534 1468 1566 urbe,
1488 1535 1624 1563 Cucusum
1639 1545 1719 1564 exsu-

67 1584 191 1620 κλησίας
205 1584 314 1618 καὶτῆς
337 1583 443 1614 πόλεως
460 1582 603 1618 ἐξεϐλήθη,
620 1583 668 1609 καὶ
679 1583 814 1619 ἐξωρίσθη
829 1594 832 1609 Α

953 1584 1006 1606 tum
1029 1579 1129 1607 missus
1157 1585 1209 1607 est.
1248 1580 1306 1613 Quo
1348 1580 1413 1608 item
1453 1586 1574 1616 tempore
1598 1588 1626 1610 et
1649 1583 1718 1618 ignis

68 1630 245 1662 Κουκουσδν,
262 1629 307 1656 ὅτε
327 1629 375 1656 καὶ
389 1629 420 1656 τὸ
449 1629 506 1665 πῦρ
519 1629 640 1663 ἀναφθὲν
654 1629 706 1664 τῆς
720 1630 833 1666 ὲκκλησί

951 1624 1014 1659 mpii
1032 1625 1148 1659 pritmuu
1175 1631 1334 1661 suggestum
1364 1627 1514 1661 corripiens
1535 1627 1603 1663 (13),
1633 1629 1716 1656 multa

66 1676 118 1703 τοῦ
132 1676 262 1711 ἄμδωνος
281 1675 368 1702 πολλὰ
398 1675 454 1702 τῶν
479 1675 560 1710 πέριξ
585 1677 802 1711 κατενεμήσατο.
815 1677 831 1703 li

952 1677 1030 1704 loque
1064 1671 1243 1699 circumcirca
1264 1671 1384 1700 flammis
1406 1673 1567 1708 absumpsit.
1591 1674 1717 1710 Plerique

67 1721 167 1748 πολλοὶ
181 1721 210 1748 δὲ
223 1720 278 1748 τῶν
291 1720 363 1747 κατὰ
381 1719 430 1747 τοῦ
453 1720 531 1754 ἁγίου
546 1720 832 1755 παραδειγματίσοησι

950 1715 1008 1741 iam
1024 1714 1196 1742 inimicorum
1211 1715 1324 1743 Joannis
1343 1717 1465 1752 exetupla
1488 1718 1634 1751 dederunt,
1652 1727 1715 1755 par-

65 1767 84 1803 ἢ
103 1767 199 1798 νόσοις
217 1765 348 1799 ἐξαισίοις
374 1766 392 1802 ἦ
419 1766 575 1801 συμφοραῖς
595 1765 737 1800 θεηλάτοις
746 1766 793 1792 τὸν
811 1765 826 1801 β

950 1767 968 1786 n
981 1759 1059 1787 futilis
1071 1761 1182 1794 morbis,
1191 1762 1290 1796 partim
1303 1763 1433 1790 divinitus
1443 1764 1561 1792 immissa
1573 1764 1649 1793 clade
1661 1768 1715 1794 vita

65 1812 293 1848 ἀπορρήξαντες.
329 1811 495 1847 Ἑξορισθεὶς
518 1812 547 1838 δὲ
571 1812 612 1844 είς
640 1812 808 1849 Κουκουσὸν,

950 1806 992 1833 uti
1007 1806 1075 1842 (16).
1092 1807 1230 1834 Cucusum
1259 1809 1314 1844 (l7)
1343 1816 1407 1844 ergo
1422 1810 1581 1845 deportatus
1596 1810 1715 1839 Joannes

64 1856 149 1889 οὗτός
165 1866 246 1893 φησι.
278 1857 328 1884 καὶ
353 1857 478 1884 ἐδίδασκε
500 1857 548 1884 καὶ
572 1857 737 1892 ἐχειροτόνει
753 1857 829 1884 πολλι

951 1852 1016 1880 thic
1041 1854 1150 1888 quidem
1171 1855 1293 1888 perhibet
1310 1856 1438 1892 scriptor)
1459 1862 1486 1884 et
1503 1858 1594 1885 docuit
1608 1858 1643 1886 ibi
1664 1867 1713 1893 pto

66 1905 122 1939 μὲν
137 1903 319 1936 ἐπισκόπους,
337 1903 450 1935 πλείους
469 1903 498 1930 δὲ
522 1903 727 1939 πρεσϐυτέρους
743 1903 791 1930 καὶ
807 1903 831 1930 δι

948 1899 1063 1933 ιηοίοιιθ,
1077 1905 1105 1927 et
1119 1902 1257 1928 ordinavit
1280 1902 1381 1930 multos
1405 1903 1559 1938 episcopos,
1574 1912 1605 1932 ac
1622 1905 1713 1939 plures

65 1952 179 1982 κόνους.
198 1950 336 1977 Ἐπετέλει
349 1949 379 1976 δὲ
392 1950 440 1976 καὶ
456 1949 544 1976 πολλὰ
561 1951 664 1985 σημεῖα
676 1950 706 1976 ὲν
716 1950 749 1985 τῇ
761 1949 830 1986 ἐξορί

948 1946 1000 1973 iam
1016 1947 1185 1980 sacerdotes,
1200 1952 1281 1982 atque
1294 1949 1433 1976 diaconos.
1451 1949 1533 1976 Multa
1549 1951 1612 1978 item
1629 1951 1713 1978 mira-

65 1996 125 2028 ζῶν
141 2004 171 2022 τε
187 1995 235 2022 καὶ
245 1995 316 2030 μετὰ
331 1995 457 2022 θάνατον.
471 1994 591 2031 Τελευτᾷ
605 1995 634 2022 δὲ
645 1995 676 2022 οὺ
696 1995 767 2030 μετὰ
783 1995 830 2022 πολ

943 1992 977 2019 ila
994 1993 1020 2020 in
1034 2000 1067 2020 eo
1083 1993 1182 2020 exsilio
1197 2001 1259 2020 cum
1285 1995 1373 2027 vivus,
1389 2001 1444 2023 tum
1474 2002 1598 2025 mortuus
1614 1999 1708 2026 edidit.

63 2043 179 2079 χρόνον,
196 2042 244 2069 τοῦ
259 2041 412 2069 ἐπισκόπου
428 2042 566 2077 Κομάνων
583 2042 632 2070 καὶ
659 2041 798 2077 μάρτυρος
816 2041 828 2066 Ι

947 2039 1064 2067 aiitvero
1084 2047 1138 2066 non
1157 2040 1242 2066 multo
1259 2046 1319 2074 post
1340 2041 1408 2076 (l8),
1427 2050 1488 2069 cum
1503 2043 1646 2078 cpiscopus
1664 2046 1712 2072 Cn-

64 2089 194 2116 σιλίσκου
224 2088 276 2123 τὴν
305 2087 434 2124 τελευτὴν
459 2087 535 2123 αὐτῷ
559 2087 796 2123 προμηνύσαντος,
819 2096 829 2114 ι

945 2091 1060 2112 auorqu
1072 2084 1128 2119 (19)
1143 2084 1304 2117 Basiliscus,
1321 2085 1447 2120 idemque
1466 2093 1581 2123 martyr,
1595 2089 1674 2116 tinem
1685 2091 1708 2116 ei

63 2136 205 2164 θάπτεται
219 2135 249 2162 ὲν
263 2136 296 2171 τῇ
311 2135 380 2171 αὐτῇ
393 2134 440 2162 τοῦ
458 2134 597 2171 μάρτυρος
611 2134 738 2170 λάρνακι.

944 2132 1065 2158 εειιιιιιιιιιι
1099 2131 1219 2167 quietem
1250 2132 1438 2166 prmdixisset:
1460 2135 1643 2170 conditusque
1668 2141 1709 2164 est

879 2179 903 2208 D
918 2179 943 2206 in
962 2178 1083 2212 ejusdem
1098 2180 1228 2214 martyris
1243 2180 1356 2208 ttuuulo.

99 2225 280 2261 Κατίκριναν
293 2225 322 2252 δὲ
337 2226 364 2252 οἱ
389 2225 454 2261 περὶ
467 2224 599 2258 Θεόφιλον
614 2224 661 2251 καὶ
682 2223 863 2260 Ἡρακλείδην

953 2224 1119 2259 Theophilus
1131 2231 1220 2253 autem
1237 2234 1298 2253 cum
1314 2226 1371 2254 suis
1385 2227 1605 2255 cnmlemuarunt
1623 2228 1707 2256 llera-

61 2274 112 2300 τδν
132 2272 263 2307 Ἐφέσου,
278 2272 394 2299 ἀπόντα.
409 2271 466 2298 Καὶ
480 2271 644 2307 Σεραπίωνα
654 2270 683 2297 δὲ
700 2270 826 2297 ποικίλαι.

943 2272 1013 2299 idem
1034 2271 1109 2307 83b
1129 2272 1228 2307 Ephesi
1251 2274 1406 2308 episcopum
1424 2274 1576 2306 absentem,
1607 2280 1633 2303 et
1659 2275 1707 2303 Se-

64 2318 252 2350 ὑποὸαλὸντες
275 2317 423 2354 τιμωρίαις
452 2318 501 2344 καὶ
524 2316 575 2351 τῆς
599 2317 753 2351 ἐπισκοπῆς
775 2316 829 2350 Ἡρη

940 2318 1067 2352 ιρῑοιιειη,
1078 2317 1162 2344 multa
1176 2317 1302 2345 aﬂ‘ectuui
1321 2319 1433 2352 injuria,
1447 2319 1584 2348 Heraclea:
1599 2323 1705 2357 episco-

64 2366 172 2397 κλείας,
203 2366 233 2392 δν
257 2361 275 2402 ᾖ
298 2364 381 2391 αὐτὸν
394 2364 463 2399 μετὰ
490 2363 541 2398 τὴν
561 2362 673 2398 πρώτην
689 2362 738 2396 τῆς
754 2361 829 2397 ἐξορίη

941 2369 990 2395 itu,
1019 2364 1044 2390 in
1074 2371 1128 2398 quo
1147 2364 1233 2398 ipsum
1260 2373 1373 2400 magnus
1392 2365 1512 2394 Joannes
1544 2373 1604 2402 post
1630 2369 1706 2404 prius

63 2412 197 2440 ἐπάνοδον
213 2410 361 2446 ἐτύγχανεν
377 2411 392 2437 ὁ
407 2409 494 2446 μέγας
515 2409 644 2444 Ἰωάννης
656 2409 828 2444 χειροτονήσει

940 2410 1042 2437 tsilium
1057 2417 1182 2438 reversus
1190 2411 1336 2445 ordinarat,
1352 2411 1475 2447 ejiciunt.
1496 2412 1646 2441 Heraclidae
1658 2414 1705 2442 de-

701 2476 821 2505 VARM‘I
836 2477 1041 2506 LECTIONES.

98 2539 110 2555 ’
127 2538 232 2573 πολλῆς
245 2538 308 2566 add.
329 2538 363 2565 A.
402 2538 413 2554 ³
428 2538 531 2574 ὲρμαίᾳ
546 2546 576 2570 ς.
615 2536 625 2552 ⁸
636 2537 763 2569 δεδοικὼς
778 2547 808 2570 ς,
845 2538 856 2554 ⁸
874 2538 920 2565 τὸν
932 2554 967 2558 -
981 2539 1164 2574 ὲκδικήσαντα
1181 2540 1212 2566 Α.
1252 2540 1262 2555 ⁸
1279 2540 1417 2573 ποικίλαις
1430 2542 1449 2568 Λ
1465 2550 1473 2569 :
1493 2542 1606 2575 πολλαῖς
1619 2550 1651 2577 ς.

845 2597 961 2626 NOT/E.

100 2659 287 2695 (l3)Nicepb.
312 2667 373 2695 cap.
399 2659 455 2693 l8;
474 2659 580 2687 Socrat.
601 2659 647 2686 lib.
670 2667 709 2691 vt,
723 2668 782 2695 cap.
804 2660 857 2693 l8;
912 2661 1011 2688 Annal.
1027 2661 1061 2688 V.
1083 2664 1116 2688 ad
1127 2669 1172 2688 au.
1188 2662 1253 2689 Chr.
1272 2661 1336 2690 ιθι.

64 2695 316 2732 δοιοςηιιὶίκνιιι.
328 2703 386 2730 cap.
398 2695 443 2732 20.
646 2730 659 2732 ῃ
683 2730 705 2732 ἡ
804 2731 808 2732 7
948 2696 1004 2732 (16)
1018 2697 1131 2732 Niceph.
1148 2706 1209 2732 cap.
1227 2697 1272 2729 22,
1291 2704 1316 2725 et
1329 2697 1435 2727 Pallad.

105 2731 161 2765 tu)
174 2729 266 2757 Pridie
300 2729 410 2767 Paschae
435 2730 494 2765 ipso
523 2738 622 2764 magno
644 2730 773 2767 Salibatn,
803 2731 859 2758 haec
947 2731 1005 2767 (l7)
1022 2729 1263 2767 Nicc‘pltmapﬂﬁ.

62 2774 125 2803 cum
136 2766 463 2803 summaperturbatione
477 2766 600 2803 confecta
611 2773 674 2793 esse
690 2765 791 2793 Pallad.
808 2772 861 2793 ιη·
945 2765 969 2802 (l
976 2767 1003 2803 ξ)
1018 2765 1241 2803 Ιξὲἱευῃὴῶηιοει
1252 2768 1322 2796 med.
1336 2768 1446 2796 Soznm.
1457 2769 1503 2796 lib.
1514 2777 1570 2800 vtu.
1583 2777 1641 2803 cap.
1650 2769 1700 2798 ull.

62 2802 155 2840 dit,_et
172 2801 231 2840 ipse
247 2801 345 2840 Georg.
363 2801 474 2840 editus:
487 2801 647 2840 'filmauum
683 2836 689 2840 Δ
766 2837 773 2840 _
914 2838 929 2840 ἡ
943 2801 1277 2840 Δ(ί9)-Ιιιξρεὶιιιικςι·.ιιιὶιιιιι
1291 2804 1321 2832 S.
1341 2804 1489 2831 Lueianum
1501 2801 1621 2840 martyrii
1635 2806 1700 2834 olim

99 2836 156 2871 (l5)
177 2836 304 2875 Qassiod.
325 2836 413 2875 inanis
437 2836 748 2875 studiososccciesiatn,
766 2837 857 2875 inten-
913 2838 950 2866 ibi
961 2836 998 2867 B.‘
1008 2837 1140 2867 Basilisco
1155 2839 1272 2873 socium,
1285 2840 1444 2875 apparuisse
1460 2847 1513 2866 una
1535 2836 1627 2867 tra'dit.

63 2871 138 2899 disse
153 2870 253 2904 refert,
269 2875 297 2898 ct
312 2872 411 2906 plures,
423 2879 493 2908 quos
511 2871 610 2899 refellit
623 2871 761 2900 lllusuiss.
778 2871 858 2900 Baro.
