1938 3091
77 142 130 174 361

632 146 894 178 BIBLIOTHECA.
916 161 952 166 —
971 148 1052 180 COD.
1073 150 1174 182 XCVI.

1662 156 1715 189 362

85 201 194 232 Ἡλεῖος
227 199 333 227 παίδων
357 200 422 234 πὺξ,
451 201 546 234 Κάλας
569 202 673 235 Ἠλεῖος
689 204 793 230 παίδων
805 212 870 239 παγ-

927 205 1014 232 cratio
1025 211 1053 233 et
1067 211 1174 234 armato
1197 214 1277 236 cursu
1308 207 1492 238 llecatumnus
1513 209 1643 239 Milesius.
1666 212 1720 241 τοι·

85 246 207 283 ιράτιον,
227 246 403 281 Ἑκατόμνως
414 247 548 283 Μιλήσιος
563 249 611 276 καὶ
628 249 773 284 ὁπλίτηνη
790 247 877 285 (οὗτος

78 295 109 318 ἑν
123 294 157 328 τῇ
173 293 243 329 αὐτῇ
263 293 298 320 τὰ
323 293 388 328 τρία
415 294 605 330 ἐστεφανώθη,
623 296 740 328 στάδιον,
757 297 876 330 δίαυλον,

78 340 216 375 ὁπλίτην),
238 340 427 376 Ἀριστόλοχος
454 342 468 368 ὸ
489 341 594 374 Ἠλεῖος
616 342 777 378 τέθριππον,
792 344 876 380 Ἀγή-

81 395 163 422 μονος
180 386 288 413 Ἠλείου
308 387 403 423 κέλης,
426 387 583 415 Ἑλλανίκου
616 389 722 416 Ἠλείου
745 391 874 426 συνωρὶς,

78 432 126 459 τοῦ
141 432 227 460 αὐτοῦ
246 433 366 460 πωλικὸν
382 433 543 469 τέθριππον,
566 435 674 471 Κλητία
692 437 713 453 ¹⁷
734 437 840 464 Ἠλείου
853 438 876 453 ¹¹

77 479 188 514 πωλικὴ
203 480 338 516 συνωρὶς,
356 481 518 508 Καλλίππου
530 481 631 516 Πηλίου
648 483 766 516 πωλικδς
780 484 874 519 κέλης,

112 525 268 558 Λεύκολλος
284 526 312 553 δὲ
335 527 446 563 Ἀμισὸν
472 528 493 544 ¹⁹
509 528 676 564 ἐπολιόρκει,
692 530 740 557 καὶ
761 531 875 566 Μουρή-

75 579 125 597 ναν
144 571 193 597 ἐπὶ
203 571 255 606 τῆς
266 571 425 607 πολιορκίας
440 573 599 600 καταλιπὼν
611 575 680 608 μετὰ
686 575 758 601 δυοῖν
768 576 875 611 ταγμά-

75 626 134 643 τοιν
150 617 233 649 αὐτὸς
244 617 314 652 μετὰ
328 618 412 654 τριῶν
424 619 513 646 ἄλλων
524 620 646 656 προῆγεν
659 622 706 647 ἐπὶ
717 622 874 657 Καϐείρων,

74 663 144 690 ὅπου
160 663 330 699 διεχείμαζε.
349 664 404 691 Καὶ
424 665 565 700 ’Λδριανὺν
581 666 701 699 ἐπέταξε
720 668 874 704 πολεμῆσαι

75 710 251 746 Μιθριδάτῃ·
267 710 316 737 καὶ
342 710 503 746 πολεμήσας
534 712 655 747 ἐνίκησε.
676 714 732 740 Καὶ
761 715 873 750 σεισμοῦ

75 760 105 785 ἐν
131 757 229 794 Ῥώμῃ
244 757 394 792 γενομένου
428 757 513 785 πολλὰ
537 758 642 795 ταύτης
655 760 803 788 συνέπεσε.
819 761 874 789 Καὶ

75 803 143 830 ἄλλα
157 804 186 829 δὲ
204 801 321 828 πλεῖστα
335 802 365 828 ἐν
379 802 466 838 ταύτῃ
483 802 632 840 ξυνηνέχθη
647 806 680 841 τῇ
700 805 872 840 Ὀλυμπιάδι.

75 851 131 877 Καὶ
153 849 303 884 Ῥωμαίων
315 848 354 883 τῷ
372 849 457 885 τρίτῳ
483 850 570 886 αὐτῆς
585 851 641 878 ἔτει
662 852 873 887 ἀπετιμήθησαν

78 896 214 932 μυριάδες
238 898 401 933 ἐνενήκοντα
423 897 470 924 καὶ
487 897 547 932 μία.
563 897 617 924 Καὶ
633 898 817 933 Σινατρούκην
827 898 872 925 τὸν

75 942 195 978 Πάρθων
210 942 326 977 βασιλέα
340 943 541 977 τελευτήσαντα
559 943 694 975 διεδέξατο
705 943 835 979 Φραάτης
849 944 872 959 ὀ

73 991 88 1016 ὸ
103 989 266 1024 ἐπικληθεὶς
281 989 359 1021 Θεός.
374 989 431 1016 Καὶ
465 989 580 1024 Φαῖδρον
608 990 654 1016 τὸν
682 990 872 1026 Ἐπικούρειον

73 1035 211 1067 διεδέξατο
240 1035 366 1070 Πάτρων.
405 1036 463 1062 Καὶ
490 1035 651 1071 Οὐεργίλιος
686 1036 708 1052 ²¹
737 1031 841 1072 Μάρων
858 1039 872 1064 ὁ

75 1082 192 1117 ποιητὴς
207 1081 344 1116 ἐγεννήθη
372 1081 469 1108 τούτου
482 1081 530 1108 τού
549 1082 643 1116 ἐτους,
671 1082 752 1114 εἰδοῖς
771 1083 872 1110 Ὀκτω-

75 1128 181 1164 ϐρίαις.
197 1128 264 1163 [M7
282 1127 329 1163 H.]
361 1127 407 1163 Τῷ
420 1127 448 1154 δὲ
460 1127 584 1163 τετάρτῳ
603 1128 658 1155 ἔτει
673 1129 812 1165 Τιγράνης
825 1131 872 1156 καὶ

73 1174 248 1208 Μιθριδάτης
258 1173 436 1209 ἀθροίσαντες
449 1173 550 1206 πεζοὺς
564 1174 615 1209 μὲν
624 1176 762 1210 τέσσαρας
771 1176 871 1211 μυριά-

74 1219 134 1251 δας,
156 1220 260 1252 ἱππέας
273 1220 296 1235 ¹¹
312 1220 341 1246 δὲ
363 1221 450 1255 τρεῖς,
480 1220 528 1247 καὶ
551 1220 597 1247 τὸν
616 1221 747 1248 Ἰταλικὸν
772 1223 871 1255 αὐτοὺς

73 1266 209 1299 τάξαντες
224 1267 336 1302 τρόπον,
352 1266 527 1302 ἐπολέμησαν
539 1267 683 1303 Λευκόλλῳ
691 1267 714 1283 ’³
725 1275 732 1282 '
747 1269 793 1294 καὶ
808 1269 870 1304 νικᾷ

74 1312 242 1345 Λεύκολλος,
267 1312 316 1339 καὶ
341 1312 555 1347 πεντακισχίλιοι
582 1313 632 1347 μὲν
656 1313 711 1340 τῶν
731 1314 800 1349 μετὰ
823 1314 870 1341 Τι-

76 1359 196 1394 γράνους
207 1358 317 1391 ἔπεσον,
333 1358 442 1390 πλείους
455 1358 484 1385 δὲ
498 1358 600 1386 τούτων
612 1359 869 1396 ᾐχμαλωτίσθησαν,

76 1405 162 1440 χωρὶς
173 1403 223 1430 τοῦ
237 1403 319 1431 ἄλλου
348 1402 498 1437 σύγκλυδος
522 1403 544 1419 ’⁸
558 1404 648 1439 δχλου.
666 1405 721 1431 Καὶ
735 1405 765 1431 τὸ
779 1406 870 1432 Καπιο

73 1449 172 1476 τώλιον
185 1450 215 1476 ἐν
240 1448 335 1485 Ῥώμῃ
355 1449 460 1481 Κάτλος
481 1449 646 1485 καθιέρωσε.
664 1450 719 1477 Καὶ
735 1451 870 1483 Μέτελλος

74 1495 121 1520 ἐπὶ
133 1494 182 1520 τὸν
207 1493 348 1529 Κρητικὸν
375 1493 495 1528 πόλεμον
510 1493 648 1529 ὁρμήσας,
664 1493 728 1528 τρία
741 1494 869 1530 τάγματα

72 1541 155 1576 ἔχων,
170 1538 254 1576 ἦλθεν
274 1541 314 1573 εἰς
335 1541 385 1576 τὴν
414 1541 506 1576 νῆσον,
533 1542 580 1568 καὶ
604 1541 679 1578 μάχῃ
691 1543 813 1578 ἱνικήσας
824 1544 870 1570 τὴν

70 1587 201 1622 Λασθένη
216 1587 240 1603 ³⁵
254 1587 434 1622 αὐτοκράτωρ
460 1587 645 1623 ἀνηγορεύθη,
667 1589 713 1615 καὶ
728 1590 867 1625 τειχήρεις

71 1634 228 1668 κατέστησε
240 1634 302 1666 τοὺς
314 1634 437 1669 Κρῆτας.
463 1634 520 1661 Καὶ
537 1635 721 1671 Ἀθηνόδωρος
733 1636 868 1671 πειρατὴς

71 1679 375 1715 ἐξανδραποδισάμενος
394 1679 508 1716 Δηλίους
519 1680 554 1707 τὰ
560 1680 615 1707 τῶν
629 1680 784 1716 λεγομένων
797 1682 868 1709 θεῶν

71 1725 158 1758 ξόανα
172 1726 356 1761 διελυμήνατο
366 1735 373 1742 ·
400 1726 480 1759 Γάϊος
505 1726 535 1753 δέ
551 1727 681 1763 Τριάριος
701 1728 738 1755 τὰ
749 1728 869 1763 λελωϐη-

71 1773 145 1807 μένα
158 1773 210 1808 τῆς
225 1772 331 1805 πόλεως
351 1773 538 1806 ἐπισκευάσας
568 1775 686 1810 ἐτείχισε
705 1777 755 1812 τὴν
770 1777 865 1812 Δῆλον.

106 1819 200 1855 Μέχρι
231 1819 280 1854 μέν
305 1819 352 1846 οὖν
372 1819 475 1855 ταύτης
494 1829 540 1856 μοι
568 1821 619 1856 τῆς
641 1822 822 1857 Ὀλυμπιάδος
838 1824 868 1849 ἐν

69 1866 162 1900 λόγοις
177 1865 258 1892 πέντε
272 1867 288 1901 ή
302 1866 454 1902 ἀνάγνωσις
469 1868 594 1902 γέγονεν.
609 1868 688 1895 Ἔστι
699 1868 787 1904 δὲτὴν
799 1869 868 1905 φρά-

71 1921 116 1939 σιν
142 1911 208 1938 οὔτε
235 1912 297 1939 λίαν
320 1915 495 1949 χαμαιπετὴς
512 1914 574 1941 οὔτε
589 1915 636 1941 τὸν
659 1915 782 1942 ’Λττικδν
797 1916 824 1948 ἐς
837 1916 867 1942 τὸ

70 1957 190 1992 ἀκριὸὲς
216 1956 355 1990 ὂιασώζων
379 1959 553 1995 χαρακτῆρα.
570 1959 675 1992 ’Λλλως
696 1969 727 1986 τε
747 1961 776 1987 δὲ
789 1960 837 1987 καὶ
849 1961 866 1996 ὴ

71 2003 140 2038 περὶ
153 2002 205 2034 τὰς
226 2003 411 2038 Ὀλυμπιάδας
426 2004 520 2031 καὶτὰ
537 2005 566 2031 ὲν
582 2005 678 2037 αὐταῖς
694 2006 748 2032 τῶν
767 2006 867 2040 ἀγωνι-

71 2048 185 2083 σμάτων
208 2048 328 2083 ὀνόματα
355 2050 401 2076 καὶ
426 2050 540 2085 πράξεις
561 2051 585 2066 ’⁵
609 2052 689 2086 καὶῆ
714 2051 780 2087 περὶ
802 2052 866 2084 τοὺς

72 2095 220 2130 χρησμοὺς
234 2095 348 2130 ἄκαιρος
379 2095 520 2130 φιλοπονία
545 2105 576 2123 τε
601 2097 649 2123 καὶ
663 2096 813 2130 φιλοτιμία,
826 2098 866 2130 είς

71 2141 156 2176 κόρον
169 2140 316 2174 ἀπάγουσα
344 2141 390 2168 τὸν
410 2142 549 2177 ἀκροατὴν
570 2143 618 2169 καὶ
635 2143 719 2178 μηδὲν
733 2143 797 2170 ἄλλο
811 2143 865 2170 τῶν

72 2187 101 2212 ἐν
116 2185 157 2220 τῷ
173 2185 246 2221 λόγῳ
262 2186 432 2221 προκύπτειν
446 2188 636 2224 συγχωροῦσα,
649 2189 719 2224 ἀηδῆ
735 2197 765 2215 τε
785 2190 807 2206 ²⁷
820 2189 865 2216 τὸν

927 250 973 278 hic
986 252 1082 278 eodem
1097 252 1155 285 ipso
1172 253 1216 280 die
1237 259 1384 282 coronatus
1410 258 1462 286 est,
1489 256 1579 283 stadio
1607 256 1722 292 ejusque

928 301 1050 327 recursu,
1065 300 1092 322 et
1115 301 1218 323 arman
1234 304 1326 328 cursu,
1340 297 1528 327 Aristolochus
1554 299 1638 328 Eleus
1652 309 1721 336 qua-

927 340 1003 376 driga
1015 341 1113 373 victor,
1123 347 1193 376 equo
1206 350 1270 370 vero
1284 343 1412 379 singulari
1424 345 1544 380 Agemon
1557 345 1649 374 Eleus.
1658 346 1720 374 Hel-

926 386 1015 414 lanico
1029 387 1093 416 Eleo
1102 389 1161 423 biga
1172 389 1264 420 cessit.
1278 395 1305 417 et
1316 390 1489 424 equuleorum
1503 392 1646 427 quadriga.
1659 391 1721 420 Cle-

927 433 971 460 Iiae
987 433 1042 461 Elei
1062 435 1238 469 equuleorum
1252 435 1311 472 biga
1327 436 1386 469 fuit,
1400 441 1427 464 et
1442 437 1554 472 Callippi
1569 437 1641 469 Peli
1660 439 1719 467 sin-

925 479 1028 515 gularis
1045 488 1096 516 cqn
1105 481 1190 509 uleus.

961 526 1090 554 Lucullus
1119 535 1152 555 eo
1180 533 1300 562 tempore
1331 528 1453 556 Amisum
1482 528 1641 563 obsidebat;
1670 532 1719 559 sed

926 571 1039 599 Murena
1058 572 1084 600 in
1100 573 1243 600 obsidione
1254 573 1430 600 cumduabus
1443 572 1595 607 legionibus
1611 574 1716 609 relicto,

926 618 985 653 ipse
1001 626 1061 646 cum
1077 619 1163 646 tribus
1177 619 1239 646 aliis
1253 619 1385 647 adversus
1403 618 1532 647 Cabeiros
1546 620 1631 653 duxit,
1652 620 1716 648 etin

926 665 1048 694 hibernis
1064 666 1164 693 ibidem
1173 671 1262 693 castra
1275 665 1383 693 locavit.
1401 665 1472 693 Idem
1488 666 1637 693 Adrianum
1653 674 1716 694 cum

928 711 1088 739 Mithridate
1103 711 1250 747 conﬂigere
1262 712 1349 747 jubet.
1370 720 1424 746 quo
1433 712 1514 739 etiam
1530 712 1624 747 przelio
1634 720 1717 747 supe-

925 757 982 785 rior
995 758 1057 786 fuit.
1074 759 1168 786 Romze
1181 766 1289 794 quoque
1303 764 1374 786 terra
1386 759 1480 790 movit,
1491 758 1629 793 multaque
1646 759 1716 786 allli-

925 805 974 838 xit,
986 810 1013 832 et
1030 805 1081 832 alia
1106 811 1237 840 praetcrea
1255 805 1367 840 plurima
1391 806 1442 833 hac
1472 806 1528 841 ipsa
1557 804 1716 840 Olympiade

924 852 1104 886 contigerunt.
1131 851 1198 879 Nam
1225 859 1297 878 anno
1312 853 1394 879 tertio
1418 860 1507 880 censa:
1534 858 1597 880 sunt
1621 853 1715 880 Romae

925 898 1058 933 myriadcs
1066 898 1121 934 (29)
1130 898 1277 933 nonaginta
1288 903 1315 925 et
1324 906 1386 926 una.
1399 898 1541 926 Sinatruce
1552 900 1713 928 Parthorum

924 950 987 977 rege
998 943 1132 970 exstincto
1147 943 1216 978 (50),
1233 943 1363 971 successit
1377 943 1510 971 Phraates
1533 950 1714 979 cognomento

923 987 1016 1022 Deus;
1045 993 1072 1015 et
1094 988 1235 1016 Phaedrum
1262 989 1422 1023 Epicureum
1451 994 1596 1022 mortuum,
1612 990 1713 1017 Patron

924 1034 1040 1067 excepit.
1058 1033 1185 1068 Virgilius
1203 1034 1265 1062 item
1281 1034 1356 1062 Maro
1368 1035 1423 1071 (51)
1438 1035 1488 1062 hoc
1511 1035 1568 1070 ipso
1577 1043 1648 1062 anno
1659 1036 1712 1063 ldi-

922 1078 974 1105 bus
987 1077 1113 1106 Octobris
1143 1085 1222 1107 natus
1244 1083 1296 1107 est.
1316 1079 1418 1112 Quarto
1440 1087 1504 1107 vero
1523 1080 1602 1115 hujus
1617 1079 1712 1116 Olym-

923 1125 1011 1159 piadis
1038 1133 1108 1153 anno
1129 1125 1263 1160 Tigranes
1276 1129 1303 1153 et
1313 1125 1494 1156 Mithridates.
1516 1127 1638 1154 collectis
1653 1127 1711 1162 (52)

922 1172 1041 1207 peditum
1057 1171 1238 1208 quadraginta
1255 1173 1376 1206 milibus,
1393 1175 1512 1208 equitum
1523 1173 1645 1208 triginta,
1669 1173 1711 1200 in-

922 1221 1080 1252 structaque
1097 1217 1282 1246 Romanorum
1298 1226 1371 1246 more
1381 1219 1449 1252 acie,
1460 1226 1521 1246 cum
1542 1218 1654 1246 Lucullo
1671 1219 1711 1246 di-

922 1262 1055 1290 micantes
1085 1263 1149 1291 victi
1179 1269 1243 1291 sunt
1259 1274 1267 1292 :
1280 1265 1357 1293 caesis
1369 1273 1385 1293 e
1398 1265 1522 1300 Tigranis
1534 1265 1620 1300 copiis
1630 1265 1711 1300 quin—

921 1315 974 1343 que
985 1308 1114 1340 millibus,
1127 1314 1154 1336 et
1167 1310 1208 1337 bis
1223 1310 1345 1345 pluribus
1358 1311 1456 1346 captis,
1473 1316 1572 1346 prmter
1584 1316 1710 1347 cameram

921 1355 1062 1383 hominum
1077 1356 1220 1384 colluviem
1239 1357 1308 1393 (5'5),
1337 1357 1499 1392 Capitolium
1520 1358 1613 1385 Romae
1629 1358 1712 1386 Catu-

921 1401 964 1429 lus
978 1403 1131 1430 dedicavit:
1145 1407 1172 1430 ct
1190 1403 1223 1430 ad
1235 1404 1370 1432 Creticum
1384 1404 1440 1440 (54)
1463 1404 1561 1432 bellum
1574 1404 1712 1440 profectus

920 1455 981 1476 cum
999 1449 1108 1485 triginta
1134 1449 1284 1485 legionibus
1301 1449 1436 1482 Metellus,
1459 1450 1572 1478 insulam
1587 1457 1648 1478 eam
1673 1455 1711 1479 te-

921 1494 980 1521 nuit
995 1503 1001 1521 :
1014 1495 1057 1522 ubi
1068 1499 1095 1522 et
1115 1503 1196 1522 manu
1220 1503 1281 1523 cum
1298 1495 1452 1524 Laosthene
1474 1500 1610 1530 conserta,
1624 1496 1712 1524 victor

922 1538 1071 1573 imperator
1085 1546 1127 1568 cst
1139 1541 1301 1576 appellatus,
1317 1542 1495 1570 Cretensibus
1521 1541 1592 1569 intra
1612 1542 1712 1578 oppida

923 1593 1071 1620 murosque
1086 1587 1246 1622 compulsis.
1258 1587 1450 1616 Athenodorus
1462 1587 1551 1623 pirata
1564 1587 1620 1615 Deli
1631 1587 1710 1616 inco-

920 1632 960 1660 las
976 1633 1098 1667 captivos
1113 1634 1262 1666 abducens,
1280 1634 1402 1666 deorum.
1419 1634 1464 1669 qui
1478 1639 1620 1667 vocantur,
1632 1634 1709 1670 signa

919 1677 1054 1706 destruxit
1069 1688 1077 1710 ς
1091 1683 1119 1706 at
1128 1679 1210 1714 Cajus
1218 1679 1326 1714 quidam
1343 1679 1466 1708 Triarius
1481 1680 1556 1708 urbis
1568 1685 1629 1708 ruta
1639 1687 1710 1708 caesa

920 1724 1086 1758 instaurans,
1103 1725 1198 1756 Delum
1213 1734 1291 1755 muro
1308 1726 1405 1754 cinxit.

953 1817 993 1844 Ad
1016 1817 1086 1845 hanc
1103 1817 1194 1852 itaque
1215 1816 1399 1853 Olympiadem
1412 1825 1499 1853 usque
1521 1817 1605 1846 libros
1628 1818 1710 1853 quin-

918 1871 972 1898 que
985 1863 1159 1897 perlegimus.
1173 1863 1300 1891 Auctoris
1314 1864 1401 1899 stylus
1410 1871 1498 1898 neque
1512 1864 1624 1892 omnino
1634 1863 1709 1891 humi

918 1910 1014 1944 serpit,
1032 1917 1118 1944 neque
1146 1909 1268 1937 Atticum
1296 1917 1492 1945 usquequaque
1518 1911 1706 1938 characterem

917 1960 1020 1983 servat.
1032 1956 1159 1990 Alioquin
1178 1956 1222 1983 illa
1238 1955 1320 1983 nimis
1350 1956 1443 1991 putida
1457 1956 1542 1991 ipsius
1568 1956 1707 1983 aceuratio

917 2006 1000 2036 atque
1017 2002 1156 2037 diligentia
1169 2002 1195 2029 in
1219 2000 1424 2038 Olympiadibus
1436 2002 1639 2038 percensendis,
1650 2002 1709 2029 sin-

918 2048 1101 2083 gulorumque
1109 2049 1290 2076 certaminum
1305 2049 1469 2080 nominibus.
1479 2052 1506 2076 et
1519 2049 1600 2076 rebus
1613 2049 1707 2082 gestis,

917 2099 998 2129 atque
1024 2095 1090 2129 ipsis
1106 2095 1187 2122 etiam
1202 2095 1322 2123 oraculis
1349 2095 1509 2128 referendis.
1529 2103 1581 2122 non
1599 2095 1707 2122 taedium

916 2141 997 2168 modo
1012 2140 1106 2168 lectori
1124 2140 1213 2172 all'ert.
1228 2142 1291 2169 dum
1312 2149 1359 2177 per
1369 2149 1428 2169 eam
1447 2141 1549 2176 reliqua
1564 2140 1652 2168 omnia
1678 2140 1706 2167 in

915 2185 969 2214 hoc
994 2186 1065 2214 libro
1084 2187 1258 2223 obteguntur,
1285 2196 1372 2223 neque
1399 2195 1532 2223 apparere
1555 2187 1704 2214 sinuntur:

71 2231 152 2265 λόγον
165 2231 284 2258 δεικνύει
299 2232 346 2259 καὶ
372 2232 484 2268 χάριτος
507 2234 584 2260 οὐδὲν
597 2233 670 2269 ἔχειν
685 2235 861 2271 παρατίθησι.

923 2240 1010 2260 verum
1023 2233 1104 2260 etiam
1121 2234 1295 2267 iniucundum
1324 2233 1515 2269 propemodum
1539 2233 1626 2261 reddit
1645 2240 1704 2259 ser-

72 2276 220 2311 Χρησμοῖς
245 2276 274 2303 δὲ
300 2277 438 2310 παντοίοις
451 2279 490 2311 είς
503 2278 657 2315 ὑπερϐολήν
683 2280 742 2306 ἐστι
763 2289 863 2316 κεχρη‹

72 2321 164 2356 μένος.

920 2286 1039 2311 nionem,
1055 2280 1157 2314 quique
1169 2279 1240 2316 841)
1266 2281 1360 2315 gratim
1372 2281 1438 2308 nihil
1451 2280 1550 2307 habere
1569 2279 1708 2307 indicetur

920 2330 948 2353 et
962 2333 1026 2353 vero
1044 2326 1134 2354 omnis
1151 2327 1260 2361 generis
1274 2327 1385 2355 deorum
1413 2335 1541 2363 responsa
1555 2327 1614 2354 sine
1627 2327 1708 2354 modo

918 2371 1045 2400 inculcat.

719 2447 838 2477 vanus
860 2444 1063 2479 LECTIONES.

118 2520 140 2536 "
157 2519 223 2547 Μιλ.
237 2520 285 2546 καὶ
301 2519 415 2555 ὁπλίτην
432 2529 463 2552 ς.
513 2519 535 2535 ¹⁷
552 2519 673 2554 Κλητεία
689 2528 720 2552 ς.

70 2555 92 2570 ’⁸
107 2555 266 2589 Οὺϊργίλιος
284 2563 314 2587 ς.
363 2555 386 2570 ¹¹
405 2555 524 2581 ἱππέων.
543 2563 573 2586 ς.

69 2591 93 2606 ’⁸
108 2591 217 2622 καὶτὰς
234 2591 349 2625 πράξεις
362 2590 383 2617 C
398 2599 428 2622 ς,
466 2590 489 2606 ’⁷
503 2598 533 2616 τε
549 2589 642 2625 σχεδὸν
659 2591 704 2617 τόν
719 2599 749 2622 ς.

769 2520 790 2556 ‘F
808 2520 924 2556 Πηλείου
949 2531 979 2554 ς.

621 2554 644 2570 ’³
657 2555 819 2591 Λευκούλλῳ
843 2554 882 2577 ’-
897 2556 1066 2590 Λεύκουλλος
1083 2567 1113 2591 ς.

1038 2523 1060 2541 ¹¹
1075 2521 1210 2560 Λεύκολος
1238 2523 1273 2560 δὲν
1289 2523 1402 2560 suam
1424 2533 1455 2557 ς.
1493 2525 1517 2540 ‘°
1540 2524 1648 2560 Φράτης
1677 2534 1706 2557 ς.

1156 2557 1180 2574 ³⁸
1196 2557 1361 2594 αυγκλυδοῦς
1385 2568 1415 2592 ς.
1460 2560 1483 2576 ’⁵
1506 2557 1648 2596 Λαοσθένη
1676 2569 1706 2592 ς.

845 2635 963 2665 ΝΟΤΛΕ.

109 2704 217 2743 (ξειὲθ)
231 2706 261 2734 ld
276 2709 328 2739 est,
342 2705 435 2743 decem
443 2706 526 2734 millia
534 2714 615 2743 supra
626 2711 761 2742 nongenta
774 2707 867 2735 millia.

105 2742 161 2777 (30)
181 2741 364 2781 .Sanatrucen,
376 2742 460 2781 _huic,
485 2747 514 2768 ut
539 2741 657 2781 videtur,
668 2741 867 2781 cognominem.

75 2776 270 2803 Armeniorum
282 2777 429 2810 quemdam
444 2784 536 2811 regem
554 2778 622 2808 citat
638 2778 715 2806 Suid.

119 2811 175 2850 (ξι)
190 2812 242 2850 (in.
254 2811 383 2850 Pompeio
395 2817 422 2838 et
436 2811 578 2850 L_l.Cr_as§9
587 2820 675 2850 coss.,
688 2818 716 2841 ut
729 2814 765 2841 ait
777 2814 868 2843 Dona-

76 2852 120 2874 tus
137 2848 162 2873 in
178 2847 237 2879 ejus
258 2846 330 2879 Vita,
357 2854 428 2873 anno
445 2847 478 2875 U.
497 2847 528 2874 C.
543 2847 606 2875 684.

105 2882 162 2917 (52)
177 2882 308 2909 Errorem
322 2881 366 2909 bic
383 2882 527 2916 irrepsisse
537 2883 565 2910 in
577 2883 711 2913 calculum
728 2893 761 2913 ex
784 2890 865 2914 caete-

230 2939 366 2969 PATROL.
388 2939 446 2970 Gn.
469 2939 550 2972 Clll.

922 2709 962 2750 ris
988 2708 1138 2743 historicis,
1161 2711 1323 2753 negantibus
1356 2719 1449 2752 parem
1475 2719 1626 2753 unquam}
1651 2713 1708 2753 solo

921 2747 1008 2772 visam
1034 2753 1162 2780 pugnam,
1187 2747 1409 2775 manifestissime
1431 2747 1547 2775 constat.
1571 2747 1636 2776 Vide
1667 2749 1708 2775 νει

921 2779 995 2807 Plut.
1008 2779 1161 2808 Lucullum.

953 2815 1010 2850 (33)
1019 2816 1160 2854 Συγκλυδῆ
1168 2816 1247 2852 ὄχλον
1264 2818 1298 2846 ad
1308 2819 1461 2846 ministeria
1469 2819 1618 2847 destinatus
1629 2818 1707 2854 (quo-

919 2857 981 2890 rum
991 2851 1071 2890 ad_35
1082 2852 1163 2890 millia
1181 2851 1264 2890 [uisse
1278 2853 1363 2882 refert
1376 2854 1458 2890 Plut.)
1471 2854 1579 2890 calones
1589 2851 1706 2889 accipio.

955 2885 1012 2921 (54)
1028 2886 1065 2915 De
1073 2895 1127 2922 quo
1139 2887 1171 2915 L.
1182 2887 1286 2922 Florus,
1298 2890 1344 2918 lib.
1359 2898 1402 2923 ιιι,
1415 2885 1475 2925 cap.
1485 2889 1512 2916 7.

1488 2947 1526 2978 12
