1938 3091
194 164 246 209 367

777 175 909 206 PHOTII
928 174 1180 206 PATRIARCHIE
1199 177 1254 206 (ΖΡ.

1775 175 1830 209 368

195 233 325 266 Severus,
347 233 390 260 vir
408 232 495 260 solers
516 232 720 267 tolerandisque
733 232 872 260 laboribus
886 231 990 259 exerci-

1042 240 1098 264 νοις
1127 231 1212 264 δεινὸς
1245 232 1424 267 ἐγκαρτερεῖν
1451 230 1499 258 καὶ
1521 230 1708 267 βαθυγνὼμων
1728 232 1829 265 ἄλλως,

195 283 251 312 tus,
267 284 296 306 et
316 279 434 313 alioquin
455 282 573 310 astutus,
596 278 702 313 imperii
727 283 825 305 nactus
849 278 983 310 habenas,

193 333 283 361 pugna
298 324 399 352 victum
417 324 541 357 sustulit,
562 327 590 352 et
604 324 741 352 obstantia
759 331 874 359 quaeque
886 323 983 358 partim

194 371 291 398 validis
311 371 425 406 pra-liis,
453 370 554 405 partim
577 369 685 398 callidis
701 369 807 397 artibus
833 369 983 404 superavit.

196 415 296 444 Verum
320 417 347 444 in
379 416 505 444 subditos
533 415 696 443 insolentior
725 416 848 443 redditus
872 420 932 448 est,
959 418 986 442 et

195 461 291 489 morbo
306 461 472 496 exstinctus,
492 460 555 488 dum
567 460 714 488 Britannos
730 460 801 487 bello
817 461 984 495 aggreditur.

196 507 275 544 [Lib.
296 506 355 543 tv.]
385 507 540 534 Antoninus
577 506 640 534 inde
676 505 794 533 ﬁliorum
825 506 884 541 ejus
923 510 985 533 natu

198 553 293 588 major,
309 554 410 581 foedere
433 561 496 580 cum
519 552 564 581 his
589 552 656 580 inito
676 552 805 585 revertit,
828 553 988 586 sociumque

198 601 327 634 imperii,
362 600 404 627 vel
434 599 536 627 invitus
575 599 692 634 sumpsit
725 598 820 627 Getam
844 597 986 626 fratrem:

197 655 277 683 quem
308 652 367 682 post
387 646 466 681 paulo
489 646 516 674 in
534 644 612 674 Julia:
633 646 775 681 utriusque
806 645 903 673 matris
927 645 987 672 sinu

197 695 347 722 interemit.
381 694 431 721 Hic
459 693 633 725 crudelitate,
665 694 794 727 omnique
821 692 989 727 turpitudine

197 742 307 769 vincere
322 748 416 769 omnes
431 740 608 772 contendens,
625 741 689 767 dum
707 741 780 767 circa
799 739 907 776 Syriam
925 746 988 766 ver-

199 792 287 820 satur,
312 787 418 814 insidiis
444 787 554 821 petitur,
581 793 649 820 quas
676 785 712 812 illi
728 785 866 813 Macrinus
888 784 989 812 caedem

197 834 313 864 veritus,
322 837 351 860 et
362 837 526 867 przevertere
536 837 661 864 conatus,
670 830 851 866 comparavit.
874 828 989 866 [Lib.v.]

199 879 312 906 Sublato
341 878 427 913 igitur
453 877 604 910 Antonino,
640 880 736 912 regnat
772 875 919 909 Macrinus,
949 875 990 901 vir

1034 276 1135 313 ἀνῆλθέ
1151 286 1182 304 τε
1200 278 1241 309 είς
1256 278 1307 313 τὴν
1321 277 1458 313 βασίλειον
1468 278 1566 313 ἀρχὴν,
1577 278 1625 304 καὶ
1636 278 1740 314 Νίγρον
1755 278 1830 315 μάχῃ

1035 323 1099 359 νικᾷ
1118 324 1165 350 καὶ
1180 324 1297 359 ἀναιρεῖ,
1309 323 1359 350 καὶ
1375 324 1430 350 πᾶν
1444 323 1474 350 τὸ
1497 323 1678 351 ἀπιστατοῦν
1693 324 1710 360 ἢ
1728 324 1832 360 μάχαις

1037 369 1134 404 βιαίοις
1147 369 1165 405 ἢ
1183 369 1293 405 τέχναις
1300 369 1511 404 δυσδιαφὺκτοις
1523 369 1694 405 ὑπηγάγετο,
1708 369 1758 396 καὶ
1775 370 1832 396 τῶν

1036 415 1165 451 ὑπηκόων
1188 415 1235 442 ἐπὶ
1264 416 1295 442 τὺ
1317 414 1507 451 σοϐαρώτερον
1532 413 1601 450 ἦρξε
1631 415 1754 451 προῖὼν,
1782 415 1833 443 καὶ

1035 461 1149 498 τελευτᾷ
1163 462 1234 498 νόσῳ
1248 462 1293 489 τὸν
1321 461 1391 498 πρὸς
1420 461 1589 498 Βρεττανοὺς
1611 461 1634 478 ⁸³
1655 462 1832 498 διαχειρίζων

1037 508 1167 543 πόλεμον.
1182 509 1238 535 Καὶ
1259 509 1416 540 Ἀντωνῖνος
1439 508 1454 534 ὁ
1469 507 1524 534 τῶν
1541 507 1625 535 αὑτοῦ
1643 508 1748 535 παίδων
1760 516 1831 543 πρε-

1038 552 1169 590 σϐύτερος
1200 554 1317 586 σπονδὰς
1342 553 1413 589 πρὸς
1433 554 1534 585 αὐτοὺς
1548 553 1662 589 θέμενος
1678 553 1828 589 ἀναχωρεῖ,

1037 600 1085 627 καὶ
1101 600 1335 635 συμϐασιλεύοντα
1349 600 1398 627 καὶ
1419 599 1494 627 ἄκων
1508 599 1643 636 λαμϐάνει
1659 599 1706 626 τὸν
1713 600 1833 634 ἀδελφόν

1037 645 1133 679 Γέταν,
1148 645 1214 682 [2τό
1225 645 1273 683 8.]
1289 647 1338 673 καὶ
1367 647 1427 683 μετ’
1449 646 1480 673 οὐ
1495 646 1562 674 πολὺ
1586 646 1702 679 Ἰουλίας
1715 646 1767 682 τῆς
1782 648 1834 673 αὺ-

1038 691 1094 719 τῶν
1108 691 1212 728 μητρὸς
1225 693 1295 728 πρὸς
1319 694 1375 724 τοῖς
1400 692 1511 725 κόλποις
1538 691 1633 719 τοῦτον
1654 693 1772 728 ἀναιρεῖ,
1783 693 1834 719 καὶ

1039 740 1079 771 εις
1092 739 1221 775 ὠμότητα
1236 740 1284 767 καὶ
1302 740 1471 776 αἰσχρότητα
1492 739 1696 775 ὑπερϐαλέσθαι
1725 739 1833 771 πάντας

1040 786 1231 822 φιλονεικήσας
1256 787 1320 822 περὶ¹
1349 786 1449 822 Συρίαν
1476 785 1579 820 διάγων
1602 784 1831 812 ἐπιϐουλεύεται·

1040 832 1179 866 Μακρῖνος
1187 832 1209 858 δ’
1225 830 1258 868 ἦν
1268 833 1281 859 ὁ
1293 832 1342 868 τὴν
1349 831 1494 867 ἐπιϐουλὴν
1505 831 1681 863 συσκευάζων
1691 830 1724 864 ³⁸,
1737 830 1834 863 δεδιὼς

1041 879 1088 906 καὶ
1107 879 1188 910 αὐτὸς
1206 878 1319 905 θάνατον
1332 879 1379 905 καὶ
1391 878 1596 913 προλαμϐάνειν
1611 877 1832 911 ἀγωνισάμενος.

199 928 279 951 aetate
308 930 417 958 quoque
465 922 640 957 grandaevus,
677 922 790 957 ignavus
822 921 987 955 minimeque

1048 925 1124 952 Ἐπεὶ
1137 925 1166 951 δὲ
1180 925 1301 960 ἀνῄρητο
1321 925 1489 956 Ἀντωνῖνος,
1515 923 1652 960 βασιλεύει
1680 924 1832 959 Μακρῖνος,

200 971 347 998 continens
361 989 368 1001 ,
389 974 486 996 cratera
507 976 571 996 vero
587 968 656 996 lenis
679 975 712 995 ac
729 968 814 996 ruitis.
830 967 889 995 Jani
906 967 990 999 Mesa,

199 1023 260 1052 quae
288 1015 366 1043 .lulhe
392 1023 470 1042 soror
487 1019 555 1047 erat,
579 1015 645 1042 duas
667 1014 787 1041 habebat
803 1013 884 1045 ﬁlias,
912 1013 991 1040 Soce-

199 1062 283 1094 rnida,
297 1067 323 1089 et
339 1061 506 1088 Mamuncam
525 1069 531 1088 :
553 1068 668 1096 quarum
684 1060 782 1096 majori
796 1061 905 1095 quidem
921 1059 992 1087 lilius

199 1113 260 1136 erat
274 1107 396 1135 Bassiani
417 1107 527 1135 nomine
543 1116 551 1135 :
577 1107 657 1134 alteri
682 1114 748 1134 vero
762 1106 894 1135 Alexinus
906 1115 916 1135 ;
933 1105 991 1134 Iur-

200 1153 256 1182 tivo
279 1157 392 1188 uterque
411 1152 557 1180 concubitu
573 1160 607 1181 ex
626 1152 776 1185 Antonino,
793 1157 824 1180 ut
843 1151 991 1184 ferebatur,

200 1199 294 1235 geniti.
316 1199 460 1226 Exercitus
478 1203 580 1232 autem,
602 1198 715 1225 minima
743 1201 822 1233 capta
836 1197 990 1230 occasione,

200 1246 361 1274 Bassianum
376 1245 402 1272 in
417 1244 515 1272 castris
530 1244 723 1279 imperatorem
740 1244 887 1276 renuntiat,
899 1243 992 1271 addito

200 1290 330 1318 Antonini
356 1289 414 1325 ('59)
437 1293 633 1325 cognomento,
653 1289 796 1324 victusque
819 1289 881 1316 dein
898 1288 992 1324 praelio

202 1337 349 1370 Macrinus,
362 1344 395 1364 ac
412 1336 518 1371 fugiens
532 1343 547 1364 e
562 1335 712 1363 Phoenicia
735 1340 815 1370 atque
828 1335 914 1371 Syriae
927 1335 991 1363 ﬁni-

205 1383 291 1415 timis,
306 1382 504 1410 Chalcedoucm
518 1389 548 1410 se
563 1382 673 1417 recepit,
691 1382 804 1409 Romam
817 1382 880 1409 inde
896 1387 992 1416 petere

202 1429 338 1465 cogitans.
351 1427 404 1455 Sed
413 1427 459 1463 qui
468 1435 502 1455 ex
513 1428 642 1455 Antonini
662 1428 793 1456 studiosis
805 1427 839 1455 ad
850 1427 900 1455 hoc
914 1427 991 1455 missi

201 1475 322 1508 fuerant,
338 1477 525 1507 antevertunt,
545 1479 681 1509 caputque
696 1478 831 1501 resectum
849 1479 991 1501 reverten-

203 1525 245 1549 tes
263 1524 449 1555 asportarunt.
472 1519 544 1556 [Lib.
570 1519 622 1556 vt.]
637 1521 726 1555 Atque
744 1520 802 1554 ipse
811 1519 920 1554 quidem
935 1520 992 1547 An-

202 1567 312 1594 toninus
328 1567 390 1594 dum
410 1566 490 1593 matri
514 1571 601 1601 paret,
619 1567 740 1595 modeste
752 1567 821 1594 satis
834 1566 989 1602 imperavit,
1003 1586 1026 1617 ο

202 1617 230 1641 ct
260 1612 405 1640 Alexinum
432 1611 488 1649 (40)
511 1612 538 1639 in
556 1611 641 1640 ﬁlium
668 1612 825 1648 adoptatum
853 1612 990 1640 Caesarem

201 1659 316 1692 creavit,
340 1659 468 1694 imposito
496 1659 522 1686 ei
549 1659 697 1686 Alexandri
736 1659 857 1687 nomine.
891 1659 990 1687 Verum

202 1710 344 1741 postquam
363 1705 598 1733 adulatoribus'se
623 1705 770 1739 commisit,
786 1705 857 1740 85b
889 1705 991 1732 nullum

202 1752 375 1787 turpitudinis
392 1756 473 1786 atque
491 1752 708 1787 intemperantiae
731 1759 818 1787 genus
843 1752 992 1788 praetermi-

201 1798 247 1826 sit.
273 1797 342 1831 Quin
369 1802 397 1825 et
417 1798 571 1825 Alexandro
588 1798 713 1825 insidiari
737 1805 799 1825 cum
822 1800 960 1832 coepisset,
975 1805 991 1825 a

201 1843 313 1871 militari
335 1851 415 1871 manu
439 1843 618 1878 prohibetur,
639 1851 708 1878 quos
734 1843 792 1878 ipse
817 1844 913 1876 punire
926 1851 990 1879 pro-

201 1894 293 1924 pterea
307 1888 464 1920 meditatus.
481 1889 514 1915 ab
528 1887 624 1916 iisdem
644 1888 817 1915 interficitur.
835 1889 990 1916 Alexander

200 1941 276 1968 ergo,
299 1933 445 1961 Mammaea:
461 1933 548 1966 ﬁlius,
565 1940 651 1961 annos
670 1933 812 1968 imperavit
828 1935 992 1969 quatuorde—

200 1979 269 2014 cim;
286 1984 360 2008 recte
374 1987 441 2008 sane
460 1985 540 2015 atque
562 1979 720 2014 clementer,
736 1985 865 2015 quantum
881 1981 989 2016 quidem

200 2026 228 2054 in
242 2027 301 2062 ipso
317 2026 379 2059 fuit,
394 2031 422 2055 et
436 2027 494 2055 sine
510 2027 564 2054 ullo
576 2027 688 2054 omnino
702 2028 844 2062 sanguine.
861 2027 914 2055 Sed
931 2036 990 2055 ma-

200 2073 251 2102 tris
268 2072 425 2105 Mammaea,
449 2078 478 2101 ut
499 2074 544 2101 hic
566 2073 662 2107 refert,
689 2075 865 2109 pecuniarum
890 2075 991 2109 cupidi-

200 2124 267 2154 tate,
292 2127 324 2147 ac
345 2119 471 2147 sordibus
496 2120 597 2146 factum
613 2123 665 2152 cst,
686 2124 717 2146 ut
733 2125 857 2155 uterque,
873 2119 990 2148 Maximo

199 2166 297 2199 electo,
317 2164 427 2193 militari
444 2164 578 2192 seditione
594 2169 708 2192 necatus
720 2165 766 2192 sit.

235 2256 308 2294 [Lib.
322 2255 383 2293 un]
400 2256 564 2284 Maximinus
593 2260 655 2291 post
671 2256 744 2284 hunc
764 2264 849 2284 annos
861 2256 918 2285 fere
935 2261 990 2286 tres
1005 2259 1028 2288 υ

199 2304 329 2331 ferociter
348 2311 380 2331 ac
402 2303 543 2338 tyrannice
568 2302 724 2338 imperavit,
743 2303 823 2331 homo
838 2302 988 2336 fastuosus,

201 2350 376 2384 moribusque
391 2356 490 2376 saevus.
512 2348 694 2382 Quamobrem
712 2349 811 2377 Africae
830 2349 988 2385 praefectum

200 2405 214 2423 a
230 2404 260 2424 se
281 2396 471 2427 constitutum,
489 2396 611 2422 moribus
625 2395 753 2428 similem,
769 2395 870 2424 milites
890 2397 926 2423 ibi
949 2401 991 2424 tu-

200 2442 377 2473 multuantes,
409 2445 491 2476 atque
524 2441 550 2468 in
589 2441 778 2476 imperatorem
806 2440 989 2477 insurgentes.

199 2488 366 2516 Gordianum
386 2487 450 2515 olim
477 2487 679 2523 proconsulem,
703 2487 758 2522 jam
773 2489 989 2523 octogenarium,

201 2535 390 2570 imperatorem
412 2538 517 2566 creant,
536 2533 578 2560 vel
601 2533 735 2566 invitum;
759 2533 837 2568 cujus
859 2542 919 2562 mox
935 2534 989 2562 Ro-

199 2588 242 2608 ma
261 2580 407 2609 libentibus
426 2579 588 2608 electionem
614 2579 714 2607 animis
731 2580 847 2614 accepit,
861 2580 990 2609 honores-

1042 971 1112 1006 ἀνὴρ
1131 969 1288 1006 πρεσϐύτης
1312 970 1360 997 καὶ
1385 969 1520 1005 μελλητὴς
1534 970 1582 997 καὶ
1595 968 1651 996 οὐδ’
1668 968 1835 1004 ἐγκράτειαν

1041 1016 1146 1049 ἀσκῶν,
1161 1016 1196 1043 τὰ
1207 1016 1236 1043 δὲ
1246 1016 1314 1043 ἄλλα
1330 1015 1416 1042 δοκῶν
1442 1015 1578 1050 ἐπιεικής.
1601 1014 1658 1049 Τῆς
1680 1013 1708 1040 δὲ
1724 1013 1834 1049 Μέσης,

1041 1064 1102 1099 ἥτις
1128 1062 1162 1098 ἦν
1184 1063 1298 1094 Ἰουλίας
1326 1057 1440 1097 ἀδελφή,
1466 1061 1514 1088 δύο
1536 1059 1691 1096 θυγατέρας
1706 1059 1834 1096 ἐχούσης,

1042 1109 1173 1144 Σοαιμίδα
1192 1109 1240 1135 καὶ
1255 1108 1396 1143 Μαμαίαν,
1412 1107 1460 1134 καὶ
1474 1107 1523 1142 τῆς
1536 1107 1586 1141 μὲν
1601 1106 1718 1142 ἐχούσης
1748 1105 1835 1132 παῖδα

1041 1156 1127 1190 όνομα
1140 1154 1291 1182 Βασσιανδν
1308 1154 1344 1188 ³⁵,
1357 1154 1410 1188 τῆς
1434 1153 1464 1180 δὲ
1483 1152 1627 1186 Ἀλεξῖνον,
1640 1152 1666 1179 οἳ
1680 1152 1710 1185 ἐξ
1728 1152 1834 1179 Ἀντω-

1042 1201 1114 1228 νίνου
1129 1200 1274 1236 λαθραίαις
1295 1199 1400 1236 μίξεσιν
1431 1199 1557 1233 ὲλὲγοντο
1584 1197 1776 1234 γεγεννῆσθαι,
1801 1197 1834 1224 τὸ

1043 1247 1251 1283 στρατιωτικὸν,
1276 1247 1377 1282 μικρᾶς
1390 1245 1536 1280 λαϐόμενοι
1554 1245 1729 1279 προφάσεως,
1741 1245 1771 1271 ὲν
1792 1244 1834 1279 τῷ

1043 1293 1118 1328 σφῶν
1144 1292 1342 1328 ἀναγορεύουσι
1376 1291 1552 1331 στρατοπέδῳ
1591 1291 1638 1318 τὸν
1660 1290 1833 1323 Βασσιανδν,

1043 1339 1279 1376 μετονομάσαντες
1292 1339 1314 1355 ³⁸
1334 1338 1492 1366 ’Δντωνῖνον
1503 1346 1510 1354 ·
1523 1337 1572 1365 καὶ
1588 1337 1690 1373 μάχαις
1705 1336 1834 1372 ἡττηθεὶς

1042 1386 1180 1421 Μακρῖνος
1199 1385 1246 1412 καὶ
1262 1384 1373 1419 φεύγων
1397 1385 1430 1411 ὲκ
1443 1384 1498 1411 τῶν
1515 1383 1650 1419 μεθορίων
1661 1383 1787 1418 Φοινίκης
1800 1391 1834 1409 τε

1041 1432 1090 1460 καὶ
1115 1431 1215 1468 Συρίας
1240 1431 1290 1467 τὴν
1319 1430 1481 1467 Χαλκηδόνα
1509 1430 1656 1462 κατέλαϐε,
1686 1429 1754 1465 πρὸς
1781 1429 1835 1465 τὴν

1047 1478 1158 1513 Ῥώμην
1172 1477 1278 1504 ἐκεῖθεν
1303 1476 1453 1512 ἀφικέσθαι
1477 1476 1668 1511 διανοούμενος
1679 1483 1687 1490 ·
1703 1475 1761 1502 ἀλλ’
1772 1476 1835 1501 ὲπιο

1042 1524 1243 1556 καταλαϐόντες
1257 1523 1339 1550 αὐτὸν
1355 1522 1376 1539 ³⁷
1389 1523 1415 1549 οἱ
1429 1523 1477 1549 τοῦ
1490 1521 1649 1549 Ἀντωνίνου
1658 1521 1705 1547 ἐπὶ
1715 1517 1796 1547 τοῦτο
1810 1519 1836 1537 ⁸⁸

1042 1570 1244 1606 ἀπεσταλμένοι
1270 1569 1400 1605 τέμνουσι
1416 1577 1446 1597 τε
1471 1567 1521 1604 τὴν
1537 1568 1659 1604 κεφαλὴν
1680 1568 1729 1595 καὶ
1743 1567 1836 1594 ὀπίσω

1042 1616 1267 1652 ἀποκομίζουσιν.
1286 1615 1447 1648 Ἀντωνῖνος
1459 1614 1499 1647 δὲ,
1520 1614 1574 1646 ἕως
1596 1614 1646 1649 μὲν
1661 1613 1786 1640 ἐπείθετο
1797 1615 1835 1648 τῇ

1043 1663 1154 1699 μάμμη,
1183 1662 1345 1699 ἐσωφρόνει,
1371 1662 1419 1689 καὶ
1441 1662 1559 1688 ποιεῖται
1573 1660 1620 1687 καὶ
1638 1660 1684 1687 τὸν
1707 1657 1836 1696 [Η911.]

1048 1708 1180 1742 Ἀλεξῖνον
1194 1708 1216 1724 "
1228 1708 1286 1735 υίόν
1300 1716 1330 1734 τε
1345 1707 1404 1742 ἅμα
1421 1706 1469 1733 καὶ
1488 1705 1625 1741 Καίσαρα,
1643 1706 1684 1737 είς
1706 1705 1836 1737 Ἀλέξαν-

1041 1755 1103 1792 δρον
1120 1755 1328 1791 μετακληθέντα
1340 1762 1347 1769 ”
1361 1753 1425 1780 ἐπεὶ
1436 1753 1465 1779 δὲ
1482 1754 1539 1784 τοῖς
1554 1751 1663 1784 κόλαξιν
1676 1751 1773 1779 ἑαυτὸν
1787 1750 1835 1784 ἐξ-

1042 1801 1154 1834 έδωκεν,
1167 1799 1295 1836 οὐδεμίαν
1302 1799 1456 1834 ὑπερϐολὴν
1466 1798 1488 1814 ⁵⁸
1501 1798 1680 1834 αἱσχρότητος
1690 1798 1737 1824 καὶ
1745 1798 1836 1833 ἀκρα-

1043 1847 1102 1878 σίας
1109 1845 1455 1875 ἀπέλιπεν.Ἐπιϐουλεύειν
1461 1845 1490 1871 δὲ
1498 1844 1546 1871 καὶ
1553 1843 1720 1878 Ἀλεξάνδρῳ
1728 1844 1836 1878 ἐπιχει-

1043 1895 1130 1930 ρήσας
1141 1893 1194 1920 ὑπὸ
1204 1893 1258 1920 τῶν
1274 1891 1450 1928 στρατιωτῶν
1462 1891 1595 1925 ἀνεκόπη·
1607 1891 1621 1916 ὁ
1635 1890 1664 1917 δὲ
1672 1890 1784 1921 τούτους
1791 1897 1833 1915 τι-

1044 1939 1222 1975 μωρήσασθαι
1235 1937 1386 1972 διανοηθεὶς
1402 1937 1448 1963 ὑπ’
1467 1937 1558 1964 αὐτῶν
1576 1934 1834 1972 ἁνῃρέθη.Ἐ6ασί-

1041 1986 1120 2012 λευσέ
1135 1994 1164 2011 τε
1193 1983 1368 2019 Ἀλέξανδρος
1390 1984 1404 2010 ὁ
1419 1982 1555 2018 Μαμαίας
1571 1982 1593 1998 ⁸³
1610 1981 1658 2016 έτη
1682 1981 1723 2013 ιδ’,
1739 1982 1788 2007 καὶ
1802 1981 1835 2007 τό

1041 2039 1074 2065 γε
1089 2030 1132 2057 ἐπ’
1142 2030 1217 2065 αὺτῷ
1231 2029 1322 2061 καλῶς
1333 2038 1364 2055 τε
1375 2029 1422 2056 καὶ
1434 2028 1565 2060 ἐπιεικῶς
1580 2028 1677 2064 ἄρξας,
1691 2027 1836 2063 καὶχωρὶς

1042 2078 1166 2114 αἱμάτων
1180 2078 1249 2109 ὅλως
1259 2085 1265 2092 '
1278 2077 1328 2113 τῆς
1343 2076 1370 2103 δὲ
1387 2074 1491 2111 μητρὸς
1502 2075 1645 2110 Μαμαίας,
1658 2074 1696 2106 ὥς
1711 2082 1806 2110 φησιν,
1815 2074 1835 2109 ἥ

1041 2133 1072 2151 τε
1087 2123 1291 2160 φιλοχρηματία
1314 2121 1400 2149 καὶτὸ
1412 2121 1574 2158 μικρολόγον
1582 2121 1623 2152 εἰς
1632 2120 1739 2156 σφαγὴν
1750 2120 1835 2146 αὑτὸν

1040 2169 1090 2205 τὴν
1099 2169 1150 2196 ὑπὸ
1164 2169 1219 2196 τῶν
1230 2167 1405 2204 στρατιωτῶν
1416 2167 1466 2195 σὺν
1479 2167 1560 2203 αὐτῇ,
1576 2166 1733 2202 Μαξιμίνου
1746 2166 1835 2202 ἀναρ-

1042 2214 1181 2251 ρηθέντος,
1196 2214 1362 2249 ἀπήνεγκεν.

1077 2258 1167 2296 Ἦρχε
1175 2260 1204 2287 δὲ
1211 2258 1365 2295 Μαξιμῖνος
1374 2258 1420 2285 ἐπὶ
1433 2257 1481 2294 ἐτη
1489 2258 1553 2293 τρία
1559 2257 1698 2293 έμϐριθῶς
1711 2265 1742 2283 τε
1754 2256 1778 2272 δ’
1787 2257 1836 2283 καὶ

1037 2304 1216 2341 τυραννικῶς,
1243 2304 1314 2340 ἀνὴρ
1337 2303 1531 2339 ὑπερμεγέθης
1556 2303 1602 2330 καὶ
1615 2302 1647 2329 τὸ
1657 2300 1723 2338 ἦθος
1745 2302 1834 2337 ὠμός.

1037 2353 1137 2388 Διόπερ
1149 2351 1195 2379 τὸν
1206 2350 1313 2386 Λιϐύης
1327 2351 1487 2386 ὑπάρχοντα
1500 2349 1546 2376 ὑπ’
1561 2349 1644 2377 αὐτοῦ
1657 2350 1836 2376 καταστάντα

1038 2400 1085 2426 καὶ
1099 2399 1192 2434 ὅμοιον
1204 2398 1270 2425 ὄντα
1287 2398 1343 2429 τοῖς
1360 2397 1472 2432 τρόποις
1488 2396 1512 2423 οί
1523 2397 1613 2423 ἐκεῖσε
1634 2395 1835 2429 στασιάσαντες

1038 2447 1086 2473 καὶ
1104 2445 1244 2476 ἀνελόντες
1253 2444 1286 2476 ⁵³,
1300 2443 1445 2479 Γορδιανδν
1460 2442 1615 2470 ἀνθύπατον
1637 2442 1770 2477 γεγονότα
1785 2443 1836 2469 καὶ

1037 2491 1216 2527 ὀγδοηκοστὸν
1243 2491 1345 2524 ἄγοντα
1372 2489 1432 2522 ἔτος
1447 2487 1631 2525 χειροτονοῦσι
1657 2490 1705 2515 καὶ
1729 2488 1835 2515 ἄκοντα

1044 2537 1167 2574 βασιλέα.
1182 2537 1238 2564 Καὶ
1257 2537 1274 2571 ή
1296 2535 1392 2571 Ῥώμη
1409 2535 1565 2570 περιχαρῶς
1580 2533 1664 2561 αὑτοῦ
1679 2533 1730 2570 τὴν
1747 2534 1835 2570 ἀνάρ-

1046 2585 1125 2620 ρησιν
1145 2582 1297 2619 δεξαμένη,
1315 2583 1405 2615 πάσας
1419 2581 1467 2610 τοῦ
1482 2581 1636 2617 Μαξιμίνου
1650 2581 1735 2616 τιμὰς
1761 2581 1833 2608 καθ-

845 2649 963 2679 νΑιιιλΕ
975 2651 1181 2681 LECTIONES.

236 2697 260 2713 ⁸³
274 2695 433 2732 Βρετανούς
447 2704 478 2728 ς.

199 2768 261 2796 add.
279 2766 313 2794 Λ.
352 2767 375 2783 ⁵⁸
387 2767 545 2798 ἀνελθόντες
557 2775 588 2798 ς.

518 2695 539 2711 ³⁵
558 2696 780 2733 παρασκευάζων
796 2705 826 2728 ς.
866 2697 888 2733 ν
906 2698 1018 2733 όνὸματι
1033 2699 1167 2727 Βασιανόν
1183 2707 1213 2731 ς.
1251 2698 1274 2714 ³⁸
1290 2704 1419 2732 μετονομ.
1435 2695 1611 2733 αὐτον-ᾊντ.
1631 2703 1660 2733 ς.

199 2733 262 2770 add.
389 2731 481 2770 τούτω
494 2740 526 2763 ς.
563 2731 586 2747 ³⁸
601 2731 761 2764 ⁷Ἀλεξιανόν
779 2733 811 2759 A.
849 2732 873 2748 ⁴⁰
901 2731 1057 2770 ὑπερϐολὴν
1076 2740 1137 2770 post
1164 2733 1300 2770 ἅκρατίας
1320 2731 1395 2768 ponit
1411 2739 1441 2763 ς.

1711 2693 1733 2709 ³¹
1749 2693 1833 2720 αὑτὸν

1487 2731 1511 2746 ⁴¹
1526 2731 1680 2766 Μαμμαίας
1694 2737 1725 2761 ς.
1763 2729 1788 2744 δ’
1802 2736 1832 2755 τε

950 2825 1069 2854 ΝΟΤιιΕ.

950 2825 972 2852 Ν
1061 2847 1069 2854 .

245 2870 291 2909 .739)
303 2870 397 2909 Quem
417 2871 603 2909 Elagabalum,
624 2879 640 2900 a
661 2878 732 2900 novo
745 2878 826 2906 quem
840 2825 1122 2908 colendumoiufcepit
1137 2874 1199 2908 deo,
1215 2873 1437 2909 agnominarunt.

245 2871 291 2901 39)
313 2871 397 2903 Quem
417 2871 580 2906 Elagabaluu

231 2871 290 2942 ξω)
301 2905 396 2935 Melius
410 2906 580 2934 Alexianum.
